  <div class='ocr_page' id='page_1' title='image "/cluster/home/n/w/nwhite01/storage/ocr_20150623/138/nnc1.0046980083/412.png"; bbox 0 0 4234 6450; ppageno 0'>
   <div class='ocr_carea' id='block_1_1' title="bbox 262 434 369 495">
    <p class='ocr_par' dir='ltr' id='par_1_1' title="bbox 262 434 369 495">
     <span class='ocr_line' id='line_1_1' title="bbox 262 434 369 495; baseline 0.019 -2"><span class='ocrx_word' id='word_1_1' title='bbox 262 434 369 495; x_wconf 79' lang='grc'><strong>809</strong></span> 
     </span>
    </p>
   </div>
   <div class='ocr_carea' id='block_1_2' title="bbox 1180 405 2574 480">
    <p class='ocr_par' dir='ltr' id='par_1_2' title="bbox 1180 405 2574 480">
     <span class='ocr_line' id='line_1_2' title="bbox 1180 405 2574 480; baseline -0.011 0"><span class='ocrx_word' id='word_1_2' title='bbox 1180 422 1252 480; x_wconf 75' lang='lat' dir='ltr'><strong>l.\‘</strong></span> <span class='ocrx_word' id='word_1_3' title='bbox 1304 420 1539 480; x_wconf 67' lang='lat' dir='ltr'><strong>El’lS’I‘.</strong></span> <span class='ocrx_word' id='word_1_4' title='bbox 1586 420 1645 475; x_wconf 82' lang='lat' dir='ltr'><strong>S.</strong></span> <span class='ocrx_word' id='word_1_5' title='bbox 1690 409 1974 473; x_wconf 49' lang='lat' dir='ltr'><strong>BkSILII</strong></span> <span class='ocrx_word' id='word_1_6' title='bbox 2009 409 2110 467; x_wconf 80' lang='lat' dir='ltr'><strong>AD</strong></span> <span class='ocrx_word' id='word_1_7' title='bbox 2153 405 2574 467; x_wconf 74' lang='lat' dir='ltr'><strong>DlODORUM.</strong></span> 
     </span>
    </p>
   </div>
   <div class='ocr_carea' id='block_1_3' title="bbox 3380 401 3481 463">
    <p class='ocr_par' dir='ltr' id='par_1_3' title="bbox 3380 401 3481 463">
     <span class='ocr_line' id='line_1_3' title="bbox 3380 401 3481 463; baseline -0.02 0"><span class='ocrx_word' id='word_1_8' title='bbox 3380 401 3481 463; x_wconf 83' lang='lat'><strong>810</strong></span> 
     </span>
    </p>
   </div>
   <div class='ocr_carea' id='block_1_4' title="bbox 333 525 2005 603">
    <p class='ocr_par' dir='ltr' id='par_1_4' title="bbox 333 525 2005 603">
     <span class='ocr_line' id='line_1_4' title="bbox 333 525 2005 603; baseline -0.012 -10"><span class='ocrx_word' id='word_1_9' title='bbox 333 539 525 592; x_wconf 73' lang='grc' dir='ltr'><strong>ΒΑΛΣ.</strong></span> <span class='ocrx_word' id='word_1_10' title='bbox 556 537 616 589; x_wconf 83' lang='lat' dir='ltr'><strong>Ol</strong></span> <span class='ocrx_word' id='word_1_11' title='bbox 659 535 1031 603; x_wconf 74' lang='grc' dir='ltr'>Ἐγκρατϊεαι,</span> <span class='ocrx_word' id='word_1_12' title='bbox 1080 532 1152 593; x_wconf 79' lang='grc' dir='ltr'>ὡς</span> <span class='ocrx_word' id='word_1_13' title='bbox 1186 531 1323 599; x_wconf 79' lang='grc' dir='ltr'>τάχι</span> <span class='ocrx_word' id='word_1_14' title='bbox 1396 530 1671 598; x_wconf 79' lang='grc' dir='ltr'><strong>μετιόντες</strong></span> <span class='ocrx_word' id='word_1_15' title='bbox 1734 525 1901 589; x_wconf 67' lang='grc' dir='ltr'>δγοΑ</span> <span class='ocrx_word' id='word_1_16' title='bbox 1996 540 2005 592; x_wconf 69' lang='grc' dir='ltr'>ι</span> 
     </span>
    </p>
   </div>
   <div class='ocr_carea' id='block_1_5' title="bbox 1810 525 3482 603">
    <p class='ocr_par' dir='ltr' id='par_1_5' title="bbox 1810 525 3482 603">
     <span class='ocr_line' id='line_1_5' title="bbox 1810 525 3482 603; baseline -0.005 -10"><span class='ocrx_word' id='word_1_17' title='bbox 1810 554 1823 568; x_wconf 89' lang='grc'><em>’</em></span> <span class='ocrx_word' id='word_1_18' title='bbox 1849 525 1901 583; x_wconf 75' lang='grc' dir='ltr'>Α</span> <span class='ocrx_word' id='word_1_19' title='bbox 1996 538 2190 593; x_wconf 78' lang='lat' dir='ltr'><strong>BALS.</strong></span> <span class='ocrx_word' id='word_1_20' title='bbox 2232 539 2542 602; x_wconf 65' lang='lat' dir='ltr'><strong>Encratitt’e,</strong></span> <span class='ocrx_word' id='word_1_21' title='bbox 2579 539 2665 603; x_wconf 87' lang='lat' dir='ltr'><strong>qui</strong></span> <span class='ocrx_word' id='word_1_22' title='bbox 2696 534 3081 589; x_wconf 80' lang='lat' dir='ltr'><strong>continentiam</strong></span> <span class='ocrx_word' id='word_1_23' title='bbox 3126 532 3260 586; x_wconf 86' lang='lat' dir='ltr'><strong>forte</strong></span> <span class='ocrx_word' id='word_1_24' title='bbox 3299 547 3482 599; x_wconf 81' lang='lat' dir='ltr'><strong>perse-</strong></span> 
     </span>
    </p>
   </div>
   <div class='ocr_carea' id='block_1_6' title="bbox 264 617 1823 698">
    <p class='ocr_par' dir='ltr' id='par_1_6' title="bbox 264 617 1823 698">
     <span class='ocr_line' id='line_1_6' title="bbox 264 617 1823 698; baseline -0.01 -17"><span class='ocrx_word' id='word_1_25' title='bbox 264 631 535 698; x_wconf 73' lang='grc' dir='ltr'>κράτειαν,</span> <span class='ocrx_word' id='word_1_26' title='bbox 569 624 949 679; x_wconf 73' lang='grc' dir='ltr'>ιῦδελύσσοντο</span> <span class='ocrx_word' id='word_1_27' title='bbox 991 623 1052 675; x_wconf 80' lang='grc' dir='ltr'>τδ</span> <span class='ocrx_word' id='word_1_28' title='bbox 1103 622 1503 691; x_wconf 66' lang='grc' dir='ltr'><strong>σαρκοφαγεῖν,</strong></span> <span class='ocrx_word' id='word_1_29' title='bbox 1540 618 1632 669; x_wconf 60' lang='grc' dir='ltr'><strong>καὶ⁵</strong></span> <span class='ocrx_word' id='word_1_30' title='bbox 1659 617 1823 668; x_wconf 83' lang='grc' dir='ltr'>ἀκού-</span> 
     </span>
    </p>
   </div>
   <div class='ocr_carea' id='block_1_7' title="bbox 258 707 1816 788">
    <p class='ocr_par' dir='ltr' id='par_1_7' title="bbox 258 707 1816 788">
     <span class='ocr_line' id='line_1_7' title="bbox 258 707 1816 788; baseline -0.008 -16"><span class='ocrx_word' id='word_1_31' title='bbox 258 738 408 782; x_wconf 76' lang='grc' dir='ltr'>οντες</span> <span class='ocrx_word' id='word_1_32' title='bbox 440 719 513 788; x_wconf 82' lang='grc' dir='ltr'>μὴ</span> <span class='ocrx_word' id='word_1_33' title='bbox 546 716 724 778; x_wconf 80' lang='grc' dir='ltr'>καλῶς</span> <span class='ocrx_word' id='word_1_34' title='bbox 756 715 951 776; x_wconf 77' lang='grc' dir='ltr'>ποιεῖν,</span> <span class='ocrx_word' id='word_1_35' title='bbox 982 714 1285 781; x_wconf 65' lang='grc' dir='ltr'>ἀντεπῆγον</span> <span class='ocrx_word' id='word_1_36' title='bbox 1311 714 1421 774; x_wconf 76' lang='grc' dir='ltr'>τοῖς</span> <span class='ocrx_word' id='word_1_37' title='bbox 1476 707 1780 779; x_wconf 79' lang='grc' dir='ltr'>ὀρθοδόξοις</span> <span class='ocrx_word' id='word_1_38' title='bbox 1804 722 1816 737; x_wconf 91' lang='grc'><strong>·</strong></span> 
     </span>
    </p>
   </div>
   <div class='ocr_carea' id='block_1_8' title="bbox 263 793 1827 875">
    <p class='ocr_par' dir='ltr' id='par_1_8' title="bbox 263 793 1827 875">
     <span class='ocr_line' id='line_1_8' title="bbox 263 793 1827 875; baseline -0.01 -15"><span class='ocrx_word' id='word_1_39' title='bbox 263 809 501 860; x_wconf 74' lang='grc' dir='ltr'>Ἕτικαὶ</span> <span class='ocrx_word' id='word_1_40' title='bbox 538 806 698 875; x_wconf 72' lang='grc' dir='ltr'>ὑμεῖς</span> <span class='ocrx_word' id='word_1_41' title='bbox 760 804 879 857; x_wconf 60' lang='lat' dir='ltr'><strong>{vra</strong></span> <span class='ocrx_word' id='word_1_42' title='bbox 930 800 1039 855; x_wconf 82' lang='grc' dir='ltr'><strong>τῶν</strong></span> <span class='ocrx_word' id='word_1_43' title='bbox 1100 799 1406 869; x_wconf 74' lang='grc' dir='ltr'><strong>βρωμάτων</strong></span> <span class='ocrx_word' id='word_1_44' title='bbox 1446 793 1827 867; x_wconf 74' lang='grc' dir='ltr'>βδελύττεσθε,</span> 
     </span>
    </p>
   </div>
   <div class='ocr_carea' id='block_1_9' title="bbox 256 884 1821 966">
    <p class='ocr_par' dir='ltr' id='par_1_9' title="bbox 256 884 1821 966">
     <span class='ocr_line' id='line_1_9' title="bbox 256 884 1821 966; baseline -0.012 -13"><span class='ocrx_word' id='word_1_45' title='bbox 256 901 338 953; x_wconf 79' lang='grc' dir='ltr'><strong>διδ</strong></span> <span class='ocrx_word' id='word_1_46' title='bbox 370 900 463 952; x_wconf 69' lang='grc' dir='ltr'>καὶ</span> <span class='ocrx_word' id='word_1_47' title='bbox 491 896 765 966; x_wconf 78' lang='grc' dir='ltr'>ἀπέχεσθε</span> <span class='ocrx_word' id='word_1_48' title='bbox 795 893 996 947; x_wconf 81' lang='grc' dir='ltr'>αὐτῶν.</span> <span class='ocrx_word' id='word_1_49' title='bbox 1042 891 1182 962; x_wconf 58' lang='lat'><strong>[196;</strong></span> <span class='ocrx_word' id='word_1_50' title='bbox 1240 889 1398 944; x_wconf 81' lang='grc' dir='ltr'>τοῦτο</span> <span class='ocrx_word' id='word_1_51' title='bbox 1446 884 1539 941; x_wconf 84' lang='grc' dir='ltr'>οὖν</span> <span class='ocrx_word' id='word_1_52' title='bbox 1592 887 1622 938; x_wconf 98' lang='lat'><strong>6</strong></span> <span class='ocrx_word' id='word_1_53' title='bbox 1667 885 1821 950; x_wconf 71' lang='grc' dir='ltr'>ἆγιος</span> 
     </span>
    </p>
   </div>
   <div class='ocr_carea' id='block_1_10' title="bbox 254 976 1821 1058">
    <p class='ocr_par' dir='ltr' id='par_1_10' title="bbox 254 976 1821 1058">
     <span class='ocr_line' id='line_1_10' title="bbox 254 976 1821 1058; baseline -0.01 -15"><span class='ocrx_word' id='word_1_54' title='bbox 254 990 405 1058; x_wconf 77' lang='grc' dir='ltr'>λέγει</span> <span class='ocrx_word' id='word_1_55' title='bbox 434 991 514 1041; x_wconf 77' lang='grc' dir='ltr'>ὅτι</span> <span class='ocrx_word' id='word_1_56' title='bbox 542 989 603 1040; x_wconf 82' lang='grc' dir='ltr'>οὐ</span> <span class='ocrx_word' id='word_1_57' title='bbox 636 986 947 1056; x_wconf 80' lang='grc' dir='ltr'>θαυμαστὸν</span> <span class='ocrx_word' id='word_1_58' title='bbox 978 982 1030 1035; x_wconf 86' lang='grc' dir='ltr'>εῐ</span> <span class='ocrx_word' id='word_1_59' title='bbox 1073 998 1238 1034; x_wconf 84' lang='grc' dir='ltr'>τινων</span> <span class='ocrx_word' id='word_1_60' title='bbox 1296 977 1672 1049; x_wconf 75' lang='grc' dir='ltr'>ἀπεχόμεθαῆ</span> <span class='ocrx_word' id='word_1_61' title='bbox 1702 976 1821 1045; x_wconf 85' lang='grc' dir='ltr'>βδε-</span> 
     </span>
    </p>
   </div>
   <div class='ocr_carea' id='block_1_11' title="bbox 255 1064 1823 1147">
    <p class='ocr_par' dir='ltr' id='par_1_11' title="bbox 255 1064 1823 1147">
     <span class='ocr_line' id='line_1_11' title="bbox 255 1064 1823 1147; baseline -0.008 -17"><span class='ocrx_word' id='word_1_62' title='bbox 255 1078 566 1147; x_wconf 71' lang='grc' dir='ltr'>λυσσόμεθα</span> <span class='ocrx_word' id='word_1_63' title='bbox 598 1077 737 1130; x_wconf 85' lang='grc' dir='ltr'>αὑτά</span> <span class='ocrx_word' id='word_1_64' title='bbox 765 1090 780 1106; x_wconf 76' lang='grc' dir='ltr'><strong><em>ο</em></strong></span> <span class='ocrx_word' id='word_1_65' title='bbox 828 1074 913 1127; x_wconf 82' lang='grc' dir='ltr'><strong>ὅτι</strong></span> <span class='ocrx_word' id='word_1_66' title='bbox 958 1070 1054 1125; x_wconf 71' lang='grc' dir='ltr'>καὶ</span> <span class='ocrx_word' id='word_1_67' title='bbox 1099 1071 1168 1123; x_wconf 72' lang='grc' dir='ltr'><strong>τὰ</strong></span> <span class='ocrx_word' id='word_1_68' title='bbox 1226 1068 1614 1139; x_wconf 74' lang='grc' dir='ltr'>περιττώματα</span> <span class='ocrx_word' id='word_1_69' title='bbox 1665 1064 1823 1134; x_wconf 71' lang='grc' dir='ltr'>ἡμῶν</span> 
     </span>
    </p>
   </div>
   <div class='ocr_carea' id='block_1_12' title="bbox 259 1159 1822 1239">
    <p class='ocr_par' dir='ltr' id='par_1_12' title="bbox 259 1159 1822 1239">
     <span class='ocr_line' id='line_1_12' title="bbox 259 1159 1822 1239; baseline -0.01 -16"><span class='ocrx_word' id='word_1_70' title='bbox 259 1167 683 1239; x_wconf 76' lang='grc' dir='ltr'><strong>βδελυττόμεθα,</strong></span> <span class='ocrx_word' id='word_1_71' title='bbox 718 1168 894 1219; x_wconf 86' lang='grc' dir='ltr'>καίτοι</span> <span class='ocrx_word' id='word_1_72' title='bbox 926 1165 990 1216; x_wconf 82' lang='grc' dir='ltr'>ὲκ</span> <span class='ocrx_word' id='word_1_73' title='bbox 1024 1162 1124 1229; x_wconf 82' lang='grc' dir='ltr'>τῆς</span> <span class='ocrx_word' id='word_1_74' title='bbox 1155 1161 1342 1222; x_wconf 80' lang='grc' dir='ltr'>οὐσίας</span> <span class='ocrx_word' id='word_1_75' title='bbox 1389 1159 1519 1212; x_wconf 71' lang='grc' dir='ltr'>ὅντα</span> <span class='ocrx_word' id='word_1_76' title='bbox 1553 1159 1653 1227; x_wconf 71' lang='grc' dir='ltr'>τῆς</span> <span class='ocrx_word' id='word_1_77' title='bbox 1685 1159 1822 1226; x_wconf 83' lang='grc' dir='ltr'>ἠμε-</span> 
     </span>
    </p>
   </div>
   <div class='ocr_carea' id='block_1_13' title="bbox 252 1246 1823 1331">
    <p class='ocr_par' dir='ltr' id='par_1_13' title="bbox 252 1246 1823 1331">
     <span class='ocr_line' id='line_1_13' title="bbox 252 1246 1823 1331; baseline -0.01 -17"><span class='ocrx_word' id='word_1_78' title='bbox 252 1263 422 1331; x_wconf 63' lang='lat' dir='ltr'><strong>stipa;</strong></span> <span class='ocrx_word' id='word_1_79' title='bbox 453 1261 673 1331; x_wconf 85' lang='grc' dir='ltr'>σαρκός.</span> <span class='ocrx_word' id='word_1_80' title='bbox 716 1254 1118 1327; x_wconf 81' lang='grc' dir='ltr'>Ιίεριττώματα</span> <span class='ocrx_word' id='word_1_81' title='bbox 1150 1254 1209 1304; x_wconf 86' lang='grc' dir='ltr'><strong>δέ</strong></span> <span class='ocrx_word' id='word_1_82' title='bbox 1262 1246 1371 1304; x_wconf 84' lang='grc' dir='ltr'>είσι</span> <span class='ocrx_word' id='word_1_83' title='bbox 1422 1253 1491 1303; x_wconf 83' lang='grc' dir='ltr'>τὰ</span> <span class='ocrx_word' id='word_1_84' title='bbox 1545 1249 1699 1319; x_wconf 63' lang='grc' dir='ltr'>οὖρα,</span> <span class='ocrx_word' id='word_1_85' title='bbox 1757 1248 1823 1300; x_wconf 82' lang='grc' dir='ltr'><strong>τὰ</strong></span> 
     </span>
    </p>
   </div>
   <div class='ocr_carea' id='block_1_14' title="bbox 254 1340 1823 1419">
    <p class='ocr_par' dir='ltr' id='par_1_14' title="bbox 254 1340 1823 1419">
     <span class='ocr_line' id='line_1_14' title="bbox 254 1340 1823 1419; baseline -0.011 -14"><span class='ocrx_word' id='word_1_86' title='bbox 254 1352 527 1414; x_wconf 75' lang='grc' dir='ltr'>σκύϐαλα,</span> <span class='ocrx_word' id='word_1_87' title='bbox 563 1352 613 1403; x_wconf 77' lang='lat' dir='ltr'><strong>oi</strong></span> <span class='ocrx_word' id='word_1_88' title='bbox 646 1350 834 1419; x_wconf 73' lang='grc' dir='ltr'>χυμοὶ,</span> <span class='ocrx_word' id='word_1_89' title='bbox 867 1347 933 1400; x_wconf 78' lang='grc' dir='ltr'><strong>τὰ</strong></span> <span class='ocrx_word' id='word_1_90' title='bbox 969 1346 1058 1398; x_wconf 77' lang='grc' dir='ltr'><strong>διὰ</strong></span> <span class='ocrx_word' id='word_1_91' title='bbox 1107 1344 1375 1412; x_wconf 83' lang='grc' dir='ltr'>στόματος</span> <span class='ocrx_word' id='word_1_92' title='bbox 1416 1342 1507 1394; x_wconf 72' lang='grc' dir='ltr'>καὶ</span> <span class='ocrx_word' id='word_1_93' title='bbox 1538 1340 1699 1407; x_wconf 71' lang='grc' dir='ltr'>ῥινῶν</span> <span class='ocrx_word' id='word_1_94' title='bbox 1736 1356 1823 1389; x_wconf 84' lang='grc' dir='ltr'>κε-</span> 
     </span>
    </p>
   </div>
   <div class='ocr_carea' id='block_1_15' title="bbox 252 1428 1823 1511">
    <p class='ocr_par' dir='ltr' id='par_1_15' title="bbox 252 1428 1823 1511">
     <span class='ocr_line' id='line_1_15' title="bbox 252 1428 1823 1511; baseline -0.011 -17"><span class='ocrx_word' id='word_1_95' title='bbox 252 1442 487 1511; x_wconf 80' lang='grc' dir='ltr'>νούμενα</span> <span class='ocrx_word' id='word_1_96' title='bbox 510 1438 673 1509; x_wconf 69' lang='grc' dir='ltr'>ὑγρὰ,</span> <span class='ocrx_word' id='word_1_97' title='bbox 707 1440 801 1491; x_wconf 77' lang='grc' dir='ltr'>καὶ</span> <span class='ocrx_word' id='word_1_98' title='bbox 826 1439 923 1490; x_wconf 79' lang='grc' dir='ltr'>ὅσα</span> <span class='ocrx_word' id='word_1_99' title='bbox 947 1434 1192 1487; x_wconf 80' lang='grc' dir='ltr'>τοιαῦτα.</span> <span class='ocrx_word' id='word_1_100' title='bbox 1236 1434 1322 1493; x_wconf 71' lang='grc' dir='ltr'>Ὠς</span> <span class='ocrx_word' id='word_1_101' title='bbox 1347 1428 1440 1483; x_wconf 62' lang='grc' dir='ltr'>οὖν</span> <span class='ocrx_word' id='word_1_102' title='bbox 1491 1430 1674 1481; x_wconf 68' lang='grc' dir='ltr'>ἐκεῖνα</span> <span class='ocrx_word' id='word_1_103' title='bbox 1728 1430 1823 1477; x_wconf 82' lang='grc' dir='ltr'><strong>ὲκ-</strong></span> 
     </span>
    </p>
   </div>
   <div class='ocr_carea' id='block_1_16' title="bbox 250 1518 1826 1602">
    <p class='ocr_par' dir='ltr' id='par_1_16' title="bbox 250 1518 1826 1602">
     <span class='ocr_line' id='line_1_16' title="bbox 250 1518 1826 1602; baseline -0.012 -19"><span class='ocrx_word' id='word_1_104' title='bbox 250 1530 582 1602; x_wconf 75' lang='grc' dir='ltr'>τρεπὸμεθα,</span> <span class='ocrx_word' id='word_1_105' title='bbox 617 1528 761 1580; x_wconf 77' lang='grc' dir='ltr'>οὕτω</span> <span class='ocrx_word' id='word_1_106' title='bbox 793 1527 885 1579; x_wconf 84' lang='grc' dir='ltr'><strong>καί</strong></span> <span class='ocrx_word' id='word_1_107' title='bbox 922 1543 1043 1577; x_wconf 88' lang='grc' dir='ltr'>τινα</span> <span class='ocrx_word' id='word_1_108' title='bbox 1076 1523 1183 1575; x_wconf 83' lang='grc' dir='ltr'>τῶν</span> <span class='ocrx_word' id='word_1_109' title='bbox 1218 1521 1524 1590; x_wconf 74' lang='grc' dir='ltr'>βρωμάτων</span> <span class='ocrx_word' id='word_1_110' title='bbox 1547 1518 1627 1568; x_wconf 63' lang='lat'><strong>03‘</strong></span> <span class='ocrx_word' id='word_1_111' title='bbox 1658 1532 1826 1583; x_wconf 69' lang='grc' dir='ltr'>προσ-</span> 
     </span>
    </p>
   </div>
   <div class='ocr_carea' id='block_1_17' title="bbox 255 1607 1823 1691">
    <p class='ocr_par' dir='ltr' id='par_1_17' title="bbox 255 1607 1823 1691">
     <span class='ocr_line' id='line_1_17' title="bbox 255 1607 1823 1691; baseline -0.013 -16"><span class='ocrx_word' id='word_1_112' title='bbox 255 1623 470 1691; x_wconf 79' lang='grc' dir='ltr'>ιέμεθα.</span> <span class='ocrx_word' id='word_1_113' title='bbox 510 1620 691 1673; x_wconf 76' lang='grc' dir='ltr'>Πάντα</span> <span class='ocrx_word' id='word_1_114' title='bbox 735 1619 835 1689; x_wconf 77' lang='grc' dir='ltr'>μὲν</span> <span class='ocrx_word' id='word_1_115' title='bbox 874 1619 982 1687; x_wconf 77' lang='grc' dir='ltr'>γὰρ</span> <span class='ocrx_word' id='word_1_116' title='bbox 1037 1617 1246 1683; x_wconf 84' lang='grc' dir='ltr'>λάχανα</span> <span class='ocrx_word' id='word_1_117' title='bbox 1302 1613 1496 1679; x_wconf 65' lang='grc' dir='ltr'>χόρτου</span> <span class='ocrx_word' id='word_1_118' title='bbox 1566 1610 1636 1659; x_wconf 63' lang='grc' dir='ltr'>τὰ</span> <span class='ocrx_word' id='word_1_119' title='bbox 1686 1607 1823 1673; x_wconf 73' lang='grc' dir='ltr'>κρέα.</span> 
     </span>
    </p>
   </div>
   <div class='ocr_carea' id='block_1_18' title="bbox 249 1698 1827 1782">
    <p class='ocr_par' dir='ltr' id='par_1_18' title="bbox 249 1698 1827 1782">
     <span class='ocr_line' id='line_1_18' title="bbox 249 1698 1827 1782; baseline -0.011 -17"><span class='ocrx_word' id='word_1_120' title='bbox 249 1716 382 1782; x_wconf 69' lang='grc' dir='ltr'>ἡμῖν</span> <span class='ocrx_word' id='word_1_121' title='bbox 415 1712 739 1781; x_wconf 73' lang='grc' dir='ltr'><strong>λογίζονται,</strong></span> <span class='ocrx_word' id='word_1_122' title='bbox 784 1709 924 1761; x_wconf 78' lang='grc' dir='ltr'>κατὰ</span> <span class='ocrx_word' id='word_1_123' title='bbox 967 1708 1028 1759; x_wconf 69' lang='grc' dir='ltr'><strong>τὸ</strong></span> <span class='ocrx_word' id='word_1_124' title='bbox 1090 1704 1362 1775; x_wconf 75' lang='grc' dir='ltr'>φάγεσθαι</span> <span class='ocrx_word' id='word_1_125' title='bbox 1415 1702 1596 1754; x_wconf 83' lang='grc' dir='ltr'>πάντα</span> <span class='ocrx_word' id='word_1_126' title='bbox 1635 1702 1709 1761; x_wconf 85' lang='grc' dir='ltr'>ὡς</span> <span class='ocrx_word' id='word_1_127' title='bbox 1735 1698 1827 1749; x_wconf 76' lang='grc' dir='ltr'>λά-</span> 
     </span>
    </p>
   </div>
   <div class='ocr_carea' id='block_1_19' title="bbox 248 1789 1826 1873">
    <p class='ocr_par' dir='ltr' id='par_1_19' title="bbox 248 1789 1826 1873">
     <span class='ocr_line' id='line_1_19' title="bbox 248 1789 1826 1873; baseline -0.01 -17"><span class='ocrx_word' id='word_1_128' title='bbox 248 1821 392 1872; x_wconf 82' lang='grc' dir='ltr'>χανα</span> <span class='ocrx_word' id='word_1_129' title='bbox 426 1805 621 1873; x_wconf 77' lang='grc' dir='ltr'>χόρτου</span> <span class='ocrx_word' id='word_1_130' title='bbox 655 1818 668 1832; x_wconf 87' lang='grc'><strong>·</strong></span> <span class='ocrx_word' id='word_1_131' title='bbox 696 1800 1077 1870; x_wconf 76' lang='grc' dir='ltr'>διακρίνοντες</span> <span class='ocrx_word' id='word_1_132' title='bbox 1136 1798 1194 1849; x_wconf 73' lang='grc' dir='ltr'>δὲ</span> <span class='ocrx_word' id='word_1_133' title='bbox 1245 1796 1339 1849; x_wconf 74' lang='grc' dir='ltr'>καὶ</span> <span class='ocrx_word' id='word_1_134' title='bbox 1400 1789 1826 1867; x_wconf 70' lang='grc' dir='ltr'>χωρίζοντεςτὸ</span> 
     </span>
    </p>
   </div>
   <div class='ocr_carea' id='block_1_20' title="bbox 1926 622 3481 700">
    <p class='ocr_par' dir='ltr' id='par_1_20' title="bbox 1926 622 3481 700">
     <span class='ocr_line' id='line_1_20' title="bbox 1926 622 3481 700; baseline -0.008 -15"><span class='ocrx_word' id='word_1_135' title='bbox 1926 631 2248 700; x_wconf 85' lang='lat' dir='ltr'><strong>quebantur,</strong></span> <span class='ocrx_word' id='word_1_136' title='bbox 2318 630 2462 682; x_wconf 81' lang='lat' dir='ltr'><strong>vesci</strong></span> <span class='ocrx_word' id='word_1_137' title='bbox 2520 626 2772 679; x_wconf 87' lang='lat' dir='ltr'><strong>carnibus</strong></span> <span class='ocrx_word' id='word_1_138' title='bbox 2823 622 3206 683; x_wconf 70' lang='lat' dir='ltr'><strong>abhorrebant,</strong></span> <span class='ocrx_word' id='word_1_139' title='bbox 3276 630 3481 675; x_wconf 81' lang='lat' dir='ltr'><strong>etcum</strong></span> 
     </span>
    </p>
   </div>
   <div class='ocr_carea' id='block_1_21' title="bbox 1924 711 3489 779">
    <p class='ocr_par' dir='ltr' id='par_1_21' title="bbox 1924 711 3489 779">
     <span class='ocr_line' id='line_1_21' title="bbox 1924 711 3489 779; baseline -0.007 -6"><span class='ocrx_word' id='word_1_140' title='bbox 1924 718 2003 773; x_wconf 86' lang='lat' dir='ltr'><strong>eis</strong></span> <span class='ocrx_word' id='word_1_141' title='bbox 2047 718 2319 773; x_wconf 72' lang='lat' dir='ltr'><strong>diceretur</strong></span> <span class='ocrx_word' id='word_1_142' title='bbox 2346 716 2398 770; x_wconf 87' lang='lat' dir='ltr'><strong>id</strong></span> <span class='ocrx_word' id='word_1_143' title='bbox 2438 731 2542 769; x_wconf 86' lang='lat' dir='ltr'><strong>non</strong></span> <span class='ocrx_word' id='word_1_144' title='bbox 2594 724 2737 767; x_wconf 81' lang='lat' dir='ltr'><strong>recte</strong></span> <span class='ocrx_word' id='word_1_145' title='bbox 2773 727 2800 764; x_wconf 90' lang='lat' dir='ltr'><strong>a</strong></span> <span class='ocrx_word' id='word_1_146' title='bbox 2853 729 2909 765; x_wconf 70' lang='grc' dir='ltr'>διε</span> <span class='ocrx_word' id='word_1_147' title='bbox 2967 711 3103 773; x_wconf 84' lang='lat' dir='ltr'><strong>fieri,</strong></span> <span class='ocrx_word' id='word_1_148' title='bbox 3148 712 3489 779; x_wconf 76' lang='lat' dir='ltr'><strong>opponebam</strong></span> 
     </span>
    </p>
   </div>
   <div class='ocr_carea' id='block_1_22' title="bbox 1925 801 3481 876">
    <p class='ocr_par' dir='ltr' id='par_1_22' title="bbox 1925 801 3481 876">
     <span class='ocr_line' id='line_1_22' title="bbox 1925 801 3481 876; baseline -0.008 -11"><span class='ocrx_word' id='word_1_149' title='bbox 1925 809 2285 865; x_wconf 80' lang='lat' dir='ltr'><strong>ortbodoxis:</strong></span> <span class='ocrx_word' id='word_1_150' title='bbox 2326 808 2432 861; x_wconf 84' lang='lat' dir='ltr'><strong>Vos</strong></span> <span class='ocrx_word' id='word_1_151' title='bbox 2461 820 2674 876; x_wconf 83' lang='lat' dir='ltr'><strong>quoque</strong></span> <span class='ocrx_word' id='word_1_152' title='bbox 2718 803 3005 857; x_wconf 87' lang='lat' dir='ltr'><strong>nonnullos</strong></span> <span class='ocrx_word' id='word_1_153' title='bbox 3043 803 3193 856; x_wconf 83' lang='lat' dir='ltr'><strong>cibos</strong></span> <span class='ocrx_word' id='word_1_154' title='bbox 3224 801 3481 855; x_wconf 85' lang='lat' dir='ltr'><strong>abhorre-</strong></span> 
     </span>
    </p>
   </div>
   <div class='ocr_carea' id='block_1_23' title="bbox 1929 893 3482 964">
    <p class='ocr_par' dir='ltr' id='par_1_23' title="bbox 1929 893 3482 964">
     <span class='ocr_line' id='line_1_23' title="bbox 1929 893 3482 964; baseline -0.007 -9"><span class='ocrx_word' id='word_1_155' title='bbox 1929 901 2017 964; x_wconf 85' lang='lat' dir='ltr'><strong>tis,</strong></span> <span class='ocrx_word' id='word_1_156' title='bbox 2052 910 2106 956; x_wconf 86' lang='lat' dir='ltr'><strong>et</strong></span> <span class='ocrx_word' id='word_1_157' title='bbox 2132 900 2253 955; x_wconf 86' lang='lat' dir='ltr'><strong>ideo</strong></span> <span class='ocrx_word' id='word_1_158' title='bbox 2280 899 2346 953; x_wconf 85' lang='lat' dir='ltr'><strong>ab</strong></span> <span class='ocrx_word' id='word_1_159' title='bbox 2376 898 2455 953; x_wconf 83' lang='lat' dir='ltr'><strong>eis</strong></span> <span class='ocrx_word' id='word_1_160' title='bbox 2486 897 2789 951; x_wconf 77' lang='lat' dir='ltr'><strong>abstinetis.</strong></span> <span class='ocrx_word' id='word_1_161' title='bbox 2819 895 2896 948; x_wconf 80' lang='lat' dir='ltr'><strong>Ad</strong></span> <span class='ocrx_word' id='word_1_162' title='bbox 2927 894 3028 948; x_wconf 82' lang='lat' dir='ltr'><strong>llOC</strong></span> <span class='ocrx_word' id='word_1_163' title='bbox 3070 893 3197 946; x_wconf 89' lang='lat' dir='ltr'><strong>dicit</strong></span> <span class='ocrx_word' id='word_1_164' title='bbox 3227 900 3482 947; x_wconf 87' lang='lat' dir='ltr'><strong>sanctus:</strong></span> 
     </span>
    </p>
   </div>
   <div class='ocr_carea' id='block_1_24' title="bbox 1926 980 3488 1053">
    <p class='ocr_par' dir='ltr' id='par_1_24' title="bbox 1926 980 3488 1053">
     <span class='ocr_line' id='line_1_24' title="bbox 1926 980 3488 1053; baseline -0.009 -6"><span class='ocrx_word' id='word_1_165' title='bbox 1926 992 2043 1047; x_wconf 83' lang='lat' dir='ltr'><strong>Non</strong></span> <span class='ocrx_word' id='word_1_166' title='bbox 2088 1001 2173 1046; x_wconf 86' lang='lat' dir='ltr'><strong>est</strong></span> <span class='ocrx_word' id='word_1_167' title='bbox 2218 992 2411 1044; x_wconf 90' lang='lat' dir='ltr'><strong>mirum</strong></span> <span class='ocrx_word' id='word_1_168' title='bbox 2467 988 2508 1042; x_wconf 88' lang='lat' dir='ltr'><strong>si</strong></span> <span class='ocrx_word' id='word_1_169' title='bbox 2579 989 2644 1041; x_wconf 88' lang='lat' dir='ltr'><strong>ab</strong></span> <span class='ocrx_word' id='word_1_170' title='bbox 2693 985 2961 1053; x_wconf 91' lang='lat' dir='ltr'><strong>aliquibus</strong></span> <span class='ocrx_word' id='word_1_171' title='bbox 2998 983 3351 1047; x_wconf 77' lang='lat' dir='ltr'><strong>abStinemus,</strong></span> <span class='ocrx_word' id='word_1_172' title='bbox 3402 980 3488 1036; x_wconf 85' lang='lat' dir='ltr'><strong>vel</strong></span> 
     </span>
    </p>
   </div>
   <div class='ocr_carea' id='block_1_25' title="bbox 1925 1080 3490 1143">
    <p class='ocr_par' dir='ltr' id='par_1_25' title="bbox 1925 1080 3490 1143">
     <span class='ocr_line' id='line_1_25' title="bbox 1925 1080 3490 1143; baseline -0.009 -6"><span class='ocrx_word' id='word_1_173' title='bbox 1925 1082 2110 1137; x_wconf 85' lang='lat' dir='ltr'><strong>eadem</strong></span> <span class='ocrx_word' id='word_1_174' title='bbox 2148 1081 2557 1143; x_wconf 79' lang='lat' dir='ltr'><strong>abominamur;</strong></span> <span class='ocrx_word' id='word_1_175' title='bbox 2618 1091 2737 1129; x_wconf 86' lang='lat' dir='ltr'><strong>nam</strong></span> <span class='ocrx_word' id='word_1_176' title='bbox 2801 1085 2853 1128; x_wconf 89' lang='lat' dir='ltr'><strong>et</strong></span> <span class='ocrx_word' id='word_1_177' title='bbox 2906 1082 3089 1127; x_wconf 86' lang='lat' dir='ltr'><strong>nostra</strong></span> <span class='ocrx_word' id='word_1_178' title='bbox 3146 1080 3490 1127; x_wconf 83' lang='lat' dir='ltr'><strong>excrementa</strong></span> 
     </span>
    </p>
   </div>
   <div class='ocr_carea' id='block_1_26' title="bbox 1926 1163 3492 1233">
    <p class='ocr_par' dir='ltr' id='par_1_26' title="bbox 1926 1163 3492 1233">
     <span class='ocr_line' id='line_1_26' title="bbox 1926 1163 3492 1233; baseline -0.006 -9"><span class='ocrx_word' id='word_1_179' title='bbox 1926 1174 2303 1233; x_wconf 85' lang='lat' dir='ltr'><strong>ablmrrcmus,</strong></span> <span class='ocrx_word' id='word_1_180' title='bbox 2337 1172 2438 1223; x_wconf 86' lang='lat' dir='ltr'><strong>etsi</strong></span> <span class='ocrx_word' id='word_1_181' title='bbox 2468 1170 2577 1223; x_wconf 85' lang='lat' dir='ltr'><strong>sint</strong></span> <span class='ocrx_word' id='word_1_182' title='bbox 2624 1183 2689 1221; x_wconf 77' lang='lat' dir='ltr'><strong>ex</strong></span> <span class='ocrx_word' id='word_1_183' title='bbox 2751 1175 2952 1220; x_wconf 65' lang='lat' dir='ltr'><strong>nostra:</strong></span> <span class='ocrx_word' id='word_1_184' title='bbox 3000 1163 3183 1219; x_wconf 85' lang='lat' dir='ltr'><strong>carnis</strong></span> <span class='ocrx_word' id='word_1_185' title='bbox 3240 1163 3492 1218; x_wconf 75' lang='lat' dir='ltr'><strong>Substau-</strong></span> 
     </span>
    </p>
   </div>
   <div class='ocr_carea' id='block_1_27' title="bbox 1928 1254 3491 1320">
    <p class='ocr_par' dir='ltr' id='par_1_27' title="bbox 1928 1254 3491 1320">
     <span class='ocr_line' id='line_1_27' title="bbox 1928 1254 3491 1320; baseline -0.007 -4"><span class='ocrx_word' id='word_1_186' title='bbox 1928 1265 2035 1317; x_wconf 88' lang='lat' dir='ltr'><strong>tia:</strong></span> <span class='ocrx_word' id='word_1_187' title='bbox 2068 1272 2195 1316; x_wconf 80' lang='lat' dir='ltr'><strong>sunt</strong></span> <span class='ocrx_word' id='word_1_188' title='bbox 2224 1271 2399 1315; x_wconf 87' lang='lat' dir='ltr'><strong>autem</strong></span> <span class='ocrx_word' id='word_1_189' title='bbox 2426 1268 2800 1320; x_wconf 73' lang='lat' dir='ltr'><strong>excrementa,</strong></span> <span class='ocrx_word' id='word_1_190' title='bbox 2857 1257 3052 1319; x_wconf 66' lang='lat' dir='ltr'><strong>urinaz,</strong></span> <span class='ocrx_word' id='word_1_191' title='bbox 3075 1264 3337 1319; x_wconf 89' lang='lat' dir='ltr'><strong>stercora,</strong></span> <span class='ocrx_word' id='word_1_192' title='bbox 3388 1254 3491 1306; x_wconf 76' lang='lat' dir='ltr'><strong>liu-</strong></span> 
     </span>
    </p>
   </div>
   <div class='ocr_carea' id='block_1_28' title="bbox 1928 1347 3488 1419">
    <p class='ocr_par' dir='ltr' id='par_1_28' title="bbox 1928 1347 3488 1419">
     <span class='ocr_line' id='line_1_28' title="bbox 1928 1347 3488 1419; baseline -0.006 -16"><span class='ocrx_word' id='word_1_193' title='bbox 1928 1368 2105 1405; x_wconf 88' lang='lat' dir='ltr'><strong>morcs</strong></span> <span class='ocrx_word' id='word_1_194' title='bbox 2160 1352 2247 1419; x_wconf 89' lang='lat' dir='ltr'><strong>qui</strong></span> <span class='ocrx_word' id='word_1_195' title='bbox 2293 1366 2388 1419; x_wconf 85' lang='lat' dir='ltr'><strong>per</strong></span> <span class='ocrx_word' id='word_1_196' title='bbox 2427 1366 2487 1403; x_wconf 76' lang='lat' dir='ltr'><strong>os</strong></span> <span class='ocrx_word' id='word_1_197' title='bbox 2540 1359 2593 1403; x_wconf 89' lang='lat' dir='ltr'><strong>et</strong></span> <span class='ocrx_word' id='word_1_198' title='bbox 2656 1361 2816 1401; x_wconf 76' lang='lat' dir='ltr'><strong>nares</strong></span> <span class='ocrx_word' id='word_1_199' title='bbox 2874 1347 3216 1409; x_wconf 89' lang='lat' dir='ltr'><strong>emittuntur,</strong></span> <span class='ocrx_word' id='word_1_200' title='bbox 3248 1351 3301 1399; x_wconf 91' lang='lat' dir='ltr'><strong>et</strong></span> <span class='ocrx_word' id='word_1_201' title='bbox 3340 1358 3488 1412; x_wconf 82' lang='lat' dir='ltr'><strong>quae-</strong></span> 
     </span>
    </p>
   </div>
   <div class='ocr_carea' id='block_1_29' title="bbox 1928 1434 3499 1509">
    <p class='ocr_par' dir='ltr' id='par_1_29' title="bbox 1928 1434 3499 1509">
     <span class='ocr_line' id='line_1_29' title="bbox 1928 1434 3499 1509; baseline -0.008 -14"><span class='ocrx_word' id='word_1_202' title='bbox 1928 1456 2143 1509; x_wconf 80' lang='lat' dir='ltr'><strong>cunque</strong></span> <span class='ocrx_word' id='word_1_203' title='bbox 2196 1440 2485 1508; x_wconf 76' lang='lat' dir='ltr'><strong>ejusmodi.</strong></span> <span class='ocrx_word' id='word_1_204' title='bbox 2531 1437 2993 1504; x_wconf 80' lang='lat' dir='ltr'><strong>Quemadmodum</strong></span> <span class='ocrx_word' id='word_1_205' title='bbox 3038 1449 3168 1504; x_wconf 83' lang='lat' dir='ltr'><strong>ergo</strong></span> <span class='ocrx_word' id='word_1_206' title='bbox 3219 1434 3306 1486; x_wconf 85' lang='lat' dir='ltr'><strong>illa</strong></span> <span class='ocrx_word' id='word_1_207' title='bbox 3341 1446 3499 1487; x_wconf 82' lang='lat' dir='ltr'><strong>aver-</strong></span> 
     </span>
    </p>
   </div>
   <div class='ocr_carea' id='block_1_30' title="bbox 1929 1523 3498 1597">
    <p class='ocr_par' dir='ltr' id='par_1_30' title="bbox 1929 1523 3498 1597">
     <span class='ocr_line' id='line_1_30' title="bbox 1929 1523 3498 1597; baseline -0.006 -13"><span class='ocrx_word' id='word_1_208' title='bbox 1929 1545 2129 1593; x_wconf 77' lang='lat' dir='ltr'><strong>sanmr,</strong></span> <span class='ocrx_word' id='word_1_209' title='bbox 2169 1530 2240 1582; x_wconf 84' lang='lat' dir='ltr'><strong>ita</strong></span> <span class='ocrx_word' id='word_1_210' title='bbox 2285 1530 2432 1583; x_wconf 90' lang='lat' dir='ltr'><strong>cibos</strong></span> <span class='ocrx_word' id='word_1_211' title='bbox 2464 1542 2680 1597; x_wconf 86' lang='lat' dir='ltr'><strong>quoque</strong></span> <span class='ocrx_word' id='word_1_212' title='bbox 2733 1527 2943 1595; x_wconf 88' lang='lat' dir='ltr'><strong>aliquos</strong></span> <span class='ocrx_word' id='word_1_213' title='bbox 2968 1539 3074 1578; x_wconf 90' lang='lat' dir='ltr'><strong>non</strong></span> <span class='ocrx_word' id='word_1_214' title='bbox 3134 1523 3498 1578; x_wconf 83' lang='lat' dir='ltr'><strong>admittimus.</strong></span> 
     </span>
    </p>
   </div>
   <div class='ocr_carea' id='block_1_31' title="bbox 1930 1615 3498 1676">
    <p class='ocr_par' dir='ltr' id='par_1_31' title="bbox 1930 1615 3498 1676">
     <span class='ocr_line' id='line_1_31' title="bbox 1930 1615 3498 1676; baseline -0.007 0"><span class='ocrx_word' id='word_1_215' title='bbox 1930 1620 2119 1676; x_wconf 85' lang='lat' dir='ltr'><strong>Omnia</strong></span> <span class='ocrx_word' id='word_1_216' title='bbox 2155 1621 2296 1674; x_wconf 87' lang='lat' dir='ltr'><strong>enim</strong></span> <span class='ocrx_word' id='word_1_217' title='bbox 2360 1620 2506 1675; x_wconf 90' lang='lat' dir='ltr'><strong>olera</strong></span> <span class='ocrx_word' id='word_1_218' title='bbox 2573 1633 2826 1673; x_wconf 85' lang='lat' dir='ltr'><strong>carnesa</strong></span> <span class='ocrx_word' id='word_1_219' title='bbox 2891 1617 3045 1671; x_wconf 88' lang='lat' dir='ltr'><strong>nobis</strong></span> <span class='ocrx_word' id='word_1_220' title='bbox 3093 1615 3498 1676; x_wconf 81' lang='lat' dir='ltr'><strong>existimantur,</strong></span> 
     </span>
    </p>
   </div>
   <div class='ocr_carea' id='block_1_32' title="bbox 1928 1708 3499 1780">
    <p class='ocr_par' dir='ltr' id='par_1_32' title="bbox 1928 1708 3499 1780">
     <span class='ocr_line' id='line_1_32' title="bbox 1928 1708 3499 1780; baseline -0.004 -16"><span class='ocrx_word' id='word_1_221' title='bbox 1928 1712 2069 1780; x_wconf 89' lang='lat' dir='ltr'><strong>quod</strong></span> <span class='ocrx_word' id='word_1_222' title='bbox 2116 1712 2297 1765; x_wconf 91' lang='lat' dir='ltr'><strong>omnia</strong></span> <span class='ocrx_word' id='word_1_223' title='bbox 2352 1713 2701 1765; x_wconf 80' lang='lat' dir='ltr'><strong>comedamus</strong></span> <span class='ocrx_word' id='word_1_224' title='bbox 2757 1721 2813 1763; x_wconf 91' lang='lat' dir='ltr'><strong>ut</strong></span> <span class='ocrx_word' id='word_1_225' title='bbox 2883 1709 3052 1763; x_wconf 87' lang='lat' dir='ltr'><strong>olera.</strong></span> <span class='ocrx_word' id='word_1_226' title='bbox 3119 1708 3499 1760; x_wconf 86' lang='lat' dir='ltr'><strong>Discernentcs</strong></span> 
     </span>
    </p>
   </div>
   <div class='ocr_carea' id='block_1_33' title="bbox 1929 1798 3501 1872">
    <p class='ocr_par' dir='ltr' id='par_1_33' title="bbox 1929 1798 3501 1872">
     <span class='ocr_line' id='line_1_33' title="bbox 1929 1798 3501 1872; baseline -0.004 -16"><span class='ocrx_word' id='word_1_227' title='bbox 1929 1812 2132 1867; x_wconf 89' lang='lat' dir='ltr'><strong>autem,</strong></span> <span class='ocrx_word' id='word_1_228' title='bbox 2166 1812 2559 1872; x_wconf 85' lang='lat' dir='ltr'><strong>etseparautes</strong></span> <span class='ocrx_word' id='word_1_229' title='bbox 2596 1803 2646 1855; x_wconf 90' lang='lat' dir='ltr'><strong>id</strong></span> <span class='ocrx_word' id='word_1_230' title='bbox 2688 1802 2824 1868; x_wconf 80' lang='lat' dir='ltr'><strong>quod</strong></span> <span class='ocrx_word' id='word_1_231' title='bbox 2859 1809 2945 1853; x_wconf 89' lang='lat' dir='ltr'><strong>est</strong></span> <span class='ocrx_word' id='word_1_232' title='bbox 2990 1799 3234 1864; x_wconf 79' lang='lat' dir='ltr'><strong>noxium,</strong></span> <span class='ocrx_word' id='word_1_233' title='bbox 3270 1812 3333 1852; x_wconf 92' lang='lat' dir='ltr'><strong>eo</strong></span> <span class='ocrx_word' id='word_1_234' title='bbox 3358 1798 3501 1866; x_wconf 89' lang='lat' dir='ltr'><strong>quod</strong></span> 
     </span>
    </p>
   </div>
   <div class='ocr_carea' id='block_1_34' title="bbox 248 1880 1920 1963">
    <p class='ocr_par' dir='ltr' id='par_1_34' title="bbox 248 1880 1904 1963">
     <span class='ocr_line' id='line_1_34' title="bbox 248 1880 1904 1963; baseline -0.007 -21"><span class='ocrx_word' id='word_1_235' title='bbox 248 1895 520 1963; x_wconf 76' lang='grc' dir='ltr'>βλαῦερδν</span> <span class='ocrx_word' id='word_1_236' title='bbox 552 1892 811 1962; x_wconf 79' lang='grc' dir='ltr'>χρώμεθα</span> <span class='ocrx_word' id='word_1_237' title='bbox 850 1889 924 1959; x_wconf 84' lang='grc' dir='ltr'><strong>τῷ</strong></span> <span class='ocrx_word' id='word_1_238' title='bbox 969 1889 1042 1957; x_wconf 77' lang='grc' dir='ltr'>μὴ</span> <span class='ocrx_word' id='word_1_239' title='bbox 1075 1888 1386 1958; x_wconf 71' lang='grc' dir='ltr'><strong>βλάπτοντι,</strong></span> <span class='ocrx_word' id='word_1_240' title='bbox 1423 1884 1520 1936; x_wconf 80' lang='grc' dir='ltr'>καὶ</span> <span class='ocrx_word' id='word_1_241' title='bbox 1549 1881 1736 1953; x_wconf 83' lang='grc' dir='ltr'>ὥσπερ</span> <span class='ocrx_word' id='word_1_242' title='bbox 1767 1880 1824 1932; x_wconf 72' lang='grc' dir='ltr'>ἓν</span> <span class='ocrx_word' id='word_1_243' title='bbox 1858 1897 1904 1958; x_wconf 72' lang='grc' dir='ltr'><strong><em>Β</em></strong></span> 
     </span>
    </p>
   </div>
   <div class='ocr_carea' id='block_1_35' title="bbox 1830 1880 3502 1963">
    <p class='ocr_par' dir='ltr' id='par_1_35' title="bbox 1858 1892 3502 1962">
     <span class='ocr_line' id='line_1_35' title="bbox 1858 1892 3502 1962; baseline -0.001 -16"><span class='ocrx_word' id='word_1_244' title='bbox 1858 1897 1904 1958; x_wconf 79' lang='grc' dir='ltr'><strong><em>Β</em></strong></span> <span class='ocrx_word' id='word_1_245' title='bbox 1933 1909 2037 1948; x_wconf 83' lang='grc' dir='ltr'>ιιοιι</span> <span class='ocrx_word' id='word_1_246' title='bbox 2081 1895 2218 1947; x_wconf 71' lang='lat' dir='ltr'><strong>lrertit</strong></span> <span class='ocrx_word' id='word_1_247' title='bbox 2267 1895 2469 1948; x_wconf 78' lang='lat' dir='ltr'><strong>utimur</strong></span> <span class='ocrx_word' id='word_1_248' title='bbox 2502 1912 2515 1959; x_wconf 90' lang='lat'><strong>;</strong></span> <span class='ocrx_word' id='word_1_249' title='bbox 2550 1904 2606 1948; x_wconf 92' lang='lat' dir='ltr'><strong>et</strong></span> <span class='ocrx_word' id='word_1_250' title='bbox 2654 1892 3107 1962; x_wconf 83' lang='lat' dir='ltr'><strong>quemadmodum</strong></span> <span class='ocrx_word' id='word_1_251' title='bbox 3166 1894 3217 1946; x_wconf 89' lang='lat' dir='ltr'><strong>in</strong></span> <span class='ocrx_word' id='word_1_252' title='bbox 3264 1892 3502 1946; x_wconf 83' lang='lat' dir='ltr'><strong>oleribus</strong></span> 
     </span>
    </p>
   </div>
   <div class='ocr_carea' id='block_1_36' title="bbox 243 1974 1915 2057">
    <p class='ocr_par' dir='ltr' id='par_1_36' title="bbox 243 1974 1821 2055">
     <span class='ocr_line' id='line_1_36' title="bbox 243 1974 1821 2055; baseline -0.009 -16"><span class='ocrx_word' id='word_1_253' title='bbox 243 1992 365 2048; x_wconf 74' lang='grc' dir='ltr'>τοῖς</span> <span class='ocrx_word' id='word_1_254' title='bbox 396 1988 649 2055; x_wconf 66' lang='grc' dir='ltr'>λαχάνοις</span> <span class='ocrx_word' id='word_1_255' title='bbox 678 1983 912 2053; x_wconf 78' lang='grc' dir='ltr'>λάχανόν</span> <span class='ocrx_word' id='word_1_256' title='bbox 947 1984 1063 2034; x_wconf 74' lang='grc' dir='ltr'>ἐστι</span> <span class='ocrx_word' id='word_1_257' title='bbox 1094 1981 1189 2033; x_wconf 80' lang='grc' dir='ltr'>καὶ</span> <span class='ocrx_word' id='word_1_258' title='bbox 1242 1978 1304 2030; x_wconf 84' lang='grc' dir='ltr'>τὸ</span> <span class='ocrx_word' id='word_1_259' title='bbox 1362 1977 1609 2036; x_wconf 72' lang='grc' dir='ltr'>κώνειον,</span> <span class='ocrx_word' id='word_1_260' title='bbox 1646 1976 1738 2027; x_wconf 72' lang='grc' dir='ltr'>καὶ</span> <span class='ocrx_word' id='word_1_261' title='bbox 1794 1974 1821 2025; x_wconf 92' lang='lat'><strong>6</strong></span> 
     </span>
    </p>
   </div>
   <div class='ocr_carea' id='block_1_37' title="bbox 1826 1974 3498 2057">
    <p class='ocr_par' dir='ltr' id='par_1_37' title="bbox 1928 1986 3498 2057">
     <span class='ocr_line' id='line_1_37' title="bbox 1928 1986 3498 2057; baseline -0.001 -18"><span class='ocrx_word' id='word_1_262' title='bbox 1928 1996 2011 2039; x_wconf 91' lang='lat' dir='ltr'><strong>est</strong></span> <span class='ocrx_word' id='word_1_263' title='bbox 2049 1987 2251 2047; x_wconf 86' lang='lat' dir='ltr'><strong>cicuta,</strong></span> <span class='ocrx_word' id='word_1_264' title='bbox 2297 1995 2350 2041; x_wconf 89' lang='lat' dir='ltr'><strong>ct</strong></span> <span class='ocrx_word' id='word_1_265' title='bbox 2384 1989 2765 2057; x_wconf 73' lang='lat' dir='ltr'><strong>Ityoscyatnus,</strong></span> <span class='ocrx_word' id='word_1_266' title='bbox 2802 1995 3004 2049; x_wconf 87' lang='lat' dir='ltr'><strong>tamen,</strong></span> <span class='ocrx_word' id='word_1_267' title='bbox 3040 1986 3166 2053; x_wconf 87' lang='lat' dir='ltr'><strong>quia</strong></span> <span class='ocrx_word' id='word_1_268' title='bbox 3220 1992 3346 2039; x_wconf 88' lang='lat' dir='ltr'><strong>sunt</strong></span> <span class='ocrx_word' id='word_1_269' title='bbox 3400 1999 3498 2037; x_wconf 85' lang='lat' dir='ltr'><strong>no-</strong></span> 
     </span>
    </p>
   </div>
   <div class='ocr_carea' id='block_1_38' title="bbox 249 2066 1921 2147">
    <p class='ocr_par' dir='ltr' id='par_1_38' title="bbox 249 2066 1828 2147">
     <span class='ocr_line' id='line_1_38' title="bbox 249 2066 1828 2147; baseline -0.007 -18"><span class='ocrx_word' id='word_1_270' title='bbox 249 2080 586 2147; x_wconf 79' lang='grc' dir='ltr'>ὑοσκύαμος,</span> <span class='ocrx_word' id='word_1_271' title='bbox 616 2079 753 2129; x_wconf 74' lang='grc' dir='ltr'>ἀλλὰ</span> <span class='ocrx_word' id='word_1_272' title='bbox 772 2075 1011 2146; x_wconf 71' lang='grc' dir='ltr'>βλαϐερὰ</span> <span class='ocrx_word' id='word_1_273' title='bbox 1032 2074 1166 2125; x_wconf 75' lang='grc' dir='ltr'>ὅντα</span> <span class='ocrx_word' id='word_1_274' title='bbox 1189 2071 1461 2139; x_wconf 77' lang='grc' dir='ltr'>φεύγομεν</span> <span class='ocrx_word' id='word_1_275' title='bbox 1484 2068 1625 2121; x_wconf 78' lang='grc' dir='ltr'>αὑτά</span> <span class='ocrx_word' id='word_1_276' title='bbox 1645 2083 1657 2097; x_wconf 89' lang='grc'><strong>·</strong></span> <span class='ocrx_word' id='word_1_277' title='bbox 1683 2066 1828 2119; x_wconf 71' lang='grc' dir='ltr'>οὕτω</span> 
     </span>
    </p>
   </div>
   <div class='ocr_carea' id='block_1_39' title="bbox 1832 2066 3504 2147">
    <p class='ocr_par' dir='ltr' id='par_1_39' title="bbox 1930 2076 3504 2146">
     <span class='ocr_line' id='line_1_39' title="bbox 1930 2076 3504 2146; baseline -0.001 -17"><span class='ocrx_word' id='word_1_278' title='bbox 1930 2076 2039 2139; x_wconf 77' lang='lat' dir='ltr'><strong>xia,</strong></span> <span class='ocrx_word' id='word_1_279' title='bbox 2088 2092 2148 2130; x_wconf 91' lang='lat' dir='ltr'><strong>ea</strong></span> <span class='ocrx_word' id='word_1_280' title='bbox 2183 2076 2455 2146; x_wconf 81' lang='lat' dir='ltr'><strong>fugimus:</strong></span> <span class='ocrx_word' id='word_1_281' title='bbox 2494 2079 2563 2131; x_wconf 92' lang='lat' dir='ltr'><strong>ita</strong></span> <span class='ocrx_word' id='word_1_282' title='bbox 2598 2088 2651 2129; x_wconf 92' lang='lat' dir='ltr'><strong>ct</strong></span> <span class='ocrx_word' id='word_1_283' title='bbox 2686 2079 2735 2128; x_wconf 89' lang='lat' dir='ltr'><strong>in</strong></span> <span class='ocrx_word' id='word_1_284' title='bbox 2779 2076 3058 2139; x_wconf 85' lang='lat' dir='ltr'><strong>carnibus,</strong></span> <span class='ocrx_word' id='word_1_285' title='bbox 3091 2090 3219 2130; x_wconf 87' lang='lat' dir='ltr'><strong>caro</strong></span> <span class='ocrx_word' id='word_1_286' title='bbox 3265 2084 3347 2129; x_wconf 88' lang='lat' dir='ltr'><strong>est</strong></span> <span class='ocrx_word' id='word_1_287' title='bbox 3377 2088 3504 2128; x_wconf 86' lang='lat' dir='ltr'><strong>caro</strong></span> 
     </span>
    </p>
   </div>
   <div class='ocr_carea' id='block_1_40' title="bbox 246 2154 1918 2237">
    <p class='ocr_par' dir='ltr' id='par_1_40' title="bbox 246 2154 1829 2237">
     <span class='ocr_line' id='line_1_40' title="bbox 246 2154 1829 2237; baseline -0.008 -18"><span class='ocrx_word' id='word_1_288' title='bbox 246 2170 344 2220; x_wconf 78' lang='grc' dir='ltr'>καὶ</span> <span class='ocrx_word' id='word_1_289' title='bbox 378 2170 435 2220; x_wconf 79' lang='grc' dir='ltr'>ἐν</span> <span class='ocrx_word' id='word_1_290' title='bbox 467 2170 572 2229; x_wconf 70' lang='grc' dir='ltr'>τοῖς</span> <span class='ocrx_word' id='word_1_291' title='bbox 607 2168 807 2237; x_wconf 77' lang='grc' dir='ltr'>κρέασι</span> <span class='ocrx_word' id='word_1_292' title='bbox 839 2167 1008 2235; x_wconf 78' lang='grc' dir='ltr'>κρέας</span> <span class='ocrx_word' id='word_1_293' title='bbox 1030 2163 1147 2216; x_wconf 69' lang='grc' dir='ltr'>ἐστὶ</span> <span class='ocrx_word' id='word_1_294' title='bbox 1169 2161 1264 2213; x_wconf 73' lang='grc' dir='ltr'>καὶ</span> <span class='ocrx_word' id='word_1_295' title='bbox 1290 2160 1349 2211; x_wconf 81' lang='grc' dir='ltr'>τὸ</span> <span class='ocrx_word' id='word_1_296' title='bbox 1378 2160 1609 2223; x_wconf 80' lang='grc' dir='ltr'>γύπειον</span> <span class='ocrx_word' id='word_1_297' title='bbox 1645 2157 1739 2208; x_wconf 81' lang='grc' dir='ltr'>καὶ</span> <span class='ocrx_word' id='word_1_298' title='bbox 1770 2154 1829 2207; x_wconf 77' lang='grc' dir='ltr'>τὸ</span> 
     </span>
    </p>
   </div>
   <div class='ocr_carea' id='block_1_41' title="bbox 1831 2154 3503 2237">
    <p class='ocr_par' dir='ltr' id='par_1_41' title="bbox 1928 2169 3503 2236">
     <span class='ocr_line' id='line_1_41' title="bbox 1928 2169 3503 2236; baseline -0.001 -15"><span class='ocrx_word' id='word_1_299' title='bbox 1928 2169 2225 2234; x_wconf 81' lang='lat' dir='ltr'><strong>vulturina,</strong></span> <span class='ocrx_word' id='word_1_300' title='bbox 2257 2179 2311 2224; x_wconf 91' lang='lat' dir='ltr'><strong>et</strong></span> <span class='ocrx_word' id='word_1_301' title='bbox 2337 2185 2462 2223; x_wconf 91' lang='lat' dir='ltr'><strong>caro</strong></span> <span class='ocrx_word' id='word_1_302' title='bbox 2497 2171 2681 2224; x_wconf 90' lang='lat' dir='ltr'><strong>canis:</strong></span> <span class='ocrx_word' id='word_1_303' title='bbox 2719 2171 2812 2222; x_wconf 89' lang='lat' dir='ltr'><strong>sed</strong></span> <span class='ocrx_word' id='word_1_304' title='bbox 2872 2180 3054 2222; x_wconf 85' lang='lat' dir='ltr'><strong>tamen</strong></span> <span class='ocrx_word' id='word_1_305' title='bbox 3102 2182 3262 2222; x_wconf 85' lang='lat' dir='ltr'><strong>neruo</strong></span> <span class='ocrx_word' id='word_1_306' title='bbox 3314 2176 3503 2236; x_wconf 87' lang='lat' dir='ltr'><strong>gusta-</strong></span> 
     </span>
    </p>
   </div>
   <div class='ocr_carea' id='block_1_42' title="bbox 244 2246 1916 2328">
    <p class='ocr_par' dir='ltr' id='par_1_42' title="bbox 244 2246 1826 2323">
     <span class='ocr_line' id='line_1_42' title="bbox 244 2246 1826 2323; baseline -0.008 -12"><span class='ocrx_word' id='word_1_307' title='bbox 244 2262 342 2313; x_wconf 80' lang='grc' dir='ltr'>τοῦ</span> <span class='ocrx_word' id='word_1_308' title='bbox 364 2260 539 2323; x_wconf 70' lang='grc' dir='ltr'>κυνός·</span> <span class='ocrx_word' id='word_1_309' title='bbox 561 2262 678 2315; x_wconf 82' lang='grc' dir='ltr'>ἀλλ’</span> <span class='ocrx_word' id='word_1_310' title='bbox 693 2258 791 2312; x_wconf 76' lang='grc' dir='ltr'>οὐκ</span> <span class='ocrx_word' id='word_1_311' title='bbox 807 2260 870 2313; x_wconf 81' lang='grc' dir='ltr'>ἄν</span> <span class='ocrx_word' id='word_1_312' title='bbox 885 2273 966 2319; x_wconf 89' lang='grc' dir='ltr'><strong>τις</strong></span> <span class='ocrx_word' id='word_1_313' title='bbox 987 2254 1239 2322; x_wconf 81' lang='grc' dir='ltr'>γεύσαιτο</span> <span class='ocrx_word' id='word_1_314' title='bbox 1260 2250 1443 2314; x_wconf 77' lang='grc' dir='ltr'>κυνὸς,</span> <span class='ocrx_word' id='word_1_315' title='bbox 1464 2250 1509 2301; x_wconf 83' lang='grc' dir='ltr'><strong>εί</strong></span> <span class='ocrx_word' id='word_1_316' title='bbox 1526 2248 1602 2319; x_wconf 75' lang='grc' dir='ltr'>μὴ</span> <span class='ocrx_word' id='word_1_317' title='bbox 1623 2246 1826 2316; x_wconf 75' lang='grc' dir='ltr'>σφόδρα</span> 
     </span>
    </p>
   </div>
   <div class='ocr_carea' id='block_1_43' title="bbox 1832 2246 3504 2328">
    <p class='ocr_par' dir='ltr' id='par_1_43' title="bbox 1927 2258 3504 2328">
     <span class='ocr_line' id='line_1_43' title="bbox 1927 2258 3504 2328; baseline -0.001 -16"><span class='ocrx_word' id='word_1_318' title='bbox 1927 2263 2087 2325; x_wconf 88' lang='lat' dir='ltr'><strong>verit,</strong></span> <span class='ocrx_word' id='word_1_319' title='bbox 2118 2261 2219 2315; x_wconf 90' lang='lat' dir='ltr'><strong>nisi</strong></span> <span class='ocrx_word' id='word_1_320' title='bbox 2254 2260 2405 2315; x_wconf 81' lang='lat' dir='ltr'><strong>valde</strong></span> <span class='ocrx_word' id='word_1_321' title='bbox 2440 2261 2664 2315; x_wconf 88' lang='lat' dir='ltr'><strong>esuriat.</strong></span> <span class='ocrx_word' id='word_1_322' title='bbox 2692 2261 2790 2326; x_wconf 81' lang='lat' dir='ltr'><strong>Qui</strong></span> <span class='ocrx_word' id='word_1_323' title='bbox 2824 2268 3007 2315; x_wconf 89' lang='lat' dir='ltr'><strong>autem</strong></span> <span class='ocrx_word' id='word_1_324' title='bbox 3040 2274 3135 2328; x_wconf 88' lang='lat' dir='ltr'><strong>per</strong></span> <span class='ocrx_word' id='word_1_325' title='bbox 3169 2258 3274 2312; x_wconf 91' lang='lat' dir='ltr'><strong>vim</strong></span> <span class='ocrx_word' id='word_1_326' title='bbox 3322 2267 3504 2328; x_wconf 88' lang='lat' dir='ltr'><strong>gusta-</strong></span> 
     </span>
    </p>
   </div>
   <div class='ocr_carea' id='block_1_44' title="bbox 244 2341 1916 2428">
    <p class='ocr_par' dir='ltr' id='par_1_44' title="bbox 244 2341 1822 2428">
     <span class='ocr_line' id='line_1_44' title="bbox 244 2341 1822 2428; baseline -0.008 -19"><span class='ocrx_word' id='word_1_327' title='bbox 244 2356 529 2428; x_wconf 77' lang='grc' dir='ltr'>Αιμώττει.</span> <span class='ocrx_word' id='word_1_328' title='bbox 567 2356 626 2407; x_wconf 85' lang='grc' dir='ltr'>Ὀ</span> <span class='ocrx_word' id='word_1_329' title='bbox 673 2352 730 2405; x_wconf 73' lang='grc' dir='ltr'>δὲ</span> <span class='ocrx_word' id='word_1_330' title='bbox 764 2349 1105 2421; x_wconf 79' lang='grc' dir='ltr'>γευσάμενος</span> <span class='ocrx_word' id='word_1_331' title='bbox 1136 2347 1198 2397; x_wconf 77' lang='grc' dir='ltr'>ὲκ</span> <span class='ocrx_word' id='word_1_332' title='bbox 1227 2343 1350 2413; x_wconf 81' lang='grc' dir='ltr'>βίας</span> <span class='ocrx_word' id='word_1_333' title='bbox 1394 2342 1493 2394; x_wconf 82' lang='grc' dir='ltr'>οὐκ</span> <span class='ocrx_word' id='word_1_334' title='bbox 1527 2341 1822 2412; x_wconf 78' lang='grc' dir='ltr'>ὴνόμησεν.</span> 
     </span>
    </p>
   </div>
   <div class='ocr_carea' id='block_1_45' title="bbox 892 2341 2564 2428">
    <p class='ocr_par' dir='ltr' id='par_1_45' title="bbox 892 2341 2564 2423">
     <span class='ocr_line' id='line_1_45' title="bbox 892 2341 2564 2423; baseline 0.003 -23"><span class='ocrx_word' id='word_1_335' title='bbox 892 2349 1105 2419; x_wconf 72' lang='grc' dir='ltr'>τάμενος</span> <span class='ocrx_word' id='word_1_336' title='bbox 1136 2347 1198 2397; x_wconf 77' lang='grc' dir='ltr'>ὲκ</span> <span class='ocrx_word' id='word_1_337' title='bbox 1227 2343 1350 2413; x_wconf 81' lang='grc' dir='ltr'>βίας</span> <span class='ocrx_word' id='word_1_338' title='bbox 1394 2342 1493 2394; x_wconf 82' lang='grc' dir='ltr'>οὐκ</span> <span class='ocrx_word' id='word_1_339' title='bbox 1527 2341 1822 2412; x_wconf 78' lang='grc' dir='ltr'>ὴνόμησεν.</span> <span class='ocrx_word' id='word_1_340' title='bbox 1932 2353 2032 2416; x_wconf 82' lang='grc' dir='ltr'>νὶι,</span> <span class='ocrx_word' id='word_1_341' title='bbox 2084 2368 2193 2407; x_wconf 85' lang='lat' dir='ltr'><strong>non</strong></span> <span class='ocrx_word' id='word_1_342' title='bbox 2222 2355 2331 2423; x_wconf 83' lang='lat' dir='ltr'><strong>egit</strong></span> <span class='ocrx_word' id='word_1_343' title='bbox 2365 2353 2564 2421; x_wconf 72' lang='lat' dir='ltr'><strong>inique.</strong></span> 
     </span>
    </p>
   </div>
   <div class='ocr_carea' id='block_1_46' title="bbox 245 2460 3506 2591">
    <p class='ocr_par' dir='ltr' id='par_1_46' title="bbox 245 2460 3506 2591">
     <span class='ocr_line' id='line_1_46' title="bbox 245 2460 3506 2591; baseline -0.002 -65"><span class='ocrx_word' id='word_1_344' title='bbox 245 2474 390 2528; x_wconf 84' lang='grc' dir='ltr'><strong>ΤΟΥ</strong></span> <span class='ocrx_word' id='word_1_345' title='bbox 419 2472 650 2528; x_wconf 74' lang='grc' dir='ltr'>ΑΥΤΟΥ</span> <span class='ocrx_word' id='word_1_346' title='bbox 696 2469 876 2524; x_wconf 81' lang='grc' dir='ltr'><strong>ΠΡΟΣ</strong></span> <span class='ocrx_word' id='word_1_347' title='bbox 924 2460 1257 2521; x_wconf 79' lang='grc' dir='ltr'><strong>ΔΙΟΔΩΡΟΝ</strong></span> <span class='ocrx_word' id='word_1_348' title='bbox 1302 2460 1703 2515; x_wconf 78' lang='grc' dir='ltr'><strong>ΕΠΙΣΚΟΠΟΝ</strong></span> <span class='ocrx_word' id='word_1_349' title='bbox 2060 2469 2218 2523; x_wconf 82' lang='grc' dir='ltr'><strong>ΠΕΡΙ</strong></span> <span class='ocrx_word' id='word_1_350' title='bbox 2268 2469 2406 2522; x_wconf 81' lang='grc' dir='ltr'><strong>ΊὈΥ</strong></span> <span class='ocrx_word' id='word_1_351' title='bbox 2446 2468 2575 2521; x_wconf 88' lang='grc' dir='ltr'>ΔΥΟ</span> <span class='ocrx_word' id='word_1_352' title='bbox 2619 2468 2927 2522; x_wconf 72' lang='grc' dir='ltr'>ΑΔΕΛΦΔΣ</span> <span class='ocrx_word' id='word_1_353' title='bbox 2981 2466 3358 2522; x_wconf 81' lang='grc' dir='ltr'><strong>ΑΙὊΜΕΝΟΥ</strong></span> <span class='ocrx_word' id='word_1_354' title='bbox 3401 2464 3506 2520; x_wconf 86' lang='grc' dir='ltr'><strong>ΕΙΣ</strong></span> 
     </span>
    </p>
   </div>
   <div class='ocr_carea' id='block_1_47' title="bbox 439 2623 2111 2707">
    <p class='ocr_par' dir='ltr' id='par_1_47' title="bbox 439 2623 2093 2707">
     <span class='ocr_line' id='line_1_47' title="bbox 439 2623 2093 2707; baseline 0.001 -13"><span class='ocrx_word' id='word_1_355' title='bbox 439 2633 599 2704; x_wconf 82' lang='lat'><strong>139</strong></span> <span class='ocrx_word' id='word_1_356' title='bbox 637 2631 993 2693; x_wconf 72' lang='lat' dir='ltr'><strong>EIUSDEM</strong></span> <span class='ocrx_word' id='word_1_357' title='bbox 1026 2628 1135 2692; x_wconf 78' lang='grc' dir='ltr'><strong>Αι)</strong></span> <span class='ocrx_word' id='word_1_358' title='bbox 1171 2623 1821 2707; x_wconf 31' lang='grc' dir='ltr'>οιορρξιηυξιρτιιιιδ</span> <span class='ocrx_word' id='word_1_359' title='bbox 1836 2632 2093 2695; x_wconf 80' lang='lat' dir='ltr'>ENSEM</span> 
     </span>
    </p>
   </div>
   <div class='ocr_carea' id='block_1_48' title="bbox 1646 2623 3318 2707">
    <p class='ocr_par' dir='ltr' id='par_1_48' title="bbox 1646 2625 3318 2707">
     <span class='ocr_line' id='line_1_48' title="bbox 1646 2625 3318 2707; baseline 0.005 -23"><span class='ocrx_word' id='word_1_360' title='bbox 1646 2625 2093 2707; x_wconf 12' lang='lat' dir='ltr'><strong>l‘AﬁRSENSEM</strong></span> <span class='ocrx_word' id='word_1_361' title='bbox 2142 2636 2604 2707; x_wconf 74' lang='lat' dir='ltr'><strong>EPISCOPUM,</strong></span> <span class='ocrx_word' id='word_1_362' title='bbox 2652 2636 2749 2696; x_wconf 86' lang='lat' dir='ltr'><strong>DE</strong></span> <span class='ocrx_word' id='word_1_363' title='bbox 2794 2634 2896 2695; x_wconf 84' lang='grc' dir='ltr'>ΕΟ</span> <span class='ocrx_word' id='word_1_364' title='bbox 2932 2632 3072 2705; x_wconf 84' lang='lat' dir='ltr'><strong>QUI</strong></span> <span class='ocrx_word' id='word_1_365' title='bbox 3114 2633 3318 2696; x_wconf 80' lang='lat' dir='ltr'><strong>DUAS</strong></span> 
     </span>
    </p>
   </div>
   <div class='ocr_carea' id='block_1_49' title="bbox 1128 2702 2593 2777">
    <p class='ocr_par' dir='ltr' id='par_1_49' title="bbox 1128 2702 2593 2777">
     <span class='ocr_line' id='line_1_49' title="bbox 1128 2702 2593 2777; baseline 0.007 -12"><span class='ocrx_word' id='word_1_366' title='bbox 1128 2702 1495 2765; x_wconf 79' lang='lat' dir='ltr'><strong>SOllORES</strong></span> <span class='ocrx_word' id='word_1_367' title='bbox 1541 2702 1621 2762; x_wconf 83' lang='lat' dir='ltr'><strong>IN</strong></span> <span class='ocrx_word' id='word_1_368' title='bbox 1677 2706 2266 2777; x_wconf 77' lang='lat' dir='ltr'><strong>MATIUMONIUM</strong></span> <span class='ocrx_word' id='word_1_369' title='bbox 2315 2716 2593 2776; x_wconf 79' lang='lat' dir='ltr'><strong>DUXl&#39;l&#39;.</strong></span> 
     </span>
    </p>
   </div>
   <div class='ocr_carea' id='block_1_50' title="bbox 320 2803 1992 2884">
    <p class='ocr_par' dir='ltr' id='par_1_50' title="bbox 320 2803 1824 2884">
     <span class='ocr_line' id='line_1_50' title="bbox 320 2803 1824 2884; baseline -0.01 -12"><span class='ocrx_word' id='word_1_370' title='bbox 320 2815 521 2872; x_wconf 71' lang='grc' dir='ltr'><strong>ΒᾹΛΣ.</strong></span> <span class='ocrx_word' id='word_1_371' title='bbox 562 2814 673 2884; x_wconf 80' lang='grc' dir='ltr'><strong>Τῆς</strong></span> <span class='ocrx_word' id='word_1_372' title='bbox 705 2810 994 2878; x_wconf 69' lang='grc' dir='ltr'>ἐπιστολῆς</span> <span class='ocrx_word' id='word_1_373' title='bbox 1022 2806 1229 2875; x_wconf 84' lang='grc' dir='ltr'>ταύτης</span> <span class='ocrx_word' id='word_1_374' title='bbox 1264 2803 1517 2874; x_wconf 71' lang='grc' dir='ltr'>ἐμνήσθη</span> <span class='ocrx_word' id='word_1_375' title='bbox 1571 2805 1600 2855; x_wconf 90' lang='lat'><strong>6</strong></span> <span class='ocrx_word' id='word_1_376' title='bbox 1670 2804 1824 2873; x_wconf 79' lang='grc' dir='ltr'>ἆγιος</span> 
     </span>
    </p>
   </div>
   <div class='ocr_carea' id='block_1_51' title="bbox 1837 2803 3509 2884">
    <p class='ocr_par' dir='ltr' id='par_1_51' title="bbox 2007 2812 3509 2883">
     <span class='ocr_line' id='line_1_51' title="bbox 2007 2812 3509 2883; baseline 0 -18"><span class='ocrx_word' id='word_1_377' title='bbox 2007 2812 2201 2870; x_wconf 84' lang='lat' dir='ltr'><strong>BALS.</strong></span> <span class='ocrx_word' id='word_1_378' title='bbox 2241 2813 2407 2883; x_wconf 86' lang='lat' dir='ltr'><strong>Hujus</strong></span> <span class='ocrx_word' id='word_1_379' title='bbox 2438 2814 2679 2883; x_wconf 67' lang='lat' dir='ltr'><strong>epistolae</strong></span> <span class='ocrx_word' id='word_1_380' title='bbox 2708 2815 2952 2869; x_wconf 86' lang='lat' dir='ltr'><strong>meminit</strong></span> <span class='ocrx_word' id='word_1_381' title='bbox 2983 2823 3203 2869; x_wconf 85' lang='lat' dir='ltr'><strong>sanctus</strong></span> <span class='ocrx_word' id='word_1_382' title='bbox 3230 2814 3279 2867; x_wconf 91' lang='lat' dir='ltr'><strong>in</strong></span> <span class='ocrx_word' id='word_1_383' title='bbox 3312 2814 3382 2868; x_wconf 77' lang='grc'><strong>25</strong></span> <span class='ocrx_word' id='word_1_384' title='bbox 3413 2829 3509 2869; x_wconf 86' lang='lat' dir='ltr'><strong>suo</strong></span> 
     </span>
    </p>
   </div>
   <div class='ocr_carea' id='block_1_52' title="bbox 246 2893 1918 2977">
    <p class='ocr_par' dir='ltr' id='par_1_52' title="bbox 246 2893 1827 2977">
     <span class='ocr_line' id='line_1_52' title="bbox 246 2893 1827 2977; baseline -0.007 -17"><span class='ocrx_word' id='word_1_385' title='bbox 246 2908 308 2961; x_wconf 70' lang='grc' dir='ltr'><strong>ιν</strong></span> <span class='ocrx_word' id='word_1_386' title='bbox 330 2907 413 2977; x_wconf 82' lang='grc' dir='ltr'>τῷ</span> <span class='ocrx_word' id='word_1_387' title='bbox 438 2903 524 2971; x_wconf 88' lang='grc' dir='ltr'>κγ’</span> <span class='ocrx_word' id='word_1_388' title='bbox 556 2902 744 2957; x_wconf 81' lang='grc' dir='ltr'>κανόνι</span> <span class='ocrx_word' id='word_1_389' title='bbox 781 2899 974 2954; x_wconf 76' lang='grc' dir='ltr'>αὐτοῦ.</span> <span class='ocrx_word' id='word_1_390' title='bbox 1015 2896 1324 2967; x_wconf 79' lang='grc' dir='ltr'>Ἀπεστάλη</span> <span class='ocrx_word' id='word_1_391' title='bbox 1364 2893 1420 2947; x_wconf 72' lang='grc' dir='ltr'>δὲ</span> <span class='ocrx_word' id='word_1_392' title='bbox 1464 2895 1599 2962; x_wconf 74' lang='grc' dir='ltr'>πρὸς</span> <span class='ocrx_word' id='word_1_393' title='bbox 1635 2896 1827 2949; x_wconf 69' lang='grc' dir='ltr'>Διίδω-</span> 
     </span>
    </p>
   </div>
   <div class='ocr_carea' id='block_1_53' title="bbox 1836 2893 3508 2977">
    <p class='ocr_par' dir='ltr' id='par_1_53' title="bbox 1934 2904 3508 2962">
     <span class='ocr_line' id='line_1_53' title="bbox 1934 2904 3508 2962; baseline -0.002 -2"><span class='ocrx_word' id='word_1_394' title='bbox 1934 2920 2163 2961; x_wconf 79' lang='lat' dir='ltr'><strong>canone.</strong></span> <span class='ocrx_word' id='word_1_395' title='bbox 2212 2904 2371 2961; x_wconf 78' lang='lat' dir='ltr'><strong>Missa</strong></span> <span class='ocrx_word' id='word_1_396' title='bbox 2421 2914 2505 2961; x_wconf 90' lang='lat' dir='ltr'><strong>est</strong></span> <span class='ocrx_word' id='word_1_397' title='bbox 2550 2915 2729 2960; x_wconf 88' lang='lat' dir='ltr'><strong>autem</strong></span> <span class='ocrx_word' id='word_1_398' title='bbox 2764 2908 2829 2961; x_wconf 89' lang='lat' dir='ltr'><strong>ad</strong></span> <span class='ocrx_word' id='word_1_399' title='bbox 2870 2905 3156 2962; x_wconf 87' lang='lat' dir='ltr'><strong>Diodorum</strong></span> <span class='ocrx_word' id='word_1_400' title='bbox 3187 2906 3508 2959; x_wconf 84' lang='lat' dir='ltr'><strong>Tarsensem</strong></span> 
     </span>
    </p>
   </div>
   <div class='ocr_carea' id='block_1_54' title="bbox 253 2988 1925 3071">
    <p class='ocr_par' dir='ltr' id='par_1_54' title="bbox 253 2988 1825 3071">
     <span class='ocr_line' id='line_1_54' title="bbox 253 2988 1825 3071; baseline -0.01 -18"><span class='ocrx_word' id='word_1_401' title='bbox 253 3018 349 3071; x_wconf 89' lang='grc' dir='ltr'><strong>ρον</strong></span> <span class='ocrx_word' id='word_1_402' title='bbox 392 2994 608 3068; x_wconf 78' lang='grc' dir='ltr'>Ταρσοῦ</span> <span class='ocrx_word' id='word_1_403' title='bbox 633 2995 959 3059; x_wconf 70' lang='grc' dir='ltr'>ιπίσκοπον,</span> <span class='ocrx_word' id='word_1_404' title='bbox 994 2991 1074 3055; x_wconf 80' lang='grc' dir='ltr'><strong>δς,</strong></span> <span class='ocrx_word' id='word_1_405' title='bbox 1135 2988 1438 3061; x_wconf 70' lang='grc' dir='ltr'>ἐρωτηθεὶς</span> <span class='ocrx_word' id='word_1_406' title='bbox 1495 2988 1633 3056; x_wconf 70' lang='grc' dir='ltr'>πρός</span> <span class='ocrx_word' id='word_1_407' title='bbox 1680 3004 1825 3051; x_wconf 78' lang='grc' dir='ltr'>τινος</span> 
     </span>
    </p>
   </div>
   <div class='ocr_carea' id='block_1_55' title="bbox 1839 2988 3511 3071">
    <p class='ocr_par' dir='ltr' id='par_1_55' title="bbox 1934 2995 3511 3066">
     <span class='ocr_line' id='line_1_55' title="bbox 1934 2995 3511 3066; baseline 0.001 -17"><span class='ocrx_word' id='word_1_408' title='bbox 1934 2995 2267 3064; x_wconf 84' lang='lat' dir='ltr'><strong>episcopum,</strong></span> <span class='ocrx_word' id='word_1_409' title='bbox 2303 2995 2396 3065; x_wconf 89' lang='lat' dir='ltr'><strong>qui</strong></span> <span class='ocrx_word' id='word_1_410' title='bbox 2447 3010 2476 3048; x_wconf 87' lang='lat' dir='ltr'><strong>a</strong></span> <span class='ocrx_word' id='word_1_411' title='bbox 2524 2998 2757 3065; x_wconf 89' lang='lat' dir='ltr'><strong>quodam</strong></span> <span class='ocrx_word' id='word_1_412' title='bbox 2806 2997 3190 3066; x_wconf 77' lang='lat' dir='ltr'><strong>interrogatus,</strong></span> <span class='ocrx_word' id='word_1_413' title='bbox 3222 3011 3290 3051; x_wconf 86' lang='lat' dir='ltr'><strong>an</strong></span> <span class='ocrx_word' id='word_1_414' title='bbox 3340 3011 3511 3051; x_wconf 76' lang='lat' dir='ltr'><strong>uxore</strong></span> 
     </span>
    </p>
   </div>
   <div class='ocr_carea' id='block_1_56' title="bbox 247 3076 1919 3153">
    <p class='ocr_par' dir='ltr' id='par_1_56' title="bbox 247 3076 1828 3153">
     <span class='ocr_line' id='line_1_56' title="bbox 247 3076 1828 3153; baseline -0.008 -13"><span class='ocrx_word' id='word_1_415' title='bbox 247 3093 298 3141; x_wconf 75' lang='lat' dir='ltr'><strong>si</strong></span> <span class='ocrx_word' id='word_1_416' title='bbox 331 3085 554 3140; x_wconf 83' lang='grc' dir='ltr'>δύναιτο</span> <span class='ocrx_word' id='word_1_417' title='bbox 580 3083 677 3153; x_wconf 84' lang='grc' dir='ltr'>τῆς</span> <span class='ocrx_word' id='word_1_418' title='bbox 702 3080 964 3151; x_wconf 78' lang='grc' dir='ltr'>γυναικὸς</span> <span class='ocrx_word' id='word_1_419' title='bbox 990 3077 1158 3132; x_wconf 82' lang='grc' dir='ltr'>αὑτοῦ</span> <span class='ocrx_word' id='word_1_420' title='bbox 1189 3076 1458 3145; x_wconf 80' lang='grc' dir='ltr'>θανούσης</span> <span class='ocrx_word' id='word_1_421' title='bbox 1486 3076 1585 3144; x_wconf 78' lang='grc' dir='ltr'>τὴν</span> <span class='ocrx_word' id='word_1_422' title='bbox 1614 3076 1828 3145; x_wconf 67' lang='grc' dir='ltr'>ἐκείνης</span> 
     </span>
    </p>
   </div>
   <div class='ocr_carea' id='block_1_57' title="bbox 1838 3076 3510 3153">
    <p class='ocr_par' dir='ltr' id='par_1_57' title="bbox 1936 3086 3510 3144">
     <span class='ocr_line' id='line_1_57' title="bbox 1936 3086 3510 3144; baseline 0 -3"><span class='ocrx_word' id='word_1_423' title='bbox 1936 3100 2033 3141; x_wconf 82' lang='lat' dir='ltr'><strong>sua</strong></span> <span class='ocrx_word' id='word_1_424' title='bbox 2063 3095 2271 3141; x_wconf 88' lang='lat' dir='ltr'><strong>mortua</strong></span> <span class='ocrx_word' id='word_1_425' title='bbox 2307 3102 2546 3142; x_wconf 90' lang='lat' dir='ltr'><strong>sororem</strong></span> <span class='ocrx_word' id='word_1_426' title='bbox 2582 3086 2720 3141; x_wconf 89' lang='lat' dir='ltr'><strong>illius</strong></span> <span class='ocrx_word' id='word_1_427' title='bbox 2753 3087 2805 3141; x_wconf 93' lang='lat' dir='ltr'><strong>in</strong></span> <span class='ocrx_word' id='word_1_428' title='bbox 2860 3086 3267 3144; x_wconf 85' lang='lat' dir='ltr'><strong>matrimonium</strong></span> <span class='ocrx_word' id='word_1_429' title='bbox 3314 3087 3510 3143; x_wconf 88' lang='lat' dir='ltr'><strong>ducere</strong></span> 
     </span>
    </p>
   </div>
   <div class='ocr_carea' id='block_1_58' title="bbox 252 3166 1924 3249">
    <p class='ocr_par' dir='ltr' id='par_1_58' title="bbox 252 3166 1903 3249">
     <span class='ocr_line' id='line_1_58' title="bbox 252 3166 1903 3249; baseline -0.008 -16"><span class='ocrx_word' id='word_1_430' title='bbox 252 3178 496 3249; x_wconf 76' lang='grc' dir='ltr'>ἀδελφὴν</span> <span class='ocrx_word' id='word_1_431' title='bbox 517 3174 825 3244; x_wconf 80' lang='grc' dir='ltr'>ἀγαγέσθαι</span> <span class='ocrx_word' id='word_1_432' title='bbox 854 3171 993 3243; x_wconf 82' lang='grc' dir='ltr'>πρὸς</span> <span class='ocrx_word' id='word_1_433' title='bbox 1030 3170 1229 3239; x_wconf 85' lang='grc' dir='ltr'>γάμον,</span> <span class='ocrx_word' id='word_1_434' title='bbox 1281 3166 1609 3238; x_wconf 77' lang='grc' dir='ltr'>ἀπεκρίνετο</span> <span class='ocrx_word' id='word_1_435' title='bbox 1633 3168 1807 3238; x_wconf 77' lang='grc' dir='ltr'>ἑγγρά</span> <span class='ocrx_word' id='word_1_436' title='bbox 1861 3172 1903 3232; x_wconf 84' lang='lat' dir='ltr'><strong><em>C</em></strong></span> 
     </span>
    </p>
   </div>
   <div class='ocr_carea' id='block_1_59' title="bbox 1836 3166 3508 3249">
    <p class='ocr_par' dir='ltr' id='par_1_59' title="bbox 1861 3172 3508 3249">
     <span class='ocr_line' id='line_1_59' title="bbox 1861 3172 3508 3249; baseline 0 -17"><span class='ocrx_word' id='word_1_437' title='bbox 1861 3172 1903 3232; x_wconf 88' lang='lat' dir='ltr'><strong><em>C</em></strong></span> <span class='ocrx_word' id='word_1_438' title='bbox 1938 3188 2155 3247; x_wconf 84' lang='lat' dir='ltr'><strong>posset;</strong></span> <span class='ocrx_word' id='word_1_439' title='bbox 2189 3179 2240 3232; x_wconf 90' lang='lat' dir='ltr'><strong>in</strong></span> <span class='ocrx_word' id='word_1_440' title='bbox 2283 3178 2499 3249; x_wconf 85' lang='lat' dir='ltr'><strong>scriptis</strong></span> <span class='ocrx_word' id='word_1_441' title='bbox 2550 3180 2858 3248; x_wconf 82' lang='lat' dir='ltr'><strong>respondit,</strong></span> <span class='ocrx_word' id='word_1_442' title='bbox 2908 3193 3029 3233; x_wconf 90' lang='lat' dir='ltr'><strong>eum</strong></span> <span class='ocrx_word' id='word_1_443' title='bbox 3064 3193 3169 3233; x_wconf 87' lang='lat' dir='ltr'><strong>non</strong></span> <span class='ocrx_word' id='word_1_444' title='bbox 3210 3177 3508 3248; x_wconf 83' lang='lat' dir='ltr'><strong>prohiberi.</strong></span> 
     </span>
    </p>
   </div>
   <div class='ocr_carea' id='block_1_60' title="bbox 250 3256 1831 3341">
    <p class='ocr_par' dir='ltr' id='par_1_60' title="bbox 250 3256 1831 3341">
     <span class='ocr_line' id='line_1_60' title="bbox 250 3256 1831 3341; baseline -0.009 -17"><span class='ocrx_word' id='word_1_445' title='bbox 250 3288 372 3341; x_wconf 75' lang='grc' dir='ltr'><strong>φως</strong></span> <span class='ocrx_word' id='word_1_446' title='bbox 410 3272 485 3339; x_wconf 75' lang='grc' dir='ltr'>μὴ</span> <span class='ocrx_word' id='word_1_447' title='bbox 506 3265 831 3321; x_wconf 81' lang='grc' dir='ltr'>κωλύεσθαι.</span> <span class='ocrx_word' id='word_1_448' title='bbox 850 3260 959 3316; x_wconf 82' lang='grc' dir='ltr'>Τοῦ</span> <span class='ocrx_word' id='word_1_449' title='bbox 983 3261 1040 3315; x_wconf 74' lang='grc' dir='ltr'>δὲ</span> <span class='ocrx_word' id='word_1_450' title='bbox 1078 3259 1317 3331; x_wconf 84' lang='grc' dir='ltr'>μεγάλου</span> <span class='ocrx_word' id='word_1_451' title='bbox 1373 3256 1659 3310; x_wconf 82' lang='grc' dir='ltr'>Βασιλείου</span> <span class='ocrx_word' id='word_1_452' title='bbox 1686 3260 1831 3311; x_wconf 74' lang='lat' dir='ltr'><strong>arra-</strong></span> 
     </span>
    </p>
   </div>
   <div class='ocr_carea' id='block_1_61' title="bbox 250 3347 1830 3432">
    <p class='ocr_par' dir='ltr' id='par_1_61' title="bbox 250 3347 1830 3432">
     <span class='ocr_line' id='line_1_61' title="bbox 250 3347 1830 3432; baseline -0.009 -17"><span class='ocrx_word' id='word_1_453' title='bbox 250 3360 586 3432; x_wconf 80' lang='grc' dir='ltr'>γορεύοντος</span> <span class='ocrx_word' id='word_1_454' title='bbox 637 3359 730 3410; x_wconf 79' lang='grc' dir='ltr'>τὸν</span> <span class='ocrx_word' id='word_1_455' title='bbox 758 3352 999 3408; x_wconf 80' lang='grc' dir='ltr'>τοιοῦτον</span> <span class='ocrx_word' id='word_1_456' title='bbox 1019 3352 1219 3420; x_wconf 83' lang='grc' dir='ltr'>γάμον,</span> <span class='ocrx_word' id='word_1_457' title='bbox 1245 3351 1279 3418; x_wconf 78' lang='grc' dir='ltr'>ἡ</span> <span class='ocrx_word' id='word_1_458' title='bbox 1304 3347 1395 3401; x_wconf 78' lang='grc' dir='ltr'>τοῦ</span> <span class='ocrx_word' id='word_1_459' title='bbox 1423 3348 1688 3417; x_wconf 86' lang='grc' dir='ltr'>Διοδώρου</span> <span class='ocrx_word' id='word_1_460' title='bbox 1739 3348 1830 3417; x_wconf 60' lang='grc' dir='ltr'>εγ-</span> 
     </span>
    </p>
   </div>
   <div class='ocr_carea' id='block_1_62' title="bbox 250 3439 1833 3525">
    <p class='ocr_par' dir='ltr' id='par_1_62' title="bbox 250 3439 1833 3525">
     <span class='ocr_line' id='line_1_62' title="bbox 250 3439 1833 3525; baseline -0.01 -16"><span class='ocrx_word' id='word_1_461' title='bbox 250 3469 467 3525; x_wconf 59' lang='grc' dir='ltr'>γραφος</span> <span class='ocrx_word' id='word_1_462' title='bbox 497 3449 791 3521; x_wconf 79' lang='grc' dir='ltr'>ἀπόκρισις</span> <span class='ocrx_word' id='word_1_463' title='bbox 818 3443 1148 3515; x_wconf 71' lang='grc' dir='ltr'>ἑνεφανίσθη</span> <span class='ocrx_word' id='word_1_464' title='bbox 1182 3440 1357 3509; x_wconf 81' lang='grc' dir='ltr'>αὐτῷ,</span> <span class='ocrx_word' id='word_1_465' title='bbox 1393 3439 1485 3493; x_wconf 72' lang='grc' dir='ltr'><strong>τὸν</strong></span> <span class='ocrx_word' id='word_1_466' title='bbox 1540 3440 1833 3510; x_wconf 72' lang='grc' dir='ltr'>εἰρημένον</span> 
     </span>
    </p>
   </div>
   <div class='ocr_carea' id='block_1_63' title="bbox 249 3527 1831 3612">
    <p class='ocr_par' dir='ltr' id='par_1_63' title="bbox 249 3527 1831 3612">
     <span class='ocr_line' id='line_1_63' title="bbox 249 3527 1831 3612; baseline -0.011 -14"><span class='ocrx_word' id='word_1_467' title='bbox 249 3544 635 3612; x_wconf 66' lang='grc' dir='ltr'>ἐπιτρέπουσα</span> <span class='ocrx_word' id='word_1_468' title='bbox 668 3538 871 3607; x_wconf 81' lang='grc' dir='ltr'>γάμον.</span> <span class='ocrx_word' id='word_1_469' title='bbox 914 3531 1083 3587; x_wconf 82' lang='grc' dir='ltr'>Ὅθεν</span> <span class='ocrx_word' id='word_1_470' title='bbox 1108 3528 1431 3583; x_wconf 78' lang='grc' dir='ltr'>ἀπέστειλεν</span> <span class='ocrx_word' id='word_1_471' title='bbox 1457 3527 1604 3595; x_wconf 82' lang='grc' dir='ltr'>αὐτῷ</span> <span class='ocrx_word' id='word_1_472' title='bbox 1638 3527 1831 3581; x_wconf 80' lang='grc' dir='ltr'>ταῦτα.</span> 
     </span>
    </p>
   </div>
   <div class='ocr_carea' id='block_1_64' title="bbox 263 3617 1835 3704">
    <p class='ocr_par' dir='ltr' id='par_1_64' title="bbox 263 3617 1835 3704">
     <span class='ocr_line' id='line_1_64' title="bbox 263 3617 1835 3704; baseline -0.009 -2"><span class='ocrx_word' id='word_1_473' title='bbox 263 3635 526 3704; x_wconf 65' lang='grc' dir='ltr'>Ἀνίκετο</span> <span class='ocrx_word' id='word_1_474' title='bbox 561 3632 700 3703; x_wconf 71' lang='grc' dir='ltr'>πρὸς</span> <span class='ocrx_word' id='word_1_475' title='bbox 762 3627 910 3699; x_wconf 70' lang='grc' dir='ltr'><strong>ἡμᾶς</strong></span> <span class='ocrx_word' id='word_1_476' title='bbox 986 3625 1298 3693; x_wconf 77' lang='grc' dir='ltr'>γράμματα</span> <span class='ocrx_word' id='word_1_477' title='bbox 1360 3621 1459 3689; x_wconf 78' lang='grc' dir='ltr'>τὴν</span> <span class='ocrx_word' id='word_1_478' title='bbox 1510 3617 1835 3689; x_wconf 76' lang='grc' dir='ltr'>ὑπογραφὴν</span> 
     </span>
    </p>
   </div>
   <div class='ocr_carea' id='block_1_65' title="bbox 330 3707 1833 3797">
    <p class='ocr_par' dir='ltr' id='par_1_65' title="bbox 330 3707 1833 3797">
     <span class='ocr_line' id='line_1_65' title="bbox 330 3707 1833 3797; baseline -0.016 -15"><span class='ocrx_word' id='word_1_479' title='bbox 330 3728 526 3797; x_wconf 70' lang='grc' dir='ltr'>ἔχοντα</span> <span class='ocrx_word' id='word_1_480' title='bbox 559 3721 874 3791; x_wconf 75' lang='grc' dir='ltr'><strong>Διοδώρου⁸</strong></span> <span class='ocrx_word' id='word_1_481' title='bbox 930 3717 998 3771; x_wconf 79' lang='grc' dir='ltr'><strong>τά</strong></span> <span class='ocrx_word' id='word_1_482' title='bbox 1047 3715 1107 3768; x_wconf 70' lang='grc' dir='ltr'>δὲ</span> <span class='ocrx_word' id='word_1_483' title='bbox 1175 3712 1375 3782; x_wconf 66' lang='grc' dir='ltr'>ἑφεξῆς</span> <span class='ocrx_word' id='word_1_484' title='bbox 1445 3709 1607 3763; x_wconf 75' lang='grc' dir='ltr'>ἄλλου</span> <span class='ocrx_word' id='word_1_485' title='bbox 1689 3707 1833 3770; x_wconf 84' lang='grc' dir='ltr'>τινὸς</span> 
     </span>
    </p>
   </div>
   <div class='ocr_carea' id='block_1_66' title="bbox 328 3800 1835 3892">
    <p class='ocr_par' dir='ltr' id='par_1_66' title="bbox 328 3800 1835 3892">
     <span class='ocr_line' id='line_1_66' title="bbox 328 3800 1835 3892; baseline -0.017 -18"><span class='ocrx_word' id='word_1_486' title='bbox 328 3820 609 3892; x_wconf 68' lang='grc' dir='ltr'>πρέποντα</span> <span class='ocrx_word' id='word_1_487' title='bbox 642 3811 785 3867; x_wconf 82' lang='grc' dir='ltr'>εἶναι</span> <span class='ocrx_word' id='word_1_488' title='bbox 825 3811 859 3881; x_wconf 77' lang='grc' dir='ltr'>ἢ</span> <span class='ocrx_word' id='word_1_489' title='bbox 895 3807 1183 3879; x_wconf 78' lang='grc' dir='ltr'>Διοδώρου.</span> <span class='ocrx_word' id='word_1_490' title='bbox 1218 3805 1375 3856; x_wconf 77' lang='grc' dir='ltr'>Δοκεῖ</span> <span class='ocrx_word' id='word_1_491' title='bbox 1422 3818 1514 3892; x_wconf 86' lang='grc' dir='ltr'><strong>μοι</strong></span> <span class='ocrx_word' id='word_1_492' title='bbox 1570 3800 1716 3892; x_wconf 56' lang='grc' dir='ltr'>γάρῇ</span> <span class='ocrx_word' id='word_1_493' title='bbox 1754 3814 1835 3860; x_wconf 83' lang='grc' dir='ltr'><strong>τις</strong></span> 
     </span>
    </p>
   </div>
   <div class='ocr_carea' id='block_1_67' title="bbox 327 3889 1834 3979">
    <p class='ocr_par' dir='ltr' id='par_1_67' title="bbox 327 3889 1834 3979">
     <span class='ocr_line' id='line_1_67' title="bbox 327 3889 1834 3979; baseline -0.017 -13"><span class='ocrx_word' id='word_1_494' title='bbox 327 3889 441 3966; x_wconf 78' lang='grc' dir='ltr'><strong>τών</strong></span> <span class='ocrx_word' id='word_1_495' title='bbox 469 3905 733 3979; x_wconf 81' lang='grc' dir='ltr'>τεχνικῶν</span> <span class='ocrx_word' id='word_1_496' title='bbox 798 3901 860 3956; x_wconf 82' lang='grc' dir='ltr'><strong>τδ</strong></span> <span class='ocrx_word' id='word_1_497' title='bbox 903 3899 997 3953; x_wconf 82' lang='grc' dir='ltr'>σοῦ</span> <span class='ocrx_word' id='word_1_498' title='bbox 1046 3897 1340 3967; x_wconf 87' lang='grc' dir='ltr'>πρόσωπον</span> <span class='ocrx_word' id='word_1_499' title='bbox 1391 3891 1612 3957; x_wconf 73' lang='grc' dir='ltr'>ὑποδὺς,</span> <span class='ocrx_word' id='word_1_500' title='bbox 1660 3889 1834 3951; x_wconf 75' lang='grc' dir='ltr'>οὕτως</span> 
     </span>
    </p>
   </div>
   <div class='ocr_carea' id='block_1_68' title="bbox 327 3984 1831 4064">
    <p class='ocr_par' dir='ltr' id='par_1_68' title="bbox 327 3984 1831 4064">
     <span class='ocr_line' id='line_1_68' title="bbox 327 3984 1831 4064; baseline -0.015 -7"><span class='ocrx_word' id='word_1_501' title='bbox 327 4001 524 4058; x_wconf 68' lang='grc' dir='ltr'>ἑαυτὸν</span> <span class='ocrx_word' id='word_1_502' title='bbox 555 3997 879 4064; x_wconf 78' lang='grc' dir='ltr'>ἀξιόπιστον</span> <span class='ocrx_word' id='word_1_503' title='bbox 904 3992 1166 4062; x_wconf 64' lang='grc' dir='ltr'>ἐθελῆσαι</span> <span class='ocrx_word' id='word_1_504' title='bbox 1198 3987 1425 4057; x_wconf 80' lang='grc' dir='ltr'>ποιῆσαι</span> <span class='ocrx_word' id='word_1_505' title='bbox 1456 3987 1570 4048; x_wconf 72' lang='grc' dir='ltr'>τοῖς</span> <span class='ocrx_word' id='word_1_506' title='bbox 1597 3984 1831 4055; x_wconf 84' lang='grc' dir='ltr'>άκροου-</span> 
     </span>
    </p>
   </div>
   <div class='ocr_carea' id='block_1_69' title="bbox 337 4075 1835 4166">
    <p class='ocr_par' dir='ltr' id='par_1_69' title="bbox 337 4075 1835 4166">
     <span class='ocr_line' id='line_1_69' title="bbox 337 4075 1835 4166; baseline -0.015 -16"><span class='ocrx_word' id='word_1_507' title='bbox 337 4098 527 4166; x_wconf 64' lang='grc' dir='ltr'>μένοις</span> <span class='ocrx_word' id='word_1_508' title='bbox 560 4108 574 4123; x_wconf 90' lang='grc'><strong>·</strong></span> <span class='ocrx_word' id='word_1_509' title='bbox 603 4092 660 4155; x_wconf 73' lang='grc' dir='ltr'>ὃς</span> <span class='ocrx_word' id='word_1_510' title='bbox 694 4106 756 4158; x_wconf 88' lang='grc' dir='ltr'><strong>γε</strong></span> <span class='ocrx_word' id='word_1_511' title='bbox 779 4084 1076 4160; x_wconf 75' lang='grc' dir='ltr'>Ιρωτηθεὶς</span> <span class='ocrx_word' id='word_1_512' title='bbox 1102 4081 1207 4135; x_wconf 86' lang='grc' dir='ltr'>ὑπό</span> <span class='ocrx_word' id='word_1_513' title='bbox 1255 4098 1438 4143; x_wconf 88' lang='grc' dir='ltr'>τινων,</span> <span class='ocrx_word' id='word_1_514' title='bbox 1498 4078 1550 4130; x_wconf 82' lang='grc' dir='ltr'><strong>εί</strong></span> <span class='ocrx_word' id='word_1_515' title='bbox 1609 4075 1835 4147; x_wconf 74' lang='grc' dir='ltr'>θεμιτὸν</span> 
     </span>
    </p>
   </div>
   <div class='ocr_carea' id='block_1_70' title="bbox 328 4166 1832 4255">
    <p class='ocr_par' dir='ltr' id='par_1_70' title="bbox 328 4166 1832 4255">
     <span class='ocr_line' id='line_1_70' title="bbox 328 4166 1832 4255; baseline -0.017 -13"><span class='ocrx_word' id='word_1_516' title='bbox 328 4186 499 4243; x_wconf 75' lang='grc' dir='ltr'>αὑτὸν</span> <span class='ocrx_word' id='word_1_517' title='bbox 528 4184 665 4255; x_wconf 65' lang='grc' dir='ltr'>πρὸς</span> <span class='ocrx_word' id='word_1_518' title='bbox 696 4182 876 4252; x_wconf 80' lang='grc' dir='ltr'>γάμον</span> <span class='ocrx_word' id='word_1_519' title='bbox 907 4178 1007 4247; x_wconf 81' lang='grc' dir='ltr'><strong>τῆς</strong></span> <span class='ocrx_word' id='word_1_520' title='bbox 1032 4174 1367 4243; x_wconf 82' lang='grc' dir='ltr'>τελευτήσης</span> <span class='ocrx_word' id='word_1_521' title='bbox 1393 4169 1541 4238; x_wconf 83' lang='grc' dir='ltr'><strong>αὑτῷ</strong></span> <span class='ocrx_word' id='word_1_522' title='bbox 1574 4166 1832 4237; x_wconf 62' lang='grc' dir='ltr'>γυναικὸς</span> 
     </span>
    </p>
   </div>
   <div class='ocr_carea' id='block_1_71' title="bbox 330 4258 1828 4350">
    <p class='ocr_par' dir='ltr' id='par_1_71' title="bbox 330 4258 1828 4350">
     <span class='ocr_line' id='line_1_71' title="bbox 330 4258 1828 4350; baseline -0.017 -17"><span class='ocrx_word' id='word_1_523' title='bbox 330 4281 434 4350; x_wconf 76' lang='grc' dir='ltr'>τὴν</span> <span class='ocrx_word' id='word_1_524' title='bbox 461 4276 698 4345; x_wconf 72' lang='grc' dir='ltr'>ἀδελφὴν</span> <span class='ocrx_word' id='word_1_525' title='bbox 722 4269 1053 4340; x_wconf 72' lang='grc' dir='ltr'>ἀγαγέσθαι,</span> <span class='ocrx_word' id='word_1_526' title='bbox 1084 4264 1186 4320; x_wconf 74' lang='grc' dir='ltr'>οὐκ</span> <span class='ocrx_word' id='word_1_527' title='bbox 1215 4260 1401 4333; x_wconf 70' lang='grc' dir='ltr'>ἔφριξε</span> <span class='ocrx_word' id='word_1_528' title='bbox 1430 4258 1828 4350; x_wconf 75' lang='grc' dir='ltr'>τὴνὲρώτησινο</span> 
     </span>
    </p>
   </div>
   <div class='ocr_carea' id='block_1_72' title="bbox 330 4348 1833 4437">
    <p class='ocr_par' dir='ltr' id='par_1_72' title="bbox 330 4348 1833 4437">
     <span class='ocr_line' id='line_1_72' title="bbox 330 4348 1833 4437; baseline -0.017 -12"><span class='ocrx_word' id='word_1_529' title='bbox 330 4348 471 4426; x_wconf 66' lang='grc' dir='ltr'>ἀλλὰ</span> <span class='ocrx_word' id='word_1_530' title='bbox 502 4369 595 4421; x_wconf 79' lang='grc' dir='ltr'>καὶ</span> <span class='ocrx_word' id='word_1_531' title='bbox 628 4365 819 4437; x_wconf 82' lang='grc' dir='ltr'>πράως</span> <span class='ocrx_word' id='word_1_532' title='bbox 849 4362 1046 4431; x_wconf 69' lang='grc' dir='ltr'>ἢνεγκε</span> <span class='ocrx_word' id='word_1_533' title='bbox 1081 4356 1180 4429; x_wconf 74' lang='grc' dir='ltr'><strong>τὴν</strong></span> <span class='ocrx_word' id='word_1_534' title='bbox 1205 4354 1394 4425; x_wconf 79' lang='grc' dir='ltr'>άκοὴν,</span> <span class='ocrx_word' id='word_1_535' title='bbox 1438 4353 1533 4406; x_wconf 80' lang='grc' dir='ltr'>καὶ</span> <span class='ocrx_word' id='word_1_536' title='bbox 1587 4350 1648 4404; x_wconf 80' lang='grc' dir='ltr'>τὸ</span> <span class='ocrx_word' id='word_1_537' title='bbox 1672 4348 1833 4402; x_wconf 88' lang='grc' dir='ltr'>άσελ-</span> 
     </span>
    </p>
   </div>
   <div class='ocr_carea' id='block_1_73' title="bbox 334 4443 1832 4533">
    <p class='ocr_par' dir='ltr' id='par_1_73' title="bbox 334 4443 1832 4533">
     <span class='ocr_line' id='line_1_73' title="bbox 334 4443 1832 4533; baseline -0.017 -16"><span class='ocrx_word' id='word_1_538' title='bbox 334 4465 430 4533; x_wconf 72' lang='grc' dir='ltr'>γὶς</span> <span class='ocrx_word' id='word_1_539' title='bbox 463 4459 793 4529; x_wconf 69' lang='grc' dir='ltr'>ἐπιθύμημα</span> <span class='ocrx_word' id='word_1_540' title='bbox 821 4454 964 4509; x_wconf 85' lang='grc' dir='ltr'>πάνυ</span> <span class='ocrx_word' id='word_1_541' title='bbox 994 4450 1256 4521; x_wconf 83' lang='grc' dir='ltr'>γενναίως</span> <span class='ocrx_word' id='word_1_542' title='bbox 1310 4445 1459 4515; x_wconf 85' lang='grc' dir='ltr'><strong>αὑτῷ</strong></span> <span class='ocrx_word' id='word_1_543' title='bbox 1494 4444 1589 4499; x_wconf 72' lang='grc' dir='ltr'>καὶ</span> <span class='ocrx_word' id='word_1_544' title='bbox 1633 4443 1832 4511; x_wconf 82' lang='grc' dir='ltr'>ἀγωνι-</span> 
     </span>
    </p>
   </div>
   <div class='ocr_carea' id='block_1_74' title="bbox 333 4536 1910 4619">
    <p class='ocr_par' dir='ltr' id='par_1_74' title="bbox 333 4536 1910 4619">
     <span class='ocr_line' id='line_1_74' title="bbox 333 4536 1910 4619; baseline -0.015 -10"><span class='ocrx_word' id='word_1_545' title='bbox 333 4554 543 4616; x_wconf 84' lang='grc' dir='ltr'>στικῶς</span> <span class='ocrx_word' id='word_1_546' title='bbox 587 4547 1061 4619; x_wconf 81' lang='grc' dir='ltr'>συγκατέπραξεν.</span> <span class='ocrx_word' id='word_1_547' title='bbox 1089 4544 1153 4596; x_wconf 80' lang='lat' dir='ltr'><strong>El</strong></span> <span class='ocrx_word' id='word_1_548' title='bbox 1181 4542 1283 4613; x_wconf 70' lang='grc' dir='ltr'>μὲν</span> <span class='ocrx_word' id='word_1_549' title='bbox 1317 4538 1410 4593; x_wconf 75' lang='grc' dir='ltr'>οὖν</span> <span class='ocrx_word' id='word_1_550' title='bbox 1433 4537 1623 4609; x_wconf 80' lang='grc' dir='ltr'>παρῆν</span> <span class='ocrx_word' id='word_1_551' title='bbox 1652 4552 1742 4607; x_wconf 92' lang='grc' dir='ltr'><strong>μοι</strong></span> <span class='ocrx_word' id='word_1_552' title='bbox 1771 4536 1843 4591; x_wconf 80' lang='grc' dir='ltr'><strong>τὸ⁸</strong></span> <span class='ocrx_word' id='word_1_553' title='bbox 1864 4536 1910 4591; x_wconf 86' lang='grc'><strong>1)</strong></span> 
     </span>
    </p>
   </div>
   <div class='ocr_carea' id='block_1_75' title="bbox 326 4626 1836 4718">
    <p class='ocr_par' dir='ltr' id='par_1_75' title="bbox 326 4626 1836 4718">
     <span class='ocr_line' id='line_1_75' title="bbox 326 4626 1836 4718; baseline -0.013 -19"><span class='ocrx_word' id='word_1_554' title='bbox 326 4647 590 4718; x_wconf 77' lang='grc' dir='ltr'>γράμμα,</span> <span class='ocrx_word' id='word_1_555' title='bbox 638 4640 771 4693; x_wconf 71' lang='grc' dir='ltr'>αὐτὸ</span> <span class='ocrx_word' id='word_1_556' title='bbox 824 4638 890 4693; x_wconf 79' lang='grc' dir='ltr'>ἂν</span> <span class='ocrx_word' id='word_1_557' title='bbox 918 4634 1235 4695; x_wconf 79' lang='grc' dir='ltr'>ἀπέστειλα,</span> <span class='ocrx_word' id='word_1_558' title='bbox 1274 4631 1367 4683; x_wconf 78' lang='grc' dir='ltr'>καὶ</span> <span class='ocrx_word' id='word_1_559' title='bbox 1390 4627 1622 4700; x_wconf 71' lang='grc' dir='ltr'>εξῆρκες</span> <span class='ocrx_word' id='word_1_560' title='bbox 1652 4626 1836 4697; x_wconf 87' lang='grc' dir='ltr'>σαυτῷ</span> 
     </span>
    </p>
   </div>
   <div class='ocr_carea' id='block_1_76' title="bbox 332 4719 1837 4803">
    <p class='ocr_par' dir='ltr' id='par_1_76' title="bbox 332 4719 1837 4803">
     <span class='ocr_line' id='line_1_76' title="bbox 332 4719 1837 4803; baseline -0.01 -15"><span class='ocrx_word' id='word_1_561' title='bbox 332 4752 391 4788; x_wconf 75' lang='grc' dir='ltr'><strong>τε</strong></span> <span class='ocrx_word' id='word_1_562' title='bbox 447 4733 655 4803; x_wconf 76' lang='grc' dir='ltr'>ἀμῦναι</span> <span class='ocrx_word' id='word_1_563' title='bbox 689 4732 785 4784; x_wconf 76' lang='grc' dir='ltr'>καὶ</span> <span class='ocrx_word' id='word_1_564' title='bbox 829 4730 898 4798; x_wconf 78' lang='grc' dir='ltr'><strong>τῇ</strong></span> <span class='ocrx_word' id='word_1_565' title='bbox 928 4725 1179 4797; x_wconf 75' lang='grc' dir='ltr'>ἀληθείᾳ.</span> <span class='ocrx_word' id='word_1_566' title='bbox 1200 4722 1355 4777; x_wconf 79' lang='grc' dir='ltr'>Ἐπεὶ</span> <span class='ocrx_word' id='word_1_567' title='bbox 1387 4720 1447 4775; x_wconf 67' lang='grc' dir='ltr'>δὲ</span> <span class='ocrx_word' id='word_1_568' title='bbox 1470 4725 1500 4776; x_wconf 89' lang='lat'><strong>6</strong></span> <span class='ocrx_word' id='word_1_569' title='bbox 1523 4721 1703 4786; x_wconf 74' lang='grc' dir='ltr'>δείξας</span> <span class='ocrx_word' id='word_1_570' title='bbox 1728 4719 1837 4774; x_wconf 84' lang='grc' dir='ltr'>πά·</span> 
     </span>
    </p>
   </div>
   <div class='ocr_carea' id='block_1_77' title="bbox 334 4811 1839 4896">
    <p class='ocr_par' dir='ltr' id='par_1_77' title="bbox 334 4811 1839 4896">
     <span class='ocr_line' id='line_1_77' title="bbox 334 4811 1839 4896; baseline -0.011 -15"><span class='ocrx_word' id='word_1_571' title='bbox 334 4830 420 4883; x_wconf 86' lang='grc' dir='ltr'><strong>λιν</strong></span> <span class='ocrx_word' id='word_1_572' title='bbox 443 4824 717 4896; x_wconf 74' lang='grc' dir='ltr'>ἀφείλετο,</span> <span class='ocrx_word' id='word_1_573' title='bbox 764 4822 858 4874; x_wconf 71' lang='grc' dir='ltr'>καὶ</span> <span class='ocrx_word' id='word_1_574' title='bbox 883 4819 1075 4889; x_wconf 81' lang='grc' dir='ltr'>ὥσπερ</span> <span class='ocrx_word' id='word_1_575' title='bbox 1100 4835 1152 4870; x_wconf 88' lang='grc' dir='ltr'>τι</span> <span class='ocrx_word' id='word_1_576' title='bbox 1205 4816 1468 4889; x_wconf 86' lang='grc' dir='ltr'>τρόπαιον</span> <span class='ocrx_word' id='word_1_577' title='bbox 1529 4813 1650 4868; x_wconf 84' lang='grc' dir='ltr'>καθ’</span> <span class='ocrx_word' id='word_1_578' title='bbox 1680 4811 1839 4883; x_wconf 75' lang='grc' dir='ltr'>ἡμῶν</span> 
     </span>
    </p>
   </div>
   <div class='ocr_carea' id='block_1_78' title="bbox 339 4907 1837 4992">
    <p class='ocr_par' dir='ltr' id='par_1_78' title="bbox 339 4907 1837 4992">
     <span class='ocr_line' id='line_1_78' title="bbox 339 4907 1837 4992; baseline -0.012 -17"><span class='ocrx_word' id='word_1_579' title='bbox 339 4922 663 4992; x_wconf 68' lang='grc' dir='ltr'>περιέφερε,</span> <span class='ocrx_word' id='word_1_580' title='bbox 702 4914 1097 4979; x_wconf 77' lang='grc' dir='ltr'>κεκωλυκότων</span> <span class='ocrx_word' id='word_1_581' title='bbox 1126 4911 1188 4965; x_wconf 83' lang='grc' dir='ltr'><strong>τὸ</strong></span> <span class='ocrx_word' id='word_1_582' title='bbox 1232 4913 1293 4977; x_wconf 73' lang='grc' dir='ltr'>ιξ</span> <span class='ocrx_word' id='word_1_583' title='bbox 1322 4910 1517 4979; x_wconf 77' lang='grc' dir='ltr'>ἀρχῆς,</span> <span class='ocrx_word' id='word_1_584' title='bbox 1559 4907 1837 4976; x_wconf 73' lang='grc' dir='ltr'>ἔγγραφον</span> 
     </span>
    </p>
   </div>
   <div class='ocr_carea' id='block_1_79' title="bbox 332 5000 1836 5084">
    <p class='ocr_par' dir='ltr' id='par_1_79' title="bbox 332 5000 1836 5084">
     <span class='ocr_line' id='line_1_79' title="bbox 332 5000 1836 5084; baseline -0.011 -16"><span class='ocrx_word' id='word_1_585' title='bbox 332 5019 517 5084; x_wconf 80' lang='grc' dir='ltr'>λέγειν</span> <span class='ocrx_word' id='word_1_586' title='bbox 548 5011 684 5082; x_wconf 69' lang='grc' dir='ltr'>ἔχων</span> <span class='ocrx_word' id='word_1_587' title='bbox 709 5014 810 5079; x_wconf 76' lang='grc' dir='ltr'>τὴν</span> <span class='ocrx_word' id='word_1_588' title='bbox 841 5007 1118 5073; x_wconf 68' lang='grc' dir='ltr'>ἐξουσίαν,</span> <span class='ocrx_word' id='word_1_589' title='bbox 1180 5004 1482 5058; x_wconf 78' lang='grc' dir='ltr'>ἀπέστειλα</span> <span class='ocrx_word' id='word_1_590' title='bbox 1549 5000 1645 5054; x_wconf 80' lang='grc' dir='ltr'><strong>νῦν</strong></span> <span class='ocrx_word' id='word_1_591' title='bbox 1730 5015 1836 5064; x_wconf 90' lang='grc' dir='ltr'>σοι,</span> 
     </span>
    </p>
   </div>
   <div class='ocr_carea' id='block_1_80' title="bbox 334 5091 1839 5174">
    <p class='ocr_par' dir='ltr' id='par_1_80' title="bbox 334 5091 1839 5174">
     <span class='ocr_line' id='line_1_80' title="bbox 334 5091 1839 5174; baseline -0.014 -10"><span class='ocrx_word' id='word_1_592' title='bbox 334 5108 481 5164; x_wconf 81' lang='grc' dir='ltr'>ὥστε</span> <span class='ocrx_word' id='word_1_593' title='bbox 503 5105 666 5174; x_wconf 80' lang='grc' dir='ltr'>διπλῇ</span> <span class='ocrx_word' id='word_1_594' title='bbox 689 5104 756 5172; x_wconf 76' lang='grc' dir='ltr'>τῇ</span> <span class='ocrx_word' id='word_1_595' title='bbox 788 5101 934 5171; x_wconf 83' lang='grc' dir='ltr'>χειρὶ</span> <span class='ocrx_word' id='word_1_596' title='bbox 965 5101 1109 5170; x_wconf 77' lang='grc' dir='ltr'>ημᾶς</span> <span class='ocrx_word' id='word_1_597' title='bbox 1164 5095 1338 5150; x_wconf 59' lang='lat' dir='ltr'><strong>item</strong></span> <span class='ocrx_word' id='word_1_598' title='bbox 1397 5096 1491 5147; x_wconf 71' lang='grc' dir='ltr'>επὶ</span> <span class='ocrx_word' id='word_1_599' title='bbox 1548 5093 1642 5145; x_wconf 83' lang='grc' dir='ltr'>τὸν</span> <span class='ocrx_word' id='word_1_600' title='bbox 1686 5091 1839 5144; x_wconf 84' lang='grc' dir='ltr'>νόθον</span> 
     </span>
    </p>
   </div>
   <div class='ocr_carea' id='block_1_81' title="bbox 336 5181 1835 5261">
    <p class='ocr_par' dir='ltr' id='par_1_81' title="bbox 336 5181 1835 5261">
     <span class='ocr_line' id='line_1_81' title="bbox 336 5181 1835 5261; baseline -0.015 -8"><span class='ocrx_word' id='word_1_601' title='bbox 336 5198 549 5253; x_wconf 75' lang='grc' dir='ltr'>ικεῑνον</span> <span class='ocrx_word' id='word_1_602' title='bbox 565 5194 747 5261; x_wconf 78' lang='grc' dir='ltr'>λδγον,</span> <span class='ocrx_word' id='word_1_603' title='bbox 761 5192 855 5244; x_wconf 73' lang='grc' dir='ltr'>καὶ</span> <span class='ocrx_word' id='word_1_604' title='bbox 871 5189 1143 5261; x_wconf 87' lang='grc' dir='ltr'>μηδεμίαν</span> <span class='ocrx_word' id='word_1_605' title='bbox 1160 5187 1308 5256; x_wconf 79' lang='grc' dir='ltr'><strong>αὐτῲ</strong></span> <span class='ocrx_word' id='word_1_606' title='bbox 1329 5187 1482 5255; x_wconf 74' lang='grc' dir='ltr'>ίσχὶιν</span> <span class='ocrx_word' id='word_1_607' title='bbox 1498 5181 1835 5238; x_wconf 84' lang='grc' dir='ltr'>καταλιπεῖν·</span> 
     </span>
    </p>
   </div>
   <div class='ocr_carea' id='block_1_82' title="bbox 336 5277 1836 5359">
    <p class='ocr_par' dir='ltr' id='par_1_82' title="bbox 336 5277 1836 5359">
     <span class='ocr_line' id='line_1_82' title="bbox 336 5277 1836 5359; baseline -0.012 -15"><span class='ocrx_word' id='word_1_608' title='bbox 336 5292 427 5344; x_wconf 83' lang='grc' dir='ltr'>ῐνα</span> <span class='ocrx_word' id='word_1_609' title='bbox 454 5289 534 5359; x_wconf 79' lang='grc' dir='ltr'>μὴ</span> <span class='ocrx_word' id='word_1_610' title='bbox 558 5286 659 5357; x_wconf 68' lang='lat' dir='ltr'><strong>Im</strong></span> <span class='ocrx_word' id='word_1_611' title='bbox 690 5284 946 5355; x_wconf 80' lang='grc' dir='ltr'>βλάπτειν</span> <span class='ocrx_word' id='word_1_612' title='bbox 980 5282 1176 5353; x_wconf 66' lang='grc' dir='ltr'>ῥᾳδίως</span> <span class='ocrx_word' id='word_1_613' title='bbox 1218 5280 1344 5341; x_wconf 86' lang='grc' dir='ltr'>τοὺς</span> <span class='ocrx_word' id='word_1_614' title='bbox 1384 5277 1836 5345; x_wconf 76' lang='grc' dir='ltr'>ἐντυγχάνοντας.</span> 
     </span>
    </p>
   </div>
   <div class='ocr_carea' id='block_1_83' title="bbox 335 5366 1839 5447">
    <p class='ocr_par' dir='ltr' id='par_1_83' title="bbox 335 5366 1839 5447">
     <span class='ocr_line' id='line_1_83' title="bbox 335 5366 1839 5447; baseline -0.013 -9"><span class='ocrx_word' id='word_1_615' title='bbox 335 5382 539 5437; x_wconf 79' lang='grc' dir='ltr'>ΒΔΔΣ.</span> <span class='ocrx_word' id='word_1_616' title='bbox 575 5376 899 5447; x_wconf 75' lang='grc' dir='ltr'>’Δνατρὲψαι</span> <span class='ocrx_word' id='word_1_617' title='bbox 938 5373 1006 5425; x_wconf 82' lang='grc' dir='ltr'>τὰ</span> <span class='ocrx_word' id='word_1_618' title='bbox 1041 5373 1194 5442; x_wconf 77' lang='grc' dir='ltr'>παρὰ</span> <span class='ocrx_word' id='word_1_619' title='bbox 1223 5370 1316 5424; x_wconf 81' lang='grc' dir='ltr'>τοῦ</span> <span class='ocrx_word' id='word_1_620' title='bbox 1336 5369 1601 5438; x_wconf 83' lang='grc' dir='ltr'>Διοδώρου</span> <span class='ocrx_word' id='word_1_621' title='bbox 1629 5366 1839 5436; x_wconf 81' lang='grc' dir='ltr'>μέλλων</span> 
     </span>
    </p>
   </div>
   <div class='ocr_carea' id='block_1_84' title="bbox 262 5461 1839 5541">
    <p class='ocr_par' dir='ltr' id='par_1_84' title="bbox 262 5461 1839 5541">
     <span class='ocr_line' id='line_1_84' title="bbox 262 5461 1839 5541; baseline -0.01 -15"><span class='ocrx_word' id='word_1_622' title='bbox 262 5481 292 5530; x_wconf 76' lang='grc' dir='ltr'><strong>ὁ</strong></span> <span class='ocrx_word' id='word_1_623' title='bbox 320 5475 500 5540; x_wconf 69' lang='grc' dir='ltr'>δγιος,</span> <span class='ocrx_word' id='word_1_624' title='bbox 530 5469 791 5541; x_wconf 77' lang='grc' dir='ltr'>τεχνικῶς</span> <span class='ocrx_word' id='word_1_625' title='bbox 823 5467 1036 5537; x_wconf 69' lang='grc' dir='ltr'>μέτεισι</span> <span class='ocrx_word' id='word_1_626' title='bbox 1070 5466 1169 5532; x_wconf 71' lang='grc' dir='ltr'><strong>τὴν</strong></span> <span class='ocrx_word' id='word_1_627' title='bbox 1194 5461 1532 5533; x_wconf 74' lang='grc' dir='ltr'>ἀνατροπὴν,</span> <span class='ocrx_word' id='word_1_628' title='bbox 1582 5462 1674 5513; x_wconf 76' lang='grc' dir='ltr'>καὶ</span> <span class='ocrx_word' id='word_1_629' title='bbox 1704 5475 1839 5528; x_wconf 90' lang='grc' dir='ltr'>προ-</span> 
     </span>
    </p>
   </div>
   <div class='ocr_carea' id='block_1_85' title="bbox 265 5550 1839 5633">
    <p class='ocr_par' dir='ltr' id='par_1_85' title="bbox 265 5550 1839 5633">
     <span class='ocr_line' id='line_1_85' title="bbox 265 5550 1839 5633; baseline -0.01 -14"><span class='ocrx_word' id='word_1_630' title='bbox 265 5564 506 5633; x_wconf 81' lang='grc' dir='ltr'>καθιστᾷ</span> <span class='ocrx_word' id='word_1_631' title='bbox 537 5564 627 5615; x_wconf 82' lang='grc' dir='ltr'><strong>τὸν</strong></span> <span class='ocrx_word' id='word_1_632' title='bbox 648 5562 846 5612; x_wconf 77' lang='grc' dir='ltr'>οἰκεῖον</span> <span class='ocrx_word' id='word_1_633' title='bbox 874 5558 1055 5624; x_wconf 76' lang='grc' dir='ltr'>λόγον,</span> <span class='ocrx_word' id='word_1_634' title='bbox 1092 5556 1177 5608; x_wconf 80' lang='grc' dir='ltr'><strong>ίνα</strong></span> <span class='ocrx_word' id='word_1_635' title='bbox 1234 5555 1305 5625; x_wconf 80' lang='grc' dir='ltr'>μὴ</span> <span class='ocrx_word' id='word_1_636' title='bbox 1364 5555 1494 5620; x_wconf 80' lang='grc' dir='ltr'>δοκῇ</span> <span class='ocrx_word' id='word_1_637' title='bbox 1555 5550 1839 5620; x_wconf 69' lang='grc' dir='ltr'>ἐντρέπειν</span> 
     </span>
    </p>
   </div>
   <div class='ocr_carea' id='block_1_86' title="bbox 265 5643 1837 5721">
    <p class='ocr_par' dir='ltr' id='par_1_86' title="bbox 265 5643 1837 5721">
     <span class='ocr_line' id='line_1_86' title="bbox 265 5643 1837 5721; baseline -0.012 -9"><span class='ocrx_word' id='word_1_638' title='bbox 265 5661 453 5721; x_wconf 71' lang='grc' dir='ltr'>αὑτὸν,</span> <span class='ocrx_word' id='word_1_639' title='bbox 471 5656 566 5708; x_wconf 70' lang='grc' dir='ltr'>καὶ</span> <span class='ocrx_word' id='word_1_640' title='bbox 583 5653 754 5713; x_wconf 74' lang='grc' dir='ltr'>οὕτως</span> <span class='ocrx_word' id='word_1_641' title='bbox 768 5650 1128 5703; x_wconf 78' lang='grc' dir='ltr'>ὲνστατικώτε</span> <span class='ocrx_word' id='word_1_642' title='bbox 1140 5665 1229 5717; x_wconf 78' lang='grc' dir='ltr'><strong>ρον</strong></span> <span class='ocrx_word' id='word_1_643' title='bbox 1252 5647 1413 5699; x_wconf 77' lang='grc' dir='ltr'>αὐτὸν</span> <span class='ocrx_word' id='word_1_644' title='bbox 1431 5643 1837 5713; x_wconf 81' lang='grc' dir='ltr'>ἀπεργάσηται,</span> 
     </span>
    </p>
   </div>
   <div class='ocr_carea' id='block_1_87' title="bbox 266 5737 1838 5817">
    <p class='ocr_par' dir='ltr' id='par_1_87' title="bbox 266 5737 1838 5817">
     <span class='ocr_line' id='line_1_87' title="bbox 266 5737 1838 5817; baseline -0.012 -14"><span class='ocrx_word' id='word_1_645' title='bbox 266 5752 361 5804; x_wconf 86' lang='grc' dir='ltr'><strong>καί</strong></span> <span class='ocrx_word' id='word_1_646' title='bbox 385 5765 553 5817; x_wconf 77' lang='grc' dir='ltr'>φησιν</span> <span class='ocrx_word' id='word_1_647' title='bbox 574 5748 654 5797; x_wconf 70' lang='grc' dir='ltr'>ἔτι</span> <span class='ocrx_word' id='word_1_648' title='bbox 671 5745 740 5796; x_wconf 70' lang='grc' dir='ltr'>Τὸ</span> <span class='ocrx_word' id='word_1_649' title='bbox 760 5744 999 5813; x_wconf 86' lang='grc' dir='ltr'>γράμμα</span> <span class='ocrx_word' id='word_1_650' title='bbox 1016 5744 1092 5803; x_wconf 84' lang='grc' dir='ltr'>εἰς</span> <span class='ocrx_word' id='word_1_651' title='bbox 1112 5740 1281 5807; x_wconf 78' lang='grc' dir='ltr'>ὖνομα</span> <span class='ocrx_word' id='word_1_652' title='bbox 1307 5739 1407 5806; x_wconf 81' lang='grc' dir='ltr'>μὲν</span> <span class='ocrx_word' id='word_1_653' title='bbox 1426 5741 1515 5789; x_wconf 74' lang='grc' dir='ltr'>σὸν</span> <span class='ocrx_word' id='word_1_654' title='bbox 1535 5737 1838 5803; x_wconf 67' lang='grc' dir='ltr'>ἐπεγέγρα-</span> 
     </span>
    </p>
   </div>
   <div class='ocr_carea' id='block_1_88' title="bbox 269 5827 1839 5904">
    <p class='ocr_par' dir='ltr' id='par_1_88' title="bbox 269 5827 1839 5904">
     <span class='ocr_line' id='line_1_88' title="bbox 269 5827 1839 5904; baseline -0.013 -7"><span class='ocrx_word' id='word_1_655' title='bbox 269 5860 392 5896; x_wconf 76' lang='grc' dir='ltr'>πτο·</span> <span class='ocrx_word' id='word_1_656' title='bbox 424 5841 571 5894; x_wconf 70' lang='grc' dir='ltr'>δοκεῖ</span> <span class='ocrx_word' id='word_1_657' title='bbox 601 5836 657 5889; x_wconf 72' lang='grc' dir='ltr'>δέ</span> <span class='ocrx_word' id='word_1_658' title='bbox 693 5852 782 5904; x_wconf 90' lang='grc' dir='ltr'><strong>μοι</strong></span> <span class='ocrx_word' id='word_1_659' title='bbox 806 5838 888 5887; x_wconf 80' lang='grc' dir='ltr'>ὅτι</span> <span class='ocrx_word' id='word_1_660' title='bbox 920 5833 1075 5893; x_wconf 70' lang='grc' dir='ltr'>ἄλλος</span> <span class='ocrx_word' id='word_1_661' title='bbox 1103 5832 1209 5882; x_wconf 81' lang='grc' dir='ltr'>τῶν</span> <span class='ocrx_word' id='word_1_662' title='bbox 1239 5833 1305 5880; x_wconf 65' lang='grc' dir='ltr'>τὰ</span> <span class='ocrx_word' id='word_1_663' title='bbox 1332 5827 1554 5880; x_wconf 74' lang='grc' dir='ltr'>τοιαῦτα</span> <span class='ocrx_word' id='word_1_664' title='bbox 1588 5828 1839 5896; x_wconf 66' lang='grc' dir='ltr'>τεχνάζε-</span> 
     </span>
    </p>
   </div>
   <div class='ocr_carea' id='block_1_89' title="bbox 566 5923 1413 5987">
    <p class='ocr_par' dir='ltr' id='par_1_89' title="bbox 566 5923 1413 5987">
     <span class='ocr_line' id='line_1_89' title="bbox 566 5923 1413 5987; baseline -0.012 0"><span class='ocrx_word' id='word_1_665' title='bbox 566 5932 829 5987; x_wconf 63' lang='grc' dir='ltr'>Ι³Διιιυιη</span> <span class='ocrx_word' id='word_1_666' title='bbox 860 5931 971 5982; x_wconf 71' lang='grc' dir='ltr'>ῡιι.</span> <span class='ocrx_word' id='word_1_667' title='bbox 1022 5926 1122 5983; x_wconf 58' lang='grc' dir='ltr'><strong>(ξ’-ζ</strong></span> <span class='ocrx_word' id='word_1_668' title='bbox 1140 5927 1185 5981; x_wconf 67' lang='grc' dir='ltr'><strong>Χ</strong></span> <span class='ocrx_word' id='word_1_669' title='bbox 1203 5923 1413 5981; x_wconf 62' lang='grc' dir='ltr'>ΧΥΞΗ.</span> 
     </span>
    </p>
   </div>
   <div class='ocr_carea' id='block_1_90' title="bbox 1935 3267 3512 3339">
    <p class='ocr_par' dir='ltr' id='par_1_90' title="bbox 1935 3267 3512 3339">
     <span class='ocr_line' id='line_1_90' title="bbox 1935 3267 3512 3339; baseline 0 -17"><span class='ocrx_word' id='word_1_670' title='bbox 1935 3267 2068 3322; x_wconf 89' lang='lat' dir='ltr'><strong>Cum</strong></span> <span class='ocrx_word' id='word_1_671' title='bbox 2093 3276 2271 3323; x_wconf 87' lang='lat' dir='ltr'><strong>autem</strong></span> <span class='ocrx_word' id='word_1_672' title='bbox 2304 3283 2530 3338; x_wconf 88' lang='lat' dir='ltr'><strong>magnus</strong></span> <span class='ocrx_word' id='word_1_673' title='bbox 2549 3268 2777 3323; x_wconf 81' lang='lat' dir='ltr'><strong>Basilius</strong></span> <span class='ocrx_word' id='word_1_674' title='bbox 2807 3268 3073 3339; x_wconf 84' lang='lat' dir='ltr'><strong>ejusmodi</strong></span> <span class='ocrx_word' id='word_1_675' title='bbox 3107 3268 3512 3322; x_wconf 87' lang='lat' dir='ltr'><strong>matrimonium</strong></span> 
     </span>
    </p>
   </div>
   <div class='ocr_carea' id='block_1_91' title="bbox 1935 3359 3513 3429">
    <p class='ocr_par' dir='ltr' id='par_1_91' title="bbox 1935 3359 3513 3429">
     <span class='ocr_line' id='line_1_91' title="bbox 1935 3359 3513 3429; baseline -0.001 -16"><span class='ocrx_word' id='word_1_676' title='bbox 1935 3359 2268 3428; x_wconf 83' lang='lat' dir='ltr'><strong>prohiberet,</strong></span> <span class='ocrx_word' id='word_1_677' title='bbox 2305 3362 2522 3427; x_wconf 83' lang='lat' dir='ltr'><strong>scriptis</strong></span> <span class='ocrx_word' id='word_1_678' title='bbox 2563 3362 2812 3415; x_wconf 85' lang='lat' dir='ltr'><strong>mandata</strong></span> <span class='ocrx_word' id='word_1_679' title='bbox 2846 3360 3062 3415; x_wconf 87' lang='lat' dir='ltr'><strong>Diodori</strong></span> <span class='ocrx_word' id='word_1_680' title='bbox 3116 3362 3403 3429; x_wconf 89' lang='lat' dir='ltr'><strong>responsio</strong></span> <span class='ocrx_word' id='word_1_681' title='bbox 3434 3360 3513 3413; x_wconf 90' lang='lat' dir='ltr'><strong>illi</strong></span> 
     </span>
    </p>
   </div>
   <div class='ocr_carea' id='block_1_92' title="bbox 1936 3452 3512 3522">
    <p class='ocr_par' dir='ltr' id='par_1_92' title="bbox 1936 3452 3512 3522">
     <span class='ocr_line' id='line_1_92' title="bbox 1936 3452 3512 3522; baseline -0.001 -16"><span class='ocrx_word' id='word_1_682' title='bbox 1936 3459 2150 3506; x_wconf 88' lang='lat' dir='ltr'><strong>ostensa</strong></span> <span class='ocrx_word' id='word_1_683' title='bbox 2189 3458 2293 3517; x_wconf 87' lang='lat' dir='ltr'><strong>est,</strong></span> <span class='ocrx_word' id='word_1_684' title='bbox 2324 3466 2441 3522; x_wconf 68' lang='lat' dir='ltr'><strong>quae</strong></span> <span class='ocrx_word' id='word_1_685' title='bbox 2483 3452 2795 3521; x_wconf 65' lang='lat' dir='ltr'><strong>praedictum</strong></span> <span class='ocrx_word' id='word_1_686' title='bbox 2844 3452 3249 3508; x_wconf 86' lang='lat' dir='ltr'><strong>matrimonium</strong></span> <span class='ocrx_word' id='word_1_687' title='bbox 3285 3452 3512 3522; x_wconf 88' lang='lat' dir='ltr'><strong>permit-</strong></span> 
     </span>
    </p>
   </div>
   <div class='ocr_carea' id='block_1_93' title="bbox 1937 3540 2741 3597">
    <p class='ocr_par' dir='ltr' id='par_1_93' title="bbox 1937 3540 2741 3597">
     <span class='ocr_line' id='line_1_93' title="bbox 1937 3540 2741 3597; baseline -0.002 -2"><span class='ocrx_word' id='word_1_688' title='bbox 1937 3542 2108 3596; x_wconf 84' lang='lat' dir='ltr'><strong>tebat.</strong></span> <span class='ocrx_word' id='word_1_689' title='bbox 2148 3540 2297 3597; x_wconf 86' lang='lat' dir='ltr'><strong>Unde</strong></span> <span class='ocrx_word' id='word_1_690' title='bbox 2327 3542 2399 3595; x_wconf 79' lang='lat' dir='ltr'><strong>illi</strong></span> <span class='ocrx_word' id='word_1_691' title='bbox 2434 3543 2545 3596; x_wconf 72' lang='lat' dir='ltr'><strong>haec</strong></span> <span class='ocrx_word' id='word_1_692' title='bbox 2574 3543 2741 3597; x_wconf 87' lang='lat' dir='ltr'><strong>misit.</strong></span> 
     </span>
    </p>
   </div>
   <div class='ocr_carea' id='block_1_94' title="bbox 1938 3634 3506 3705">
    <p class='ocr_par' dir='ltr' id='par_1_94' title="bbox 1938 3634 3506 3705">
     <span class='ocr_line' id='line_1_94' title="bbox 1938 3634 3506 3705; baseline -0.002 -16"><span class='ocrx_word' id='word_1_693' title='bbox 1938 3634 2213 3689; x_wconf 83' lang='lat' dir='ltr'><strong>Venerunt</strong></span> <span class='ocrx_word' id='word_1_694' title='bbox 2248 3636 2311 3687; x_wconf 85' lang='lat' dir='ltr'><strong>ad</strong></span> <span class='ocrx_word' id='word_1_695' title='bbox 2341 3648 2438 3688; x_wconf 83' lang='lat' dir='ltr'><strong>nos</strong></span> <span class='ocrx_word' id='word_1_696' title='bbox 2470 3634 2671 3689; x_wconf 76' lang='lat' dir='ltr'><strong>littera:</strong></span> <span class='ocrx_word' id='word_1_697' title='bbox 2727 3634 2941 3689; x_wconf 86' lang='lat' dir='ltr'><strong>Diodori</strong></span> <span class='ocrx_word' id='word_1_698' title='bbox 2979 3634 3380 3705; x_wconf 87' lang='lat' dir='ltr'><strong>inscriptionem</strong></span> <span class='ocrx_word' id='word_1_699' title='bbox 3408 3634 3506 3687; x_wconf 89' lang='lat' dir='ltr'><strong>ba-</strong></span> 
     </span>
    </p>
   </div>
   <div class='ocr_carea' id='block_1_95' title="bbox 2006 3722 3513 3794">
    <p class='ocr_par' dir='ltr' id='par_1_95' title="bbox 2006 3722 3513 3794">
     <span class='ocr_line' id='line_1_95' title="bbox 2006 3722 3513 3794; baseline 0.001 -16"><span class='ocrx_word' id='word_1_700' title='bbox 2006 3724 2199 3778; x_wconf 85' lang='lat' dir='ltr'><strong>bentes</strong></span> <span class='ocrx_word' id='word_1_701' title='bbox 2233 3738 2248 3776; x_wconf 90' lang='lat'><strong>:</strong></span> <span class='ocrx_word' id='word_1_702' title='bbox 2284 3739 2404 3793; x_wconf 72' lang='lat' dir='ltr'><strong>qua:</strong></span> <span class='ocrx_word' id='word_1_703' title='bbox 2437 3734 2617 3779; x_wconf 87' lang='lat' dir='ltr'><strong>autem</strong></span> <span class='ocrx_word' id='word_1_704' title='bbox 2651 3724 2907 3794; x_wconf 85' lang='lat' dir='ltr'><strong>deinceps</strong></span> <span class='ocrx_word' id='word_1_705' title='bbox 2935 3734 3255 3793; x_wconf 84' lang='lat' dir='ltr'><strong>sequuntur,</strong></span> <span class='ocrx_word' id='word_1_706' title='bbox 3287 3737 3347 3777; x_wconf 87' lang='lat' dir='ltr'><strong>ea</strong></span> <span class='ocrx_word' id='word_1_707' title='bbox 3378 3722 3513 3780; x_wconf 77' lang='lat' dir='ltr'><strong>aliul</strong></span> 
     </span>
    </p>
   </div>
   <div class='ocr_carea' id='block_1_96' title="bbox 2008 3815 3511 3886">
    <p class='ocr_par' dir='ltr' id='par_1_96' title="bbox 2008 3815 3511 3886">
     <span class='ocr_line' id='line_1_96' title="bbox 2008 3815 3511 3886; baseline 0 -17"><span class='ocrx_word' id='word_1_708' title='bbox 2008 3817 2186 3886; x_wconf 88' lang='lat' dir='ltr'><strong>potius</strong></span> <span class='ocrx_word' id='word_1_709' title='bbox 2217 3831 2378 3886; x_wconf 85' lang='lat' dir='ltr'><strong>quam</strong></span> <span class='ocrx_word' id='word_1_710' title='bbox 2406 3815 2623 3873; x_wconf 81' lang='lat' dir='ltr'><strong>Diodori</strong></span> <span class='ocrx_word' id='word_1_711' title='bbox 2652 3832 2775 3873; x_wconf 88' lang='lat' dir='ltr'><strong>esse</strong></span> <span class='ocrx_word' id='word_1_712' title='bbox 2800 3818 3070 3872; x_wconf 90' lang='lat' dir='ltr'><strong>convenit.</strong></span> <span class='ocrx_word' id='word_1_713' title='bbox 3109 3816 3334 3873; x_wconf 69' lang='lat' dir='ltr'><strong>Videtur</strong></span> <span class='ocrx_word' id='word_1_714' title='bbox 3363 3817 3511 3872; x_wconf 75' lang='lat' dir='ltr'><strong>enim</strong></span> 
     </span>
    </p>
   </div>
   <div class='ocr_carea' id='block_1_97' title="bbox 2009 3905 3514 3979">
    <p class='ocr_par' dir='ltr' id='par_1_97' title="bbox 2009 3905 3514 3979">
     <span class='ocr_line' id='line_1_97' title="bbox 2009 3905 3514 3979; baseline 0.001 -19"><span class='ocrx_word' id='word_1_715' title='bbox 2009 3906 2160 3961; x_wconf 90' lang='lat' dir='ltr'><strong>vafer</strong></span> <span class='ocrx_word' id='word_1_716' title='bbox 2190 3905 2457 3978; x_wconf 81' lang='lat' dir='ltr'><strong>quispiam</strong></span> <span class='ocrx_word' id='word_1_717' title='bbox 2493 3916 2634 3962; x_wconf 87' lang='lat' dir='ltr'><strong>tuam</strong></span> <span class='ocrx_word' id='word_1_718' title='bbox 2666 3922 2956 3979; x_wconf 87' lang='lat' dir='ltr'><strong>personam</strong></span> <span class='ocrx_word' id='word_1_719' title='bbox 2984 3907 3239 3973; x_wconf 83' lang='lat' dir='ltr'><strong>subiisse,</strong></span> <span class='ocrx_word' id='word_1_720' title='bbox 3260 3916 3321 3963; x_wconf 90' lang='lat' dir='ltr'><strong>ut</strong></span> <span class='ocrx_word' id='word_1_721' title='bbox 3351 3922 3407 3962; x_wconf 89' lang='lat' dir='ltr'><strong>se</strong></span> <span class='ocrx_word' id='word_1_722' title='bbox 3433 3908 3514 3963; x_wconf 89' lang='lat' dir='ltr'><strong>sic</strong></span> 
     </span>
    </p>
   </div>
   <div class='ocr_carea' id='block_1_98' title="bbox 2011 3998 3514 4071">
    <p class='ocr_par' dir='ltr' id='par_1_98' title="bbox 2011 3998 3514 4071">
     <span class='ocr_line' id='line_1_98' title="bbox 2011 3998 3514 4071; baseline 0.001 -18"><span class='ocrx_word' id='word_1_723' title='bbox 2011 3998 2346 4056; x_wconf 81' lang='lat' dir='ltr'><strong>auditoribus</strong></span> <span class='ocrx_word' id='word_1_724' title='bbox 2387 3999 2491 4055; x_wconf 81' lang='lat' dir='ltr'><strong>fide</strong></span> <span class='ocrx_word' id='word_1_725' title='bbox 2524 4001 2744 4071; x_wconf 87' lang='lat' dir='ltr'><strong>dignum</strong></span> <span class='ocrx_word' id='word_1_726' title='bbox 2774 3999 3041 4065; x_wconf 72' lang='lat' dir='ltr'><strong>efﬁceret;</strong></span> <span class='ocrx_word' id='word_1_727' title='bbox 3088 4000 3179 4070; x_wconf 92' lang='lat' dir='ltr'><strong>qui</strong></span> <span class='ocrx_word' id='word_1_728' title='bbox 3225 4000 3292 4055; x_wconf 86' lang='lat' dir='ltr'><strong>ab</strong></span> <span class='ocrx_word' id='word_1_729' title='bbox 3318 4000 3514 4071; x_wconf 52' lang='lat' dir='ltr'><strong>aliquid</strong></span> 
     </span>
    </p>
   </div>
   <div class='ocr_carea' id='block_1_99' title="bbox 2010 4090 3515 4162">
    <p class='ocr_par' dir='ltr' id='par_1_99' title="bbox 2010 4090 3515 4162">
     <span class='ocr_line' id='line_1_99' title="bbox 2010 4090 3515 4162; baseline 0.002 -18"><span class='ocrx_word' id='word_1_730' title='bbox 2010 4092 2111 4145; x_wconf 84' lang='lat' dir='ltr'><strong>bus</strong></span> <span class='ocrx_word' id='word_1_731' title='bbox 2148 4090 2533 4161; x_wconf 78' lang='lat' dir='ltr'><strong>interrogatus,</strong></span> <span class='ocrx_word' id='word_1_732' title='bbox 2557 4107 2622 4144; x_wconf 92' lang='lat' dir='ltr'><strong>an</strong></span> <span class='ocrx_word' id='word_1_733' title='bbox 2653 4092 2731 4146; x_wconf 90' lang='lat' dir='ltr'><strong>fas</strong></span> <span class='ocrx_word' id='word_1_734' title='bbox 2754 4095 2823 4147; x_wconf 91' lang='lat' dir='ltr'><strong>sit</strong></span> <span class='ocrx_word' id='word_1_735' title='bbox 2853 4092 3151 4147; x_wconf 69' lang='lat' dir='ltr'><strong>demortuae</strong></span> <span class='ocrx_word' id='word_1_736' title='bbox 3179 4092 3299 4162; x_wconf 86' lang='lat' dir='ltr'><strong>ejus</strong></span> <span class='ocrx_word' id='word_1_737' title='bbox 3330 4093 3515 4147; x_wconf 77' lang='lat' dir='ltr'><strong>uxoris</strong></span> 
     </span>
    </p>
   </div>
   <div class='ocr_carea' id='block_1_100' title="bbox 2008 4184 3511 4254">
    <p class='ocr_par' dir='ltr' id='par_1_100' title="bbox 2008 4184 3511 4254">
     <span class='ocr_line' id='line_1_100' title="bbox 2008 4184 3511 4254; baseline 0.001 -17"><span class='ocrx_word' id='word_1_738' title='bbox 2008 4196 2249 4237; x_wconf 84' lang='lat' dir='ltr'><strong>sororem</strong></span> <span class='ocrx_word' id='word_1_739' title='bbox 2282 4185 2336 4237; x_wconf 92' lang='lat' dir='ltr'><strong>in</strong></span> <span class='ocrx_word' id='word_1_740' title='bbox 2366 4184 2771 4238; x_wconf 81' lang='lat' dir='ltr'><strong>matrimonium</strong></span> <span class='ocrx_word' id='word_1_741' title='bbox 2796 4185 3012 4252; x_wconf 89' lang='lat' dir='ltr'><strong>ducere,</strong></span> <span class='ocrx_word' id='word_1_742' title='bbox 3033 4185 3511 4254; x_wconf 73' lang='lat' dir='ltr'><strong>interrogationem</strong></span> 
     </span>
    </p>
   </div>
   <div class='ocr_carea' id='block_1_101' title="bbox 2012 4271 3515 4343">
    <p class='ocr_par' dir='ltr' id='par_1_101' title="bbox 2012 4271 3515 4343">
     <span class='ocr_line' id='line_1_101' title="bbox 2012 4271 3515 4343; baseline 0.002 -18"><span class='ocrx_word' id='word_1_743' title='bbox 2012 4285 2115 4325; x_wconf 93' lang='lat' dir='ltr'><strong>non</strong></span> <span class='ocrx_word' id='word_1_744' title='bbox 2149 4271 2431 4327; x_wconf 86' lang='lat' dir='ltr'><strong>abhorruit</strong></span> <span class='ocrx_word' id='word_1_745' title='bbox 2464 4286 2476 4322; x_wconf 90' lang='lat'>:</span> <span class='ocrx_word' id='word_1_746' title='bbox 2515 4272 2610 4326; x_wconf 86' lang='lat' dir='ltr'><strong>sed</strong></span> <span class='ocrx_word' id='word_1_747' title='bbox 2642 4272 2974 4329; x_wconf 89' lang='lat' dir='ltr'><strong>auditionem</strong></span> <span class='ocrx_word' id='word_1_748' title='bbox 3018 4288 3173 4343; x_wconf 70' lang='lat' dir='ltr'><strong>aequo</strong></span> <span class='ocrx_word' id='word_1_749' title='bbox 3215 4274 3395 4331; x_wconf 88' lang='lat' dir='ltr'><strong>animo</strong></span> <span class='ocrx_word' id='word_1_750' title='bbox 3430 4286 3515 4328; x_wconf 89' lang='lat' dir='ltr'><strong>tu-</strong></span> 
     </span>
    </p>
   </div>
   <div class='ocr_carea' id='block_1_102' title="bbox 2009 4359 3517 4432">
    <p class='ocr_par' dir='ltr' id='par_1_102' title="bbox 2009 4359 3517 4432">
     <span class='ocr_line' id='line_1_102' title="bbox 2009 4359 3517 4432; baseline 0 -15"><span class='ocrx_word' id='word_1_751' title='bbox 2009 4362 2091 4425; x_wconf 90' lang='lat' dir='ltr'><strong>lit,</strong></span> <span class='ocrx_word' id='word_1_752' title='bbox 2116 4370 2168 4416; x_wconf 92' lang='lat' dir='ltr'><strong>et</strong></span> <span class='ocrx_word' id='word_1_753' title='bbox 2199 4362 2266 4417; x_wconf 89' lang='lat' dir='ltr'><strong>ad</strong></span> <span class='ocrx_word' id='word_1_754' title='bbox 2302 4359 2533 4417; x_wconf 89' lang='lat' dir='ltr'><strong>salacem</strong></span> <span class='ocrx_word' id='word_1_755' title='bbox 2566 4363 2684 4432; x_wconf 87' lang='lat' dir='ltr'><strong>ejus</strong></span> <span class='ocrx_word' id='word_1_756' title='bbox 2712 4362 3061 4432; x_wconf 85' lang='lat' dir='ltr'><strong>cupiditatem</strong></span> <span class='ocrx_word' id='word_1_757' title='bbox 3092 4362 3244 4418; x_wconf 90' lang='lat' dir='ltr'><strong>valde</strong></span> <span class='ocrx_word' id='word_1_758' title='bbox 3270 4364 3342 4418; x_wconf 88' lang='lat' dir='ltr'><strong>illi</strong></span> <span class='ocrx_word' id='word_1_759' title='bbox 3376 4371 3517 4417; x_wconf 86' lang='lat' dir='ltr'><strong>stre-</strong></span> 
     </span>
    </p>
   </div>
   <div class='ocr_carea' id='block_1_103' title="bbox 2011 4455 3515 4527">
    <p class='ocr_par' dir='ltr' id='par_1_103' title="bbox 2011 4455 3515 4527">
     <span class='ocr_line' id='line_1_103' title="bbox 2011 4455 3515 4527; baseline 0.001 -16"><span class='ocrx_word' id='word_1_760' title='bbox 2011 4471 2114 4511; x_wconf 84' lang='lat' dir='ltr'><strong>nue</strong></span> <span class='ocrx_word' id='word_1_761' title='bbox 2138 4464 2441 4527; x_wconf 85' lang='lat' dir='ltr'><strong>magnaque</strong></span> <span class='ocrx_word' id='word_1_762' title='bbox 2471 4458 2818 4511; x_wconf 86' lang='lat' dir='ltr'><strong>contentione</strong></span> <span class='ocrx_word' id='word_1_763' title='bbox 2853 4456 3108 4511; x_wconf 81' lang='lat' dir='ltr'><strong>auxilium</strong></span> <span class='ocrx_word' id='word_1_764' title='bbox 3142 4456 3283 4510; x_wconf 91' lang='lat' dir='ltr'><strong>tulit.</strong></span> <span class='ocrx_word' id='word_1_765' title='bbox 3314 4455 3368 4508; x_wconf 92' lang='lat' dir='ltr'><strong>Si</strong></span> <span class='ocrx_word' id='word_1_766' title='bbox 3395 4455 3515 4525; x_wconf 88' lang='lat' dir='ltr'><strong>ipse</strong></span> 
     </span>
    </p>
   </div>
   <div class='ocr_carea' id='block_1_104' title="bbox 2011 4544 3518 4616">
    <p class='ocr_par' dir='ltr' id='par_1_104' title="bbox 2011 4544 3518 4616">
     <span class='ocr_line' id='line_1_104' title="bbox 2011 4544 3518 4616; baseline -0.002 -14"><span class='ocrx_word' id='word_1_767' title='bbox 2011 4548 2192 4616; x_wconf 80' lang='lat' dir='ltr'><strong>itaque</strong></span> <span class='ocrx_word' id='word_1_768' title='bbox 2217 4544 2422 4600; x_wconf 84' lang='lat' dir='ltr'><strong>litteras</strong></span> <span class='ocrx_word' id='word_1_769' title='bbox 2453 4545 2728 4610; x_wconf 84' lang='lat' dir='ltr'><strong>haberem,</strong></span> <span class='ocrx_word' id='word_1_770' title='bbox 2750 4560 2843 4599; x_wconf 88' lang='lat' dir='ltr'><strong>eas</strong></span> <span class='ocrx_word' id='word_1_771' title='bbox 2873 4544 2940 4598; x_wconf 88' lang='lat' dir='ltr'><strong>ad</strong></span> <span class='ocrx_word' id='word_1_772' title='bbox 2970 4553 3021 4598; x_wconf 91' lang='lat' dir='ltr'><strong>te</strong></span> <span class='ocrx_word' id='word_1_773' title='bbox 3049 4544 3340 4609; x_wconf 87' lang='lat' dir='ltr'><strong>misissem,</strong></span> <span class='ocrx_word' id='word_1_774' title='bbox 3374 4544 3518 4613; x_wconf 81' lang='lat' dir='ltr'><strong>ipse—</strong></span> 
     </span>
    </p>
   </div>
   <div class='ocr_carea' id='block_1_105' title="bbox 2013 4635 3517 4709">
    <p class='ocr_par' dir='ltr' id='par_1_105' title="bbox 2013 4635 3517 4709">
     <span class='ocr_line' id='line_1_105' title="bbox 2013 4635 3517 4709; baseline 0.001 -17"><span class='ocrx_word' id='word_1_775' title='bbox 2013 4654 2120 4709; x_wconf 87' lang='lat' dir='ltr'><strong>que</strong></span> <span class='ocrx_word' id='word_1_776' title='bbox 2160 4641 2225 4693; x_wconf 87' lang='lat' dir='ltr'><strong>ad</strong></span> <span class='ocrx_word' id='word_1_777' title='bbox 2261 4647 2312 4692; x_wconf 88' lang='lat' dir='ltr'><strong>te</strong></span> <span class='ocrx_word' id='word_1_778' title='bbox 2340 4647 2396 4692; x_wconf 90' lang='lat' dir='ltr'><strong>et</strong></span> <span class='ocrx_word' id='word_1_779' title='bbox 2437 4636 2718 4690; x_wconf 86' lang='lat' dir='ltr'><strong>veritatem</strong></span> <span class='ocrx_word' id='word_1_780' title='bbox 2765 4635 3155 4691; x_wconf 78' lang='lat' dir='ltr'><strong>defendendam</strong></span> <span class='ocrx_word' id='word_1_781' title='bbox 3191 4636 3517 4693; x_wconf 83' lang='lat' dir='ltr'><strong>suil&#39;ecisses.</strong></span> 
     </span>
    </p>
   </div>
   <div class='ocr_carea' id='block_1_106' title="bbox 2013 4727 3517 4798">
    <p class='ocr_par' dir='ltr' id='par_1_106' title="bbox 2013 4727 3517 4798">
     <span class='ocr_line' id='line_1_106' title="bbox 2013 4727 3517 4798; baseline 0.001 -16"><span class='ocrx_word' id='word_1_782' title='bbox 2013 4731 2148 4798; x_wconf 82' lang='lat' dir='ltr'><strong>Quia</strong></span> <span class='ocrx_word' id='word_1_783' title='bbox 2178 4740 2358 4784; x_wconf 85' lang='lat' dir='ltr'><strong>autem</strong></span> <span class='ocrx_word' id='word_1_784' title='bbox 2388 4730 2434 4782; x_wconf 91' lang='lat' dir='ltr'><strong>is</strong></span> <span class='ocrx_word' id='word_1_785' title='bbox 2458 4728 2548 4797; x_wconf 86' lang='lat' dir='ltr'><strong>qui</strong></span> <span class='ocrx_word' id='word_1_786' title='bbox 2578 4727 2819 4783; x_wconf 76' lang='lat' dir='ltr'><strong>Ostendit</strong></span> <span class='ocrx_word' id='word_1_787' title='bbox 2845 4740 3033 4782; x_wconf 87' lang='lat' dir='ltr'><strong>rursus</strong></span> <span class='ocrx_word' id='word_1_788' title='bbox 3061 4727 3305 4795; x_wconf 88' lang='lat' dir='ltr'><strong>abstulit,</strong></span> <span class='ocrx_word' id='word_1_789' title='bbox 3338 4736 3391 4782; x_wconf 88' lang='lat' dir='ltr'><strong>et</strong></span> <span class='ocrx_word' id='word_1_790' title='bbox 3421 4730 3517 4783; x_wconf 86' lang='lat' dir='ltr'><strong>ad-</strong></span> 
     </span>
    </p>
   </div>
   <div class='ocr_carea' id='block_1_107' title="bbox 2013 4813 3517 4884">
    <p class='ocr_par' dir='ltr' id='par_1_107' title="bbox 2013 4813 3517 4884">
     <span class='ocr_line' id='line_1_107' title="bbox 2013 4813 3517 4884; baseline -0.005 -10"><span class='ocrx_word' id='word_1_791' title='bbox 2013 4832 2205 4874; x_wconf 83' lang='lat' dir='ltr'><strong>versus</strong></span> <span class='ocrx_word' id='word_1_792' title='bbox 2242 4831 2360 4880; x_wconf 89' lang='lat' dir='ltr'><strong>nos,</strong></span> <span class='ocrx_word' id='word_1_793' title='bbox 2391 4815 2483 4884; x_wconf 89' lang='lat' dir='ltr'><strong>qui</strong></span> <span class='ocrx_word' id='word_1_794' title='bbox 2533 4814 2600 4868; x_wconf 88' lang='lat' dir='ltr'><strong>ab</strong></span> <span class='ocrx_word' id='word_1_795' title='bbox 2640 4813 2793 4869; x_wconf 91' lang='lat' dir='ltr'><strong>initio</strong></span> <span class='ocrx_word' id='word_1_796' title='bbox 2845 4813 3316 4884; x_wconf 82' lang='lat' dir='ltr'><strong>proliibueramus,</strong></span> <span class='ocrx_word' id='word_1_797' title='bbox 3358 4815 3517 4869; x_wconf 87' lang='lat' dir='ltr'><strong>veluti</strong></span> 
     </span>
    </p>
   </div>
   <div class='ocr_carea' id='block_1_108' title="bbox 2013 4906 3520 4981">
    <p class='ocr_par' dir='ltr' id='par_1_108' title="bbox 2013 4906 3520 4981">
     <span class='ocr_line' id='line_1_108' title="bbox 2013 4906 3520 4981; baseline -0.005 -15"><span class='ocrx_word' id='word_1_798' title='bbox 2013 4912 2309 4981; x_wconf 68' lang='lat' dir='ltr'><strong>tropliazum</strong></span> <span class='ocrx_word' id='word_1_799' title='bbox 2340 4907 2687 4972; x_wconf 88' lang='lat' dir='ltr'><strong>circumtulit,</strong></span> <span class='ocrx_word' id='word_1_800' title='bbox 2721 4906 2948 4962; x_wconf 85' lang='lat' dir='ltr'><strong>dicendo</strong></span> <span class='ocrx_word' id='word_1_801' title='bbox 2972 4921 3030 4962; x_wconf 86' lang='lat' dir='ltr'><strong>se</strong></span> <span class='ocrx_word' id='word_1_802' title='bbox 3054 4908 3275 4977; x_wconf 87' lang='lat' dir='ltr'><strong>scriptis</strong></span> <span class='ocrx_word' id='word_1_803' title='bbox 3300 4906 3520 4960; x_wconf 82' lang='lat' dir='ltr'><strong>manda-</strong></span> 
     </span>
    </p>
   </div>
   <div class='ocr_carea' id='block_1_109' title="bbox 2017 4998 3521 5068">
    <p class='ocr_par' dir='ltr' id='par_1_109' title="bbox 2017 4998 3521 5068">
     <span class='ocr_line' id='line_1_109' title="bbox 2017 4998 3521 5068; baseline -0.005 -9"><span class='ocrx_word' id='word_1_804' title='bbox 2017 5016 2123 5059; x_wconf 89' lang='lat' dir='ltr'><strong>tam</strong></span> <span class='ocrx_word' id='word_1_805' title='bbox 2172 5004 2373 5056; x_wconf 81' lang='lat' dir='ltr'><strong>ltabere</strong></span> <span class='ocrx_word' id='word_1_806' title='bbox 2423 5008 2741 5068; x_wconf 86' lang='lat' dir='ltr'><strong>potestatem</strong></span> <span class='ocrx_word' id='word_1_807' title='bbox 2783 5012 2797 5052; x_wconf 88' lang='lat'><strong>:</strong></span> <span class='ocrx_word' id='word_1_808' title='bbox 2845 5013 2987 5053; x_wconf 87' lang='lat' dir='ltr'><strong>nunc</strong></span> <span class='ocrx_word' id='word_1_809' title='bbox 3021 4998 3086 5054; x_wconf 88' lang='lat' dir='ltr'><strong>ad</strong></span> <span class='ocrx_word' id='word_1_810' title='bbox 3118 5007 3169 5053; x_wconf 91' lang='lat' dir='ltr'><strong>te</strong></span> <span class='ocrx_word' id='word_1_811' title='bbox 3205 4999 3428 5068; x_wconf 91' lang='lat' dir='ltr'><strong>scripti,</strong></span> <span class='ocrx_word' id='word_1_812' title='bbox 3462 5009 3521 5052; x_wconf 93' lang='lat' dir='ltr'><strong>ut</strong></span> 
     </span>
    </p>
   </div>
   <div class='ocr_carea' id='block_1_110' title="bbox 2016 5090 3515 5163">
    <p class='ocr_par' dir='ltr' id='par_1_110' title="bbox 2016 5090 3515 5163">
     <span class='ocr_line' id='line_1_110' title="bbox 2016 5090 3515 5163; baseline -0.003 -12"><span class='ocrx_word' id='word_1_813' title='bbox 2016 5106 2174 5151; x_wconf 86' lang='lat' dir='ltr'><strong>manu</strong></span> <span class='ocrx_word' id='word_1_814' title='bbox 2201 5093 2399 5163; x_wconf 87' lang='lat' dir='ltr'><strong>duplici</strong></span> <span class='ocrx_word' id='word_1_815' title='bbox 2430 5093 2495 5146; x_wconf 89' lang='lat' dir='ltr'><strong>ad</strong></span> <span class='ocrx_word' id='word_1_816' title='bbox 2536 5092 2680 5146; x_wconf 87' lang='lat' dir='ltr'><strong>illam</strong></span> <span class='ocrx_word' id='word_1_817' title='bbox 2712 5090 3069 5146; x_wconf 85' lang='lat' dir='ltr'><strong>adulterinam</strong></span> <span class='ocrx_word' id='word_1_818' title='bbox 3095 5090 3393 5147; x_wconf 86' lang='lat' dir='ltr'><strong>orationem</strong></span> <span class='ocrx_word' id='word_1_819' title='bbox 3422 5105 3515 5147; x_wconf 85' lang='lat' dir='ltr'><strong>ve-</strong></span> 
     </span>
    </p>
   </div>
   <div class='ocr_carea' id='block_1_111' title="bbox 2016 5181 3523 5252">
    <p class='ocr_par' dir='ltr' id='par_1_111' title="bbox 2016 5181 3523 5252">
     <span class='ocr_line' id='line_1_111' title="bbox 2016 5181 3523 5252; baseline -0.002 -13"><span class='ocrx_word' id='word_1_820' title='bbox 2016 5188 2249 5250; x_wconf 86' lang='lat' dir='ltr'><strong>niamus,</strong></span> <span class='ocrx_word' id='word_1_821' title='bbox 2281 5192 2334 5237; x_wconf 88' lang='lat' dir='ltr'><strong>et</strong></span> <span class='ocrx_word' id='word_1_822' title='bbox 2370 5182 2543 5237; x_wconf 85' lang='lat' dir='ltr'><strong>nullas</strong></span> <span class='ocrx_word' id='word_1_823' title='bbox 2573 5184 2620 5237; x_wconf 88' lang='lat' dir='ltr'><strong>ei</strong></span> <span class='ocrx_word' id='word_1_824' title='bbox 2648 5182 2787 5237; x_wconf 90' lang='lat' dir='ltr'><strong>vires</strong></span> <span class='ocrx_word' id='word_1_825' title='bbox 2823 5181 3220 5250; x_wconf 86' lang='lat' dir='ltr'><strong>relinquamus;</strong></span> <span class='ocrx_word' id='word_1_826' title='bbox 3254 5196 3324 5237; x_wconf 91' lang='lat' dir='ltr'><strong>ne</strong></span> <span class='ocrx_word' id='word_1_827' title='bbox 3350 5181 3523 5252; x_wconf 87' lang='lat' dir='ltr'><strong>possit</strong></span> 
     </span>
    </p>
   </div>
   <div class='ocr_carea' id='block_1_112' title="bbox 2014 5272 3055 5342">
    <p class='ocr_par' dir='ltr' id='par_1_112' title="bbox 2014 5272 3055 5342">
     <span class='ocr_line' id='line_1_112' title="bbox 2014 5272 3055 5342; baseline -0.003 -11"><span class='ocrx_word' id='word_1_828' title='bbox 2014 5292 2107 5331; x_wconf 82' lang='lat' dir='ltr'><strong>eos</strong></span> <span class='ocrx_word' id='word_1_829' title='bbox 2143 5276 2298 5328; x_wconf 84' lang='lat' dir='ltr'><strong>facile</strong></span> <span class='ocrx_word' id='word_1_830' title='bbox 2331 5274 2546 5339; x_wconf 70' lang='lat' dir='ltr'><strong>laedere,</strong></span> <span class='ocrx_word' id='word_1_831' title='bbox 2586 5274 2638 5328; x_wconf 89' lang='lat' dir='ltr'><strong>in</strong></span> <span class='ocrx_word' id='word_1_832' title='bbox 2676 5288 2813 5342; x_wconf 88' lang='lat' dir='ltr'><strong>quos</strong></span> <span class='ocrx_word' id='word_1_833' title='bbox 2844 5272 3055 5328; x_wconf 88' lang='lat' dir='ltr'><strong>incidit.</strong></span> 
     </span>
    </p>
   </div>
   <div class='ocr_carea' id='block_1_113' title="bbox 2014 5365 3518 5435">
    <p class='ocr_par' dir='ltr' id='par_1_113' title="bbox 2014 5365 3518 5435">
     <span class='ocr_line' id='line_1_113' title="bbox 2014 5365 3518 5435; baseline -0.001 -14"><span class='ocrx_word' id='word_1_834' title='bbox 2014 5368 2208 5424; x_wconf 74' lang='lat' dir='ltr'><strong>BALS.</strong></span> <span class='ocrx_word' id='word_1_835' title='bbox 2244 5365 2374 5433; x_wconf 68' lang='lat' dir='ltr'><strong>Quae</strong></span> <span class='ocrx_word' id='word_1_836' title='bbox 2415 5382 2445 5419; x_wconf 90' lang='lat' dir='ltr'><strong>a</strong></span> <span class='ocrx_word' id='word_1_837' title='bbox 2478 5365 2713 5421; x_wconf 91' lang='lat' dir='ltr'><strong>Diodoro</strong></span> <span class='ocrx_word' id='word_1_838' title='bbox 2744 5368 2947 5435; x_wconf 84' lang='lat' dir='ltr'><strong>scripta</strong></span> <span class='ocrx_word' id='word_1_839' title='bbox 2982 5373 3110 5421; x_wconf 88' lang='lat' dir='ltr'><strong>sunt</strong></span> <span class='ocrx_word' id='word_1_840' title='bbox 3143 5365 3518 5421; x_wconf 88' lang='lat' dir='ltr'><strong>confutaturus</strong></span> 
     </span>
    </p>
   </div>
   <div class='ocr_carea' id='block_1_114' title="bbox 1942 5458 3515 5530">
    <p class='ocr_par' dir='ltr' id='par_1_114' title="bbox 1942 5458 3515 5530">
     <span class='ocr_line' id='line_1_114' title="bbox 1942 5458 3515 5530; baseline -0.004 -12"><span class='ocrx_word' id='word_1_841' title='bbox 1942 5472 2184 5525; x_wconf 88' lang='lat' dir='ltr'><strong>sanctus,</strong></span> <span class='ocrx_word' id='word_1_842' title='bbox 2246 5458 2666 5514; x_wconf 87' lang='lat' dir='ltr'><strong>confutationem</strong></span> <span class='ocrx_word' id='word_1_843' title='bbox 2730 5458 3022 5514; x_wconf 76' lang='lat' dir='ltr'><strong>artiﬁciose</strong></span> <span class='ocrx_word' id='word_1_844' title='bbox 3074 5460 3404 5530; x_wconf 73' lang='lat' dir='ltr'><strong>aggreditur,</strong></span> <span class='ocrx_word' id='word_1_845' title='bbox 3461 5467 3515 5512; x_wconf 89' lang='lat' dir='ltr'><strong>et</strong></span> 
     </span>
    </p>
   </div>
   <div class='ocr_carea' id='block_1_115' title="bbox 1941 5552 3518 5624">
    <p class='ocr_par' dir='ltr' id='par_1_115' title="bbox 1941 5552 3518 5624">
     <span class='ocr_line' id='line_1_115' title="bbox 1941 5552 3518 5624; baseline -0.005 -13"><span class='ocrx_word' id='word_1_846' title='bbox 1941 5556 2060 5624; x_wconf 83' lang='lat' dir='ltr'><strong>ejus</strong></span> <span class='ocrx_word' id='word_1_847' title='bbox 2098 5554 2298 5607; x_wconf 88' lang='lat' dir='ltr'><strong>dictum</strong></span> <span class='ocrx_word' id='word_1_848' title='bbox 2343 5552 2413 5604; x_wconf 89' lang='lat' dir='ltr'><strong>ita</strong></span> <span class='ocrx_word' id='word_1_849' title='bbox 2450 5552 2734 5620; x_wconf 82' lang='lat' dir='ltr'><strong>proponit,</strong></span> <span class='ocrx_word' id='word_1_850' title='bbox 2774 5560 2833 5605; x_wconf 89' lang='grc' dir='ltr'><strong>ιιι</strong></span> <span class='ocrx_word' id='word_1_851' title='bbox 2880 5566 3014 5606; x_wconf 60' lang='lat' dir='ltr'><strong>non‘</strong></span> <span class='ocrx_word' id='word_1_852' title='bbox 3043 5553 3287 5607; x_wconf 88' lang='lat' dir='ltr'><strong>videatur</strong></span> <span class='ocrx_word' id='word_1_853' title='bbox 3344 5565 3518 5619; x_wconf 78' lang='lat' dir='ltr'><strong>ipsum</strong></span> 
     </span>
    </p>
   </div>
   <div class='ocr_carea' id='block_1_116' title="bbox 1942 5641 3518 5717">
    <p class='ocr_par' dir='ltr' id='par_1_116' title="bbox 1942 5641 3518 5717">
     <span class='ocr_line' id='line_1_116' title="bbox 1942 5641 3518 5717; baseline -0.004 -18"><span class='ocrx_word' id='word_1_854' title='bbox 1942 5646 2147 5717; x_wconf 84' lang='lat' dir='ltr'><strong>pudore</strong></span> <span class='ocrx_word' id='word_1_855' title='bbox 2180 5641 2511 5707; x_wconf 72' lang='lat' dir='ltr'><strong>suffundere,</strong></span> <span class='ocrx_word' id='word_1_856' title='bbox 2530 5653 2581 5695; x_wconf 88' lang='lat' dir='ltr'><strong>et</strong></span> <span class='ocrx_word' id='word_1_857' title='bbox 2614 5643 2684 5695; x_wconf 87' lang='lat' dir='ltr'><strong>ita</strong></span> <span class='ocrx_word' id='word_1_858' title='bbox 2708 5657 2829 5697; x_wconf 86' lang='lat' dir='ltr'><strong>eum</strong></span> <span class='ocrx_word' id='word_1_859' title='bbox 2856 5644 2923 5697; x_wconf 86' lang='lat' dir='ltr'><strong>ad</strong></span> <span class='ocrx_word' id='word_1_860' title='bbox 2955 5642 3307 5698; x_wconf 83' lang='lat' dir='ltr'><strong>insistendum</strong></span> <span class='ocrx_word' id='word_1_861' title='bbox 3341 5643 3518 5693; x_wconf 79' lang='lat' dir='ltr'><strong>acrio-</strong></span> 
     </span>
    </p>
   </div>
   <div class='ocr_carea' id='block_1_117' title="bbox 1945 5732 3519 5804">
    <p class='ocr_par' dir='ltr' id='par_1_117' title="bbox 1945 5732 3519 5804">
     <span class='ocr_line' id='line_1_117' title="bbox 1945 5732 3519 5804; baseline -0.004 -12"><span class='ocrx_word' id='word_1_862' title='bbox 1945 5753 2055 5792; x_wconf 89' lang='lat' dir='ltr'><strong>rem</strong></span> <span class='ocrx_word' id='word_1_863' title='bbox 2090 5736 2305 5794; x_wconf 76' lang='lat' dir='ltr'><strong>ciliciat.</strong></span> <span class='ocrx_word' id='word_1_864' title='bbox 2324 5742 2378 5788; x_wconf 87' lang='lat' dir='ltr'><strong>et</strong></span> <span class='ocrx_word' id='word_1_865' title='bbox 2401 5733 2541 5788; x_wconf 89' lang='lat' dir='ltr'><strong>dicet</strong></span> <span class='ocrx_word' id='word_1_866' title='bbox 2568 5732 2817 5789; x_wconf 74' lang='lat' dir='ltr'><strong>:Litterte</strong></span> <span class='ocrx_word' id='word_1_867' title='bbox 2835 5734 3051 5804; x_wconf 88' lang='lat' dir='ltr'><strong>quidem</strong></span> <span class='ocrx_word' id='word_1_868' title='bbox 3075 5735 3173 5789; x_wconf 83' lang='lat' dir='ltr'><strong>sub</strong></span> <span class='ocrx_word' id='word_1_869' title='bbox 3200 5747 3285 5785; x_wconf 83' lang='lat' dir='ltr'><strong>tuo</strong></span> <span class='ocrx_word' id='word_1_870' title='bbox 3304 5733 3519 5786; x_wconf 85' lang='lat' dir='ltr'><strong>nomine</strong></span> 
     </span>
    </p>
   </div>
   <div class='ocr_carea' id='block_1_118' title="bbox 1942 5826 3516 5899">
    <p class='ocr_par' dir='ltr' id='par_1_118' title="bbox 1942 5826 3516 5899">
     <span class='ocr_line' id='line_1_118' title="bbox 1942 5826 3516 5899; baseline -0.006 -12"><span class='ocrx_word' id='word_1_871' title='bbox 1942 5834 2157 5899; x_wconf 79' lang='lat' dir='ltr'><strong>scripta:</strong></span> <span class='ocrx_word' id='word_1_872' title='bbox 2188 5828 2399 5885; x_wconf 86' lang='lat' dir='ltr'><strong>fuerant</strong></span> <span class='ocrx_word' id='word_1_873' title='bbox 2431 5840 2446 5880; x_wconf 87' lang='lat'><strong>:</strong></span> <span class='ocrx_word' id='word_1_874' title='bbox 2476 5828 2605 5883; x_wconf 89' lang='lat' dir='ltr'><strong>mibi</strong></span> <span class='ocrx_word' id='word_1_875' title='bbox 2638 5836 2817 5884; x_wconf 84' lang='lat' dir='ltr'><strong>autem</strong></span> <span class='ocrx_word' id='word_1_876' title='bbox 2852 5828 3061 5883; x_wconf 86' lang='lat' dir='ltr'><strong>videtur</strong></span> <span class='ocrx_word' id='word_1_877' title='bbox 3087 5826 3279 5892; x_wconf 71' lang='lat' dir='ltr'><strong>aliquis</strong></span> <span class='ocrx_word' id='word_1_878' title='bbox 3311 5839 3516 5885; x_wconf 72' lang='lat' dir='ltr'><strong>eorum,</strong></span> 
     </span>
    </p>
   </div>
   <div class='ocr_carea' id='block_1_119' title="bbox 3130 5916 3203 5977">
    <p class='ocr_par' dir='ltr' id='par_1_119' title="bbox 3130 5916 3203 5977">
     <span class='ocr_line' id='line_1_119' title="bbox 3130 5916 3203 5977; baseline 0.014 -1"><span class='ocrx_word' id='word_1_879' title='bbox 3130 5916 3203 5977; x_wconf 74' lang='grc'>26</span> 
     </span>
    </p>
   </div>
  </div>
