4234 6450
772 398 868 469 811

2024 385 2303 449 TIIEOD.
2339 385 2431 446 BA
2442 382 2739 447 LSAMON

3934 376 4046 444 812

770 514 861 586 qui
895 510 963 567 ad
999 511 1113 565 ltmc
1161 502 1521 563 machinanda
1548 510 1601 559 et
1630 501 1983 573 excogitanda
2030 502 2140 570 apti
2176 510 2343 563 sunt,
2373 505 2422 565 Α

2373 505 2422 565 Α
2451 497 2577 553 σθαι
2600 500 2706 577 καὶ.
2751 480 3099 568 μηχανᾶσθαι
3128 493 3484 563 ἐπιτηδείων,
3508 493 3680 548 θέλων
3711 490 4043 560 ἀξιόπιστον

772 605 955 661 volens
985 600 1214 662 edicere,
1251 606 1310 651 ut
1338 599 1480 666 quod
1515 610 1544 649 a
1571 609 1631 650 se
1656 594 1958 649 disceretur
1989 589 2092 645 nde
2122 592 2344 660 dignum

767 705 931 759 esset,
954 691 1148 749 litteris
1167 700 1313 745 tuum
1335 702 1529 743 nomen
1545 686 1950 754 subscripsisse.
1980 682 2082 748 Qui
2112 682 2348 737 interro-

772 795 949 856 gatus,
975 799 1042 836 an
1074 782 1153 836 l’as
1181 788 1347 845 esset,
1376 793 1468 834 seu
1500 775 1799 846 legitimum
1832 784 1925 829 ant
1952 772 2157 853 justum
2190 786 2347 828 soro-

773 890 885 929 rem
914 873 1098 928 uxoris
1141 886 1253 927 sua:
1290 877 1518 923 mortue
1564 866 1618 921 in
1672 864 2079 919 matrimonium
2115 862 2348 927 ducere;

773 964 844 1029 ei,
882 965 971 1033 qui
1018 959 1404 1027 interrogavit,
1435 957 1488 1010 in
1526 955 1689 1023 impia
1723 953 2145 1023 interrogatione
2196 952 2351 1006 auxi-

770 1054 901 1107 lium
934 1053 1077 1114 tulit,
1110 1050 1161 1103 id
1193 1058 1296 1113 est,
1336 1047 1809 1116 intemperantiam
1840 1055 1893 1099 et
1923 1044 2201 1099 libidinem
2234 1058 2350 1113 per-

772 1141 1032 1195 mittendo
1055 1179 1070 1206 ,
1108 1141 1220 1207 ipse
1250 1153 1462 1207 quoque
1494 1137 1707 1191 videtur
1741 1134 1909 1189 fuisse
1962 1135 2189 1189 actionis
2227 1149 2349 1204 par-

771 1234 961 1300 ticeps.
1001 1230 1057 1286 Si
1088 1232 1289 1300 itaque,
1323 1230 1516 1299 inquit,
1547 1228 1753 1283 litteras
1781 1226 2129 1293 habuissem,
2160 1242 2252 1284 eas
2282 1228 2349 1282 ad

772 1332 823 1379 te
871 1325 1161 1389 misissem,
1198 1336 1358 1392 teque
1406 1332 1461 1377 et
1506 1322 1787 1377 veritatem
1838 1320 2201 1387 defendisses,
2248 1335 2342 1375 seu

772 1418 867 1470 tibi
906 1417 1165 1471 auxilium
1219 1417 1458 1480 tulisses,
1491 1424 1548 1468 ut
1594 1412 1731 1468 falso
1774 1422 2090 1478 accusatus,
2142 1412 2348 1466 nefaria

772 1509 951 1563 dicere
978 1519 1032 1563 et
1061 1508 1321 1571 scribere,
1350 1508 1491 1577 quod
1528 1516 1580 1561 te
1609 1516 1664 1562 et
1708 1507 1993 1561 veritatem
2028 1505 2219 1575 tangit.
2251 1505 2355 1561 Vc-

771 1602 983 1655 ritatem
1020 1600 1279 1669 quidem,
1310 1614 1432 1656 cum
1464 1598 1656 1654 falsum
1703 1597 1777 1652 illi
1821 1597 2100 1666 praelatum
2137 1597 2299 1653 fuerit
2333 1616 2348 1653 :

773 1703 824 1744 te
859 1701 1061 1756 autem,
1098 1700 1154 1744 ut
1198 1692 1289 1761 qui
1325 1705 1412 1754 ea,
1461 1706 1582 1761 quae
1635 1705 1739 1744 non
1791 1692 1965 1756 decet,
2015 1690 2349 1759 permiseris.

770 1785 903 1851 Quia
930 1796 1109 1839 autent
1140 1784 1209 1849 is,
1241 1785 1330 1855 qui
1358 1785 1615 1847 ostendit,
1650 1797 1843 1838 rursus
1871 1783 2114 1846 abstulit,
2142 1794 2196 1837 et
2230 1791 2351 1837 tan-

2450 592 2674 662 ποιῆσαι
2691 590 2800 660 ίτδν
2842 592 3041 643 οἰκεῖον
3083 589 3263 658 λόγον,
3297 587 3578 658 ἐπέγραψε
3617 586 3696 655 τῷ
3739 586 4042 656 γράμματι

2447 684 2510 737 τὸ
2539 683 2630 737 σὸν
2650 681 2843 751 ὄνομα.
2874 683 3085 747 Ὅστις,
3119 680 3419 753 ὲρωτηθεις
3465 681 3515 732 ει
3542 678 3793 749 θέμιτον,
3815 678 3963 748 ἦγον
3994 678 4041 727 εἱ

2450 775 2684 845 νόμιμον
2716 776 2749 845 ἢ
2776 775 2987 828 δίκαιόν
3018 774 3137 828 ἔστι
3165 774 3265 843 τὴν
3289 773 3528 843 ἀδελφὴν
3566 773 3665 839 τῆς
3694 770 4042 837 τελευτησά-

2453 883 2556 939 σης
2592 866 2730 930 ιδίας
2752 869 3015 935 γυναικὸς
3055 868 3366 936 ἀγαγέσθαι
3412 867 3553 934 πρὸς
3592 866 3797 935 γάμον.
3828 865 3897 917 τὸ
3918 866 4045 916 ἀσε-

2451 956 2550 1020 ϐὲς
2592 956 2859 1028 ἐρώτημα
2882 957 2959 1027 τῷ
2994 959 3336 1029 ἐρωτήσαντι
3391 955 3878 1026 συγκατέπραξεν,
3921 954 4044 1007 ἀντὶ

2448 1049 2569 1117 τοῦ,
2604 1050 2696 1104 διὰ
2731 1052 2794 1103 τὸ
2835 1050 3133 1121 ἐπιτρέψαι
3165 1050 3266 1121 τὴν
3318 1050 3637 1117 ἀσέλγειαν,
3670 1050 3932 1108 κάκεῖνος
3961 1046 4045 1097 δο-

2453 1145 2542 1196 κεῖ
2579 1142 2913 1212 κοινωνῆσαι
2944 1143 3040 1212 τῆς
3071 1142 3347 1212 πράξεως.
3389 1140 3454 1195 Εἰ
3544 1140 3645 1211 μὲν
3713 1136 3812 1194 οἶν
3872 1135 4042 1209 εῐχον,

2453 1234 2611 1304 φησὶ,
2641 1232 2702 1285 τδ
2731 1234 2992 1303 γράμμα,
3027 1232 3257 1302 ἔπεμψα
3280 1233 3345 1287 ἄν
3379 1250 3464 1285 σοι
3496 1232 3651 1298 αὐτὸ,
3690 1233 3779 1285 καὶ
3822 1232 4042 1301 ﬁgo-ra;

2454 1322 2521 1378 ἂν
2556 1322 2735 1393 εαυτῷ
2766 1325 2862 1376 καὶ
2899 1326 2966 1394 τῇ
2992 1323 3246 1395 ἀληθείᾳ,
3280 1324 3401 1394 ἦτοι
3451 1322 3763 1392 ἐϐοήθησας
3826 1323 3922 1385 ἂν,
3969 1320 4045 1382 ὡς

2453 1415 2669 1484 ψευδῶς
2686 1416 2827 1485 τάχα
2846 1416 3254 1485 κατηγορηθεὶς
3296 1418 3474 1469 εἰπεῖν
3515 1416 3612 1469 καὶ
3664 1414 3885 1484 γράψαι
3918 1415 4045 1465 ἀθέ-

2460 1525 2614 1576 μιτα,
2655 1510 2794 1579 ὅπερ
2826 1510 2918 1560 καὶ
2942 1508 3035 1561 σοῦ
3073 1507 3413 1561 καθάπτεται
3444 1510 3540 1560 καὶ
3588 1508 3687 1574 τῆς
3731 1507 4001 1575 ἀληθείας
4029 1521 4042 1533 '

2456 1599 2555 1669 τῆς
2590 1599 2691 1669 μὶν
2718 1599 3003 1669 ἀληθείας,
3033 1599 3109 1662 ὼς
3129 1598 3225 1652 τοῦ
3253 1599 3484 1666 ψεύδους
3515 1599 3735 1669 ἐκείνης
3768 1616 4047 1671 προτιμη-

2459 1689 2671 1754 θέντος,
2703 1689 2799 1743 σοῦ
2830 1692 2913 1756 δὲ,
2966 1691 3041 1753 ὡς
3102 1691 3504 1760 ὲπιτρὲξαντσς
3589 1690 3625 1744 ἃ.
3692 1691 3770 1761 μὴ
3850 1693 4043 1762 ἐχρῆν.

2470 1782 2693 1853 Ἐπειδὴ
2718 1783 2778 1835 δὲ
2810 1783 3035 1845 ὀδείξας
3060 1784 3220 1835 πάλιν
3248 1784 3526 1850 ἀφείλετο,
3574 1784 3671 1837 καὶ
3723 1785 3923 1853 ὥσπερ
3989 1787 4045 1837 δὲ

770 1893 933 1945 quam
968 1878 1184 1947 aliquod
1217 1876 1515 1947 trophaeutn
1546 1876 1806 1931 adversus
1851 1891 1952 1932 nos
1996 1876 2345 1931 circumtulit.
2382 1871 2425 1925 Β

2382 1871 2425 1925 Β
2456 1876 2722 1946 τρόπαιον
2759 1873 2882 1929 καθ’
2913 1874 3071 1944 ἡμῶν
3096 1877 3416 1944 περιέφερε.
3467 1876 3745 1945 Τρόπαιον
3802 1877 3863 1930 δέ
3931 1882 4043 1930 ἐστι

770 1966 865 2021 Est
901 1976 1077 2021 autem
1102 1967 1399 2033 trophaum
1436 1968 1653 2037 signum
1684 1968 1920 2037 aliquod,
1947 1968 2088 2037 quod
2120 1968 2173 2023 in
2203 1969 2345 2025 bello

770 2056 1009 2111 vincenti
1039 2055 1220 2122 datur,
1258 2067 1315 2112 ut
1345 2073 1409 2112 es
1443 2073 1507 2114 eo
1549 2060 1620 2113 sit
1651 2060 1995 2114 manilestum
2019 2100 2035 2126 ,
2070 2076 2189 2131 qua
2224 2078 2351 2131 pars

773 2148 1085 2202 adversario
1116 2147 1325 2202 vicerit.
1360 2149 1512 2202 Unde
1541 2166 1571 2203 ει
1604 2151 1774 2205 versis
1804 2153 2076 2217 hostibus,
2102 2154 2231 2209 dum
2255 2154 2351 2209 ad-

773 2242 1039 2296 versariis.
1064 2252 1211 2312 terga
1239 2240 1372 2296 dant
1414 2257 1509 2297 seu
1558 2251 1796 2308 vertunt,
1839 2246 2137 2315 trophaqu
2172 2249 2349 2301 norni-

770 2344 956 2386 natum
982 2344 1065 2388 est
1096 2332 1147 2405 (a
1181 2332 1346 2388 verbo
1373 2331 1563 2395 Graeco
1589 2336 1797 2405 τρέπω,
1827 2338 1969 2405 quod
1999 2347 2153 2393 verto
2180 2340 2351 2408 signi.

771 2425 942 2494 ticat.)
974 2424 1109 2492 Quia
1160 2440 1292 2496 ergo
1335 2442 1440 2481 non
1491 2428 1663 2481 habeo
1711 2428 1945 2495 litteras,
1980 2444 2126 2485 nunc
2177 2431 2244 2483 ad
2295 2442 2347 2485 te

773 2517 988 2586 scripsi,
1023 2528 1080 2573 ut
1109 2518 1508 2588 adgrediamur,
1543 2530 1603 2574 ut
1631 2520 1829 2589 duplici
1854 2535 2038 2587 manu,
2076 2534 2163 2577 tua
2198 2524 2351 2578 scili-

770 2620 853 2664 cet
877 2618 931 2663 et
955 2624 1095 2674 mea,
1115 2608 1512 2665 contendamus
1533 2608 1793 2665 adversus
1815 2612 2178 2667 adulterinam
2199 2614 2345 2668 illum

774 2700 1074 2757 oratioue'tu
1103 2702 1336 2757 alienam
1367 2710 1422 2758 et
1447 2702 1757 2770 conﬁctam,
1790 2712 1843 2758 et
1872 2704 2015 2759 vires
2044 2706 2093 2759 ei
2121 2722 2224 2761 non
2267 2723 2349 2760 re-

772 2792 1113 2861 linquamus;
1147 2802 1208 2848 ut
1256 2808 1363 2847 non
1413 2794 1573 2851 facile
1614 2810 1706 2852 eos
1742 2797 1920 2866 laedat,
1949 2798 2041 2868 qui
2090 2799 2144 2852 iu
2200 2799 2345 2853 illaut

774 2886 1013 2943 incidunt
1030 2898 1080 2942 et
1105 2888 1304 2958 legunt.

1166 3025 1322 3099 ιω
1349 3024 1577 3082 CANON
1625 3026 1959 3084 LXXXVIII.

975 3121 1215 3174 Primum
1265 3122 1487 3190 itaque,
1537 3120 1682 3191 quod
1756 3122 1811 3175 in
1861 3122 2131 3190 ejusmodi
2189 3121 2349 3175 rebus

2458 1967 2689 2038 σημεῖόν
2707 1984 2761 2020 τι
2798 1966 2879 2038 τῷ
2918 1970 3209 2038 νικήσαντι
3239 1971 3298 2021 ἑν
3344 1966 3569 2038 πολέμῳ
3608 1968 3919 2038 διδόμενον,
3980 1972 4044 2023 ευ·

2456 2063 2543 2132 εἴη
2568 2062 2704 2133 δήλη
2734 2064 2799 2115 ἐκ
2810 2062 3004 2117 τούτου
3029 2066 3065 2133 η
3082 2062 3332 2133 τρέψασα
3351 2066 3516 2133 μοῖρα
3546 2067 3675 2128 τοὺς
3699 2066 3999 2136 πολεμίους
4025 2083 4043 2100 ο

2456 2155 2583 2209 ὃθεν
2603 2157 2893 2226 ὡνόμασαι
2922 2158 3211 2227 τρόπαιον,
3240 2160 3306 2210 εκ
3343 2158 3437 2213 τοῦ
3494 2162 3707 2231 τροπὴν
3736 2162 3851 2214 τῶν
3888 2167 4045 2215 πολε-

2460 2248 2603 2322 μίων
2619 2248 2905 2317 γενέσθαι,
2934 2250 3259 2320 τρεψάντων
3281 2251 3353 2304 τά
3403 2251 3547 2307 νῶτα
3594 2255 3709 2314 τοῖς
3746 2257 4041 2319 ἐναντίοις.

2470 2336 2628 2391 Ἐπεὶ
2656 2336 2753 2391 οὖν
2774 2340 3013 2411 γράμμα
3029 2340 3130 2393 οὐκ
3154 2341 3286 2412 Ιχω,
3327 2342 3626 2399 ιπέστειλα
3650 2344 3748 2400 νῦν
3804 2362 3921 2409 σοι.
3958 2350 4043 2405 (va

2457 2433 2805 2503 ἐπέλθωμεν,
2838 2435 2927 2487 ἵνα
2955 2434 3466 2506 ἀπαγωνισῶμεθα
3525 2438 3694 2510 διπλῇ
3758 2444 3829 2511 τῇ
3869 2446 4040 2512 χειρὶ,

2458 2528 2527 2597 τῇ
2553 2527 2663 2598 ἐμῇ
2688 2526 2895 2597 δηλαδὴ
2950 2527 3047 2581 καὶ
3078 2530 3144 2599 τῇ
3179 2531 3272 2600 σῇ,
3337 2529 3480 2584 κατὰ
3506 2530 3602 2584 τοῦ
3633 2533 3791 2587 νόθου
3823 2538 4040 2590 ἐκείνου

2457 2619 2619 2687 λόγου
2656 2618 2748 2672 τοῦ
2778 2620 2930 2686 ξένου
2962 2621 3058 2674 καὶ
3094 2621 3192 2676 τοῦ
3225 2622 3636 2711 πεπλασμένον,
3688 2629 3785 2682 καὶ
3814 2629 3896 2699 μὴ
3945 2633 4040 2687 ἑά-

2461 2729 2645 2783 σωμεν
2678 2713 2833 2783 αὐτῷ
2862 2714 3113 2783 δύναμιν,
3152 2716 3241 2770 ἴνα
3266 2718 3340 2787 μὴ
3363 2718 3600 2781 εὐκόλως
3654 2721 3875 2796 βλάπτῃ
3912 2729 4043 2792 τοὺς

2459 2804 2890 2872 ἐντυγχάνοντας
2916 2804 3065 2875 αὖτῷ
3096 2806 3191 2857 καὶ
3231 2808 3724 2873 ἀναγινώσκοντας.

3046 3032 3283 3089 ΚΛΝΩΝ
3316 3034 3449 3086 lliI'.

2606 3120 2831 3191 Πρῶτον
2872 3121 2970 3191 μὲν
3003 3116 3117 3185 οὖν,
3153 3121 3181 3174 ὃ
3218 3122 3469 3191 μέγιστον
3494 3120 3587 3173 ἐπὶ
3615 3120 3724 3172 τῶν
3757 3119 4024 3173 τοιούτων

794 3212 1088 3266 maximum
1138 3217 1260 3273 est,
1305 3225 1512 3264 morem
1566 3218 1814 3265 nostrum
1869 3212 2109 3279 objicere
2154 3226 2349 3279 possu-
2379 3195 2466 3261 ει

2379 3195 2420 3251 C
2444 3211 2585 3272 ἐστὶ,
2608 3210 2669 3262 τὸ
2694 3212 2820 3280 παρ’
2846 3213 2975 3281 ἡμῖν
3008 3211 3145 3273 ἔθος,
3176 3211 3203 3263 δ
3246 3211 3440 3280 ἔχομεν
3488 3208 3830 3281 προϐάλλειν,
3859 3211 4026 3281 νόμου

792 3318 948 3366 mus,
1004 3310 1063 3356 ut
1098 3301 1206 3355 vim
1253 3301 1387 3370 legis
1434 3300 1764 3364 habentem,
1806 3314 1870 3354 eo
1916 3299 2059 3369 quod
2126 3300 2282 3354 nobis
2322 3314 2348 3351 a

790 3395 920 3448 viris
959 3394 1163 3448 sanctis
1203 3391 1413 3447 tradita:
1456 3393 1564 3445 sint
1598 3393 1818 3461 regulas.
1871 3390 1986 3445 Mos
2025 3398 2203 3445 autem
2261 3392 2350 3444 illo

789 3493 871 3539 est
929 3483 1224 3553 ejusmodi,
1268 3491 1324 3536 ιιι
1383 3483 1427 3537 si
1489 3484 1613 3552 quis
1669 3483 2001 3551 impuritatis
2059 3482 2194 3535 vitio
2247 3482 2349 3534 ali-

789 3575 1005 3645 quando
1057 3576 1230 3629 victus
1264 3575 1314 3627 in
1363 3574 1603 3627 illicitam
1662 3573 1892 3626 duarum
1918 3587 2169 3626 sororum
2218 3587 2351 3625 con-

786 3666 1117 3734 iunctionem
1148 3664 1425 3730 inciderit,
1488 3680 1665 3733 neque
1715 3664 1769 3716 id
1800 3663 2205 3717 matrimonium
2240 3662 2352 3716 exi-

790 3759 1037 3811 stimetur
1071 3796 1084 3821 ,
1130 3770 1305 3825 neque
1354 3756 1577 3810 omnino
1628 3757 1683 3809 in
1725 3754 1981 3808 Ecclesiae
2026 3766 2223 3818 emtum
2255 3753 2348 3806 δας

789 3845 1076 3897 mittantur
1104 3885 1119 3908 ,
1176 3843 1492 3913 priusquam
1542 3856 1572 3895 a
1608 3857 1671 3897 se
1716 3842 1947 3896 invicem
2001 3826 2345 3896 diritnantur.

790 3935 970 4000 Quare
1000 3934 1217 3990 etiamsi
1253 3934 1406 3988 -nihil
1450 3933 1595 3987 aliud
1634 3932 1740 3986 dici
1772 3942 1992 4002 posset,
2042 3933 2175 3989 satis
2208 3940 2350 3987 esset

790 4028 909 4097 ipsa
984 4026 1322 4081 consuetudo
1379 4025 1445 4079 ad
1485 4026 1611 4080 boni
1664 4024 1994 4079 custodiam.
2049 4023 2155 4078 Sed
2223 4023 2347 4093 quia

789 4119 881 4190 qui
912 4118 1052 4171 hanc
1090 4116 1312 4186 scripsit
1350 4116 1657 4185 epistolam,
1691 4114 1996 4168 adulterino
2033 4122 2349 4183 argumento

789 4208 989 4262 malum
1062 4216 1266 4260 tantum
1309 4215 1537 4261 conatus
1592 4215 1674 4260 est
1734 4206 1787 4260 in
1842 4220 2021 4260 mores
2070 4205 2346 4258 hominum

790 4300 1067 4362 inducere,
1132 4314 1350 4354 necesse
1401 4306 1521 4359 est,
1582 4307 1640 4351 ut
1706 4312 1804 4351 nec
1873 4297 2347 4349 ratiocinationum

791 4390 1090 4444 subsidium
1125 4390 1461 4452 omittamus,
1502 4401 1811 4456 quanquam
1844 4425 1858 4450 ,
1890 4386 1945 4439 in
2001 4386 2164 4440 rebus
2197 4386 2348 4439 valde

790 4479 1119 4549 conspicuis,
1158 4478 1629 4547 argumentatione
1661 4476 1836 4545 patior
1862 4485 1945 4529 est
1989 4476 2341 4544 uniuscujus-

790 4590 891 4643 que
918 4573 1197 4642 praenotio.

974 4663 1247 4731 Scriptum
1294 4669 1396 4720 est,
1460 4659 1655 4727 inquit,
1690 4659 1762 4712 ‘in
1791 4657 2032 4712 Levitico
2064 4676 2075 4711 :
2114 4656 2342 4712 Uxorem
2372 4661 2413 4714 D

787 4770 939 4821 super
979 4768 1157 4805 sorore
1216 4751 1328 4817 ejus
1378 4766 1483 4802 non
1531 4750 1751 4818 accipies
1797 4747 2042 4801 ramulum
2073 4789 2086 4810 ,
2134 4749 2201 4801 ad
2257 4767 2341 4803 re-

788 4845 1057 4898 rclandam
1120 4841 1493 4909 turpitudinem
1549 4840 1660 4909 ejus
1736 4854 1889 4907 super
1946 4855 2061 4892 eam
2095 4880 2107 4903 ,
2176 4839 2345 4894 adhuc

790 4938 979 4989 vivente
1029 4950 1087 4986 ca
1142 4933 1180 4983 '.
1244 4930 1371 4985 Inde
1415 4931 1581 5001 igitur
1649 4928 1997 4985 manifestum
2041 4944 2160 4985 esse
2214 4928 2345 4983 dicit

791 5034 1015 5080 mortuae
1051 5038 1293 5079 sororem
1334 5024 1575 5091 accipere
1625 5022 1807 5076 licere.
1860 5020 1937 5074 Ad
1970 5020 2071 5073 hoc
2110 5020 2341 5090 primum

789 5116 1006 5185 quidem
1056 5115 1255 5177 dicam,
1297 5128 1635 5182 quascunque
1688 5112 1772 5165 lex
1806 5110 1962 5173 dicit,
2025 5110 2091 5163 iis
2146 5112 2240 5180 qui
2289 5112 2343 5164 in

790 5210 900 5278 lege
937 5215 1062 5260 sunt
1111 5206 1291 5260 dicere
1324 5222 1336 5269 ;
1380 5204 1581 5273 alioqui
1632 5203 1711 5258 sic
1746 5210 1799 5256 et
1848 5202 2253 5255 circumcisioni
2291 5210 2343 5256 et

788 5296 1023 5351 Sabbato
1058 5304 1108 5350 et
1166 5294 1507 5349 abstinentiae
1543 5294 1785 5348 ciborum
1819 5290 2188 5359 subjiciemur.
2239 5290 2343 5345 Ne-

788 5403 887 5457 que
920 5389 1061 5442 enim
1109 5387 1153 5441 si
1194 5386 1324 5455 quid
1382 5386 1723 5440 inveniamus
1777 5383 2085 5454 appositum
2140 5384 2342 5439 nostris

789 5477 1169 5545 voluptatibus,
1218 5477 1351 5546 jugo
1396 5476 1671 5532 servitutis
1704 5474 1838 5545 legis
1868 5488 1968 5528 nos
2022 5473 2125 5542 ipsi
2174 5475 2344 5541 subji-

788 5569 992 5620 ciemus
1020 5582 1031 5616 :
1062 5569 1105 5619 si
1152 5567 1281 5635 quid
1336 5573 1515 5619 autem
1556 5564 1731 5619 visum
1765 5564 1929 5619 fuerit
1968 5579 2128 5633 grave
2163 5564 2217 5617 in
2269 5566 2342 5617 Ie-

787 5658 1014 5727 galibus,
1052 5662 1180 5709 tunc
1208 5656 1275 5710 ad
1307 5656 1611 5712 libertatem
1635 5695 1650 5722 ,
1880 5670 2001 5723 qua:
2032 5655 2089 5708 in
2119 5653 2340 5708 Christo

785 5757 885 5812 est,
918 5746 1313 5818 confugiemus.
1357 5744 1679 5817 Interrogati
1729 5759 1918 5799 sumus
1960 5758 2025 5796 an
2080 5743 2339 5810 scriptum

782 5843 869 5904 sit,
926 5849 981 5893 ut
1035 5840 1337 5909 accipiatur
1387 5852 1527 5892 uxor
1575 5844 1696 5907 post
1741 5836 1914 5906 ipsius
1948 5849 2210 5890 sororem.
2253 5832 2339 5886 Di-

885 5956 897 5985 ¹
934 5950 1107 6007 Levit.
1145 5961 1300 6009 xvut,
1342 5942 1422 5999 18.

2449 3299 2672 3370 δύναμιν
2700 3300 2842 3370 ἕχον,
2876 3301 2963 3353 διὰ
2999 3302 3061 3354 τὸ
3084 3302 3171 3369 ὑφ’
3207 3301 3374 3368 ἁγίων
3400 3300 3608 3369 ἀνδρῶν
3640 3300 3766 3361 τοὺς
3788 3299 4028 3369 θεσμοὺς

2452 3393 2580 3460 ἡμῖν
2646 3391 3031 3461 παραδοθῆναι.
3090 3391 3256 3443 Τοῦτο
3298 3391 3353 3443 δὲ
3404 3390 3641 3442 τοιοῦτόν
3700 3390 3888 3442 ἐστιν*
3937 3392 4028 3443 es»

2449 3498 2550 3545 τις.
2583 3481 2742 3534 πάθει
2776 3482 3112 3554 ἀκαθαρσίας
3142 3483 3271 3535 ποτὲ
3301 3480 3609 3552 κρατηθεὶς,
3640 3481 3856 3551 ἐκπέσῃ
3892 3484 4029 3552 πρὸς

2447 3571 2589 3624 δυεῖν
2616 3571 2859 3639 ἀδελφῶν
2880 3570 3116 3641 ἄθεσμον
3139 3571 3448 3631 κοινωνίαν,
3487 3572 3622 3640 μήτε
3666 3573 3855 3640 γάμον
3884 3574 4031 3642 ἠγεῖ-

2452 3659 2573 3712 σθαι
2598 3658 2782 3711 τοῦτον
2814 3700 2831 3725 ,
2952 3658 3079 3729 μηθ’
3100 3659 3235 3721 ὅλως
3273 3660 3351 3722 εἰς
3395 3656 3716 3727 Ἐκκλησίας

2450 3749 2849 3818 παραδέχεσθαι
2900 3750 3181 3820 πρότερον,
3218 3750 3248 3818 ἢ
3285 3748 3531 3801 διαλῦσαι
3567 3749 3765 3810 αὐτοὺς
3801 3751 3905 3802 ἀπ’
3937 3749 4028 3805 ἁλ-

2448 3837 2642 3908 λήλων.
2677 3840 2840 3892 Ὥστε
2863 3842 2911 3892 εί
2936 3841 3029 3893 καὶ
3065 3840 3230 3909 μηδὲν
3263 3839 3446 3909 ἕτερον
3475 3839 3645 3890 εἰπεῖν
3676 3834 3767 3909 ἦν,
3800 3840 4027 3910 ἐξήρκει

2448 3930 2507 3982 τὸ
2537 3930 2655 3994 ἔθος
2699 3931 2832 4002 πρὸς
2864 3932 2961 4001 τὴν
2999 3930 3090 3983 τοῦ
3124 3930 3286 3983 καλοῦ
3419 3931 3682 4000 φυλακήν.
3724 3930 3949 4000 Ἐπειδὴ
3974 3932 4027 3983 δι

2449 4022 2478 4072 ὁ
2538 4020 2636 4090 τὴν
2686 4021 2973 4091 ἐπιστολὴν
3036 4019 3271 4090 γράψας,
3334 4020 3714 4089 ἐπιχειρήματι
3782 4020 4027 4089 κισδήλῳ

2451 4114 2615 4166 κακὸν
2644 4114 2893 4167 τοσοῦτον
2926 4113 3188 4182 ἐπειράθη
3212 4112 3289 4181 τῷ
3320 4111 3417 4181 βίῳ
3447 4112 3769 4177 ἐπαγαγεῖν,
3798 4111 4023 4178 ἀνάγκη

2451 4205 2583 4274 μηδὲ
2611 4208 2758 4275 ἡμᾶς
2790 4204 2888 4275 τῆς
2926 4206 2988 4258 ἐκ
3018 4204 3123 4257 τῶν
3164 4203 3434 4273 λογισμῶν
3464 4202 3713 4273 βοηθείας
3746 4202 4023 4269 ὑφέσθαι·

2449 4293 2619 4346 καίτοι
2651 4310 2714 4361 γε
2746 4295 2837 4346 ἐπὶ
2882 4294 2991 4345 τῶν
3038 4292 3241 4361 σφόδρα
3268 4292 3508 4360 ἐναργῶν
3539 4290 3740 4361 μείζων
3776 4292 3901 4343 ἐστὶ
3930 4290 4022 4342 τοῦ

2448 4382 2602 4450 λόγου
2632 4386 2663 4453 η
2697 4386 2823 4454 παρ’
2862 4385 3090 4436 ἑκάστου
3233 4383 3519 4454 πρόληψις.

2594 4654 2923 4725 Γέγραπται,
2980 4654 3163 4725 φησιν,
3206 4656 3262 4707 ὲν
3302 4653 3380 4725 τῷ
3424 4654 3708 4724 Δευῖτικῷ·
3737 4655 4017 4710 Pura?“

2442 4744 2533 4797 ἐπ’
2591 4744 2823 4813 ἀδελφῇ
2865 4744 3053 4813 αὐτῆς
3096 4746 3166 4797 οὐ
3191 4744 3363 4812 λήψῃ
3403 4743 3720 4811 ἀντίζηλον
3748 4785 3761 4810 ,
3793 4745 4016 4802 detorta»

2442 4836 2631 4902 ,ιύψιιι
2646 4834 2755 4899 τὴν
2769 4835 3203 4903 ἀσχτυιοσύνην
3216 4834 3367 4900 αὐτῆ
3374 4854 3403 4898 ς
3416 4834 3505 4885 ἐπ’
3520 4832 3691 4901 αὐτῇ,
3710 4834 3804 4887 ἔτι
3821 4834 4015 4903 ζώσης

2444 4922 2647 4990 αὐτῆς.
2681 4924 2844 4994 Δῆλον
2872 4924 2934 4993 δὴ
2967 4921 3058 4978 οὖν
3076 4927 3138 4978 ὲκ
3160 4912 3347 4977 τούτου
3379 4919 3516 4976 εἷναί
3545 4941 3727 4994 φησιν,
3764 4929 3851 4979 ὅτι
3886 4944 4016 4996 συγ-

2446 5016 2699 5083 χωρείται
2741 5013 3035 5082 λαμϐάνειν
3088 5013 3501 5083 τελευτησάσης.
3557 5014 3698 5083 Πρὸς
3742 5014 3811 5084 δὴ
3852 5017 4017 5069 τοῦτο

2447 5104 2656 5173 πρῶτον
2696 5105 2791 5174 μὲν
2831 5107 3004 5157 ὲκείνο
3064 5104 3204 5175 ἐρῶ·
3257 5106 3361 5167 ὅτι,
3413 5106 3507 5156 ὅσα
3555 5105 3583 5155 ὀ
3617 5104 3785 5172 νόμος
3832 5106 4012 5175 λέγει,

2444 5196 2555 5255 τοῖς
2572 5195 2626 5246 ὲν
2644 5194 2720 5263 τῷ
2744 5196 2892 5264 νόμῳ
2918 5194 3069 5246 λαλεῖ
3101 5206 3118 5223 '
3223 5195 3341 5247 ἐπεὶ
3361 5192 3499 5246 οὕτω
3518 5210 3580 5260 γε
3595 5193 3689 5244 καὶ
3704 5200 4011 5264 περιτομῇ,

2446 5284 2535 5336 καὶ
2585 5284 2861 5355 Σαϐϐάτῳ,
2914 5286 3004 5337 καὶ
3037 5287 3212 5355 ἀποχῇ
3258 5284 3553 5354 βρωμάτων
3580 5283 4008 5355 ὑποκεισόμεθα.

2444 5376 2518 5429 υύ
2544 5377 2649 5446 γὰρ
2672 5377 2754 5448 δὴ,
2781 5376 2874 5429 ὲάν
2908 5377 3005 5447 μέν
3028 5394 3079 5429 τι
3110 5375 3356 5446 εὕρωμεν
3389 5375 3671 5445 συντρέχον
3694 5375 3861 5444 ἡμῶν
3886 5380 4008 5439 ταῖς

2442 5466 2676 5536 ἡδοναῖς,
2737 5466 2813 5537 τῷ
2846 5466 2993 5536 ζυγῷ
3022 5466 3119 5535 τῆς
3158 5464 3395 5527 δουλείας
3428 5463 3519 5516 τοῦ
3571 5464 3735 5532 νόμου
3771 5464 4007 5527 ἑαυτοὺς

2444 5556 2811 5627 ὑποθήσομεν·
2867 5557 2962 5610 ὲάν
3004 5556 3061 5609 δέ
3113 5573 3164 5609 τι
3214 5558 3352 5625 φανῇ
3398 5554 3532 5624 βαρὺ
3574 5552 3681 5605 τῶν
3723 5554 3998 5622 νομίμων,

2442 5650 2561 5701 τότε
2620 5650 2752 5719 πρὸς
2804 5648 2900 5718 τὴν
2944 5650 3001 5701 ἐν
3061 5645 3278 5717 Χριστῷ
3320 5644 3624 5713 ἐλευθερίαν
3660 5645 4001 5714 ἀποδραμοῶ

2448 5738 2606 5809 μεθα.
2680 5738 3065 5809 Ἢρωτήθημεν
3244 5740 3291 5790 ει
3344 5737 3647 5805 γέγραπται
3698 5734 3997 5804 λαμϐάνειν

2444 5835 2675 5900 γυναῖκα
2730 5834 2813 5885 ἐπ’
2863 5833 3081 5903 ἀδελφῇ.
3117 5833 3375 5903 Εἴπομεν,
3414 5830 3545 5899 ὅπερ
3593 5826 3830 5896 ἀσφαλὲς
3862 5829 3993 5895 ἡμῐν
