4234 6450
200 454 308 520 813
1079 453 1161 517 IN
1202 456 1442 518 EPIST.
1480 456 1521 514 S
1586 453 1869 513 BASILH
1913 452 2012 511 AD
2050 446 2480 511 DIODORUM.
3295 430 3401 502 διδ

200 576 298 629 καὶ
319 574 535 645 ἀληθὲς,
564 574 642 629 ὅτι
674 574 732 625 οὐ
756 574 1078 645 γέγραπται.
1105 575 1179 627 Τὸ
1203 576 1247 627 δ’
1270 578 1332 627 ὲκ
1362 578 1457 643 τῆς
1500 572 1592 626 τοῦ
1620 574 1747 625 ἀκο-
1779 577 1819 631 Α
1850 584 1872 621 c

1729 602 1747 612 -
1779 577 1819 631 Α
1850 570 2049 627 cimus,
2083 565 2226 634 quod
2262 574 2434 617 tutum
2467 561 2620 615 nobis
2654 569 2736 615 est
2767 567 2821 612 et
2863 571 3070 621 verum,
3118 557 3219 609 hoc
3266 560 3401 609 scrt-

200 662 391 716 λούθου
437 664 716 733 ἐπιφορᾶς,
766 664 824 715 τὸ
863 664 1133 733 σιωπηθὲν
1176 663 1575 731 συλλογίζεσθαι
1602 678 1747 730 νομο-
1849 672 1872 725 Γ

1721 679 1747 712 ι-
1849 666 1998 725 ptum
2035 670 2141 708 non
2173 670 2314 708 esse.
2364 652 2518 718 Quod
2568 658 2745 705 autem
2797 650 3012 704 silentio
3068 646 3393 716 praetermis-

201 754 481 817 θετοῦντός
508 755 672 817 ἐστιν,
695 754 754 805 οὐ
774 755 842 806 τά
861 753 953 805 τοῦ
979 754 1139 823 νόμου
1163 754 1408 821 λέγοντος
1430 769 1442 782 ·
1473 754 1591 804 ἐπεὶ
1610 751 1750 803 οὓτω
1849 760 1873 799 ιι

1729 769 1750 802 ο
1849 760 1967 799 sum
2005 752 2109 806 est,
2160 743 2211 797 id
2246 740 2766 812 per‘consccutionis
2794 739 3087 793 illationem
3125 735 3401 805 colligere,

204 858 268 910 γε
324 843 534 908 ἐξέσται
584 842 1006 912 τῷ,βουλομένῳ
1061 844 1463 912 καταωλμῆσαι
1515 842 1606 894 καὶ
1672 841 1750 893 ἔτι
1850 836 1876 888 lt

1733 859 1750 893 ι
1850 833 2175 903 legislatoris
2202 841 2305 894 est,
2340 848 2447 886 non
2472 834 2635 901 legem
2669 830 2968 893 recitantis;
3005 824 3271 894 siquidem
3303 824 3403 877 hoc

204 930 383 1000 ζώσης
404 933 499 1001 τῆς
527 933 775 999 γυναικὸς
804 932 1093 1000 λαμϐάνειν
1126 933 1222 1001 τὴν
1257 932 1505 999 ἀδελφήν.
1540 931 1612 982 Τὸ
1645 929 1753 999 γὰρ
1852 938 1876 993 Ρ

1731 946 1753 999 ρ
1852 931 2009 993 pacto
2038 923 2224 977 licebit
2271 920 2469 974 volenti
2514 920 2723 972 facinus
2760 917 2998 986 aggredi,
3034 917 3195 969 etiam
3229 913 3403 967 adhuc

204 1022 338 1073 αὐτὸ
374 1022 527 1073 τοῦτο
580 1024 812 1089 σόφισμα
873 1022 965 1073 καὶ
1007 1023 1091 1073 ἐπ’
1130 1023 1336 1074 ἐκείνου
1386 1022 1632 1091 ἁρμόζει.
1661 1020 1754 1071 Γέ-

205 1111 601 1183 γραπτανγιὶρ,
639 1114 818 1178 φησὶν,
859 1114 939 1164 Οὐ
982 1109 1155 1177 λήψῃ
1198 1110 1532 1174 ἀντίζηλον,
1558 1106 1632 1170 ὡς
1657 1109 1755 1177 τήν

204 1213 272 1267 γε
297 1199 400 1263 ἔξω
452 1200 543 1251 τοῦ
577 1200 734 1267 ζῆλου
772 1199 951 1251 λαὸεῑν
980 1202 1078 1252 οὐκ
1123 1198 1409 1253 ἐκώλυσεν.
1456 1200 1511 1251 ⁸0
1541 1200 1604 1269 δὴ
1634 1216 1756 1251 συν-

204 1290 421 1359 ηγορῶν
477 1290 553 1359 τῷ
610 1289 767 1341 πάθει
821 1290 1154 1358 ἀζηλότυπον
1202 1286 1339 1341 εἶναι
1389 1289 1663 1359 διοριεῖται
1697 1289 1758 1340 τὸ

202 1376 335 1448 ἦθος
386 1381 492 1431 τῶν
540 1380 799 1446 ἀδελφῶν.
856 1373 1223 1450 Ἀνῃρημένης
1277 1375 1367 1431 οὖν
1408 1380 1507 1447 τῆς
1558 1378 1757 1440 αίτίας,

202 1452 273 1521 δι’
307 1471 370 1539 ἦν
396 1472 737 1538 ἀπηγόρευσε
771 1470 867 1539 τὴν
902 1469 1220 1538 ἀμφοτέρων
1262 1469 1589 1537 συνοίκησιν,
1621 1468 1673 1519 τί
1700 1467 1760 1519 τὸ

206 1558 411 1610 κωλύον
447 1559 593 1611 ἔσται
734 1557 1027 1628 Μμὸἀνειν
1076 1558 1174 1619 τὰς
1218 1554 1478 1625 ἀδελφάς;
1519 1556 1655 1608 Ἀλλ’
1699 1555 1759 1607 οὐ

204 1650 508 1717 γέγραπται
556 1648 742 1711 ταῦτα,
776 1650 1036 1718 φήσομεν.
1096 1646 1230 1698 Ἀλλ’
1278 1646 1396 1697 οὐδὲ
1424 1644 1605 1697 ἐκεῖνα
1630 1644 1761 1714 ῶρι-

208 1740 350 1790 σται.
404 1738 463 1789 Ἡ
497 1738 551 1789 δὲ
607 1737 781 1789 ἔννοια
838 1738 932 1790 τοῦ
976 1734 1265 1789 ἀκολούθου
1302 1734 1499 1804 ὁμοίως
1525 1732 1762 1803 ἀμφοτέ-

209 1842 335 1896 ραις
460 1826 557 1895 τὴν
582 1826 765 1879 ἄδειαν
785 1826 1014 1879 δίδωσιν.
1039 1824 1183 1876 Ἔδει
1215 1823 1291 1886 δὲ,
1326 1823 1419 1875 καὶ
1602 1819 1761 1891 μικὸν

1852 1015 2081 1066 viventis
2135 1012 2322 1065 uxoris
2390 1010 2635 1079 accipere
2690 1022 2953 1064 sororem.
3035 1006 3168 1059 Nam
3230 1007 3407 1073 ipsum

1856 1100 1983 1155 illud
2024 1101 2299 1169 sophisma
2335 1100 2499 1153 etiam
2548 1098 2612 1151 ad
2645 1109 2765 1152 eam
2806 1113 2919 1152 rem
2954 1098 3260 1165 appositum
3297 1102 3401 1147 est.

1856 1192 2130 1259 Scriptum
2175 1198 2259 1244 cst
2292 1228 2307 1251 ,
2372 1190 2547 1258 inquit
2583 1228 2597 1250 ,
2666 1187 2788 1240 Non
2834 1187 3053 1253 accipies
3115 1186 3407 1239 ciimlam:

1858 1281 2083 1349 proinde
2129 1278 2302 1346 accipi
2350 1292 2467 1331 eam
2513 1287 2665 1330 extra
2708 1277 3107 1330 mmulationem
3138 1290 3244 1328 non
3282 1286 3409 1341 pro-

1857 1367 2051 1421 hibuit.
2101 1366 2202 1431 Qui
2244 1375 2421 1420 autem
2477 1365 2683 1418 libidini
2726 1365 3176 1434 patrocinabitur,
3242 1379 3411 1417 temu-

1859 1456 2082 1510 lationis
2114 1465 2390 1525 expertem
2430 1470 2551 1509 esse
2600 1454 2885 1507 alhrmabit
2940 1453 3177 1507 indolem
3248 1467 3406 1507 soro-

1858 1560 1999 1600 rum.
2050 1545 2228 1611 Quare
2270 1547 2481 1599 sublata
2532 1560 2736 1606 causa,
2783 1545 2852 1599 ob
2911 1559 3073 1613 quam
3131 1543 3415 1596 ambarum

1860 1636 2192 1689 connubium
2250 1636 2569 1704 prohibuit,
2629 1636 2759 1705 quid
2813 1636 3068 1703 impediet
3125 1635 3416 1701 quominus

1862 1740 2080 1780 sorores
2130 1726 2509 1793 accipiantur?
2572 1724 2677 1779 Sed
2708 1726 2819 1780 hrec
2848 1725 3050 1793 scripta
3086 1739 3191 1777 non
3240 1737 3368 1778 sunt
3399 1766 3414 1788 ,

1864 1815 2091 1869 aiemus.
2164 1813 2267 1868 Sed
2322 1829 2495 1882 neque
2552 1813 2641 1867 illa
2698 1822 2899 1869 statuta
2954 1821 3099 1867 sunt.
3137 1812 3419 1868 Consecu-

205 1915 303 1968 ἐπὶ
356 1916 421 1966 τά
471 1915 698 1967 κατόπιν
754 1915 853 1983 τῆς
908 1912 1225 1984 νομοθεσίας
1277 1910 1758 1981 ἐπαναδραμόντα.
1790 1902 1877 1956 Βῑ

1749 1949 1758 1969 ,
1790 1902 1833 1956 Β
1861 1903 2027 1958 tionis
2057 1911 2236 1972 autem
2296 1900 2649 1971 intelligentia
2680 1903 2882 1971 pariter
2939 1903 3204 1956 ambabus
3254 1901 3421 1956 licen-

205 2004 549 2073 ἀπηλλάχθαι
600 2004 954 2074 πραγμάτων.
1022 2002 1203 2055 Ἔοικε
1257 2000 1366 2071 γὰρ
1404 2000 1463 2053 ού
1493 2001 1598 2052 πᾶν
1624 1995 1760 2060 εἶδος

201 2093 614 2163 ἁμαρτημάτων
680 2092 1098 2163 περιλαμϐάνειν
1168 2092 1198 2142 ὁ
1270 2090 1593 2159 νομοθέτηςο
1648 2088 1760 2140 ἀλλ’

206 2181 357 2244 ίδίως
388 2180 745 2251 ἀπαγορεύειν
774 2182 840 2233 τά
891 2180 997 2234 τῶν
1043 2178 1374 2247 Αἰγυπτίων,
1406 2178 1526 2231 ὅθεν
1554 2178 1762 2247 ἀπῆρεν

204 2274 238 2323 ό
287 2272 518 2340 Ἰσραὴλ.
550 2272 644 2324 καὶ
674 2270 743 2323 τὰ
788 2269 893 2322 τῶν
932 2268 1271 2333 Χαναναίων,
1305 2267 1438 2336 πρὸς
1491 2264 1582 2327 οὓς
1633 2263 1762 2332 μεθ-

207 2362 443 2416 ίσταται.
475 2364 625 2431 Ἔχει
678 2362 784 2431 γάρ
815 2362 985 2424 οὕτως
1014 2364 1047 2430 ἡ
1071 2360 1214 2423 λέξις
1236 2375 1252 2391 ο
1284 2359 1441 2413 Κατὰ
1471 2356 1542 2409 τὰ
1568 2356 1763 2421 saum-

208 2450 467 2520 δεύμιιτα
513 2451 617 2518 τῆς
643 2452 965 2521 Αἰγύπτου,
1025 2452 1095 2504 ἐν
1140 2449 1180 2518 ᾖ
1241 2445 1633 2516 tamaricum
1670 2444 1762 2497 ἐπ’

207 2540 417 2606 αὐτῆς.
441 2543 510 2593 οὺ
555 2541 862 2609 ποιήσετε·
912 2540 1009 2593 καί
1053 2540 1202 2592 κατὰ
1240 2538 1312 2591 τὰ
1336 2534 1765 2602 ἐπιτηδεύματα

211 2629 324 2699 γῆς
372 2632 627 2693 Χαναὰν,
662 2632 749 2695 είς
792 2630 871 2697 ἢν
912 2629 1026 2697 ἐγὼ
1064 2626 1282 2691 είσάξω
1326 2624 1479 2693 ὑμᾶς
1518 2623 1659 2688 ἐκεῖ,
1693 2623 1763 2675 οὐ

210 2720 506 2781 ποιήσετε,
567 2720 661 2772 καὶ
694 2721 762 2771 ἐν
806 2718 927 2782 τοῖς
981 2718 1250 2787 νομίμοις
1451 2712 1645 2766 αὐτῶν
1693 2713 1763 2763 οὐ

211 2810 597 2874 πορεύσεσοε.
635 2807 796 2858 Ὥστε
854 2804 1011 2857 τοῦτο
1067 2804 1211 2867 εἰκός
1253 2819 1356 2855 που
1538 2800 1600 2852 τὸ
1629 2795 1766 2862 εἶδος

208 2900 308 2967 τῆς
363 2897 630 2967 ἁμαρτίας
686 2898 758 2965 μὴ
815 2894 1259 2965 ἐμπολιτεύεσθαι
1315 2893 1432 2946 τότε
1469 2891 1616 2961 παρά
1655 2893 1765 2953 τοῖς

208 2989 417 3041 εθνεσι·
448 2988 526 3040 διὸ
563 2987 695 3056 μηδὲ
747 2987 844 3055 τῆς
897 2989 981 3038 ἐπ’
1016 2985 1161 3054 αύτῷ
1210 2983 1450 3051 φυλακῆς
1493 2980 1767 3049 προσδεη-

206 3076 365 3145 θῆναι
411 3076 498 3128 τὸν
542 3077 853 3145 νομοθέτην,
884 3076 996 3128 ἀλλ’
1033 3073 1364 3143 ἀρκεσθῆναι
1394 3072 1469 3140 τῷ
1502 3070 1765 3138 ἀδιδάκτῳ

206 3165 318 3216 εθει
370 3168 500 3234 πρὸς
558 3166 653 3234 τὴν
699 3164 790 3216 τοῦ
830 3163 1030 3233 μύσους
1074 3162 1345 3232 διαϐολήν.
1406 3160 1530 3223 Πῶς
1568 3156 1763 3225 οὗν,τδ

209 3254 395 3323 μεῖζον
457 3255 855 3324 ἀπαγορεύσας,
890 3254 947 3306 τὸ
1003 3252 1217 3305 ἔλαττον
1265 3250 1595 3317 ὲσιώπησεν;
1641 3249 1759 3301 Ὀτι

205 3343 382 3396 ἀδόκει
413 3344 638 3407 πολλοὺς
668 3344 776 3397 τῶν
810 3345 1172 3415 φιλοσάρκων,
1207 3344 1340 3412 πρὸς
1372 3343 1432 3393 τὸ
1458 3341 1537 3393 ἔτι
1563 3339 1760 3403 ζώσαις

203 3434 460 3501 ἀδελφαῖς
521 3438 820 3495 συνοικεῖν,
891 3435 951 3486 τὸ
1004 3434 1304 3501 ὑπόδειγμα
1368 3431 1620 3501 βλάπτειν
1668 3429 1760 3483 τοῦ

209 3524 564 3593 πατριάρχου.
608 3526 782 3593 Ἢμᾶς
834 3524 888 3576 δὲ
937 3523 989 3575 τί
1032 3525 1136 3595 χρὴ
1174 3525 1379 3586 ποιεῖν;
1416 3523 1494 3575 Τὰ
1522 3539 1762 3592 γεγραμ-

210 3615 350 3682 μένα
393 3614 646 3686 λέγειν,ἣ
687 3616 753 3667 τά
804 3614 1141 3684 σιωπηθέντα
1199 3612 1760 3684 προσεξεργάζεσθαις

209 3704 416 3755 Αὐτίκα
440 3704 497 3755 τὺ
533 3707 605 3773 μὴ
650 3706 757 3757 δεῖν
806 3707 904 3774 pia
951 3706 1140 3774 ἑταίρᾳ
1192 3704 1488 3774 κεχρῆσθαι
1554 3704 1763 3773 πατέρα

211 3793 305 3845 καὶ
370 3795 479 3845 υίδν
531 3798 588 3847 ὲν
619 3795 717 3856 μὲν
743 3797 853 3857 τοῖς
876 3794 1059 3865 νόμοις
1086 3793 1295 3857 τούτοις
1338 3794 1398 3845 ού
1436 3793 1759 3872 γέγραπται,

212 3882 364 3951 παρά
390 3883 445 3935 δὲ
470 3882 544 3951 τῷ
575 3885 834 3953 Προφήτῃ
870 3885 1133 3953 μεγίστης
1163 3883 1493 3953 κατηγορίας
1521 3883 1759 3952 ἠξίωται.

219 3972 353 4033 Υἱὸς
380 3973 506 4040 γὰρ,
556 3975 707 4042 φησι,
753 3973 847 4026 καὶ
884 3973 1078 4040 πατὴρ
1102 3972 1250 4041 πρὸς
1281 3972 1394 4039 τὴν
1421 3973 1613 4040 αὐτὴν
1638 3986 1765 4026 παι-

211 4063 434 4127 δίσκην
460 4064 926 4131 εισεπορεύοντο.
946 4063 1092 4117 Πόσα
1110 4064 1165 4116 δὲ
1186 4065 1298 4132 εῐδη
1328 4064 1460 4118 ἀλλα
1495 4063 1603 4116 τῶν
1631 4064 1765 4116 ἀκα-

209 4152 425 4222 θάρτων
492 4154 675 4207 παθῶν
725 4155 785 4206 τὺ
838 4156 934 4223 μὲν
965 4155 1069 4207 τῶν
1098 4155 1362 4225 δαιμόνων
1404 4154 1764 4207 διδασκαλεῖον

214 4242 453 4310 ἐξεῦρεν,
485 4245 515 4312 η
557 4244 638 4313 δὲ,
666 4244 784 4297 θεία
822 4244 1009 4315 Γραφὴ
1066 4245 1434 4313 ἀπεσιώπησε,
1472 4244 1533 4297 τὸ
1573 4244 1765 4313 σεμνὸν

213 4333 411 4400 ἑαυτῆς
432 4336 548 4395 ταῖς
580 4334 686 4386 τῶν
714 4335 951 4403 αἰσχρῶν
978 4336 1289 4404 ὀνομασίαις
1315 4335 1765 4404 καταρρυπαίνειν

210 4424 311 4491 οὐχ
351 4423 661 4492 αἱρουμένη,
711 4423 843 4476 ἀλλά
874 4428 1105 4492 γενικοῖς
1141 4426 1363 4493 ὀνόμασι
1395 4426 1492 4489 τὰς
1520 4426 1762 4497 ἀκαθαρ-

1862 1993 1990 2047 tiam
2057 1994 2266 2047 tribuit.
2319 1984 2517 2045 Verum
2581 1994 2865 2061 oportebat
2914 1994 3188 2062 paulisper
3250 1992 3317 2047 ad
3356 2008 3421 2047 ea

1862 2099 1982 2152 qua:
2046 2084 2215 2154 legem
2279 2084 2589 2150 prmceduut
2650 2084 3026 2146 recurrendo,
3109 2082 3420 2138 difﬁcultate

1862 2173 2100 2226 liberari.
2159 2171 2381 2226 Videtur
2410 2175 2552 2225 enim
2588 2187 2695 2225 non
2744 2187 2905 2228 omne
2932 2186 3278 2243 peccatorum
3328 2188 3419 2242 ge-

1862 2277 1967 2315 nus
2038 2262 2496 2331 comprehendere
2557 2262 2834 2331 legislator
2874 2280 2890 2315 :
2926 2265 3021 2319 sed
3078 2266 3422 2334 peculiariter

1862 2350 2238 2422 A'ngptiorum
2298 2355 2438 2407 unde
2503 2350 2666 2408 Israel
2718 2356 2945 2417 exierat,
3000 2365 3056 2410 et
3084 2357 3421 2412 Chananeo-

1864 2454 1982 2492 rum
2014 2440 2079 2493 ad
2124 2455 2261 2509 quos
2312 2441 2774 2508 transferebatur,
2845 2461 3024 2499 mores
3071 2446 3418 2502 interdicere.

1866 2529 1957 2585 Sic
1990 2530 2132 2585 enim
2180 2533 2343 2586 habet
2384 2533 2449 2585 ad
2509 2534 2734 2587 verbum
2774 2552 2787 2588 :
2849 2536 3146 2589 Secundum
3175 2538 3424 2590 instituta

1865 2632 2016 2675 terra:
2068 2621 2285 2691 As'gypti
2313 2663 2326 2687 ,
2370 2625 2422 2676 in
2477 2642 2580 2691 qua
2628 2624 2906 2679 habitastis
2958 2628 3010 2679 in
3040 2643 3102 2679 ea
3137 2667 3151 2690 ,
3187 2644 3287 2680 non
3339 2628 3424 2696 fa-

1865 2714 2011 2765 cietis
2058 2729 2075 2765 :
2130 2724 2181 2766 et
2234 2714 2514 2767 secundum
2560 2717 2803 2769 instituta
2840 2726 2990 2770 terrm
3023 2716 3309 2782 Chanaan,
3366 2719 3424 2770 in

1863 2818 2020 2871 quam
2051 2818 2142 2869 ego
2180 2802 2422 2854 inducant
2459 2819 2544 2855 eos
2594 2803 2720 2855 illuc
2748 2844 2761 2866 ,
2820 2821 2922 2857 non
2972 2805 3179 2873 facietis
3207 2844 3221 2868 ,
3265 2821 3427 2875 neque

1865 2893 1918 2944 in
1963 2892 2206 2962 legitimis
2268 2910 2447 2946 eorum
2512 2894 2850 2947 ambulabitis
2900 2892 2940 2948 ¹.
2982 2894 3289 2950 Verisimile
3338 2902 3424 2949 est

1866 2980 1966 3032 hoc
1999 2981 2205 3049 peccati
2243 2996 2414 3049 genus
2452 2988 2582 3035 tunc
2611 2982 2751 3036 inter
2778 2991 2966 3052 gentes
3001 2998 3108 3037 non
3158 2983 3420 3051 viguisse.

1866 3069 2202 3139 Quapropter
2237 3086 2373 3138 opus
2409 3086 2515 3123 non
2576 3071 2676 3124 fuit
2707 3074 3024 3140 legislalori,
3069 3082 3127 3127 ut
3161 3073 3292 3126 illud
3333 3088 3424 3128 ca-

1864 3160 2097 3215 vendum
2122 3170 2339 3214 curaret
2374 3178 2386 3213 :
2417 3163 2508 3216 sed
2546 3164 2678 3217 satis
2708 3164 2756 3216 ei
2801 3164 2902 3218 fuit
2931 3180 3047 3219 mos
3085 3180 3195 3217 non
3223 3164 3420 3220 doctus

1863 3247 1929 3300 ad
1982 3248 2203 3303 sceleris
2261 3250 2753 3316 reprehensionem.
2806 3252 3089 3317 Quomodo
3119 3254 3282 3322 igitur
3308 3269 3425 3307 ma-

1858 3337 1978 3404 jore
2030 3340 2234 3399 vetito,
2276 3339 2455 3390 minus
2510 3341 2906 3406 prmtcrmisit?
2943 3343 3079 3407 Quia
3135 3345 3423 3399 videbatur

1862 3429 2047 3483 multis
2094 3431 2243 3482 carni
2306 3430 2731 3499 indulgentibus,
2766 3440 2968 3487 utcum
2994 3436 3280 3490 sororibus
3327 3436 3422 3488 ad-

1866 3518 1970 3571 huc
2030 3519 2339 3573 viventibus
2401 3522 2748 3586 habitarent,
2803 3525 3024 3577 noxium
3074 3541 3195 3579 esse
3240 3542 3423 3580 exem-

1862 3606 2007 3674 plum
2047 3609 2385 3675 patriarchae.
2422 3608 2530 3662 Nos
2562 3618 2737 3665 autem
2790 3614 2917 3681 quid
2955 3613 3131 3669 facere
3166 3620 3423 3685 oportet?

1864 3696 1992 3759 Quae
2033 3698 2234 3765 scripta
2266 3706 2393 3751 sunt
2427 3699 2627 3762 dicere,
2680 3716 2748 3753 an
2782 3705 3148 3770 praetermissa
3199 3721 3424 3760 accum-

1865 3786 1971 3840 tius
2027 3787 2315 3841 scrutari?
2360 3787 2657 3851 Protinus,
2704 3807 2812 3847 non
2864 3802 3112 3862 Oportere
3172 3796 3249 3849 uti
3316 3813 3422 3851 una

1865 3877 2054 3945 pellice
2086 3884 2290 3945 patrem
2322 3887 2376 3932 et
2421 3881 2623 3942 tilium,
2674 3881 2729 3933 in
2782 3882 2869 3936 his
2920 3885 3128 3952 legibus
3160 3886 3421 3949 scriptum

1864 3982 1973 4020 non
2007 3976 2133 4029 est,
2189 3968 2282 4022 sed
2346 3969 2485 4039 apud
2528 3969 2851 4041 Prophetam
2907 3976 3118 4029 crimini
3185 3980 3423 4032 maximo

1864 4057 2041 4111 datur.
2088 4056 2260 4113 Filius
2303 4061 2472 4125 enim,
2516 4062 2725 4131 inquit,
2773 4073 2822 4117 et
2876 4075 3024 4131 pater
3073 4067 3141 4118 ad
3186 4071 3419 4121 eamdem

1864 4148 2091 4217 puellam
2123 4149 2546 4218 ingrediebantur
2602 4155 2641 4206 ¹.
2696 4156 2838 4219 Quot
2881 4166 3057 4211 autem
3105 4159 3208 4211 alia
3264 4162 3418 4229 cupi-

1864 4234 2091 4290 ditatum
2166 4237 2501 4307 impurarum
2579 4256 2775 4311 genera
2838 4243 3142 4299 daamouum
3200 4235 3419 4317 quidem

1867 4326 2113 4381 doctrina
2148 4329 2495 4398 excogitavit,
2530 4334 2700 4385 tacuit
2732 4349 2862 4388 vero
2890 4335 3071 4389 divina
3110 4336 3416 4406 Scriptura,

1868 4418 2204 4473 honestatem
2251 4435 2403 4475 suam
2455 4436 2636 4477 rerum
2687 4426 2921 4493 turpium
2964 4429 3418 4496 appellationibus

216 4510 336 4570 σὲας
388 4508 648 4563 διέϐαλενῐ
694 4512 779 4573 Ὡς
809 4512 901 4563 καὶ
942 4513 969 4564 ό
1014 4512 1302 4575 ἀπόστολος
1346 4513 1553 4575 Παῦλός
1592 4531 1757 4583 φησιι-
1795 4509 1888 4598 Df

1745 4533 1757 4545 -
1795 4545 1838 4598 υ
1868 4509 2073 4563 fcedare
2109 4509 2301 4564 nolens
2322 4548 2337 4573 ,
2370 4510 2464 4565 sed
2493 4514 2787 4580 generatim
2814 4515 3154 4583 impuritates
3206 4521 3415 4587 vitupe-

214 4600 465 4664 Πορνεία
484 4599 549 4650 δὲ
576 4600 667 4651 καί
698 4600 1030 4667 ἀκαθαρσία
1042 4600 1208 4656 πᾶσα
1228 4602 1381 4670 μηδὲ
1397 4602 1762 4671 ὀνομαᾱέσθω

214 4685 285 4735 ἐν
317 4685 475 4751 ὑμῖν,
498 4686 685 4751 καθὼς
718 4686 918 4753 πρέπει
960 4688 1147 4755 ἁγίοις
1166 4704 1181 4719 ο
1213 4688 1290 4759 τῷ
1311 4691 1406 4758 τῆς
1432 4690 1763 4760 ἀκαθαρσίας

213 4773 432 4841 ὀνόματι
489 4776 584 4836 τάς
634 4792 690 4826 τε
719 4776 1092 4845 τῶνάῥρἐων
1125 4778 1510 4847 ἀρρητοποιίας
1538 4781 1629 4831 καὶ
1665 4779 1763 4842 τὰς

209 4865 320 4917 τῶν
341 4863 562 4933 θηλειῶν
584 4865 1179 4934 περιλαμϐάνωνῘΩστε
1205 4868 1263 4920 οὐ
1295 4869 1505 4932 πάντως
1528 4870 1561 4939 ἡ
1587 4872 1761 4941 σιωπὴ

212 4955 394 5009 ἄδειαν
424 4957 573 5025 φέρει
607 4960 715 5019 τοῖς
754 4958 1069 5027 φιληδόνοις.

363 5123 504 5190 Ἐγὼ
524 5121 713 5178 δὶούδὶ
740 5122 1105 5195 σεσιωπῆσθαι
1130 5124 1190 5178 τὸ
1229 5126 1391 5196 μέρος
1421 5128 1574 5180 τοῦτό
1600 5146 1762 5201 φημι,

212 5216 347 5269 ἀλλά
382 5215 472 5268 καὶ
520 5215 658 5267 πάνυ
688 5214 928 5284 σφοδρῶς
961 5216 1387 5285 ἀπηγορευκέναι
1422 5218 1513 5272 τὸν
1540 5222 1763 5290 νομοθέ-

212 5322 324 5374 την.
354 5303 425 5355 Τδ
454 5303 579 5371 γὰρ,
630 5306 749 5356 Οὐκ
799 5305 1113 5371 εὶσελεύσῃ
1157 5306 1303 5373 πρὸς
1326 5308 1519 5361 πάντα
1550 5310 1764 5365 οικεῖσν

211 5396 436 5459 σαρκός
463 5406 599 5454 σου,
647 5394 1029 5460 ἀποκαλύψαι
1075 5396 1515 5466 ἀσχημοσύνην
1548 5400 1743 5455 αὐτῶν

211 5483 626 5551 ἒμπεριεκτικόν
657 5484 769 5535 ἐστι
797 5485 888 5534 καὶ
910 5483 1095 5535 τούτου
1124 5485 1213 5537 τοῦ
1245 5487 1413 5551 εἴδους
1440 5490 1539 5558 τῆς
1570 5492 1762 5545 οἰκειό-

211 5588 369 5639 τητος
422 5571 484 5622 Τί
510 5574 616 5641 γὰρ
638 5573 700 5624 ἂν
748 5573 951 5638 γένοιτο
983 5574 1303 5643 οίκειότερον
1331 5578 1480 5645 ἀνδρὶ
1508 5580 1604 5646 τῆς
1634 5582 1759 5633 ἑαυ-

209 5658 301 5709 τοῦ
329 5659 605 5725 γυναικὸς.
636 5659 833 5727 μᾶλλον
868 5660 921 5711 δὲ
944 5660 1042 5728 τῆς
1072 5663 1263 5714 ἑαυτοῦ
1296 5666 1521 5734 σαρκόςς
1557 5669 1629 5719 Ού
1655 5671 1762 5739 γὰρ

208 5751 287 5801 ἔτι
321 5749 425 5800 είσὶ
450 5749 559 5811 δύο,
602 5749 733 5801 ἀλλά
768 5749 904 5820 σάρξ
953 5751 1067 5819 μία.
1100 5752 1255 5803 Ὥστε
1279 5754 1365 5805 διὰ
1385 5755 1482 5823 τῆς
1510 5759 1761 5822 γυναικὸς

270 5906 285 5935 ⁸
314 5900 495 5959 Levit.
532 5908 763 5973 ιι·ιιι,5.
845 5912 863 5942 ⁸
908 5909 1073 5967 Amos
1104 5929 1161 5981 ιι,
1206 5914 1255 5966 7.
1336 5915 1355 5946 ⁸
1385 5915 1584 5985 Ephes.
1620 5934 1671 5985 v,
1711 5921 1765 5976 5.

1865 4600 2044 4653 ravitl
2100 4598 2192 4652 Sic
2221 4609 2281 4653 ut
2310 4608 2364 4653 et
2392 4598 2682 4670 Apostolus
2719 4601 2918 4660 Paulus
2955 4608 3030 4660 ait
3061 4627 3072 4661 :
3112 4607 3417 4664 Fornicatio

1867 4698 2036 4744 autem
2089 4699 2139 4743 et
2178 4693 2347 4745 omnis
2390 4694 2718 4746 inmunditia
2773 4712 2834 4748 ne
2882 4701 3174 4753 nominetur
3211 4702 3415 4769 quidem

1867 4782 1919 4832 in
1954 4782 2117 4842 vobis,
2160 4782 2295 4833 sicut
2346 4782 2485 4834 decet
2546 4785 2796 4837 sanctos'
2857 4804 2870 4838 :
2912 4788 3266 4845 immunditiae
3313 4807 3415 4845 no-

1866 4868 2011 4921 mine
2045 4877 2157 4922 tum
2190 4870 2426 4923 virorum
2452 4881 2566 4925 tum
2592 4873 2879 4927 mulierum
2908 4877 3143 4933 obscena
3173 4880 3414 4935 facinora

1866 4958 2353 5026 comprehenderis.
2382 4961 2559 5025 Quare
2580 4976 2691 5017 non
2715 4965 2938 5019 omnino
2965 4967 3237 5022 silentium
3252 4970 3415 5025 licen-

1865 5044 1995 5098 tiam
2018 5044 2111 5098 dat
2136 5046 2477 5118 voluptariis.

1896 5134 2049 5207 ιιι
2064 5134 2554 5207 Egoautemueque
2585 5142 2803 5195 tacitam
2834 5143 2980 5198 illam
3005 5155 3210 5215 partem
3246 5149 3414 5206 fuisse

1853 5223 1979 5279 dico
2015 5243 2029 5280 :
2078 5225 2187 5280 imo
2233 5225 2395 5280 etiam
2436 5242 2466 5281 a
2501 5228 2810 5299 legislature
2850 5235 3197 5292 vehementer
3230 5241 3415 5294 admo-

1852 5314 1979 5370 dum
2006 5314 2174 5372 fuisse
2198 5316 2549 5387 prohibitam.
2593 5319 2729 5375 Illud
2756 5323 2923 5389 enim,
2952 5323 3075 5378 Non
3109 5329 3412 5396 ingredieris

1851 5407 1921 5460 ad
1984 5424 2186 5460 omnem
2254 5411 2427 5462 carnis
2494 5418 2597 5464 tua:
2672 5413 2885 5482 afﬁnem
2950 5416 3015 5469 ad
3082 5420 3411 5473 revelandam

1849 5515 2028 5553 eorum
2064 5500 2437 5567 turpitudinem
2472 5501 2514 5565 ⁸,
2586 5503 2727 5560 hanc
2761 5508 2924 5561 etiam
2980 5510 3255 5566 afﬁnitatis
3289 5529 3411 5581 spe-

1851 5589 1986 5643 ciem
2037 5592 2438 5659 complectitur.
2490 5592 2699 5649 Etenim
2739 5598 2867 5665 quid
3090 5601 3205 5653 viro
3254 5603 3409 5657 aliine

1850 5678 2021 5745 magis
2059 5688 2332 5748 estquam
2378 5696 2475 5734 sua
2522 5683 2694 5753 ipsius
2727 5702 2897 5753 uxor,
2948 5689 3054 5742 imo
3104 5706 3264 5759 quam
3310 5708 3406 5745 sua

1850 5766 2021 5835 ipsius
2070 5771 2240 5823 caro?
2296 5768 2414 5831 Non
2465 5776 2609 5830 enim
2659 5778 2892 5847 amplius
2923 5781 3041 5834 (luce
3090 5791 3259 5845 sunt.
3311 5786 3403 5839 sed

1866 5910 1886 5941 ⁸
1919 5908 2092 5972 Levit.
2114 5933 2269 5988 xvin,
2310 5922 2363 5977 6.
