4234 6450
794 378 899 442 815

2035 370 2307 434 THEOD.
2352 366 2751 433 BALSAMON

3901 349 4009 412 816

803 524 905 562 una
937 524 1084 564 caro.
1138 509 1325 579 Itaque
1363 523 1458 577 per
1487 521 1710 561 uxorem
1767 519 1923 560 soror
1981 502 2046 556 ad
2099 503 2199 556 viri
2240 502 2349 554 ani.
2377 499 2420 550 Δ
2451 491 2704 563 manet;
2731 488 2867 558 πρὸς
2887 486 2984 557 τὴν
3015 482 3106 538 τοῧ

2322 533 2349 551 η.
2377 499 2420 550 Δ
2451 496 2482 563 ή
2504 491 2704 561 ἀδελφὴ
2731 488 2867 558 πρὸς
2887 486 2984 557 τὴν
3015 482 3106 538 τοῦ
3132 482 3317 552 ἀνδρὸς
3341 480 3640 549 οἰκειότητα
3673 478 4006 547 μεταϐαίνει.

798 600 1018 653 nitatem
1080 600 1303 653 transit.
1366 596 1829 663 Quemadmodum
1902 594 2046 649 enim
2123 600 2348 645 matrem

800 690 983 743 uxoris
1027 706 1132 742 non
1199 696 1458 754 assumet,
1511 702 1685 755 neque
1730 686 1892 753 ﬁliam
1945 682 2175 744 uxoris,
2225 695 2348 749 pro-

797 787 977 847 pterea
1008 778 1149 846 quod
1191 793 1362 846 neque
1419 791 1573 831 suam
1633 776 1803 844 ipsius
1867 781 2125 833 matrem,
2174 784 2350 838 neque

796 882 948 921 suam
984 868 1153 935 ipsius
1190 866 1387 930 ﬁliam;
1441 867 1513 919 ita
1566 880 1664 918 nec
1718 865 1903 916 uxoris
1936 876 2203 921 sororem,
2231 873 2350 925 pro-

796 966 977 1026 pterea
1008 957 1150 1026 quod
1192 972 1366 1023 neque
1422 970 1573 1009 suam
1604 954 1772 1021 ipsius
1815 965 2073 1005 sororem.
2129 947 2192 1000 Et
2230 949 2348 1000 vice

795 1061 971 1110 versa,
1007 1060 1180 1114 neque
1227 1046 1382 1098 uxori
1418 1043 1598 1096 licebit
1638 1055 1757 1094 sese
1786 1039 1885 1091 viri
1940 1036 2186 1089 amnibus
2218 1049 2347 1088 cou-

790 1136 1035 1205 jungere.
1096 1135 1231 1187 Sunt
1269 1135 1409 1187 enim
1456 1133 1707 1200 utrinque
1746 1127 2048 1181 communia
2076 1125 2344 1177 aﬂinitatis

790 1229 932 1294 jura.
1001 1224 1110 1293 Ego
1158 1238 1319 1291 porro
1365 1223 1584 1274 cuilibet
1650 1218 1715 1271 de
1791 1216 1994 1282 nuptiis
2039 1214 2346 1267 consulenti

794 1314 1076 1377 testiﬁcor,
1111 1313 1389 1381 prwterire
1434 1313 1658 1380 llguram
1692 1308 1852 1375 hujus
1876 1304 2082 1367 mundi,
2131 1313 2185 1357 et
2211 1312 2348 1357 tem-

793 1420 895 1471 pus
918 1405 1077 1457 breve
1103 1417 1245 1463 esse,
1300 1400 1363 1453 Ut
1390 1402 1476 1468 qui
1511 1399 1697 1449 habent
1742 1412 1927 1447 uxores
1959 1403 2207 1461 tanquam
2246 1408 2346 1443 non

795 1495 1033 1545 habentes
1056 1493 1159 1545 sint
1214 1490 1252 1544 ¹.
1284 1490 1436 1554 Quod
1466 1490 1511 1541 si
1542 1488 1672 1541 milii
1700 1498 1977 1555 perperam
2002 1485 2141 1550 legat
2178 1482 2341 1534 illud:

794 1581 1022 1635 Crescite
1044 1590 1089 1634 et
1126 1580 1547 1646 multiplicamini
1599 1576 1617 1604 '
1660 1596 1671 1628 :
1711 1575 1858 1627 rideo
1898 1575 2069 1640 legum
2102 1579 2343 1639 tempora

795 1686 903 1725 non
934 1671 1353 1724 discernentem.
1384 1664 1781 1721 Fornicationis
1817 1662 2111 1716 remedium
2146 1662 2346 1729 nuptiae

794 1757 1062 1819 secunda',
1099 1770 1207 1809 non
1246 1756 1464 1808 occasio
1518 1753 1766 1806 lasciviae.
1820 1748 1876 1802 Si
1927 1762 1983 1800 se
2030 1762 2138 1800 non
2172 1750 2346 1802 conti-

794 1854 943 1909 nent,
974 1846 1198 1910 nubant,
1222 1845 1395 1916 inquit
1442 1847 1483 1910 ³,
1518 1858 1625 1897 non
1657 1857 1783 1896 vero
1805 1849 1855 1895 et
1886 1838 2149 1894 nubentes
2173 1838 2345 1908 legem

793 1939 1011 1993 violent.

950 2028 1042 2082 lsti
1073 2035 1272 2091 autem,
1310 2042 1539 2096 quorum
1574 2028 1788 2083 animus
1825 2030 1952 2084 vitio
1988 2026 2344 2100 turpitudinis

794 2121 975 2189 lippus
1000 2126 1101 2183 est,
1141 2134 1209 2172 ne
1240 2120 1305 2170 ad
1343 2126 1591 2171 naturam
1622 2120 1837 2188 quidem
1867 2124 2187 2191 respiciunt,
2226 2134 2345 2189 qute

789 2211 902 2279 jam
948 2210 1077 2263 olim
1115 2209 1331 2278 generis
1379 2209 1598 2262 nomina
1638 2209 1917 2264 discrevit.
1952 2212 2028 2265 Ex
2058 2226 2165 2282 qua
2198 2208 2343 2264 enim

793 2301 1115 2372 cognatione
1143 2305 1301 2352 natos
1339 2298 1726 2367 appellabunt?
1759 2298 2074 2367 Fratresne,
2103 2316 2171 2355 an
2212 2314 2345 2355 con-

790 2386 1043 2440 sobrinos
1107 2387 1423 2440 vocabunt?
1478 2386 1744 2455 siquidem
1804 2403 1998 2442 nomen
2057 2397 2344 2458 utrumque

789 2477 872 2532 eis
922 2476 994 2530 ob
1042 2476 1415 2531 confusionem
1474 2476 1744 2545 congruit.
1799 2476 1876 2530 Ne
1914 2477 2118 2546 facias,
2158 2494 2191 2533 ο
2241 2480 2339 2533 bo-

790 2581 910 2631 mo,
966 2566 1181 2619 amitam
1236 2581 1520 2620 novercam
1587 2565 1909 2631 infantium;
1964 2584 2064 2623 nec
2114 2585 2232 2638 qua:
2285 2570 2339 2622 in

789 2653 980 2707 matris
1024 2653 1143 2707 loco
1188 2651 1368 2707 fovere
1405 2652 1583 2715 debet,
1614 2667 1733 2705 eam
1776 2653 2118 2709 aemulatione
2150 2654 2341 2724 impla-

790 2742 951 2795 cabili
1006 2742 1323 2797 armaveris.
1359 2740 1491 2794 Nam
1545 2741 1719 2795 solum
1770 2756 2122 2797 novercarum
2172 2759 2340 2813 genus

789 2832 951 2885 etiam
982 2840 1107 2899 post
1136 2840 1367 2884 mortem
1399 2831 1582 2884 odium
1614 2845 1677 2884 ac
1706 2831 2043 2885 inimicitiam
2075 2833 2337 2887 extendit.

791 2922 927 2984 lino,
962 2922 1054 2975 alii
1109 2921 1313 2975 inimici
1357 2922 1585 2975 mortuis
1617 2922 2067 2987 reconciliantur;
2099 2937 2341 2978 novercae

789 3013 973 3067 odisse
1014 3020 1135 3081 post
1179 3019 1406 3065 mortem
1454 3009 1740 3078 incipiunt.
1794 3007 2015 3063 Summa
2068 3010 2338 3067 dictorum

788 3116 902 3156 meo
931 3110 1013 3156 est
1050 3122 1062 3156 :
1102 3101 1159 3154 Si
1208 3102 1330 3170 quis
1381 3100 1616 3169 legitime
1661 3099 1881 3167 nuptias
1913 3102 2149 3168 appetit,
2195 3109 2338 3155 totus

2461 584 2545 644 Ὠς
2574 582 2681 650 γὰρ
2717 579 2923 648 μητέρα
2948 574 3200 643 γυναικὸς
3234 572 3294 623 ού
3320 570 3563 639 λήψεται,
3591 568 3708 621 οὐδὲ
3736 567 4012 637 θυγατέρα

2448 674 2544 741 τῆς
2574 670 2851 737 γυναικὸς,
2898 666 3029 719 διότι
3062 663 3193 734 μηδὲ
3238 660 3336 731 τὴν
3372 658 3563 712 ἑαυτοῦ
3597 658 3827 727 μητέρα,
3880 657 4012 725 μηδὲ

2448 761 2543 829 τὴν
2573 758 2763 811 ἑαυτοῦ
2796 755 3064 825 θυγατέρα
3092 769 3105 782 ·
3134 750 3301 811 οὕτως
3334 747 3703 815 οὐδ’,ἀδελφὴν
3732 744 4011 812 γυναικὸς,

2448 849 2576 901 διότι
2601 849 2731 918 μηδὲ
2770 846 3000 914 ἀδελφὴν
3028 840 3238 895 ἑαυτοῦ.
3260 840 3366 893 Καὶ
3394 838 3453 889 τὸ
3482 836 3767 896 ἀνάπαλιν,
3797 834 3923 886 οὐδὲ
3948 836 4013 901 τῇ

2449 940 2667 1005 γυναικὶ
2714 936 2925 1000 ἐξέσται
2971 936 3080 995 τοῖς
3125 930 3342 990 οἰκείοις
3371 926 3463 979 τοῦ
3499 925 3689 995 ἀνδρὸς
3718 926 4011 976 συνοικεῖν.

2450 1028 2615 1080 Κοινὰ
2663 1028 2771 1095 γὰρ
2822 1028 2904 1079 ἐπ’
2942 1022 3265 1093 ἀμφοτέρων
3317 1018 3416 1087 τῆς
3468 1015 3787 1083 συγγενείας
3838 1012 3914 1065 τά
3943 1012 4015 1064 δί-

2450 1133 2595 1168 καια.
2646 1113 2786 1181 Ἐγὼ
2810 1115 2865 1166 δὲ
2922 1112 3080 1164 παντὶ
3115 1110 3192 1179 τῷ
3244 1108 3373 1176 περὶ
3423 1107 3600 1175 γάμου
3641 1104 4017 1172 βουλευομένῳ

2447 1205 2901 1275 διαμαρτύρομαι,
2953 1205 3033 1254 ὅτι
3082 1199 3315 1269 παράγει
3341 1197 3400 1249 τὸ
3456 1196 3644 1263 σχῆμα
3672 1193 3764 1245 τοῦ
3805 1194 4014 1261 κόσμου

2446 1295 2654 1357 τούτου,
2692 1294 2785 1346 καὶ
2828 1294 2855 1344 ό
2902 1290 3089 1361 καιρὸς
3119 1287 3540 1355 συνεσταλμένος
3565 1284 3731 1343 ἐστὶν,
3751 1284 3893 1336 Ἵνα
3920 1280 4016 1332 καὶ

2446 1388 2498 1438 οἱ
2529 1385 2769 1450 ἔχοντες
2789 1380 3072 1449 γυναῖκας
3107 1378 3185 1442 ὡς
3208 1378 3292 1445 μὴ
3327 1376 3569 1441 ἔχοντες
3588 1368 3759 1426 ὦσιν.
3811 1368 3943 1422 Ἐάν
3962 1369 4015 1421 δέ

2449 1490 2535 1540 μοι
2595 1468 3049 1540 παραναγινώσκῃ
3099 1466 3178 1528 τὸ,
3227 1463 3570 1525 Αὑξὰνεσθε
3627 1462 3722 1513 καί
3783 1462 4014 1523 ,πληθύ-

2444 1564 2651 1613 νεσθε·
2681 1556 2957 1623 καταγελῶ
2983 1555 3075 1606 τοῦ
3110 1554 3217 1605 τῶν
3245 1550 3570 1620 νομοθεσιῶν
3612 1551 3739 1607 τοὺς
3782 1549 4017 1616 καιροὺς

2446 1649 2520 1718 μὴ
2585 1648 2963 1717 διακρίνοντος.
3021 1643 3275 1713 Πορνείας
3321 1639 3638 1710 παραμυθία
3680 1642 3709 1691 ό
3758 1638 4016 1705 δεύτερος

2443 1740 2639 1808 γάμος,
2694 1738 2794 1791 οὐκ
2843 1736 3049 1803 ἑφόδιον
3076 1737 3156 1796 είς
3186 1735 3489 1801 ἀσέλγειαν.
3520 1734 3581 1785 Εἰ
3609 1732 3707 1783 οὑκ
3742 1732 4015 1799 ἐγκαρτε-

2445 1826 2712 1898 ρεύονται,
2767 1824 3193 1893 γαμησάτωσαν,
3247 1820 3410 1890 φησίν
3436 1837 3449 1850 ·
3510 1819 3629 1889 οὐχὶ
3672 1817 3730 1869 δὲ
3774 1817 3874 1870 καὶ
3915 1833 4017 1883 γα-

2444 1916 2668 1987 μοῦντες
2695 1916 3197 1986 παρανομείτωσαν.

2595 2008 2657 2059 Ui
2684 2006 2738 2057 δὲ
2766 2007 2884 2058 οὐδὲ
2912 2004 3044 2075 πρὸς
3068 2005 3165 2073 τὴν
3188 2004 3344 2071 φύσιν
3374 2000 3795 2061 ἀποϐλέπουσιν,
3840 1999 3890 2049 οἰ
3917 1998 4015 2065 τὴν

2441 2096 2613 2165 ψυχὴν
2644 2094 2923 2163 λημῶντες
2972 2091 3049 2161 τῷ
3084 2092 3243 2144 πάθει
3268 2091 3364 2159 τῆς
3394 2089 3633 2157 ἀτιμίας,
3686 2087 3859 2139 πάλαι
3905 2089 4014 2138 δια-

2443 2185 2701 2254 κρίνασαν
2749 2181 2847 2243 τὰς
2896 2179 2988 2232 τοῦ
3041 2179 3230 2247 γένους
3284 2177 3668 2247 προσηγορίας.
3714 2176 3811 2227 Ἐκ
3856 2175 4013 2236 ποίας

2442 2273 2549 2342 γάρ
2575 2270 2885 2339 συγγενείας
2912 2269 3037 2332 τοὺς
3061 2268 3415 2337 γεννηθέντας
3436 2264 4011 2336 προσαγορεύσουσιν;

2455 2362 2736 2430 ’Δδελφοὺς
2765 2361 2957 2422 αὐτοὺς
2994 2359 3234 2428 ἀλλήλων
3266 2358 3298 2427 ή
3326 2358 3575 2426 ἀνεψιοὺς
3604 2354 4010 2426 προσεροῦσιν;

2446 2455 2729 2525 ἀμφότερα
2759 2452 2867 2522 γὰρ
2910 2451 3089 2511 αὐτοῖς
3129 2450 3497 2520 προσαρμόσει
3536 2449 3621 2501 διὰ
3662 2448 3760 2516 τὴν
3802 2446 4013 2515 σύγχυ-

2444 2563 2542 2599 σιν.
2581 2545 2670 2614 Μὴ
2718 2544 2964 2612 ποιήσῃς,
3004 2533 3047 2592 ὦ
3088 2540 3358 2610 ἄνθρωπε,
3402 2540 3498 2609 τὴν
3532 2538 3681 2590 θείαν
3735 2537 4012 2607 μητρυιάν

2441 2636 2547 2689 τῶν
2590 2634 2823 2704 νηπίων⁸
2876 2633 3005 2703 μηδὲ
3058 2632 3155 2701 τὴν
3203 2632 3260 2681 ἑν
3309 2629 3510 2699 μητρὸς
3572 2627 3721 2689 τάξει
3780 2626 4011 2678 θάλπειν

2439 2724 2770 2793 ὀφείλουσαν,
2806 2721 3006 2791 ταύτην
3037 2719 3332 2787 ὲφοπλίσῃς
3368 2720 3485 2780 ταῖς
3528 2715 3868 2786 ἀμειλίκτοις
3910 2714 4009 2783 ζη-

2439 2813 2732 2875 λοτυπίαις.
2769 2813 2941 2866 Μόνον
2978 2809 3084 2880 γὰρ
3126 2809 3188 2861 τὸ
3226 2808 3380 2877 γένος
3567 2805 3676 2859 τῶν
3724 2803 4012 2875 μητρυιῶν

2441 2903 2533 2955 καὶ
2563 2901 2698 2970 μετά
2732 2900 2956 2954 θάνατον
2997 2898 3207 2951 ὲλαύνει
3250 2898 3347 2967 τὴν
3374 2896 3573 2967 ἔχθραν
3594 2912 3608 2925 ·
3641 2896 3845 2965 μᾶλλον
3871 2895 3928 2947 δὲ
3961 2896 4012 2947 οι

2443 2992 2538 3060 μὲν
2572 2990 2745 3053 ἄλλως
2792 2990 3035 3060 πολέμιοι
3079 2991 3191 3051 τοῖς
3238 2987 3520 3057 τεθνηκόσι
3563 2986 3916 3039 σπένδονται·
3953 2986 4011 3037 αἰ

2437 3081 2491 3133 δὲ
2533 3080 2790 3151 μητρυιαὶ
2818 3077 2909 3130 τοῦ
2948 3078 3135 3147 μίσους
3169 3076 3303 3147 μετά
3345 3075 3435 3127 τὸν
3463 3073 3688 3127 θάνατον
3724 3074 4009 3143 ἄρχονται.

786 3145 1249 3244 orbis-terrarum
1298 3145 1461 3257 patetu
1476 3206 1489 3241 :
1532 3189 1616 3242 sin
1662 3145 1885 3243 libirdine
1921 3145 2338 3259 ίιῖιᾮίιίίυξᾞιῖ
2367 3145 2409 3202 c
2439 3145 2738 3239 Κετίάλάιον
2762 3169 2817 3221 δὲ
2841 3145 3110 3238 τῶν-ειρηί

2322 3145 2338 3245 ;
2367 3145 2409 3202 C
2439 3145 2738 3239 Κετράλαιον
2762 3169 2817 3221 δὲ
2841 3145 3302 3238 τῶν-εἰρημένων,
3322 3167 3383 3219 Εἰ
3417 3165 3516 3235 μὲν
3546 3165 3693 3235 νόμῳ
3714 3182 3801 3227 τις
3834 3166 4011 3237 ὁρμᾱ.

785 3277 839 3332 ld
870 3279 1040 3347 magis
1066 3279 1227 3332 etiam
1257 3277 1599 3339 excludatur,
1635 3275 1700 3330 Ut
1737 3277 1906 3329 diseat
1936 3295 2025 3331 uas
2049 3295 2199 3331 suum
2225 3297 2339 3347 pos-

782 3368 953 3420 sidere
981 3368 1035 3420 in
1078 3368 1494 3434 sanctiﬁcatione
1525 3376 1573 3420 et
1608 3367 1802 3420 honore
1822 3404 1838 3427 .
1864 3383 1965 3419 non
2004 3370 2058 3420 in
2096 3371 2337 3436 passione

783 3458 1031 3511 desiderii
1061 3458 1081 3489 δ
1113 3496 1126 3508 .
1158 3457 1239 3511 Me
1265 3459 1416 3525 plura
1458 3458 1640 3512 dicere
1670 3466 1953 3526 parantem
1985 3459 2178 3513 modus
2221 3462 2331 3529 epi-

783 3550 939 3603 stola:
966 3547 1206 3603 cohibet.
1244 3547 1445 3602 Precor
1478 3556 1680 3611 autem,
1716 3555 1774 3601 ut
1803 3548 1885 3601 vel
1918 3556 2104 3602 nostra
2148 3549 2334 3603 admo-

782 3639 917 3691 nitio
950 3638 1140 3692 vitium
1188 3646 1447 3707 superet,
1501 3638 1582 3691 vel
1613 3653 1720 3691 non
1768 3647 1951 3707 serpat
2005 3638 2059 3692 in
2092 3649 2331 3693 nostram

780 3729 1054 3796 regionem
1095 3728 1199 3781 hoc
1239 3727 1545 3796 piaculum;
1583 3726 1675 3782 sed
1708 3726 1764 3781 in
1792 3727 1992 3797 quibus
2035 3725 2331 3782 admissum

779 3827 861 3873 est
886 3816 1041 3881 locis,
1076 3818 1128 3872 in
1158 3817 1244 3873 his
1278 3825 1609 3887 permaneat.

838 4276 1031 4333 BALS.
1100 4277 1273 4347 Magni
1336 4276 1511 4332 Patris
1574 4281 1639 4334 ad
1698 4280 1985 4335 Diodorum
2051 4280 2313 4349 epistola,

761 4368 968 4422 etiamsi
996 4368 1143 4420 omni
1180 4367 1442 4435 sapientia
1470 4376 1523 4421 et
1550 4382 1675 4421 vera
1703 4368 2005 4435 eloquentia
2039 4371 2194 4437 plena
2223 4372 2317 4431 sit,

760 4469 809 4511 et
859 4456 1087 4523 Spiritus
1137 4456 1307 4509 sancti
1346 4469 1530 4509 vocem
1560 4456 1709 4522 edit;
1738 4466 1914 4511 tamen
1952 4473 2055 4511 non
2101 4466 2185 4510 est
2217 4456 2318 4509 hoc

763 4560 995 4613 tempore
1016 4547 1320 4613 querenda.
1353 4544 1601 4598 Deceruit
1632 4545 1775 4599 enim
1809 4561 1876 4600 ne
1905 4546 1955 4599 in
1986 4544 2314 4599 matrimonii

761 4638 1071 4689 societatem
1123 4635 1242 4687 dua:
1299 4649 1512 4687 sorores
1552 4650 1580 4685 ιι
1631 4636 1879 4704 quopiam
1944 4636 2313 4704 accipiantur,

760 4728 898 4796 quod
942 4724 1031 4779 Dei
1064 4726 1233 4794 gratia
1265 4725 1421 4778 hodie
1456 4739 1523 4777 ne
1555 4724 1605 4777 iu
1638 4734 1865 4778 mentem
1899 4725 2111 4792 quidem
2138 4724 2318 4777 homi«

760 4821 842 4873 nis
871 4816 1164 4872 Christiani
1196 4816 1338 4869 venit
1363 4852 1379 4875 ,
1408 4824 1460 4868 et
1493 4822 1774 4882 propterea
1805 4827 1903 4868 nec
1933 4813 2195 4881 ampliore
2230 4812 2313 4865 iu-

759 4908 1139 4977 terpretatione
1170 4919 1304 4973 opus
1350 4903 1554 4958 habuit.
1589 4902 1736 4957 Habe
1766 4912 1944 4958 autem
1991 4902 2133 4955 hanc
2174 4901 2313 4955 divi-

761 5016 879 5052 nam
913 4997 1191 5066 epistolam
1220 4994 1431 5048 assidue
1472 4994 1522 5047 in
1563 4994 1844 5047 memoria.
1877 4992 1990 5047 Etsi
2024 4991 2166 5045 enim
2216 4990 2266 5044 id
2294 5029 2309 5051 .

759 5091 900 5161 quod
930 5090 983 5142 iu
1018 5103 1080 5142 ea
1106 5084 1381 5141 deﬁnitum
1412 5092 1514 5148 est,
1544 5099 1648 5137 non
1676 5091 1963 5149 tractatur;
1992 5095 2109 5150 quae
2135 5090 2315 5135 tamen

760 5186 810 5234 iu
848 5197 907 5235 ea
966 5176 1509 5247 comprehenduntur,
1560 5174 1981 5240 epicheremata,
2032 5172 2317 5235 enthyme-

758 5281 921 5333 mata,
958 5281 1011 5325 et
1044 5267 1527 5338 epenthymemata,
1558 5263 1639 5316 vel
1674 5262 1851 5330 potius
1880 5275 2211 5329 quacunque
2248 5274 2313 5314 ex

761 5362 937 5417 Veteri
972 5356 1365 5429 (Testamento)
1396 5364 1449 5409 et
1484 5369 1547 5408 ex
1578 5367 1771 5421 magno
1798 5350 2041 5419 apostolo
2076 5348 2238 5403 Paulo
2262 5359 2313 5403 et

759 5452 1051 5522 composita
1081 5458 1135 5506 et
1161 5447 1408 5522 opposita
1437 5444 1690 5507 fuerunt,
1730 5444 1783 5495 in
1823 5441 1940 5495 aliis
1966 5440 2144 5497 causis
2175 5440 2312 5493 mul-

851 5734 865 5766 ³
897 5738 916 5792 l
947 5736 1071 5792 Cor.
1104 5750 1202 5797 vn,
1236 5731 1324 5786 29.

2436 3279 2523 3313 ται
2552 3261 2683 3331 πρὸς
2724 3259 2812 3312 τὸν
2849 3259 3045 3328 γάμον,
3071 3258 3311 3327 ήνοικται
3355 3258 3502 3309 πᾶσα
3528 3258 3561 3325 ή
3592 3254 3892 3324 οἰκουμένη
3911 3271 3927 3285 ⁸
3962 3256 4013 3307 εἰ

2435 3351 2490 3402 δὲ
2528 3350 2777 3420 ἐμπαθὴς
2818 3348 2962 3417 αύτῷ
3005 3350 3036 3417 ή
3097 3347 3319 3416 σπουδὴ,
3365 3346 3452 3399 διὰ
3494 3344 3654 3397 τοῦτο
3700 3345 3795 3396 καὶ
3844 3344 4012 3397 πλέον

2435 3437 2862 3505 ἀποκλεισθήτω,
2892 3437 3014 3488 ἰνα
3044 3434 3203 3503 μάθῃ
3244 3436 3308 3487 τό
3350 3433 3566 3487 ἑαυτοῦ
3597 3432 3827 3497 σκεῦος
3866 3430 4012 3486 κτᾶ-

2433 3531 2572 3581 σθαι
2619 3527 2687 3578 ἐν
2730 3522 2998 3593 ἁγιασμῷ
3044 3524 3141 3575 καί
3190 3521 3345 3591 τιμῇ,
3368 3522 3454 3591 μὴ
3490 3522 3561 3575 ἐν
3592 3522 3767 3575 πάθει
3798 3522 4011 3577 ἐπιθυ·

2430 3617 2588 3685 μίας.
2622 3614 2845 3667 Πλείονά
2876 3626 2941 3682 με
2974 3613 3151 3679 λέγειν
3180 3612 3503 3681 ὡρμημένον
3548 3612 3609 3664 τό
3658 3614 3862 3682 μέτρον
3912 3613 4012 3663 ἐπ·

2434 3705 2544 3773 έχει
2709 3702 2806 3770 τῆς
2834 3700 3133 3769 ἐπιστολῆς.
3174 3700 3413 3769 Εὖχομαι
3444 3701 3499 3752 δὲ
3528 3700 3561 3769 ἢ
3596 3700 3693 3767 τὴν
3740 3698 4009 3769 παραίνε-

2322 3860 2328 3872 ι
2437 3811 2521 3846 σιν
2554 3793 2705 3861 ήμῶν
2747 3790 3091 3862 ἰσχυροτέραν
3128 3791 3222 3843 τοῦ
3263 3790 3467 3851 πάθους
3504 3788 3926 3858 ἀποδειχθῆναι,
3972 3789 4007 3860 ἢ

2441 3882 2513 3951 μὴ
2546 3881 2875 3951 ἐπιδημῆσαι
2903 3884 2965 3949 τῇ
3001 3879 3237 3950 ἡμετέρᾳ
3407 3878 3467 3931 τὸ
3500 3878 3631 3946 ἀγος
3660 3875 3819 3929 τοῦτο
3838 3894 3853 3907 ⁶
3883 3876 4003 3931 ἀλλ’

2436 3974 2492 4024 ιν
2518 3966 2595 4034 οἷς
2622 3971 2686 4024 ἂν
2721 3969 2982 4040 ἐτολμήθη
3009 3970 3188 4032 τόποις
3221 3972 3588 4039 ὲναπομεῖναι.

2490 4280 2690 4333 ΒΔΛΣ.
2734 4277 2799 4331 Ἥ
2832 4276 2967 4347 πρὸς
2998 4272 3264 4346 Διόδωρον
3321 4270 3578 4341 επιστολὴ
3613 4268 3713 4324 τοῦ
3750 4271 4003 4339 μεγάλου

2427 4370 2672 4439 Πατέρος
2699 4369 2803 4421 κάν
2823 4370 3003 4437 πάσης
3034 4368 3228 4435 σοφίας
3255 4365 3354 4418 καὶ
3398 4361 3637 4432 ἀληθοῦς
3699 4362 4003 4431 ῥητορείας

2422 4461 2779 4530 πεπλησμένη
2806 4461 2943 4522 εστὶ,
2974 4461 3071 4511 καὶ
3102 4459 3203 4528 τὴν
3230 4457 3490 4526 κιννύραν
3545 4453 3641 4508 τοῦ
3714 4456 4000 4522 παναγίου

2421 4548 2739 4616 Πνεύματος
2795 4546 3263 4617 ὑποφθεγγίζηται
3294 4584 3311 4609 ,
3366 4545 3481 4598 ἀλλ’
3541 4546 3641 4597 οὐκ
3699 4542 3821 4595 εστι
3898 4544 4003 4613 ζη-

2418 4642 2588 4709 τητέα
2646 4643 2703 4693 ιν
2724 4641 2845 4703 ταῖς
2868 4641 3177 4709 παρούσαις
3230 4640 3484 4710 ἡμέραις.
3555 4636 3834 4707 ὀροθετεῐ
3890 4638 4004 4704 γὰρ

2422 4729 2621 4797 μηδένα
2671 4727 2971 4797 λαμϐάνειν
3032 4728 3171 4796 πρὸς
3240 4725 3527 4779 κοινωνίαν
3587 4724 3772 4792 γάμου
3836 4724 4001 4777 ddi)-

2420 4818 2524 4887 φὰς
2549 4817 2660 4883 δύο,
2713 4819 2849 4887 ὅπερ
2879 4818 3014 4870 Θεοῦ
3068 4820 3249 4887 χάριτι
3315 4820 3550 4887 σήμερον
3615 4814 3736 4867 οὐδὲ
3787 4815 3873 4877 εἰς
3907 4817 3998 4866 ιν-

2420 4908 2655 4975 θύμησιν
2726 4908 2863 4970 ὅλως
2922 4907 3141 4976 ἔρχεται
3187 4904 3477 4974 ἀνθρώπου
3512 4906 3877 4973 Χριπιανοῦ,
3902 4908 4000 4958 καὶ

2418 4993 2503 5046 διά
2533 4993 2692 5047 τοῦτο
2714 4995 2836 5046 οὐδὲ
2875 4995 3122 5056 πλείονος
3161 4994 3457 5062 ἑρμηνείας
3517 4992 3729 5065 ιδεήθη.
3767 4991 3913 5060 Ἔχε
3947 4993 4004 5045 δὲ

2416 5081 2621 5152 ταύτην
2651 5081 2749 5151 τὴν
2780 5082 2932 5135 θείαν
2955 5080 3253 5150 επιστολὴν
3281 5080 3549 5150 διηνεκῶς
3603 5079 3697 5131 επὶ
3740 5081 3999 5147 μνήμης.

2420 5171 2538 5225 Κάν
2565 5171 2675 5241 γὰρ
2702 5171 2763 5224 τὸ
2801 5171 3118 5246 όροθέτημα
3158 5170 3366 5241 ταύτης
3428 5172 3491 5223 οὐ
3566 5171 4000 5239 τρακταῖζεται,

2418 5259 2552 5312 ἀλλά
2582 5261 2650 5312 τὰ
2676 5262 2733 5313 ιν
2762 5259 2933 5330 ταύτῃ
2973 5258 3363 5330 περιεχόμενα,
3431 5256 3874 5326 ἀπιχειρήματα,
3912 5260 3999 5309 ἰν-

2418 5348 2717 5420 θυμήματά
2748 5367 2806 5403 τε
2842 5351 2934 5403 καὶ
2992 5350 3429 5418 ὲπενθυμήματα
3488 5348 3581 5400 καὶ
3629 5347 3840 5416 μᾶλλον
3900 5350 4003 5400 ὅσα

2418 5441 2526 5493 ἀπό
2548 5458 2605 5493 τε
2640 5441 2741 5509 τῆς
2781 5442 3024 5503 Παλαιᾶς
3050 5442 3147 5494 καὶ
3214 5440 3307 5494 τοῦ
3367 5438 3607 5509 μεγάλου
3686 5438 4000 5492 ἀποστόλου

1408 5720 1427 5750 ’
1464 5728 1600 5785 Gen.
1629 5723 1795 5789 1,28;
1837 5738 1913 5787 Ix,
1955 5726 2005 5777 t.
2085 5718 2103 5747 ³
2136 5723 2150 5774 l
2184 5722 2307 5776 Cnr.
2338 5738 2439 5788 vn,
2476 5722 2528 5777 9.
2602 5720 2619 5749 ⁸
2666 5723 2683 5777 l
2722 5722 2911 5781 Thess.
2954 5738 3030 5790 tv,
3056 5725 3110 5780 4.
