4234 6450
201 460 306 524 817

1136 458 1221 523 IN
1251 457 1494 522 EPIST.
1529 461 1591 522 S.
1628 458 1920 521 BASILII
1965 460 2068 520 AD
2108 458 2539 524 DIODORUM.

3344 457 3451 521 818

206 574 419 630 Παύλου
460 571 828 643 συνετέθησάν
852 588 913 627 τε
942 572 1039 627 καὶ
1111 573 1467 646 άνετέθησαν,
1520 573 1775 644 μεγάλως
1806 577 1854 636 Α

1806 577 1854 636 Α
1892 582 2002 628 tum
2037 572 2345 629 conferunt.
2374 571 2511 629 Nola
2543 581 2720 627 autem
2743 584 2807 626 ex
2836 584 2920 635 ea,
2940 568 3081 639 quod
3107 566 3457 625 ecclesiasticr

208 667 556 723 συντελοῦσιν
584 667 679 722 isti
724 666 943 739 έτέραις
977 664 1292 721 ὑποθέσεσι.
1344 666 1663 737 Σημείωσαι
1711 664 1778 737 δὴ

1888 666 2052 720 etiam
2082 681 2189 720 non
2225 664 2410 734 scripti
2446 677 2646 729 mores,
2684 662 2827 718 sicut
2856 662 3038 733 scripti
3069 674 3339 725 canones,
3376 674 3463 714 re-

202 761 313 817 άπὸ
365 758 573 829 ταύτης
592 760 675 813 ὃτι
704 758 799 813 καὶ
840 759 910 812 τά
938 756 1164 828 ἄγραφα
1195 756 1630 826 έκκλησιαστικά
1660 755 1781 826 ιθη,

208 852 288 916 ὡς
314 852 366 905 ei
389 850 662 923 έγγραφοι
693 850 941 913 κανόνες,
968 847 1032 901 τδ
1063 846 1542 919 ἀπαρεγχείρητον
1573 846 1781 918 ἔχουσι’

205 942 301 997 καὶ
339 942 424 997 δτι
463 942 584 1005 ταῖς
617 939 939 1001 Menelaust:
969 936 1316 1007 νομοθεσίαις
1351 935 1639 1009 προσέχειν
1686 937 1788 992 οὐκ

1894 754 2058 811 tutari
2092 770 2196 812 non
2226 765 2449 826 possunt
2473 772 2488 821 ;
2509 763 2564 810 et
2588 756 2730 827 quod
2757 756 2901 825 leges
2928 753 3178 808 mosaicae
3210 767 3316 807 non
3341 760 3467 807 sunt

1896 847 2255 902 attendenda.
2290 845 2428 902 Nota
2457 847 2621 902 etiam
2653 844 2820 900 multa
2844 843 2947 899 alia
2972 859 3038 898 ex
3072 844 3175 899 hac
3218 841 3464 910 epistola,

1900 952 2019 1008 qua:
2046 947 2171 995 sunt
2206 940 2475 1011 imprimis
2506 940 2809 997 necessaria
2849 948 2904 993 et
2932 939 3161 994 maxime
3190 937 3362 993 utilia.

208 1036 529 1106 ὀφείλομεν.
545 1033 659 1087 Καὶ
673 1033 838 1104 ῑτερα
863 1033 921 1087 δι
943 1032 1112 1086 πολλὰ
1141 1032 1601 1103 παρασημείωσαι
1623 1034 1687 1086 ὲκ
1714 1030 1917 1105 ταύτης
1955 1037 2052 1104 τῆς
2083 1035 2395 1105 δπιστολῆς,
2412 1032 2819 1105 άναγκαιότατά
2838 1050 2898 1087 τε
2920 1032 3012 1086 καὶ
3040 1030 3456 1102 χρησιμώτατα.

292 1126 538 1181 ΖΩΝΑΡ.
576 1124 1049 1194 Προκαταστήσας
1076 1122 1153 1194 (a)
1194 1124 1459 1192 τὸνλόγον
1518 1125 1547 1177 ὁ
1604 1123 1786 1192 άγιος,

211 1216 312 1272 καὶ
341 1216 415 1280 ὡς
443 1214 674 1287 ένάλλψ
733 1214 1012 1286 προσώπρ
1060 1214 1268 1287 τρέψας
1317 1215 1410 1269 τὸν
1476 1214 1789 1286 γράψαντα,

1961 1125 2215 1182 ZONAR.
2246 1126 2382 1182 Cum
2416 1133 2641 1183 sanctus
2665 1138 2967 1181 sermonem
3000 1129 3375 1191 praeparasset,
3409 1130 3464 1175 ct

1889 1214 2136 1284 epistola:
2188 1217 2512 1287 scriptorem
2564 1224 2821 1286 tanquam
2867 1214 2919 1268 in
2968 1212 3127 1268 aliam
3176 1225 3463 1281 personam

210 1309 310 1363 νῦν
349 1310 445 1361 καὶ
471 1308 608 1379 πρὸς
637 1306 951 1379 ἀνατροπὴν
976 1305 1070 1361 τοῦ
1101 1307 1429 1379 γράμματος
1457 1308 1657 1378 χωρεῖ·
1689 1306 1788 1359 καὶ

1892 1306 2168 1373 vertisset,
2196 1322 2343 1363 nunc
2366 1315 2420 1363 et
2444 1308 2511 1362 ad
2536 1305 2724 1377 scripti
2740 1303 3165 1361 confutationem
3196 1301 3462 1370 procedit.

216 1398 439 1470 πρῶτον
467 1398 571 1469 μιν
614 1397 678 1452 τὺ
698 1397 819 1462 ιθος
848 1397 1214 1468 προϐάλλεται
1270 1399 1367 1451 καὶ
1414 1397 1584 1468 νόμου
1616 1396 1677 1452 δύ
1689 1414 1791 1451 να-

223 1507 320 1561 μιν
356 1489 506 1557 ιχειν
536 1488 726 1559 φησιν,
757 1489 836 1554 ὡς
859 1488 973 1543 τῶν
995 1489 1221 1560 θεσμῶν
1246 1490 1368 1560 ἦτοι
1423 1490 1537 1543 τῶν
1578 1505 1794 1560 νενομι-

224 1582 468 1653 σμένων,
498 1581 608 1636 τῶν
642 1581 984 1653 δεδογμένων
1008 1581 1115 1636 ύπδ
1138 1581 1312 1651 άγίων
1345 1581 1581 1653 άνδρῶν,
1620 1598 1797 1652 παρα-

218 1673 546 1741 δεδομένων.
600 1672 717 1727 Καὶ
749 1673 778 1725 δ
801 1672 1084 1736 πολιτικὸς
1112 1672 1172 1727 δδ
1198 1672 1365 1743 νόμος
1390 1672 1453 1726 τὸ
1512 1671 1801 1743 κρατῆσαν

226 1764 352 1827 έθος
384 1763 550 1833 νόμου
586 1763 820 1835 δύναμιν
850 1762 997 1835 ῑχειν
1042 1764 1463 1820 διακελεύεται·
1553 1764 1659 1819 κᾶν
1723 1763 1800 1835 μὴ

222 1856 333 1910 ὑπὸ
366 1856 538 1924 άγίων
558 1855 773 1927 ἀνδρῶν
827 1856 897 1911 τά
962 1857 1331 1927 νενομισμένα
1388 1856 1505 1920 τοῖς
1554 1855 1800 1919 πολίταις

223 1910 729 2019 έδαγματίσθησαν.
762 1946 905 2019 Φησὶ
924 1948 1036 2019 γάρ
1086 1910 1293 2019 ᾖιδλὲον
1333 1944 1378 2018 β’
1572 1910 1799 2002 Βασιλι;
1828 1910 1875 1971 Β

219 2038 360 2103 κῶν,
384 2037 551 2109 τίτλῳ
578 2044 651 2105 α’,
671 2054 801 2108 κεφ.
836 2038 939 2109 λβθ,
967 2038 1096 2111 περὶ
1118 2032 1196 2094 ὧν
1219 2040 1494 2111 ιγγραφος
1528 2038 1591 2093 ού
1624 2039 1802 2093 κεῖται

224 2128 398 2199 νόμος
430 2129 884 2199 παραφυλάττειν
914 2130 998 2185 δεί
1018 2132 1079 2185 τὸ
1111 2130 1236 2196 ῑθος
1301 2132 1396 2185 καὶ
1451 2131 1555 2203 τὴν
1636 2130 1803 2203 συνήο

223 2220 403 2286 θειαν,
432 2222 526 2275 καὶ
567 2220 640 2276 τά
666 2217 814 2293 έξῆς.
865 2223 977 2277 Καὶ
1030 2218 1222 2288 αὖθις·
1268 2223 1481 2279 Παλαιὰ
1543 2224 1803 2295 συνήθεια

220 2314 345 2367 ἀντὶ
370 2313 537 2384 νόμου
561 2314 908 2381 φυλάττεται.
935 2316 1044 2369 Καὶ
1077 2315 1241 2370 πάλιν
1258 2310 1280 2348 θ’
1314 2316 1379 2371 Ἦ
1415 2319 1605 2386 μακρὰ
1643 2316 1809 2386 συνή-

224 2404 347 2459 θεια
402 2404 525 2460 ἀντὶ
550 2405 715 2476 νόμου
766 2406 981 2475 κρατεῖ,
1019 2407 1077 2459 έν
1112 2400 1195 2469 οἷς
1235 2406 1335 2459 οὐκ
1394 2405 1542 2459 [στιν
1600 2405 1804 2477 ιγγρα-

225 2514 346 2565 «ρος.
431 2496 591 2560 Ἓθος
652 2497 710 2551 δὲ
759 2496 909 2565 λέγει
960 2499 989 2551 ὁ
1025 2496 1183 2565 άγιος
1220 2490 1379 2560 οὗτος
1406 2497 1468 2550 τδ
1499 2497 1641 2569 ιντῇ
1681 2498 1809 2552 Ἐκ-

229 2586 435 2658 κλησίᾳ
456 2587 876 2658 ένεργούμενον.
924 2588 1053 2643 Ἐὰν
1110 2589 1221 2659 γάρ
1253 2606 1338 2652 τις
1360 2588 1517 2643 δυσὶν
1548 2589 1809 2659 ἀδελφαῖς

230 2675 495 2746 άθέσμως
527 2678 723 2750 μιχθῇ,
748 2678 938 2748 φησὶν,
1000 2677 1061 2732 ού
1124 2677 1392 2749 πρότερον
1442 2678 1809 2749 παραδέχεται

230 2770 315 2832 εἰς
366 2767 722 2840 Ἐκκλησίαν,
746 2770 795 2822 εί
818 2768 894 2839 μὴ
922 2768 1247 2841 χωρισθεῐεν
1298 2768 1396 2823 ἀπ’
1451 2766 1706 2839 ἀλλήλων
1758 2770 1811 2823 oi

230 2855 381 2909 οὕτω
405 2856 741 2927 μιανθέντες,
764 2857 841 2920 ὡς
871 2857 1006 2927 μηδὲ
1031 2856 1215 2925 γάμου
1275 2856 1371 2909 τοῦ
1426 2856 1673 2912 τοιούτου
1710 2855 1814 2929 μύ-

235 2965 369 3012 σους
398 2947 777 3016 λογιζομένου.
810 2950 931 3003 Κᾶν
961 2943 1056 3001 οὖν
1078 2949 1208 3003 άλλο
1240 2966 1293 3002 τι
1320 2947 1423 3003 ούκ
1456 2948 1677 3020 εἴχομεν
1735 2950 1815 3004 εί-

238 3041 387 3101 πεῖν,
407 3038 565 3092 τοῦτο
586 3038 649 3091 τὸ
675 3038 796 3102 ῑθος
812 3038 977 3109 ἤρκει
1008 3038 1090 3102 είς
1109 3038 1431 3111 ἀποτροπὴν
1474 3038 1572 3093 τοῦ
1608 3038 1806 3095 κακοῦ.

250 3129 407 3182 ἐπεὶ
434 3129 513 3196 δὲ,
540 3130 731 3198 φησὶν,
769 3130 797 3183 6
828 3130 1208 3200 συνηγορήσας
1230 3130 1321 3183 διὰ
1379 3130 1482 3201 τῆς
1525 3130 1815 3204 ἱπιστολῆς

237 3220 509 3291 τῷκαίῷ,
540 3220 621 3290 τῷ
665 3219 882 3289 παλαιῷ
919 3220 1200 3291 ὲχρήσατο
1221 3220 1394 3291 νόμῳ,
1450 3219 1529 3292 τῷ
1577 3220 1813 3291 λέγοντι,

238 3312 516 3367 Γυναῖκα
542 3312 637 3366 ἐπ’
673 3311 915 3383 ἀδελφῇ
944 3312 1137 3380 αὐτῆς
1175 3313 1249 3368 οὐ
1274 3312 1450 3382 λήψῃ
1499 3312 1819 3383 ἀντίζηλον

236 3405 635 3474 ἀποκαλύψαι
661 3405 1109 3474 ἀσχημοσύνην
1134 3404 1352 3474 αὐτῆς,
1376 3404 1466 3458 ἔτι
1495 3404 1689 3475 ζώσης
1714 3408 1821 3461 αὐ·

236 3494 355 3562 τῆς
387 3508 401 3524 ⁸
448 3494 751 3549 κάντεῦθεν
792 3495 1123 3565 συνήγαγεν,
1158 3495 1243 3550 ὅτι
1271 3498 1643 3567 συγχωρεῖται
1670 3498 1816 3569 λαμι

237 3589 430 3641 δάνειν
460 3587 875 3657 τελευτησάσης
903 3587 1004 3658 τὴν
1036 3587 1276 3659 ἀδελφὴν
1308 3589 1483 3659 αὐτῆς
1508 3606 1521 3621 ·
1604 3589 1821 3660 πρῶτον

242 3682 347 3748 μὲν
378 3680 406 3732 δ
443 3680 600 3748 άγιος
622 3681 803 3748 λέγει,
829 3682 911 3733 ὅτι
938 3679 1038 3733 ὅσα
1068 3677 1285 3749 ὀνόμος
1364 3679 1538 3749 λέγει,
1615 3684 1729 3744 τοῖς
1765 3684 1823 3735 ὲν

238 3770 319 3841 τῷ
347 3771 495 3841 νόμῳ
520 3771 692 3825 λαλεῖ.
726 3770 789 3824 Ei
830 3769 939 3841 γάρ
984 3768 1060 3840 μὴ
1088 3768 1246 3827 τοῦτο
1274 3769 1370 3823 καὶ
1403 3772 1821 3842 περιτμηθησό-

250 3862 418 3933 μεθα,
462 3862 555 3917 καὶ
595 3864 663 3915 τά
734 3861 993 3916 Σάϐϐατα
1052 3859 1386 3931 φυλάξομεν,
1443 3864 1541 3917 καὶ
1605 3862 1823 3935 βρωμά-

247 3974 360 4010 των
398 3956 673 4027 διαφόρων
711 3954 1061 4026 ἀφεξόμεθα·
1098 3957 1157 4009 ού
1182 3955 1292 4025 γάρ
1315 3955 1424 4010 τῶν
1472 3956 1827 4027 περιποιοῦν-

245 4066 359 4103 των
384 4049 515 4119 ἡμῖν
555 4047 748 4118 ἡδονὰς
790 4046 1131 4116 ἁνθεξόμεθα
1180 4047 1245 4099 int
1268 4046 1363 4100 τοῦ
1416 4046 1679 4103 παλαιοῦ·
1719 4047 1829 4114 τῶν

243 4139 303 4190 δὲ
344 4137 482 4208 βαρύ
512 4156 567 4191 τι
594 4138 827 4207 ἑχόντων
846 4135 1177 4207 ἀφεξόμεθα,
1214 4138 1311 4190 καὶ
1337 4139 1405 4209 τῇ
1444 4138 1534 4193 διὰ
1558 4137 1653 4193 τοῦ
1698 4139 1833 4207 Χρι-

249 4230 380 4281 στοῦ
411 4231 543 4300 ημῖν
576 4229 793 4301 δοθείσῃ
847 4228 1134 4299 ἐλευθερίᾳ
1153 4228 1277 4282 τότε
1306 4228 1829 4301 προσδραμούμεθα.

260 4320 322 4374 '0
348 4324 459 4391 γάρ
508 4320 603 4374 τοῦ
646 4318 884 4390 Χριστοῦ
925 4321 1091 4389 νόμος
1122 4319 1496 4389 ⁴Ιιλευθέρωσιιν
1530 4321 1677 4387 ἡμᾶς
1725 4318 1836 4375 τῶν

249 4413 467 4484 βαρέων
497 4411 591 4465 τοῦ
620 4412 813 4480 νόμου,
867 4411 975 4464 τῶν
1002 4409 1099 4479 τῆς
1130 4410 1435 4481 περιτομῆς
1468 4410 1696 4483 δηλαδὴ,
1743 4414 1838 4467 καὶ

243 4506 348 4573 τῆς
387 4505 496 4557 τῶν
519 4502 920 4573 κεκωλυμένων
972 4500 1279 4578 βρωμάτιον
1324 4504 1557 4575 άποχῆς,
1606 4504 1699 4557 τοῦ
1747 4505 1837 4558 τδν

1897 1393 1965 1449 Et
2014 1395 2193 1464 primo
2235 1396 2455 1465 quidem
2498 1394 2939 1452 consuetudinem
2985 1390 3192 1459 objicit,
3238 1403 3466 1458 eamque

1895 1479 2029 1551 legis
2059 1482 2167 1537 vim
2194 1482 2396 1541 habere
2422 1484 2639 1550 asserit,
2665 1483 2916 1554 quoniam
2942 1482 3083 1537 ritus
3108 1480 3221 1535 sive
3240 1485 3463 1540 statuta,

1896 1587 1926 1627 a
1960 1573 2162 1630 sanctis
2184 1573 2443 1631 Patribus
2475 1576 2695 1631 decreta
2718 1614 2733 1642 ,
2765 1572 2959 1629 tradita
2988 1578 3133 1627 sunt.
3154 1569 3293 1635 Quin
3329 1568 3467 1623 civi-

1896 1666 1965 1723 lis
2025 1669 2188 1725 etiam
2248 1668 2334 1725 lex
2390 1668 2768 1741 pravalentem
2835 1663 3281 1722 consuetudinem
3334 1660 3468 1731 legis

1897 1758 2044 1815 vires
2068 1759 2269 1816 habere
2292 1758 2449 1830 jubet
2478 1776 2494 1814 :
2530 1759 2656 1815 licet
2686 1772 2811 1830 qum
2831 1756 3042 1813 civibus
3075 1752 3315 1807 instituta
3342 1762 3471 1808 sunt

1900 1866 2006 1907 non
2036 1865 2067 1905 a
2097 1850 2302 1907 sanctis
2327 1849 2461 1906 viris
2491 1850 2705 1905 decreta
2735 1847 2952 1902 fuerint.-
2997 1844 3140 1901 Dicit
3169 1843 3312 1900 enim
3337 1841 3476 1896 liber

1904 1957 1966 2007 il,
1993 1944 2077 1998 tit.
2102 1943 2298 2013 l,cap.
2324 1940 2397 1998 δε
2425 1938 2643 1998 Basilic.
2671 1955 2686 1995 :
2716 1937 2791 1995 De
2810 1938 3007 2008 quibus
3031 1936 3227 2005 scripta
3258 1933 3339 1990 lex
3368 1946 3475 1987 non

1904 2043 2103 2099 exstat,
2142 2034 2200 2090 in
2246 2033 2332 2091 bis
2372 2046 2579 2091 morem
2612 2040 2668 2089 et
2712 2030 3157 2089 consuetudinem
3199 2025 3479 2084 custodire

1904 2132 2351 2195 oportet,etque
2374 2130 2694 2194 sequuntur.
2732 2120 2890 2194 ιω
2934 2120 2999 2176 Ει
3030 2134 3244 2176 rursum
3278 2134 3294 2174 :
3323 2117 3479 2172 Anti-

1907 2228 2013 2286 qua
2035 2220 2370 2271 consuetudo
2396 2226 2497 2284 pro
2518 2212 2636 2285 lege
2663 2211 2980 2269 custoditur.
3003 2208 3138 2264 item
3164 2226 3178 2263 :
3210 2206 3477 2263 Diuturna

1906 2306 2246 2365 consuetudo
2272 2319 2371 2378 pro
2398 2306 2519 2377 lege
2550 2304 2761 2362 obtinet
2784 2344 2799 2371 ,
2840 2304 2896 2359 in
2931 2301 3127 2374 quibus
3164 2300 3249 2356 lex
3281 2299 3481 2368 scripta

1908 2399 2111 2457 delicit.
2144 2399 2246 2457 Hic
2271 2404 2451 2455 autem
2477 2405 2695 2455 sanctus
2723 2397 2888 2452 Pater
2913 2390 3353 2451 consuetudinem
3381 2404 3482 2444 vo-

1908 2496 2018 2554 cat,
2047 2489 2191 2559 quod
2226 2488 2281 2543 in
2312 2487 2552 2547 Ecclesia
2590 2487 2732 2544 valet
2761 2504 2776 2543 :
2806 2485 2864 2543 Si
2914 2485 3035 2554 quis
3063 2483 3208 2539 enim
3250 2481 3481 2544 duabus,

1910 2578 2135 2649 inquit,
2189 2578 2471 2635 sororibus
2536 2578 2816 2649 illegitime
2878 2575 3317 2639 commisceatur,
3380 2587 3485 2628 non

1909 2669 2064 2740 prius
2088 2668 2141 2723 in
2174 2667 2472 2726 Ecclesiam
2516 2669 2818 2740 recipitur,
2866 2669 2973 2725 nisi
3020 2670 3111 2739 qui
3165 2668 3271 2723 hoc
3327 2664 3491 2721 modo

1912 2761 2371 2830 contaminantur,
2416 2776 2448 2817 a
2497 2776 2557 2820 se
2612 2762 2848 2819 invicem
2900 2768 3259 2834 separentur,
3306 2766 3492 2827 utpote

1913 2854 2055 2925 quod
2094 2869 2269 2926 neque
2308 2854 2715 2912 matrimonium
2742 2863 2954 2911 tantum
2981 2852 3158 2909 scelus
3186 2858 3489 2921 reputetur.

1915 2948 2172 3014 Quamvis
2212 2948 2391 3016 itaque
2420 2947 2556 3003 nihil
2581 2945 2726 3004 aliud
2759 2947 2938 3003 dicere
2982 2945 3333 3006 haberemus,
3379 2942 3493 2999 liae

1916 3038 2253 3094 consuetudo
2274 3038 2416 3094 malo
2447 3038 2536 3096 isti
2570 3038 2863 3096 evertendo
2893 3037 3110 3095 suliicit.
3140 3035 3496 3105 Quandoqui-

1915 3128 2038 3184 dem
2070 3138 2250 3185 autem
2282 3129 2373 3199 qui
2417 3130 2517 3185 hoc
2565 3130 2789 3196 malum,
2849 3129 3043 3199 inquit,
3088 3140 3184 3197 per
3213 3124 3495 3196 epistolam

1921 3222 2184 3287 defendit,
2214 3221 2384 3278 veteri
2413 3220 2528 3292 lege
2556 3222 2730 3278 utitur
2770 3222 3022 3279 dicente:
3049 3219 3325 3276 Mulierem
3355 3218 3499 3273 zelo-

1922 3325 2100 3385 typam
2132 3332 2288 3385 super
2309 3330 2541 3373 sororem
2563 3314 2678 3386 ejus
2706 3329 2809 3371 non
2834 3313 3056 3385 accipies
3074 3315 3142 3369 ad
3167 3313 3501 3369 revolandum

1922 3408 2302 3477 turpitudinem
2337 3409 2472 3480 ejus,
2504 3412 2623 3479 ipsa
2672 3409 2845 3462 adhuc
2884 3409 3075 3464 vivente
3097 3408 3114 3440 ⁸
3144 3422 3160 3473 ;
3208 3414 3263 3460 et
3305 3404 3503 3462 exinde

1922 3500 2148 3570 colligit,
2179 3502 2321 3569 quod
2343 3502 2461 3573 ejus
2492 3501 2788 3557 demortua:
2818 3514 3064 3557 sororem
3100 3499 3346 3568 accipere
3372 3510 3501 3551 con-

1925 3588 2157 3645 ceditur.
2195 3590 2380 3646 Primo
2410 3589 2624 3659 quidem
2676 3598 2900 3645 sanctus
2937 3591 3034 3656 ait,
3075 3587 3219 3659 quod
3241 3600 3503 3658 quacun-

1925 3696 2032 3750 que
2064 3682 2147 3736 lex
2183 3682 2335 3746 dicit,
2373 3682 2437 3738 iis
2467 3696 2586 3752 qum
2621 3690 2751 3739 sunt
2783 3682 2836 3738 in
2882 3681 2999 3753 lege
3048 3681 3214 3744 dicit;
3264 3678 3501 3748 a'lioquia

1928 3776 2069 3831 enim
2106 3784 2159 3829 et
2188 3774 2670 3840 circumcidemur,
2709 3784 2767 3832 et
2793 3774 3030 3832 Sabbata
3065 3774 3500 3839 observabimus,

1930 3877 1982 3923 et
2024 3883 2051 3921 a
2087 3866 2250 3923 uariis
2276 3866 2411 3925 cibis
2452 3868 2869 3926 abstinebimus.
2911 3868 3097 3939 Neque
3135 3867 3279 3922 enim
3309 3882 3378 3921 ex
3409 3882 3507 3920 ve-

1933 3959 2031 4015 teri
2080 3974 2179 4014 nos
2223 3960 2341 4033 lege
2388 3962 2793 4019 continebimus
2826 3962 2893 4017 ab
2945 3961 3011 4017 iis
3046 3975 3165 4031 qua:
3206 3960 3512 4029 voluptates

1934 4052 2090 4110 nobis
2116 4055 2421 4110 conferunt.
2450 4052 2531 4108 Ab
2562 4054 2627 4108 iis
2647 4061 2856 4120 autem,
2886 4067 3005 4124 quas
3031 4064 3195 4125 grave
3226 4051 3427 4121 aliquid
3457 4052 3510 4105 in

1937 4160 1994 4203 se
2018 4146 2322 4212 continent,
2351 4144 2771 4211 abstinebimus;
2805 4155 2859 4200 et
2901 4145 2967 4199 ad
3000 4144 3305 4200 libertatem
3358 4144 3514 4199 nobis

1938 4254 2035 4310 per
2073 4239 2351 4295 Christum
2398 4251 2715 4296 concessam
2756 4248 2884 4294 tunc
2912 4237 3310 4306 conlugiemus.
3353 4235 3517 4291 Nam-

1939 4346 2046 4400 qne
2075 4331 2157 4385 lex
2194 4329 2391 4386 Christi
2423 4331 2490 4387 ab
2521 4331 2610 4398 iis,
2644 4346 2765 4401 qua:
2793 4331 2846 4385 in
2876 4330 2993 4400 lege
3021 4330 3203 4400 gravia
3236 4338 3384 4391 sunt,
3416 4343 3518 4382 nos

1940 4423 2221 4488 liberavit;
2254 4438 2280 4477 a
2317 4423 2737 4479 circumcisione
2772 4423 2998 4486 scilicet,
3028 4421 3096 4475 ab
3122 4420 3447 4475 abstinentia
3481 4435 3513 4474 a

1943 4515 2229 4583 prohibitis
2254 4514 2415 4581 cibis,
2448 4516 2514 4569 ab
2542 4530 2608 4570 eo
2639 4514 2916 4568 immundo
2936 4512 3254 4583 judicando,
3287 4514 3380 4582 qui
3422 4511 3520 4565 llu-

247 4591 520 4663 γονορῤυῆ
566 4590 878 4659 ἀκάθαρτον
931 4589 1238 4661 κρίνεσθαι,
1280 4591 1377 4644 καὶ
1426 4592 1519 4645 τὸν
1556 4593 1834 4663 ἁψάμενον
1860 4591 1914 4651 D

1860 4591 1914 4651 Ῑ)
1942 4622 2067 4660 xum
2107 4606 2334 4662 seminis
2365 4620 2558 4677 passus
2590 4615 2707 4667 est,
2734 4599 2827 4674 qiti
2863 4614 3133 4659 mortuum
3167 4603 3381 4674 tetigit,
3426 4605 3518 4673 qui

248 4681 470 4753 νεκροῦ,
528 4685 623 4735 καὶ
674 4681 766 4733 τὸν
813 4680 1188 4751 λεπρωθέντα,
1237 4681 1332 4735 καὶ
1378 4684 1557 4739 ἄλλων
1604 4685 1838 4741 πολλῶν.

260 4776 609 4847 Ἦρωτηθην,
645 4775 832 4845 φησὶν,
852 4776 901 4827 εί
933 4774 1245 4845 γέγραπται
1278 4776 1579 4847 λαμϐάνειν
1606 4778 1841 4845 γυναῖκα

251 4870 338 4923 επ*
374 4868 600 4938 ἀδελφῇ,
622 4869 790 4940 ῆγουν
820 4868 868 4919 εί
900 4867 1001 4938 τῆς
1031 4867 1294 4936 γυναικὸς
1317 4871 1517 4934 αὐτοὺς
1551 4866 1649 4941 τὴν
1683 4869 1834 4925 ἁδελ-

253 4966 363 5035 φὴν
416 4964 593 5028 ἔξεστι
653 4962 971 5034 λαμϐάνειν⁵
1008 4964 1117 5019 τινί
1142 4981 1157 4997 ο
1194 4968 1291 5019 καὶ
1329 4962 1485 5019 εἷπον
1513 4967 1596 5018 ὅτι
1654 4967 1715 5019 οὐ
1745 4966 1839 5034 γέ-

252 5071 522 5125 γραπται.
551 5056 731 5125 Ὅπερ
771 5054 867 5108 καὶ
915 5055 1116 5126 ἀληθές
1147 5058 1317 5121 ἐστιν,
1364 5056 1501 5110 ἀλλὰ
1544 5056 1641 5111 καὶ
1665 5058 1844 5125 ἀσφα-

253 5149 366 5211 λές.
408 5147 482 5200 Τὸ
516 5147 575 5201 δὲ
609 5147 1019 5216 συλλογίζεσθαι
1046 5150 1108 5202 τὸ
1150 5149 1447 5218 σιωπηθὲν,
1496 5148 1663 5219 ἧγουν
1718 5147 1842 5201 tusi

254 5240 285 5293 ὀ
314 5237 481 5309 νόμος
507 5232 685 5305 εἶπεν,
719 5239 826 5304 ὅτι,
863 5240 947 5293 Οὐ
972 5239 1148 5307 λήψῃ
1184 5238 1444 5309 γυναῖκα
1473 5240 1567 5291 ἐπ’
1599 5236 1837 5308 ἁδελφῇ

257 5326 451 5396 αὐτῆς
482 5326 824 5399 ἀντιζηλον,
851 5330 951 5384 καί
986 5332 1075 5385 ἔτι
1105 5329 1300 5396 ζώσης
1336 5328 1551 5397 αὐτῆς,
1604 5330 1837 5383 ἀκόλου-

258 5420 355 5474 θόν
382 5422 553 5487 ἔστιν,
584 5422 667 5475 δτι
704 5424 841 5491 μετά
868 5424 1099 5478 θάνατον
1133 5423 1193 5475 ού
1220 5424 1490 5477 κωλύεται
1542 5422 1643 5493 τὴν
1680 5423 1836 5476 άδελ-

261 5512 371 5583 φὴν
404 5514 501 5582 τῆς
530 5515 790 5580 γυναικδς
820 5515 1149 5583 λαμϐάνειν,
1180 5516 1254 5579 ὡς
1291 5516 1491 5585 μηκέτι
1552 5515 1652 5583 τῆς
1682 5514 1843 5585 ζηλο-

263 5605 467 5667 τυπίας
509 5606 775 5675 ισομένης
805 5623 821 5638 ⁸
852 5606 1010 5661 τοῦτο
1034 5646 1049 5669 .
1080 5610 1236 5678 φησὶ,
1267 5608 1329 5661 τὸ
1382 5606 1610 5661 τοιαῦτα
1658 5607 1838 5674 λέγειν

264 5695 587 5765 νομοθετεῖν
614 5698 732 5751 εστι
762 5702 856 5752 καὶ
892 5700 1127 5763 οἰκείους
1150 5699 1497 5767 συνεισάγειν
1530 5698 1752 5769 νόμους,
1781 5700 1839 5752 οὺ

266 5787 336 5841 τὰ
370 5787 466 5841 τοῦ
499 5790 665 5859 νόμον
720 5790 903 5856 λέγειν
938 5807 952 5821 ·
988 5793 1036 5844 εἰ
1070 5791 1178 5861 γάρ
1208 5791 1393 5861 δῶμεν
1442 5793 1577 5859 μετὰ
1614 5791 1844 5845 θάνατον

378 5889 392 5916 ³
440 5884 616 5941 Leuit.
655 5903 814 5951 xvrll,
864 5891 946 5944 l8.

1942 4696 2087 4766 lepra
2125 4697 2356 4753 inlectus
2383 4709 2468 4753 est
2497 4738 2512 4763 ,
2543 4706 2597 4753 et
2629 4697 2752 4752 aliis
2781 4712 2945 4768 quam
2978 4696 3247 4766 plurimis.
3281 4694 3517 4752 interro-

1942 4799 2097 4857 gatus
2123 4803 2265 4853 sum,
2297 4790 2490 4859 inquit,
2524 4804 2590 4843 an
2630 4788 2892 4859 scriptum
2919 4787 2991 4844 sit
3029 4788 3275 4856 accipere
3296 4802 3517 4842 uxorem

1943 4879 2010 4932 ad
2058 4892 2339 4946 sororem;
2375 4880 2629 4935 nimirum
2679 4894 2746 4933 an
2798 4879 2960 4934 liceat
2994 4878 3227 4949 cuipiam
3277 4892 3520 4933 sororem

1945 4968 2132 5023 uxoris
2161 4983 2274 5023 sua:
2304 4970 2534 5035 ducere;
2563 4978 2618 5022 et
2644 4969 2753 5024 dixi
2783 4983 2887 5023 non
2922 4968 3181 5036 scriptmn
3212 4981 3351 5034 esse;
3379 4969 3524 5038 quod

1949 5076 2139 5116 verum
2174 5070 2280 5127 est,
2316 5071 2480 5131 atque
2509 5062 2671 5116 etiam
2706 5070 2902 5116 tutum.
2933 5060 3010 5115 Ex
3041 5076 3105 5116 eo
3135 5072 3314 5115 autem
3337 5102 3350 5125 ,
3378 5060 3524 5129 quod

1952 5168 2057 5207 non
2092 5154 2299 5208 dictum
2330 5162 2434 5219 est,
2465 5153 2756 5209 illationem
2802 5153 3001 5217 facere,
3046 5167 3238 5222 nempe
3267 5151 3523 5221 quoniam

1949 5243 2030 5299 lex
2064 5245 2227 5310 dicit,
2254 5247 2400 5317 quod
2436 5244 2559 5300 Non
2604 5248 2828 5316 accipies
2863 5262 3078 5301 uxorem
3112 5246 3409 5316 zelotypum
3455 5245 3525 5299 ad

1946 5352 2179 5391 sororem
2205 5340 2392 5406 ipsius,
2426 5339 2539 5405 ipsa
2566 5340 2723 5393 etiam
2746 5340 2916 5394 adhuc
2944 5342 3164 5406 vivente,
3188 5353 3526 5410 consequens

1947 5439 2030 5482 est
2062 5430 2204 5497 quod
2237 5441 2357 5499 post
2400 5439 2628 5486 mortem
2671 5446 2915 5488 sororem
2950 5432 3138 5489 uxoris
3170 5434 3368 5488 ducere
3416 5446 3525 5486 non

1951 5520 2288 5588 prohibetur.
2326 5530 2385 5576 nt
2434 5522 2701 5593 zelotypia
2737 5524 2969 5593 amplius
3022 5538 3126 5579 non
3175 5522 3378 5590 l‘utura,
3420 5524 3525 5578 hoc

1953 5612 2149 5679 inquit,
2183 5612 2329 5675 talia,
2359 5613 2565 5668 scilicet
2594 5614 2775 5669 dicere
2803 5624 2885 5670 est
2917 5615 3085 5684 legem
3119 5614 3284 5680 ferre,
3311 5625 3366 5669 et
3396 5629 3525 5685 pro-

1954 5704 2101 5772 prias
2130 5702 2274 5771 leges
2302 5704 2668 5770 introducere,
2701 5720 2806 5761 non
2834 5722 2894 5764 ea
2923 5721 3043 5777 qua
3073 5715 3198 5763 sunt
3240 5706 3373 5776 legis
3404 5722 3526 5777 pro-

1959 5795 2119 5850 ferre.
2161 5794 2227 5849 Si.
2251 5796 2635 5863 dcmusenim,
2658 5806 2781 5867 post
2814 5805 3042 5856 mortem
3069 5801 3258 5856 uxoris
3286 5817 3525 5858 snmrcm

338 5984 409 6046 ζα)
438 5982 569 6034 lianc
592 5984 1055 6049 interpretationem
1077 5984 1215 6037 dedit
1244 5984 1547 6049 Det-erogius
1577 5987 1626 6036 in
1654 5984 1784 6037 notis
1812 5999 1873 6036 ex
1902 5986 2070 6039 codice
2093 5986 2501 6040 AmerbaChiano.
2528 5986 2668 6038 Enn.
