4234 6450
794 381 898 442 819

2035 382 2313 442 ΤΗΕΟῙ).
2354 379 2752 442 BALSAMON

792 489 956 556 ipsius
985 488 1033 539 ei
1074 488 1323 556 accipere
1353 486 1533 552 licere,
1573 487 1661 555 qui
1700 498 1925 544 mortuae
1969 491 2195 544 maritus
2224 489 2347 554 fuit,
2384 495 2464 550 Αε

2341 530 2347 554 ,
2384 495 2427 550 Α
2454 491 2552 559 τῆς
2576 488 2839 557 γυναικὸς
2869 486 2969 557 τὴν
2990 485 3229 557 ἀδελφὴν
3250 486 3420 555 αὐτῆς
3466 485 3763 556 λαμϐάνειν
3792 485 3890 540 τδν
3916 491 4013 556 τῆς

785 580 1037 645 queuiam
1072 579 1347 648 zelatypiae
1378 579 1556 648 passio
1598 579 1771 635 locum
1811 581 2039 650 amplius
2086 596 2192 634 non
2242 581 2338 634 lis-

784 671 946 729 best,
979 684 1096 722 eam
1147 668 1373 738 accipiet
1408 670 1568 724 etiam
1611 671 1723 739 ipsa
1757 671 1985 734 vivente,
2043 673 2087 725 si
2127 685 2340 725 sorores

786 760 1064 829 zelotypiae
1114 761 1412 829 passionem
1446 776 1570 832 erga
1625 777 1683 816 se
1730 762 1955 816 invicem
1990 776 2095 816 non
2136 762 2338 815 habue-

787 855 913 903 rint.
949 852 1050 904 Sed
1075 852 1214 905 dicet
1248 851 1440 922 aliquis
1474 853 1575 907 hoc
1601 869 1705 909 non
1735 854 1989 922 scriptum
2025 867 2143 908 esse
2185 869 2199 905 ι
2248 867 2340 905 vc-

784 958 902 994 rum
946 958 1043 996 nec
1070 943 1197 996 illud
1224 944 1481 1011 scriptum
1509 954 1611 1009 est,
1638 954 1696 998 ut
1727 955 1846 1015 post
1873 954 2102 998 mortem
2134 944 2341 998 scilicet

785 1032 1027 1087 mulieris
1062 1034 1287 1087 maritus
1321 1035 1436 1103 ejus
1478 1044 1701 1089 mortua:
1732 1050 1974 1091 sororem
2023 1036 2075 1089 in
2117 1047 2338 1091 uxorem

785 1126 1022 1176 duceret.
1062 1123 1262 1179 Deinde
1298 1124 1465 1191 addit,
1497 1126 1638 1194 quod
1667 1127 1709 1180 si
1742 1140 1804 1180 ea
1836 1141 1955 1194 qua:
1984 1135 2146 1191 retro,
2179 1123 2339 1196 paulo

782 1214 989 1268 siailicet
1017 1223 1162 1279 ante,
1195 1216 1245 1268 in
1272 1215 1388 1284 lege
1416 1215 1555 1270 dicta
1584 1224 1730 1281 sunt,
1765 1214 2215 1277 eonsideraveris,
2256 1212 2338 1267 ul-

782 1304 963 1357 tcriori
994 1305 1231 1359 molestia
1267 1305 1524 1360 liberatus
1569 1307 1697 1361 eris.
1742 1304 1859 1361 Non
1905 1320 2117 1362 omnem
2153 1306 2295 1360 enim
2321 1346 2335 1370 ,

782 1394 992 1458 inquit,
1018 1404 1359 1460 peccatorum
1394 1395 1626 1463 speciem
1658 1394 1929 1464 legislator
1971 1394 2039 1449 ibi
2092 1408 2339 1461 compre-

780 1484 1012 1537 hendere
1039 1486 1138 1539 sibi
1170 1487 1449 1555 proposuit
1483 1502 1497 1539 :
1524 1486 1617 1542 sed
1668 1496 1881 1555 peccata
1914 1485 2293 1557 Egyptiorum
2324 1526 2337 1551 ,

781 1576 919 1629 inter
960 1590 1093 1643 quos
1120 1575 1467 1632 Hebraorum
1509 1578 1736 1647 populus
1776 1586 2029 1647 tanquam
2072 1578 2339 1646 peregrini

790 1678 945 1721 antea
978 1666 1312 1732 habitarant;
1350 1676 1403 1723 et
1431 1667 1890 1733 Chananaeorum,
1920 1668 1985 1722 ad
2016 1682 2148 1735 quos
2180 1676 2331 1721 trau-

782 1758 984 1811 sierunt
1018 1767 1069 1813 et
1101 1758 1584 1829 transmigrarunt;
1616 1758 1755 1829 quod
1801 1757 2093 1813 verisimile
2118 1768 2236 1821 est;
2288 1766 2341 1809 et

2452 581 2861 652 τελευτησάσης
2898 579 3090 651 ἄνδρα,
3119 579 3210 634 Oti
3233 580 3297 634 τὸ
3342 579 3540 650 μηκέτι
3601 580 3662 633 sb
3692 578 3793 647 τῆς
3853 578 4016 649 (1:10-

2452 673 2651 736 τυπίας
2696 673 2865 738 πάθος
2905 676 3089 745 χώραν
3137 672 3308 743 εχειν,
3366 670 3600 740 λήψεται
3657 670 3870 738 ταύτην
3925 671 4019 722 καὶ

2452 761 2629 829 ζώσης
2661 761 2899 832 ἐκείνης,
2926 762 2977 815 ει
3004 760 3350 831 ἀζηλότυπον
3386 760 3528 830 «pb;
3555 757 3795 829 ἀλλήλας
3853 758 4018 821 πάθος

2442 853 2615 921 ἔχοιεν
2647 855 2701 904 αί
2728 852 2977 919 ἀδελφαί.
3020 851 3165 904 Ἀλλ’
3201 851 3322 921 ἐρεῖ
3350 867 3433 913 τις
3492 851 3577 904 ότι
3610 850 3771 904 τοῦτο
3833 850 3899 903 οὗ
3927 851 4017 916 γέ-

2446 958 2688 1010 γραπται
2715 958 2727 972 ·
2756 942 2872 995 ἀλλ’
2893 942 3014 996 οὐδε
3036 942 3212 995 ἐκεῖνο
3235 941 3563 1010 γέγραπται,
3598 939 3658 991 τὸ
3684 941 3825 1008 μετά
3850 939 4015 992 Div:-

2443 1048 2533 1083 τον
2561 1029 2763 1098 δηλαδὴ
2782 1030 2879 1099 τῆς
2904 1028 3161 1097 γυναικὸς
3182 1028 3274 1082 τὸν
3300 1028 3515 1096 ἐκείνης
3546 1026 3715 1095 ἀνδρα
3744 1024 3847 1093 τὴν
3867 1024 4016 1077 ἀδελ-

2445 1123 2549 1191 φὴν
2572 1121 2668 1187 τῆς
2702 1121 3098 1190 τελευτησάσης
3134 1120 3216 1182 είς
3248 1120 3485 1186 γυναῖκα
3529 1115 3855 1185 λαμεάνειν.
3889 1109 4015 1166 Εἶτα

2444 1214 2663 1281 ἐπάγει,
2682 1216 2763 1270 ὅτι
2795 1216 2843 1265 sl
2868 1212 2939 1265 τά
2964 1211 3193 1265 κατόπιν
3217 1211 3314 1279 τῆς
3337 1207 3661 1278 νομοθεσίας
3689 1206 4013 1274 σκοπήσεις,

2445 1304 2512 1358 τὰ
2540 1304 2763 1357 ὄπισθεν
2788 1302 3012 1373 δηλαδὴ,
3066 1300 3461 1369 ἀπαλλαγήσῃ,
3488 1296 3863 1368 πραγμάτων.
3948 1294 4018 1347 0'3

2445 1397 2553 1462 γὰρ
2587 1395 2693 1446 πᾶν
2724 1386 2863 1453 εἶδος
2894 1393 2920 1443 ὁ
2948 1390 3247 1460 νομοθέτης
3276 1386 3538 1451 ἐνταῦθα,
3590 1385 3746 1455 φησὶ,
3788 1384 4020 1453 περιλα-

2447 1484 2560 1535 ϐεῖν
2594 1481 3009 1553 ἁμαρτημάτων
3040 1478 3301 1548 προέθετο
3323 1492 3339 1508 ⁶
3364 1476 3502 1529 ἀλλά
3530 1475 3601 1528 τά
3651 1476 3763 1527 τῶν
3838 1475 4016 1540 Alvu-

2446 1576 2634 1633 πτέων,
2666 1569 2746 1635 οἷς
2798 1569 3045 1640 παρῷκει
3096 1570 3289 1638 πρώην
3323 1568 3351 1620 ό
3393 1566 3665 1637 Ἐϐραίων
3709 1566 3871 1629 λαὸς,
3925 1569 4015 1617 καὶ

2445 1666 2511 1717 τὰ
2546 1663 2651 1715 τῶν
2680 1662 3024 1723 Χαναναίων,
3056 1660 3192 1730 πρὸς
3210 1658 3305 1721 οὓς
3332 1656 3654 1727 μετετίθετο
3706 1658 3807 1710 καὶ
3839 1656 4021 1726 μετῴ-

2449 1774 2627 1816 κιστο,
2651 1755 2744 1806 καὶ
2769 1754 2916 1815 είκός
2945 1755 3083 1806 ἐστι.
3119 1752 3230 1806 Καὶ
3259 1752 3343 1804 ὅτι
3390 1749 3550 1805 τοῦτο
3616 1748 3675 1806 τὸ
3722 1742 3870 1809 suo;
3931 1744 4020 1798 τοῦ

782 1850 921 1914 quod
969 1847 1126 1901 istam
1176 1857 1514 1916 peccatorum
1564 1850 1839 1917 speciem,
1898 1864 2001 1917 qua
2054 1849 2175 1917 quis
2225 1855 2342 1917 post
2373 1852 2454 1911 Bt

2373 1856 2415 1911 Β
2443 1848 2860 1924 ἁμαρτήματος,
2895 1845 2955 1897 τὸ
2989 1845 3127 1913 μετά
3154 1845 3382 1896 θάνατον
3425 1841 3525 1908 τῆς
3569 1837 3832 1908 γυναικὸς
3854 1834 4019 1888 αὐτοῦ

783 1945 1004 1989 mortem
1057 1936 1237 1989 uxoris
1294 1951 1401 1991 sua:
1458 1952 1699 1993 sororem
1758 1938 1877 2008 ejus
1924 1938 2070 1991 ducit
2122 1936 2340 2009 [Moses]

782 2033 1061 2089 prepterea
1115 2024 1409 2093 prohibuit,
1461 2026 1603 2093 quod
1649 2026 1752 2081 viri
1801 2026 2060 2081 luxuriosi
2110 2027 2343 2095 patriar-

782 2116 935 2166 cham
969 2113 1227 2168 Iacobum
1267 2130 1365 2183 pro
1400 2116 1643 2185 exemplo
1691 2118 1998 2181 habebant,
2036 2118 2126 2185 qui
2154 2119 2339 2173 eodem

782 2216 1022 2272 tempore
1054 2206 1264 2260 duabus
1288 2208 1587 2271 sororibus,
1630 2209 1771 2263 Leiae
1807 2220 1855 2262 ct
1905 2210 2145 2273 Racheli,
2179 2211 2342 2264 coha-

782 2297 989 2348 hitavit.
1023 2295 1183 2348 Multa
1232 2306 1411 2350 autem
1446 2298 1592 2371 dicit,
1626 2313 1655 2350 a
1694 2299 1809 2366 lege
1843 2300 2061 2369 quidem
2115 2302 2336 2355 silentio

782 2388 1161 2450 praetermissa,
1193 2398 1240 2441 ct
1296 2398 1471 2441 tamen
1524 2389 1786 2457 prohibita
1820 2404 1940 2444 esse
1983 2408 1995 2445 :
2028 2392 2185 2458 quale
2215 2402 2294 2447 est
2322 2432 2335 2457 ,

783 2484 986 2543 patrem
1012 2482 1063 2526 et
1093 2474 1258 2529 illium
1294 2477 1476 2530 eadem
1536 2477 1723 2546 pellice
1754 2493 1857 2533 non
1893 2478 1989 2532 uti.
2021 2478 2188 2547 llujus
2220 2478 2336 2545 qui-

780 2566 897 2617 dem
929 2563 1012 2617 lex
1040 2577 1143 2617 non
1177 2563 1458 2617 meminit:
1490 2566 1751 2633 propheta
1777 2581 1907 2619 vero
1944 2574 2197 2632 tanquam
2230 2567 2341 2619 ille-

780 2657 1018 2724 gitimam
1053 2655 1316 2708 actionem
1351 2657 1644 2718 accusavit,
1679 2656 1886 2719 dicens,
1927 2658 2072 2723 ﬁlius
2102 2668 2149 2711 et
2188 2668 2341 2724 pater

781 2748 847 2795 ad
901 2749 1131 2798 eamdem
1184 2744 1412 2812 puellam
1460 2745 1888 2815 ingrediebantur
1959 2784 1971 2797 .
2007 2746 2069 2799 Et
2122 2747 2335 2811 quidem

783 2834 1080 2900 Daemones,
1125 2836 1317 2913 inquit,
1356 2837 1521 2890 multa
1576 2836 1971 2891 immundarum
2025 2840 2333 2906 passionum

782 2940 975 2993 genera
1009 2927 1343 2980 docuerunt:
1378 2928 1553 2982 divina
1587 2938 1763 2983 autem
1794 2929 2073 2997 Scriptura
2123 2932 2235 2986 haec
2266 2931 2339 2985 si-

782 3014 952 3071 lentio
983 3014 1341 3083 prmtermisit,
1372 3024 1427 3069 et
1456 3019 1554 3070 sub
1586 3018 1821 3083 generali
1855 3018 2209 3073 immunditiei
2242 3034 2338 3071 no-

780 3104 925 3158 mine
963 3104 1387 3170 comprehendit,
1417 3118 1484 3158 ne
1512 3106 1869 3165 sanctimonia
1897 3108 2063 3177 ipsius
2092 3110 2325 3175 turpium

2444 1956 2562 1990 τινα
2601 1938 2902 2006 λαμϐάνειν
2928 1935 3029 2004 τὴν
3088 1934 3327 2005 ἀδελφὴν
3408 1931 3647 2001 ἐκείνης,
3705 1928 3796 1982 διὰ
3862 1927 4021 1981 τοῦτο

2444 2026 2741 2086 ἐκώλυσεν,
2766 2025 2847 2076 ὅτι
2877 2024 2958 2084 εἰς
2985 2022 3298 2091 ὑπόδειγμα
3321 2016 3467 2089 εἶχον
3518 2022 3567 2073 οἱ
3600 2020 3899 2074 ἀκόλαστοι
3930 2018 4019 2071 τὸν

2443 2116 2785 2185 πατριάρχην
2822 2113 3019 2167 Ἰακὼϐ
3051 2115 3449 2181 συνοικήσαντα
3470 2110 3611 2165 κατά
3633 2110 3835 2163 ταύτὸν
3865 2109 4020 2163 δυσὶν

2442 2207 2719 2272 ἀδελφαῖς,
2752 2207 2818 2275 τῇ
2840 2222 2895 2255 τε
2930 2203 3063 2275 Λείᾳ
3089 2206 3180 2257 καὶ
3209 2208 3273 2271 τῇ
3335 2204 3553 2273 Ῥαχήλ.
3589 2202 3772 2255 Πολλά
3826 2202 3885 2254 δέ
3928 2200 4017 2251 λέ-

2442 2314 2525 2363 γει
2556 2297 2631 2365 τῷ
2659 2297 2806 2365 νόμῳ
2838 2296 2935 2362 μὲν
2993 2294 3354 2364 σιωπηθῆναι,
3377 2293 3717 2347 κεκωλύσθαι
3742 2293 3802 2343 δὲ
3832 2294 3986 2359 ὅμως
4005 2310 4016 2320 ·

2441 2384 2551 2438 οἷόν
2582 2388 2695 2438 ἐστι
2726 2386 2783 2437 τὸ
2818 2387 2890 2455 μὴ
2917 2387 3017 2456 μιᾷ
3052 2385 3301 2454 παλλακῇ
3330 2384 3628 2455 κεχρῆσθαι
3678 2382 3900 2451 πατέρα
3933 2382 4019 2433 καὶ

2441 2479 2577 2531 υίόν.
2604 2476 2805 2528 Τούτου
2838 2477 2935 2544 μὲν
2972 2478 3000 2528 ό
3029 2478 3192 2546 νόμος
3220 2477 3320 2529 οὐκ
3381 2476 3788 2545 ἐμνημόνευσεν
3826 2490 3841 2505 ·
3881 2476 3910 2525 ό
3966 2474 4019 2525 δὲ

2440 2571 2724 2638 προερήτης
2770 2568 2843 2630 ὡς
2876 2566 3119 2635 ἀθέσμου
3172 2567 3271 2634 τῆς
3318 2566 3569 2634 πράξεως
3606 2566 4017 2634 κατηγόρησεν,

2440 2660 2608 2713 εἰπών
2640 2675 2652 2689 ·
2700 2660 2753 2710 Ὀ
2809 2657 2939 2722 υἱὸς
3007 2656 3104 2709 καὶ
3140 2659 3173 2709 ό
3220 2656 3416 2723 πατὴρ
3465 2655 3614 2721 πρὸς
3660 2656 3777 2719 τὴν
3824 2656 4021 2720 αὐτὴν

2440 2749 2767 2813 παιδίσκην
2804 2748 3283 2813 εἰσεπορεύοντο.
3316 2746 3423 2799 Καὶ
3478 2748 3525 2798 οἱ
3595 2744 3691 2813 μὲν
3739 2744 4018 2811 δαίμονες,

2440 2840 2597 2908 φησι,
2639 2837 2808 2889 πολλά
2844 2836 2963 2904 εἴδη
2991 2836 3100 2888 τῶν
3135 2834 3459 2903 ἀκαθάρτων
3489 2833 3679 2885 παθῶν
3713 2831 3970 2895 ἐδίδαξαν
4003 2847 4016 2861 ·

2440 2930 2557 2999 ἠδὲ
2588 2928 2705 2981 Θεία
2737 2926 2931 2997 Γραφὴ
2986 2927 3157 2979 ταῦτα
3205 2925 3622 2996 παρεσιώπησε,
3665 2925 3759 2977 καὶ
3814 2924 4021 2991 γενικῷ

2438 3018 2779 3088 ὸνόματιτῆς
2820 3017 3161 3086 ἀκαθαρσίας
3195 3017 3458 3082 διέλαϐεν,
3492 3017 3577 3069 ἵνα
3634 3016 3710 3084 μὴ
3746 3018 3780 3086 ἡ
3829 3016 4023 3084 σεμνό-

2435 3125 2533 3176 της
2571 3108 2739 3176 αὐτῆς
2796 3108 2919 3170 ταῖς
2984 3107 3095 3160 τῶν
3129 3108 3372 3177 αἰσχρῶν
3433 3108 3749 3175 ὀνομασίαις
3807 3110 4020 3175 καταρ-

782 3195 1229 3266 appellationibus
1257 3197 1740 3253 contaminaretur.
1776 3198 1839 3251 Et
1868 3200 2180 3268 Apostolus,
2209 3200 2334 3254 Om-
2361 3196 2403 3249 C
2438 3202 2454 3268 έ

2361 3196 2403 3249 C
2438 3198 2764 3268 ρυπαίνοιτο.
2792 3196 2901 3251 Καὶ
2933 3196 2962 3249 ό
2982 3198 3322 3259 ’Δπόστολος.
3354 3199 3607 3265 Πορνεία
3638 3198 3707 3250 δὲ
3731 3198 3835 3251 καὶ
3865 3199 4012 3252 ἀκα-

780 3287 885 3350 nis,
921 3286 1129 3354 inquit,
1168 3286 1446 3353 fornicatio
1481 3298 1531 3341 et
1574 3289 1927 3341 immundities
1977 3291 2113 3342 inter
2146 3307 2230 3344 ros
2274 3309 2336 3345 ne

782 3379 1075 3430 nominetur
1109 3378 1146 3442 ⁸,
1180 3380 1278 3432 sub
1327 3378 1681 3435 immunditiei
1740 3380 1954 3435 nomine
1985 3397 2198 3436 omnem
2240 3382 2335 3436 ob-

780 3470 1100 3523 scenitatem
1157 3470 1652 3539 comprehenderis;
1686 3472 1821 3526 adeo
1848 3483 1904 3526 ut
1936 3474 2080 3527 nulla
2117 3488 2335 3542 prorsus

780 3559 1080 3614 libidinosis
1109 3569 1325 3628 propter
1355 3559 1627 3615 silentium
1659 3564 1885 3633 turpiter
1905 3563 2093 3633 agendi
2118 3564 2334 3617 licentia

781 3651 959 3709 detur.
1000 3650 1200 3704 Deinde
1225 3658 1277 3703 et
1312 3652 1519 3706 fortiori
1560 3663 1776 3707 sanctus
1807 3664 2118 3723 argumento
2146 3656 2332 3720 utitur,

779 3738 985 3801 dicens,
1020 3753 1191 3808 neque
1225 3741 1360 3795 hanc
1384 3752 1585 3810 partem
1619 3743 1731 3797 sive
1764 3746 1996 3812 speciem
2032 3746 2187 3815 hujus
2214 3763 2337 3816 pec-

780 3830 885 3882 rati
912 3830 1127 3884 silentio
1161 3844 1188 3883 a
1216 3830 1330 3899 lege
1360 3832 1776 3901 praetermissam
1808 3847 1949 3889 esse.
1980 3834 2350 3909 Quandoqniﬂ

780 3922 899 3975 dem
935 3923 1074 3974 enim
1122 3921 1174 3974 in
1208 3936 1270 3977 ea
1309 3922 1567 3989 scriptum
1604 3931 1686 3977 est
1710 3965 1724 3989 ,
1764 3921 1886 3975 Non
1923 3925 2229 3993 ingrediert‘s
2268 3928 2335 3977 ad

777 4013 1005 4080 quemvis
1040 3997 1481 4082 consanguineum
1530 4015 1705 4067 carnis
1748 4025 1852 4068 tua:
1902 4016 1969 4067 ad
2004 4017 2337 4069 rwelandam

780 4104 892 4169 ejus
938 4104 1311 4171 turpitudinem
1347 4104 1389 4167 ',
1434 4105 1534 4159 hoc
1583 4106 1744 4158 etiam
1786 4121 1954 4173 genus
2002 4106 2334 4175 prohibetur.

782 4195 839 4247 Si
876 4195 1016 4249 enim
1052 4195 1241 4249 mulier
1269 4204 1322 4249 et
1351 4196 1433 4249 vir
1466 4211 1570 4249 una
1608 4197 1712 4251 sint
1739 4211 1887 4262 caro,
1915 4198 2067 4265 juxta
2092 4198 2335 4267 Scriptu-

781 4302 920 4349 ram,
952 4286 1090 4341 inter
1118 4288 1285 4341 virum
1315 4295 1366 4341 et
1398 4287 1581 4341 uxor-is
1611 4288 1778 4357 ipsius
1816 4304 2053 4345 sororem
2087 4304 2335 4360 magnam

779 4376 1000 4429 mnuino
1044 4376 1565 4446 consanguinitatem
1595 4393 1719 4433 esse
1746 4379 2008 4447 quiSpiam
2041 4380 2335 4436 existimet.

782 4462 845 4514 Et
876 4461 1328 4529 quemadmodum
1381 4478 1539 4519 nemo
1575 4479 1802 4521 matrem
1840 4468 2024 4521 uxoris
2057 4483 2166 4522 sum
2193 4508 2207 4531 ,
2251 4468 2337 4522 vel

782 4548 945 4602 ﬁliani
974 4565 1037 4603 ex
1065 4550 1168 4605 alio
1199 4551 1246 4603 ei
1279 4549 1394 4605 viro
1424 4554 1681 4619 genitam,
1710 4566 1927 4622 propter
1956 4557 2337 4623 consanguini-

782 4651 947 4695 tatem
973 4642 1233 4710 accipiet;
1257 4656 1430 4711 neque
1456 4643 1617 4697 etiam
1642 4654 1868 4719 matrem
1902 4660 2055 4699 suam
2082 4646 2333 4701 ﬁliamve:

781 4734 861 4787 sic
911 4748 1082 4801 neque
1116 4734 1298 4787 uxoris
1344 4734 1514 4787 sorori
1564 4733 1957 4802 conjungetur;
1988 4736 2184 4805 quippe
2235 4752 2335 4792 nec

780 4824 951 4878 sorori
984 4838 1112 4877 sum.
1157 4823 1300 4877 ldetn
1334 4832 1509 4877 autem
1547 4823 1717 4892 inquit
1744 4834 1798 4877 et
1833 4826 1899 4878 de
1936 4825 2161 4880 muliere
2190 4842 2205 4878 :
2242 4841 2335 4881 ne-

779 4931 884 4981 quc
920 4916 1061 4969 enim
1103 4915 1296 4969 mulier
1322 4916 1500 4969 mariti
1532 4915 1613 4969 sui
1653 4915 1889 4969 defuncti
1926 4916 2082 4970 fratri
2109 4919 2335 4986 conjun-

780 5020 969 5077 gctur;
1017 5023 1191 5075 neque
1238 5009 1358 5063 aliis
1396 5007 1442 5061 ei
1494 5024 1590 5077 per
1641 5009 2011 5078 cognationem
2068 5009 2336 5065 amnibus.

782 5098 972 5153 l’ostea
1004 5098 1308 5166 Apostolica
1335 5100 1586 5167 producit
1612 5100 1797 5163 verba,
1822 5110 1873 5153 et
1900 5100 1964 5153 ad
1998 5100 2223 5169 aliquos,
2250 5102 2340 5169 qui

780 5188 1163 5255 iliud,Crescite
1185 5200 1232 5242 et
1257 5190 1679 5258 timltiplicamini
1701 5193 1741 5257 ³,
1766 5192 2047 5259 objiciunt,
2065 5192 2213 5257 dicit,
2234 5192 2337 5245 Eos

780 5282 1015 5345 derideo,
1056 5281 1146 5346 qui
1178 5280 1567 5349 legislationutu
1600 5291 1840 5349 tempora
1872 5298 1976 5335 non
2006 5284 2340 5337 discernunt.

778 5370 892 5427 lloc
913 5372 1113 5431 dicens,
1137 5372 1389 5439 quoniam
1412 5371 1558 5438 illud,
1578 5372 1806 5427 Crescite
1820 5383 1867 5426 et
1892 5374 2335 5440 multiplicamini,

777 5463 919 5516 licus
947 5463 1012 5514 ad
1050 5461 1293 5515 homines
1330 5462 1506 5531 primo
1538 5471 1749 5519 creatos
1780 5467 2149 5533 pronuntiavit
2209 5482 2329 5530 cum

780 5554 1013 5606 nendum
1048 5552 1330 5607 multitudo
1358 5553 1631 5608 hominum
1665 5563 1847 5619 esset,
1880 5564 1934 5607 et
1967 5569 2191 5612 necesse
2217 5572 2335 5611 om-

778 5644 909 5729 pino
936 5652 1099 5709 esset,
1132 5652 1189 5697 ut
1214 5642 1401 5698 Adami
1433 5643 1585 5699 liberi
1610 5645 1722 5701 sibi
1747 5645 1973 5701 uiridem
2015 5647 2334 5716 copularen-

852 5768 865 5819 ξ
899 5764 1099 5834 prcs.
1142 5783 1194 5834 γ,
1230 5764 1281 5818 5.
1360 5767 1380 5799 '
1406 5764 1578 5823 Levit.
1611 5784 1762 5833 xvttt,
1811 5767 1895 5823 l8.
1972 5766 1991 5799 ³
2021 5766 2153 5822 Gen.
2198 5783 2232 5831 l,
2264 5766 2356 5823 28.

2438 3292 2653 3359 θαρσία
2685 3290 2851 3345 πᾶσα
2880 3290 3034 3359 μηδὲ
3065 3289 3465 3360 ὀνομαζέσθω,
3498 3292 3685 3360 φησιν,
3730 3290 3804 3342 ἐν
3853 3290 4018 3357 ὑμῖν,

2436 3381 2514 3449 τῷ
2547 3382 2643 3450 τῆς
2706 3381 2995 3442 ἀκολασίας
3067 3379 3288 3450 ὀνόματι
3354 3382 3537 3432 πᾶσαν
3612 3380 4021 3449 ἀρῤητοποιίαν

2440 3489 2505 3524 πε
2518 3470 2771 3540 ριλασών.
2801 3473 2963 3523 Ὥστε
2990 3471 3050 3523 οὗ
3082 3473 3297 3532 πάντως
3330 3470 3480 3523 ἄδεια
3505 3470 3713 3523 δέδοται
3776 3474 3894 3535 τοῖς
3928 3488 4021 3539 φι-

2439 3562 2675 3631 ληδόνοις
2713 3561 2799 3613 διὰ
2828 3562 2927 3630 τῆς
2960 3562 3172 3631 σιωπῆς
3244 3562 3651 3632 αἰηρουργείν.
3708 3561 3850 3615 Εἶτα
3932 3564 4024 3614 καὶ

2442 3651 2741 3721 βιαιότερον
2772 3653 3041 3721 ἐπιχειρεῖ
3068 3653 3095 3704 ὁ
3122 3650 3299 3717 ἅγιος,
3336 3650 3510 3717 λέγων
3540 3651 3623 3703 ὃτι
3669 3650 3794 3702 οὑδέ
3827 3651 4024 3702 σεσιώ-

2440 3759 2608 3811 πηται
2666 3743 2743 3811 τῷ
2794 3744 2943 3811 νόμῳ
2996 3742 3058 3795 τδ
3094 3742 3257 3813 μέρος
3316 3741 3493 3808 τοῦτο,
3544 3743 3712 3810 ἤγουν
3762 3743 3827 3793 ab
3884 3737 4023 3804 εἶδος

2438 3832 2626 3885 τούτου
2680 3831 2771 3884 τοῦ
2824 3833 3220 3903 ἁμαρτήματος
3254 3848 3266 3863 ’
3328 3832 3453 3885 ἐπεὶ
3518 3831 3627 3900 γὰρ
3704 3831 4023 3899 γέγραπται

2440 3924 2497 3975 ἐν
2554 3921 2721 3989 αὐτῷ,
2777 3922 2898 3974 Οὐκ
2966 3922 3290 3989 εισελεύσῃ
3356 3922 3505 3989 πρὸς
3560 3921 3759 3974 πάντα
3791 3922 4027 3975 classiar-

2439 4016 2665 4082 σαρκός
2757 4026 2873 4065 σου
2948 4011 3339 4080 ἀποκαλύψαι
3410 4011 3863 4080 ἀσχημοσύνην
3922 4016 4025 4067 αὺ-

2440 4104 2571 4170 τοῦ,
2619 4104 2715 4157 καὶ
2768 4104 2924 4157 τοῦτο
2946 4104 3006 4155 τὸ
3058 4097 3198 4165 εἶδος
3243 4102 3640 4173 ἀπηγόρευται.
3707 4104 3771 4156 Ei
3848 4105 4021 4174 γὰρὴ

2440 4194 2576 4264 γυνὴ
2606 4194 2701 4248 καὶ
2749 4197 2777 4248 ὁ
2806 4195 2945 4264 ἀνὴρ
2968 4194 3107 4263 σάρξ
3136 4194 3242 4246 είσι
3289 4194 3410 4263 μία,
3442 4193 3582 4247 κατά
3626 4194 3726 4263 τὴν
3766 4194 4023 4265 Γραφὴν,

2440 4285 2657 4348 πάντως
2688 4285 2930 4357 μεγάλην
2978 4284 3044 4339 ἀν
3074 4300 3161 4348 τις
3215 4283 3487 4337 οἱκείωσιν
3544 4278 3683 4336 εἶναι
3741 4284 4025 4351 λογίσαιτο

2443 4376 2576 4447 πρὸς
2606 4380 2696 4429 τὸν
2725 4377 2894 4446 ἀνδρα
2913 4379 2978 4445 τῇ
3006 4378 3106 4446 τῆς
3138 4375 3397 4442 γυναικὸς
3422 4373 3590 4427 αὐτοῦ
3624 4374 3863 4444 ἀδελφῇ.
3906 4376 4017 4429 Καὶ

2446 4467 2635 4536 ὥσπερ
2663 4466 2873 4536 μητέρα
2901 4483 2986 4528 τις
3017 4466 3223 4527 οἰκείας
3275 4464 3555 4533 γυναικὸς,
3629 4466 3915 4536 θυγατέρα
3966 4468 4023 4531 ἐξ

2444 4562 2633 4631 ἐτέρου
2658 4559 2849 4628 ἀνδρὸς
2875 4559 3156 4628 τεχθεῐσαν
3186 4558 3345 4627 αὐτῇ,
3379 4559 3441 4611 οὐ
3481 4558 3740 4628 λήψεται,
3800 4558 3901 4611 6ιά
3924 4558 4022 4628 τὴν

2445 4652 2735 4715 οίκείωσιν,
2767 4650 2887 4704 οὐδι
2916 4650 3014 4719 μέν
3041 4667 3122 4702 τοι
3150 4649 3251 4720 τὴν
3273 4649 3480 4703 οίκείαν
3512 4650 3764 4719 μητέραν
3788 4649 3823 4718 ἢ
3858 4650 4026 4719 θυγα-

2445 4742 2577 4811 τέρα
2596 4741 2765 4804 οὕτως
2781 4740 2899 4793 οὐδέ
2923 4740 3022 4809 τῆς
3039 4740 3314 4807 γυναικός·
3334 4739 3454 4792 οὐδὲ
3470 4739 3607 4809 γυνὴ
3625 4740 3733 4811 γὰρ
3761 4740 3844 4811 τῷ
3868 4742 4028 4796 ἀδελ.

2445 4832 2531 4903 φῷ
2588 4831 2684 4884 τοῦ
2716 4830 2905 4901 ἀνδρὸς
2935 4829 3104 4899 αὐτῆς
3137 4828 3385 4892 θανόντος
3421 4830 3853 4899 συναφθήσεται,
3906 4832 4024 4885 οὑδλ

2442 4924 2556 4987 τοῖς
2592 4922 2774 4983 ἄλλοις
2804 4920 2999 4988 ἐκείνῳ
3021 4919 3242 4983 οἰκείοις
3290 4920 3774 4989 κατὰσυγγινειαν.
3795 4918 3935 4975 Εἶτα
3962 4924 4027 4976 τά

2440 5015 2771 5069 ἀποστολικά
2804 5016 3003 5082 ἐπάγει
3033 5016 3297 5084 ῥήματα*
3365 5016 3461 5067 καὶ
3521 5015 3659 5084 πρός
3712 5033 3877 5080 τινας
3940 5020 4020 5078 sb.

2439 5106 2791 5170 Αὺεάνεσθε
2812 5105 2909 5159 καὶ
2934 5108 3321 5170 πληθύνεσθε
3380 5105 3858 5177 προϐαλλομένους
3888 5109 4023 5178 φησὶ

2440 5198 2745 5264 καταγελῶ,
2777 5196 2885 5250 τῶν
2916 5199 2989 5267 μὴ
3011 5197 3397 5267 διακρινόντων
3427 5199 3555 5258 τοὺς
3603 5200 3837 5267 καιροὺς
3909 5200 4018 5252 τῶν

2446 5287 2801 5357 νομοθεσιῶν,
2833 5286 2989 5339 τοῦτο
3014 5286 3208 5353 λέγων,
3264 5286 3431 5341 ὃτιτδ
3488 5286 3842 5347 Αὺξὰνεσθε
3924 5287 4020 5339 καὶ

2449 5382 2832 5446 πληθύνεσθε
2862 5379 2996 5449 πρὸς
3025 5380 3151 5441 τοὺς
3208 5379 3667 5446 πρωτοπλάστους
3723 5378 3953 5451 είρηκεν
3992 5381 4021 5432 ό

2447 5473 2603 5535 Θεὸς,
2656 5471 2745 5525 ὅτε
2806 5470 2959 5524 οὔπω
3015 5470 3218 5539 πλῆθος
3269 5470 3596 5539 ἀνθρώπων,
3653 5472 3750 5524 καὶ
3799 5472 4017 5541 ἀνάγκη

2446 5564 2663 5623 πάντως
2694 5565 2817 5625 τοὺς
2839 5562 2933 5615 τοῦ
2980 5560 3151 5633 ’Λόἃμ
3176 5562 3371 5625 παῖδας
3426 5562 3674 5629 ἀλληλοις
3738 5563 4011 5615 συνάπτε·

2445 5658 2590 5707 σθαι.
2618 5652 2771 5707 Κατά
2801 5652 2989 5705 τοῦτον
3017 5648 3111 5706 οὖν
3134 5652 3225 5705 τὸν
3250 5651 3408 5719 λόγον
3460 5651 3553 5704 καὶ
3620 5649 3717 5705 νῦν
3767 5650 4016 5721 ἀλληλοις
