4234 6450
266 397 365 463 821

850 404 933 465 ΙΝ
971 405 1209 468 EPIST.
1259 407 1316 468 S.
1356 406 1641 469 BASILII
1673 407 1775 467 AD
1811 406 2271 474 GREGORIUM
2305 413 2886 478 PRESBYTERUM.

3390 417 3496 481 82‘2

259 518 700 588 συναφθήσονται
734 520 955 587 ἀδελφοί
991 538 1004 551 ·
1030 522 1123 573 καὶ
1153 523 1247 575 ἐπὶ
1270 525 1503 590 τούτοις,
1535 528 1721 598 φησιν,
1750 530 1833 582 δτι
1862 530 1907 585 Δ

1820 546 1833 581 ι
1862 530 1907 585 Δ
1937 534 2042 580 tur.
2072 526 2234 582 Juxta
2264 528 2419 584 istam
2447 530 2630 600 itaque
2660 531 2927 586 rationem
2968 533 3161 589 fratres
3196 534 3492 590 etiamnum

254 613 284 663 ό
324 611 575 678 δεύτερος
604 609 777 679 γάμος
805 614 1059 680 πορνείας
1090 617 1416 684 παραμυθία
1463 622 1603 683 ἐστὶ,
1662 639 1824 676 τουτ-

255 702 429 762 έστιν,
451 702 537 752 ῖνα
569 702 643 770 μὴ
674 705 750 763 εἰς
782 705 1039 772 πορνείαν
1070 704 1430 764 ἐκκυλίωνται
1451 711 1501 762 oi
1527 712 1824 781 ἄνθρωποι.

258 792 354 841 Διὶ
379 790 541 841 τοῦτο
567 796 913 863 συνεχωρήθη
950 798 981 866 ὴ
1012 799 1260 868 διγαμία,
1298 800 1412 853 ἀλλ’
1439 801 1535 869 οὐχ
1570 802 1658 855 ἵνα
1693 804 1828 869 πρό-

259 898 425 943 φασις
463 884 677 949 γίνηται
713 886 1024 952 ἀσελγείας.
1050 892 1159 944 Καὶ
1182 892 1273 943 τὸν
1301 894 1476 960 μέγαν
1507 884 1738 958 Παῦλον,
1767 895 1827 958 δς

255 973 349 1020 τὶν
377 971 627 1041 δεύτερἰν
658 981 930 1046 συγχωρεῖ
960 984 1158 1049 γάμον,
1191 984 1432 1051 παράγει
1470 984 1717 1051 λέγοντα,
1755 986 1826 1040 El

254 1064 369 1113 οὐκ
406 1065 866 1131 ἐγκρατεύονται
885 1072 1357 1139 γαμησάτωσαν,
1376 1076 1470 1128 καὶ
1501 1075 1564 1127 οὐ
1622 1078 1825 1145 προσέ-

259 1151 403 1214 θετο,
438 1158 722 1222 φησὶν,ὅτι
754 1161 1062 1227 γαμοῦντες
1097 1165 1608 1232 παρανομείτωσαν.
1689 1164 1824 1222 Εἶτα

258 1248 354 1295 καὶ
385 1245 620 1298 ἄλλωθεν
650 1252 1050 1313 κατασκευάζει
1083 1253 1179 1323 τὴν
1230 1257 1461 1310 ἀτοπίαν
1515 1258 1617 1326 τῆς
1678 1262 1822 1330 πρά·

256 1331 417 1394 ξεως,
439 1334 633 1401 λέγων,
673 1336 731 1391 '0
755 1337 855 1407 τὴν
884 1340 981 1407 τῆς
997 1340 1336 1413 ἀπελθούσης
1363 1348 1622 1413 γυναικὸς
1654 1351 1818 1405 αὐτοῦ

255 1419 441 1473 λαϐὼν
470 1425 729 1493 ἀδελφὴν,
762 1430 855 1480 καὶ
917 1433 1450 1505 παιδοποιησάμενος
1502 1438 1563 1503 ἐξ
1594 1439 1821 1509 άμφοῖν,

256 1511 423 1563 ποίαν
504 1517 614 1576 τοῖς
668 1517 875 1581 τέκνοις
926 1528 1301 1593 προσηγορίαν
1363 1531 1818 1600 περιποιήσεται;

253 1603 354 1654 καὶ
408 1604 523 1665 πῶς
544 1605 803 1675 ἀλλήλους
831 1612 880 1663 oi
902 1614 1087 1676 παῖδες
1107 1614 1431 1673 καλέσουσιν
1455 1636 1471 1686 ;
1512 1622 1820 1691 ’Δδελφοὺς,

253 1691 331 1786 εἰν-ς
359 1693 415 1786 ἐξ
445 1696 562 1760 ἐνὸς
590 1701 974 1768 προσελθόντες
1004 1707 1233 1775 πατρὸς,
1268 1709 1300 1778 ἢ
1364 1712 1623 1783 ἀνεψιοὺς
1653 1718 1822 1786 ἤγουν

253 1784 599 1853 ἐξαδέλφους,
629 1790 703 1852 ὡς
726 1792 790 1843 ἐκ
812 1792 904 1845 δύο
926 1796 1209 1864 γενόμενοι
1285 1803 1564 1875 ὀδελφῶν;
1608 1784 1818 1866 Πολλα-

250 1876 349 1941 χοῦ
380 1877 435 1928 δὲ
465 1876 725 1947 εὕρηνται
776 1884 927 1952 παρὰ
956 1890 1070 1950 τοῖς
1090 1889 1343 1957 παλαιοῖς
1375 1895 1455 1966 τῷ
1505 1898 1617 1953 τῶν
1686 1902 1814 1957 ἀνε-

248 1967 391 2062 ψιῶν
417 1970 735 2040 καλούμενοι
762 1976 984 2043 ὀνόματι
1032 1982 1081 2032 οἱ
1134 1984 1435 2055 ἐξάδελφοιο
1476 1989 1811 2062 ’Δμφότεραι

249 2059 383 2127 γὰρ,
407 2064 561 2129 φησι,
600 2065 658 2115 al
688 2065 928 2135 κλήσεις,
961 2072 994 2139 ἡ
1026 2071 1135 2124 τῶν
1162 2074 1405 2143 άδέλφων
1436 2059 1679 2149 δηλονότι
1718 2059 1813 2137 καὶ

244 2151 359 2203 τῶν
395 2153 651 2244 άνεψιῶν,
680 2158 863 2222 αὐτοῖς
887 2165 1333 2233 προσαρμόζουσι
1358 2169 1446 2222 διά
1474 2171 1574 2240 τὴν
1609 2172 1813 2244 σύγχυ-

249 2255 336 2291 σιν
358 2240 454 2334 τῆς
481 2247 820 2311 συγγενείας.
863 2251 970 2302 Καὶ
993 2250 1072 2303 ἐτι
1118 2255 1513 2323 ἐπαγωνίζεται
1542 2240 1817 2334 λόγῳζνλέ-

248 2346 385 2426 χων,
419 2333 770 2426 ancteras”
813 2340 912 2409 τὴν
944 2342 1178 2414 ἀδελφὴν
1218 2347 1324 2417 τῆς
1371 2352 1640 2422 προτέρας
1661 2333 1812 2426 συμ-

248 2417 385 2483 ϐίου,
419 2422 517 2491 τὴν
546 2423 698 2477 θείαν
733 2428 840 2482 τῶν
865 2431 1056 2484 ἑαυτοῦ
1090 2434 1313 2503 τέκνων,
1343 2417 1452 2492 τιῖέν
1492 2417 1556 2494 ἐκ
1593 2417 1809 2512 πρώτου

249 2512 453 2580 γάμου,
484 2516 804 2587 καθίστησιν
831 2522 1011 2576 αὐτῶν
1048 2528 1341 2595 μητρυιὰν,
1373 2530 1467 2585 καὶ
1489 2532 1810 2602 ὀφείλουσαν

248 2602 502 2672 στέργειν
524 2606 721 2670 αὐτοὺς
743 2610 817 2672 ὡς
842 2612 1258 2681 ἀδελφόπαιδας·
1291 2621 1412 2674 κατ’
1445 2624 1625 2677 αὐτῶν
1656 2627 1811 2680 ὁπλί-

246 2693 325 2754 ζει
353 2696 518 2766 αὐτὴν
540 2698 971 2765 ζηλοτυποῦσαν.
1004 2707 1214 2779 Ὠσπερ
1238 2712 1347 2779 γὰρ
1376 2717 1603 2781 φυσικόν
1625 2735 1679 2770 τι
1700 2720 1806 2774 πά-

244 2781 337 2873 θος
362 2786 479 2845 ταῖς
510 2792 796 2856 μητρυιαῖς
818 2793 955 2862 πρὸς
980 2797 1106 2859 τοὺς
1134 2797 1193 2863 ἐξ
1226 2800 1385 2854 ἄλλου
1412 2804 1594 2873 γάμου
1614 2809 1809 2873 παῖδας

237 2870 353 2922 τῶν
380 2876 594 2929 οἰκείων
615 2880 825 2950 ἀνδρῶν
854 2884 884 2952 η
918 2884 1214 2955 ζηλοτυπία
1248 2870 1538 2962 ἐμφύεται,
1558 2899 1652 2950 καὶ
1697 2870 1808 2962 τοῖς

244 2963 607 3059 μένῌέχθροῖς,
638 2970 906 3028 θανόντων
930 2978 1038 3029 τῶν
1061 2980 1322 3036 ἐναντίων
1341 2985 1545 3051 αὐτοῖς,
1570 2990 1631 3041 τὸ
1652 2994 1807 3059 μῖσος

235 3055 570 3149 ἀμϐλύνεται
594 3077 607 3092 ·
635 3065 690 3116 αἱ
714 3064 771 3118 δὲ
792 3070 1057 3137 μητρυιαὶ
1081 3072 1177 3143 τῆς
1200 3072 1402 3145 ἐχθρας
1424 3079 1559 3149 πρὸς
1588 3055 1687 3145 τὰς
1708 3083 1806 3136 άν-

1928 620 2026 675 sibi
2046 622 2272 677 invicem
2289 626 2711 695 coniungantur?
2734 625 2888 697 ιω
2903 625 3123 693 Adhzcc,
3137 628 3234 689 ait.
3248 619 3385 698 quod
3405 645 3492 685 se-

1926 713 2160 765 cundum
2206 714 2605 770 matrimonium
2642 715 3020 772 fornicationis
3052 719 3347 773 remedium
3371 729 3485 786 est;

1926 803 2030 859 boc
2060 814 2163 869 est,
2192 820 2261 860 ne
2286 807 2532 863 homines
2559 808 2625 862 ad
2654 809 3064 865 fornicationem
3090 811 3484 879 evolverentur;

1927 902 2209 962 prepterea
2252 910 2507 951 concessa
2535 906 2617 953 est
2655 900 2909 969 digamia,
2960 900 3053 956 sed
3091 916 3196 955 non
3227 911 3285 956 ut
3312 902 3491 957 libidi-

1928 985 2012 1037 nls
2042 986 2318 1041 excusatio
2363 996 2528 1043 esset.
2562 988 2627 1043 Et
2673 1003 2928 1061 magnum
2972 992 3237 1057 Paulum,
3266 993 3355 1061 qui
3404 1007 3491 1047 se-

1927 1077 2159 1130 cundum
2199 1078 2597 1134 matrimonium
2646 1082 2933 1147 concedit,
2983 1083 3135 1147 citat,
3176 1082 3441 1137 dicentem
3471 1121 3486 1145 ,

1928 1165 1987 1219 Si
2044 1183 2096 1221 se
2146 1184 2247 1222 non
2286 1172 2603 1238 contineant,
2642 1174 3036 1227 matrimonium
3081 1173 3390 1228 contrahant
3418 1176 3433 1205 '
3469 1192 3484 1226 :

1924 1265 1979 1311 et
2011 1272 2120 1313 non
2169 1260 2384 1329 adjecit,
2414 1262 2563 1325 dicit,
2598 1263 2741 1331 quod
2774 1278 2975 1319 uxores
3009 1265 3268 1318 ducentes
3298 1275 3485 1317 contra

1922 1348 2095 1419 legem
2152 1349 2373 1406 faciunt.
2407 1353 2601 1409 Postea
2650 1354 2868 1409 aliunde
2900 1356 3063 1409 etiam
3113 1355 3343 1410 actionis
3392 1356 3485 1409 ab-

1922 1440 2236 1495 surditatem
2261 1443 2516 1509 ostendit,
2542 1444 2745 1512 dicens,
2780 1447 2873 1517 qui
2911 1455 3132 1501 mortuas
3162 1446 3343 1499 uxoris
3372 1460 3480 1500 sua:

1922 1545 2162 1587 sororem
2194 1534 2362 1600 ducit,
2391 1543 2446 1591 et
2477 1535 2614 1593 filios
2639 1549 2702 1591 ex
2754 1537 3013 1593 ambabus
3054 1537 3241 1607 gignit,
3271 1536 3481 1605 qualem

1922 1620 2106 1677 liberis
2140 1624 2548 1694 appellationem
2596 1628 2875 1695 imponet?
2901 1636 2956 1682 et
2987 1629 3253 1697 quomodo
3298 1642 3357 1682 se
3400 1629 3484 1681 in-

1922 1711 2097 1768 ricem
2139 1716 2290 1784 pueri
2337 1716 2655 1771 vocabunt?
2703 1717 2920 1773 Fratres
2942 1758 2957 1783 ,
2989 1726 3046 1771 ut
3074 1719 3161 1787 qui
3195 1732 3302 1772 uno
3335 1728 3485 1787 patre

1924 1806 2168 1873 prognati
2198 1815 2353 1872 sunt;
2388 1822 2454 1861 an
2485 1808 2738 1877 ἀνεψιοὺς
2766 1809 2879 1863 sive
2906 1809 3282 1873 consobrinos,
3317 1820 3374 1863 ut
3410 1826 3473 1863 ex

1917 1897 2125 1952 duabus
2147 1899 2426 1953 sororibus
2447 1882 2642 1954 natos?
2670 1898 2939 1953 Multoties
2963 1908 3142 1953 autem
3168 1900 3478 1954 consobrini

1916 1991 2054 2060 apud
2103 2000 2311 2046 veteres
2359 1991 2570 2061 ἀνεψιοὶ
2623 1991 2750 2047 dicti
2806 1992 3177 2047 inveniuntur.
3233 1990 3473 2061 Utraque

1914 2080 2055 2133 enim
2090 2078 2393 2148 appellatio,
2426 2079 2634 2151 inquit,
2663 2080 2890 2136 fratrum
2939 2081 3141 2137 scilicet
3184 2092 3239 2135 et
3288 2096 3477 2136 conso-

1913 2170 2216 2238 brinorum,
2237 2172 2304 2227 iis
2323 2182 2544 2242 propter
2574 2173 2910 2243 cognationis
2935 2172 3304 2229 confusionem
3339 2174 3471 2225 atla-

1916 2269 2153 2329 ptantur.
2193 2257 2569 2317 Adbue‘etiam
2603 2264 2815 2318 ratione
2846 2270 3053 2329 certat,
3085 2262 3287 2327 dicens,
3334 2260 3474 2330 quod

1913 2354 2001 2423 qui
2036 2354 2234 2422 prioris
2266 2353 2509 2424 conjugis
2545 2369 2782 2410 sororem
2818 2356 2985 2413 ducit.
3019 2369 3237 2409 suorum
3268 2367 3332 2407 ex
3364 2356 3473 2421 pri-

1915 2458 2003 2499 mo
2047 2446 2393 2500 matrimonio
2444 2446 2732 2500 liberorum
2783 2454 3129 2500 materteram
3190 2459 3475 2499 novercam

1913 2550 2097 2591 eorum
2127 2536 2278 2602 facit,
2307 2546 2361 2592 et
2407 2538 2694 2607 obligatum
2726 2552 2821 2593 eos
2856 2548 3111 2606 tauquam
3147 2544 3368 2605 nepotes
3398 2536 3477 2590 di-

1912 2629 2108 2697 ligere;
2154 2644 2381 2698 eamque
2419 2640 2605 2685 contra
2654 2629 2775 2684 illos
2826 2628 3091 2698 zelotypia
3139 2627 3471 2682 laborantem

1912 2728 2120 2782 armat;
2152 2718 2398 2772 novercis
2427 2718 2571 2773 enim
2601 2720 2651 2773 in
2690 2718 2983 2788 conjugum
3015 2730 3231 2772 suorum
3262 2731 3327 2770 cx
3368 2717 3473 2769 alio

1911 2809 2254 2863 matrimonio
2304 2810 2505 2865 liberos
2561 2810 2825 2881 zelotypia
2884 2818 3140 2878 tanquam
3201 2807 3471 2862 naturalis

1911 2896 2087 2964 passio
2120 2897 2498 2966 iugeneratur;
2527 2906 2580 2953 et
2604 2897 2836 2952 inimicis
2863 2898 3106 2965 quidem,
3134 2911 3255 2951 cum
3283 2897 3473 2951 adver-

1909 2986 2038 3041 sarii
2073 2989 2315 3057 ipsorum
2357 2989 2550 3043 mortui
2582 2996 2728 3052 sunt,
2760 2988 2940 3043 odium
2968 2986 3287 3043 obtunditur
3314 3004 3327 3037 :
3365 3002 3461 3041 no-

1910 3092 2090 3132 xcrea:
2132 3088 2310 3133 autem
2362 3078 2700 3133 inimicitiam
2748 3086 2933 3132 contra
2984 3076 3203 3132 aemulas
3231 3077 3468 3145 ipsarum

233 3147 492 3244 τ-ιζήλους
517 3155 709 3220 αὑταῖς
733 3159 873 3225 μετὰ
893 3161 985 3215 τὸν
1018 3164 1239 3220 ἐκείνων
1277 3147 1504 3223 θάνατον
1524 3173 1795 3244 ἄρχονται.
1829 3180 1875 3241 C

1829 3180 1875 3241 ο
1909 3177 2025 3236 post
2051 3183 2233 3224 earum
2264 3179 2494 3224 mortem
2543 3169 2828 3238 incipiunt.
2863 3167 3083 3223 Summa
3116 3176 3293 3223 autem
3322 3209 3339 3235 ,
3382 3169 3467 3222 in-

236 3240 555 3308 Κεφάλαιον
578 3246 655 3312 δέ,
697 3251 852 3320 φησὶ,
885 3253 993 3306 τῶν
1036 3256 1346 3326 εἰρημένων
1380 3240 1685 3328 τουτέστιν,
1713 3267 1800 3321 ῖνα

236 3330 525 3424 συντόμως
563 3334 705 3389 εῖπω
731 3338 793 3389 τὸ
824 3340 933 3392 πᾶν
962 3357 976 3371 ·
1036 3344 1084 3395 εί
1132 3345 1231 3412 μέν
1261 3348 1290 3399 δ
1323 3347 1801 3424 δευτερογαμῆσαι

231 3416 418 3514 (quin:
454 3423 685 3514 νόμιμον
715 3426 857 3482 θέλει
915 3433 1244 3501 συναλλάξαι
1306 3416 1502 3508 γάμον,
1553 3416 1799 3514 flventem.

230 3506 390 3605 abst?
431 3513 634 3605 faeni)
666 3516 979 3592 οἰκουμένη,
1037 3524 1127 3576 καὶ
1180 3526 1279 3579 οὐκ
1332 3506 1598 3599 ἐπιλείψει
1648 3537 1798 3605 αὐτῷ

230 3596 458 3690 γννῆιῇ
488 3606 862 3673 συμϐιώσεται
896 3615 1037 3669 κατὰ
1082 3618 1281 3686 νόμους
1302 3635 1318 3653 ο
1350 3624 1399 3674 εί
1421 3622 1479 3675 δέ
1504 3596 1592 3677 διὰ
1626 3596 1798 3690 πάθος

228 3687 387 3758 ζητεῖ
410 3695 472 3764 τῇ
500 3692 557 3746 δέ
584 3697 863 3767 ἐρωτικῶς
880 3701 1011 3766 ἴσως
1029 3704 1395 3778 διακείμενος,
1415 3714 1508 3765 καὶ
1536 3687 1798 3770 stamen»

229 3782 477 3837 σπεύδων
504 3789 800 3861 συζυγῆναι
836 3793 994 3865 αὐτῇ,
1044 3796 1132 3851 διά
1162 3798 1319 3853 τοῦτο
1379 3802 1579 3871 μᾶλλον
1664 3807 1799 3861 άπο-

228 3872 563 3970 κλεισθήτω,
585 3880 671 3934 ἵνα
709 3885 858 3958 μάθῃ
880 3887 942 3940 τδ
977 3890 1175 3943 ἐαυτοῦ
1202 3882 1417 3959 σκεῦος,
1450 3898 1547 3950 καὶ
1576 3898 1645 3952 τὰ
1668 3900 1796 3970 ἑξῆς

224 3967 323 4020 τοῦ
374 3969 702 4027 Ἀποστόλου
734 3976 981 4046 ῥήματα.
1054 3980 1405 4054 Ἐϐουλόμην,
1481 3988 1643 4056 φησὶ,
1703 3967 1796 4045 καὶ

226 4058 453 4114 πλείονα
482 4065 713 4133 γράψαι,
746 4066 862 4120 ἀλλ’
913 4071 1101 4141 ἐπέχει
1166 4090 1233 4144 με
1283 4076 1451 4146 ἦγουν
1499 4080 1794 4135 ἀνακόπτει

220 4151 284 4202 τὸ
327 4155 527 4222 μέτρον
577 4158 677 4226 τῆς
710 4161 1008 4232 ἐπιστολῆς
1042 4180 1057 4196 ο
1126 4167 1189 4218 οὐ
1238 4168 1348 4237 γάρ
1404 4172 1793 4242 μακρηγορίαν

222 4243 371 4312 ἔχειν
396 4246 478 4299 δεῖ
525 4247 625 4309 τὰς
668 4252 976 4316 ἐπιστολάς.
1011 4254 1255 4326 Εῦχομαι
1284 4258 1361 4323 δὲ,
1404 4263 1437 4329 ἢ
1461 4261 1561 4330 τὴν
1594 4264 1793 4333 παραί-

223 4350 377 4387 νεσιν
414 4338 773 4411 ἰσχυροτέραν
807 4344 900 4395 τοῦ
926 4345 1142 4409 πάθους
1174 4349 1451 4416 γενέσθαι,
1519 4353 1645 4407 ἀντὶ
1693 4354 1789 4407 τοῦ

222 4428 444 4497 ίσχύσαι
468 4431 742 4497 τοσοῦτον,
774 4433 914 4488 ὥστε
942 4436 1099 4489 λῦσαι
1140 4440 1200 4492 τὸ
1229 4440 1403 4500 πάθος
1435 4457 1450 4471 ο
1501 4444 1535 4513 ἢ
1595 4445 1668 4513 μὴ
1713 4446 1794 4508 είς

1905 3261 2042 3328 quit,
2070 3274 2277 3324 eorum,
2306 3274 2424 3328 quae
2457 3260 2597 3314 dicta
2641 3266 2772 3314 sunt
2793 3300 2810 3325 ,
2840 3259 2953 3313 haec
2983 3268 3086 3325 est,
3121 3268 3178 3313 ut
3226 3260 3461 3314 breviter

1904 3352 2158 3406 nimirum
2191 3360 2360 3405 totum
2388 3350 2586 3414 dicam,
2612 3351 2657 3404 si
2685 3350 2752 3413 is,
2780 3350 2871 3417 qui
2904 3348 3170 3404 secundas
3201 3350 3337 3403 inire
3364 3366 3465 3403 nu-

1902 3441 2039 3509 ptias
2071 3440 2283 3509 qumrit,
2308 3438 2602 3508 legitimum
2642 3438 2963 3494 contrahere
3011 3437 3136 3493 velit
3183 3440 3465 3493 matrimo-

1903 3534 2069 3596 nium,
2095 3540 2239 3587 totus
2267 3539 2535 3586 terrarum
2563 3530 2713 3586 orbis
2740 3530 2790 3586 ei
2823 3539 3002 3599 patet;
3037 3544 3135 3585 nec
3165 3530 3213 3585 ei
3244 3530 3463 3585 deﬁciet

1900 3623 2112 3689 mulier,
2136 3636 2368 3691 quacum
2409 3621 2571 3675 vitam
2614 3619 2852 3690 legitime
2910 3620 3207 3689 transigat;
3244 3620 3327 3673 sin
3365 3634 3459 3672 au-

1899 3719 2033 3779 tem,
2076 3726 2261 3769 amere
2304 3711 2531 3768 forsitan
2568 3713 2844 3775 incensus,
2886 3721 3109 3781 propter
3154 3714 3458 3780 passionem

1899 3803 2038 3858 lianc
2069 3816 2232 3856 unam
2269 3801 2368 3856 sibi
2403 3801 2617 3870 quierit,
2650 3814 2714 3856 ae
2744 3798 2975 3869 proinde
2996 3798 3045 3853 ei
3073 3799 3323 3869 conjungi
3348 3808 3458 3855 stu-

1897 3894 2020 3959 det,
2061 3902 2278 3963 propter
2299 3905 2417 3948 eam
2449 3904 2669 3946 causam
2699 3890 2880 3960 potius
2908 3891 3249 3957 excludatur,
3282 3903 3339 3945 ut
3374 3895 3457 3945 di-

1896 3993 2016 4040 scat
2051 3998 2147 4040 vas
2182 3998 2362 4048 suum,
2400 3991 2456 4039 et
2500 3996 2619 4052 quae
2648 3990 2946 4051 sequuntur
2990 3981 3229 4052 Apostoli
3275 3984 3457 4037 verba.

1896 4076 1963 4131 Et
2008 4074 2184 4146 plura,
2218 4073 2679 4143 inquit,scribere
2708 4071 2874 4139 volui,
2898 4073 2993 4129 sed
3034 4072 3271 4141 epistolae
3306 4088 3460 4128 meu-

1897 4181 2024 4224 sura
2057 4181 2143 4223 me
2173 4166 2400 4230 inhibet,
2434 4165 2549 4221 sive
2578 4164 2801 4232 impedit
2830 4179 2845 4220 :
2873 4163 3129 4233 epistolas
3160 4165 3303 4220 enim
3340 4179 3462 4218 rer-

1895 4261 2089 4316 borum
2117 4257 2483 4329 prolixitatem
2514 4256 2715 4312 habere
2745 4271 2851 4311 non
2875 4265 3109 4325 oportet.
3134 4256 3331 4312 Precor
3357 4273 3458 4312 au-

1897 4363 2024 4417 tem,
2066 4350 2150 4405 vel
2174 4350 2330 4425 ,banc
2358 4348 2786 4404 exhortationem
2820 4346 3068 4417 passione
3106 4346 3459 4417 potentiorem

1897 4444 2035 4509 tieri,
2067 4444 2171 4498 boe
2197 4451 2303 4507 est,
2343 4451 2548 4497 tantum
2574 4440 2775 4505 valere,
2807 4449 2867 4494 ut
2896 4438 3207 4511 passionem
3246 4438 3459 4503 solvat;

219 4521 320 4589 τὴν
362 4523 639 4591 ἡμετέραν
679 4524 863 4595 χώραν
910 4529 969 4581 τὸ
1022 4529 1155 4596 ἄγος
1212 4534 1369 4587 τοῦτο
1401 4506 1675 4605 ἐπιδῆσαι,
1716 4506 1790 4607 μή
1824 4506 1869 4563 D

1785 4556 1790 4607 ι
1824 4506 1869 4563 D
1901 4536 1983 4590 vel
2015 4535 2189 4591 scelus
2239 4532 2380 4588 istud
2428 4532 2481 4587 in
2528 4542 2768 4588 nostram
2803 4532 3080 4612 regionem
3114 4545 3218 4584 non
3250 4530 3457 4592 venire.

221 4616 572 4680 προχωρῆσαι
606 4616 666 4667 τὸ
703 4616 917 4686 μίασμα
939 4620 1095 4673 τοῦτο
1125 4623 1203 4681 εἰς
1229 4623 1326 4693 τὴν
1352 4624 1506 4694 ἡμῶν
1533 4626 1747 4698 ἐνορίαν
1772 4643 1789 4660 ο

222 4701 341 4754 ἀλλ’
377 4704 511 4755 ὅπου
539 4705 831 4775 ἐτολμήθη,
864 4710 981 4761 ἐκεῖ
1008 4713 1387 4779 ὲναπομεῖναι.

1900 4626 2056 4681 istam
2090 4625 2298 4680 scilicet
2346 4623 2401 4677 in
2446 4630 2631 4678 nostra
2681 4622 2957 4677 territoria
3002 4636 3109 4676 non
3161 4619 3454 4690 procedere

1902 4716 2334 4781 immunditiam;
2367 4715 2461 4770 sed
2490 4715 2580 4771 ubi
2607 4723 2784 4781 empta
2810 4721 2915 4781 est,
2946 4713 3020 4768 ibi
3040 4724 3387 4801 ‘permaneat.

222 4810 604 4865 ΤΟΥΑΥΤυΥ
620 4815 795 4868 ΠΡΟΣ
815 4816 1197 4874 FPIIFUHON
1213 4823 1725 4887 ΠΡΕΣΒΥΤΕΡΟΝ,
1740 4827 1911 4880 ΩΣΤΕ
1929 4824 2345 4880 ΧΩΡῙΣῙῊΝΔΙ
2360 4823 2594 4878 ΔΥΤΟΝ
2611 4823 2749 4877 ΤΟΥ
2765 4820 3120 4876 ΣΥΝΟΙΚΟΥ
3133 4820 3458 4875 ΓΥΝΔῙΟΥ.

220 4902 585 4966 EJUSDEM
620 4908 728 4967 AD
768 4907 1249 4975 GREGONIUM
1291 4916 2565 5069 PREsggIlilegh‘Eg‘A'SrEPARETUR
2617 4919 2667 4976 A
2710 4913 3225 4977 MULIEBCULA
3296 4915 3455 4977 CUM

782 5067 1019 5137 Kanon
1058 5069 1181 5123 ne'.

320 5163 598 5234 Ἐνέτυχόν
627 5179 718 5218 σου
754 5164 865 5219 τοῖς
892 5160 1178 5228 γράμμασι
1211 5156 1345 5227 μετὰ
1382 5157 1558 5227 πάσης
1592 5175 1793 5228 μακρο-

242 5259 462 5329 θυμίας,
509 5254 599 5307 καὶ
634 5250 910 5320 ἐθαύμασα
946 5248 1081 5309 πῶς,
1122 5247 1411 5315 δυνάμενος
1453 5248 1581 5316 ἡμῖν
1617 5247 1797 5300 συντό-

248 5364 364 5420 μως
394 5346 488 5399 καὶ
517 5341 749 5401 εὐκόλως
777 5335 1214 5406 ἀπολογήσασθαι
1264 5334 1354 5387 διὰ
1399 5335 1505 5387 τῶν
1548 5336 1801 5406 πραγμά-

245 5456 376 5501 των,
410 5436 520 5495 τοῖς
557 5432 654 5501 μὲν
693 5426 1176 5498 κατηγορουμένοις
1205 5425 1479 5494 ἐπιμένειν
1513 5425 1800 5495 καταδέχῃ,

247 5530 430 5597 λόγοις
463 5524 519 5577 ἃ
555 5524 780 5593 μακροῖς
810 5518 1133 5589 θεραπεύειν
1162 5519 1455 5587 ἐπιχειρεῖς
1489 5516 1555 5568 τὰ
1593 5517 1802 5569 ἀνίατα.

252 5616 392 5671 Oti-.3
421 5612 625 5684 πρῶτοι
665 5608 785 5663 οὔτε
835 5607 1004 5677 μόνοι,
1050 5605 1376 5675 Παρηγόριε,
1420 5604 1807 5673 ἐνομοθετήσα-

2383 5071 2613 5129 CANON
2649 5068 2939 5127 LXXXIX.

1966 5161 2093 5230 Legi
2131 5170 2249 5216 tuas
2280 5160 2489 5215 litteras
2535 5172 2659 5213 cum
2700 5156 2850 5211 omni
2893 5152 3186 5224 patientia;
3217 5166 3445 5223 sumque

1897 5248 2193 5303 admiratus
2215 5288 2229 5312 ,
2268 5264 2365 5305 cur
2401 5262 2525 5303 cum
2578 5247 2760 5315 possis
2796 5244 2937 5314 apud
2985 5260 3085 5299 nos
3134 5242 3370 5298 breviter
3394 5252 3447 5297 et

1877 5338 2057 5393 facile
2110 5336 2266 5393 factis
2300 5337 2407 5391 tuis
2457 5350 2675 5389 causam
2712 5348 2904 5404 agere,
2958 5333 3013 5386 in
3063 5332 3226 5386 rebus
3262 5345 3446 5400 repre-

1899 5428 2084 5483 hensis
2111 5428 2399 5497 persistere
2418 5428 2571 5490 velis,
2600 5440 2660 5478 ac
2685 5424 2863 5492 longis
2894 5421 3233 5492 sermonibus
3258 5435 3449 5475 curare

1902 5524 2077 5572 tentes
2109 5516 2450 5572 insanabilia.
2506 5506 2615 5567 Nec
2652 5512 2844 5582 primi.
2880 5525 2983 5565 nec
3012 5511 3142 5572 soli,
3178 5508 3448 5576 Paregnri,

1906 5610 2256 5673 sancivimus,
2291 5617 2349 5662 ut
2384 5624 2449 5663 ne
2473 5594 2577 5661 una
2611 5622 2731 5661 cum
2770 5606 2901 5660 viris
2931 5604 3236 5659 habitarent
3263 5601 3453 5654 mulie-

248 5724 356 5777 μεν
389 5704 650 5772 γυναῖκας
676 5700 896 5763 ἀνδράσι
937 5697 1010 5769 μὴ
1039 5699 1324 5765 συνοικεῖν.
1373 5693 1506 5747 Ἀλλ’
1540 5694 1809 5764 ἀνάγνωθι
1909 5716 1920 5753 ι

1780 5701 1809 5747 δι
1909 5714 2015 5755 res.
2068 5698 2175 5755 Sed
2208 5699 2322 5769 lege
2356 5714 2619 5755 canonem
2654 5713 2683 5752 a
2718 5698 2919 5752 sanctis
2956 5694 3158 5751 nostris
3207 5691 3452 5747 Patribus

360 5816 375 5847 ’
412 5809 580 5871 lCor.
609 5828 699 5875 ru,
738 5808 793 5867 9.
