4234 6450
772 389 876 452 823

1996 401 2273 462 TUEOD.
2320 401 2548 461 BALSA
2560 397 2718 461 ΜοΝ

3886 387 3993 453 εει

771 513 981 566 editum
1012 513 1065 566 in
1098 514 1304 582 synodo
1336 512 1551 568 Nicena
1575 556 1587 576 .
1623 518 1713 585 qui
1763 519 2047 575 manifeste
2101 522 2329 576 sancivit

2434 522 2525 575 τὸν
2556 520 2897 590 ἐξενεχθέντα
2951 519 3149 573 κανόνα
3195 519 3343 590 παρά
3379 520 3486 573 τῶν
3532 522 3699 589 ἁγίων
3734 524 3995 593 Πατέρων

774 613 1064 657 extraneas
1092 603 1347 658 mulieres
1375 619 1484 658 non
1511 620 1653 660 esse.
1690 604 1810 660 Vita
1843 616 2023 663 autem
2055 612 2246 666 ealebs
2276 612 2332 665 in

772 710 837 748 eo
860 696 1198 749 honestatem
1241 694 1437 761 habet,
1468 703 1530 750 ut
1556 712 1584 749 a
1619 699 1869 752 convictu
1896 700 2141 755 mulieris
2176 715 2331 769 sepa-

772 792 942 837 retur.
992 782 1170 847 Quare
1219 783 1265 837 si
1299 782 1424 852 quis
1452 783 1618 837 verbo
1648 785 1957 853 professus.
2004 788 2180 857 reipsa
2211 800 2331 855 qua:

770 872 1184 939 conjugatorum
1217 877 1345 924 sunt
1390 870 1549 933 facit,
1581 872 1755 940 palam
1786 881 1870 928 est
1894 886 2017 928 eum
2045 875 2327 944 virginita-

770 962 841 1014 t's
870 960 1085 1028 quidem
1136 958 1477 1015 honestatem
1523 962 1578 1015 in
1630 963 1851 1017 nomine
1899 966 2182 1032 persequi,
2234 966 2326 1019 sed

769 1064 1109 1117 nequaquam
1134 1049 1203 1103 ab
1232 1050 1491 1107 indecora
1526 1052 1805 1121 voluptate
1836 1052 2130 1108 abstinere.
2154 1052 2329 1107 Tanto

768 1152 897 1205 ergo
937 1137 1109 1207 magis
1154 1137 1438 1208 oportebat
1461 1145 1515 1192 te
1548 1140 1899 1207 postulationi
1941 1150 2141 1196 nostra
2170 1140 2328 1195 facile

768 1224 981 1289 cedere,
1012 1232 1216 1293 quanto
1246 1232 1301 1279 te
1334 1225 1416 1279 ais
1440 1240 1563 1280 esse
1604 1227 1909 1283 liberiorem
1937 1230 2005 1283 ab
2028 1230 2176 1283 omni
2202 1243 2325 1285 cor-

770 1327 939 1382 porea
966 1312 1209 1369 libidine.
1242 1312 1428 1384 Neque
1458 1315 1604 1370 enim
1633 1316 1809 1369 virum
1857 1318 2197 1388 septuaginta
2228 1332 2328 1373 an-

767 1419 874 1461 nos
888 1417 1071 1461 natum
1086 1410 1343 1465 existimo
1358 1412 1648 1469 libidinose
1668 1416 1913 1471 habitare
1928 1433 2050 1471 cum
2069 1420 2327 1474 muliere:

770 1508 872 1549 nec
891 1496 1033 1564 quod
1053 1505 1211 1569 turpe
1229 1502 1447 1575 aliquod
1469 1503 1682 1562 facinus
1700 1505 1892 1561 fuisset
1907 1508 2224 1573 admissum,
2250 1508 2331 1561 id-

770 1585 919 1639 circo
946 1587 1205 1642 constitui
1220 1605 1341 1659 quae
1366 1595 1657 1661 constitui;
1693 1595 1786 1650 sed
1808 1595 1949 1665 quod
1980 1596 2047 1650 ab
2072 1596 2329 1665 Apostolo

770 1674 1059 1732 didicimus
1097 1677 1479 1737 olfendiculum
1509 1683 1665 1739 fratri
1697 1701 1806 1740 non
1838 1701 2037 1755 ponere
2066 1686 2134 1740 ad
2167 1701 2327 1741 scan-

767 1764 951 1817 dalum
984 1766 1022 1820 ¹.
1081 1765 1298 1826 Scimus
1330 1781 1509 1827 autem
1565 1774 1709 1843 quod
1766 1790 1796 1827 a
1856 1776 2132 1830 nonnullis
2182 1784 2329 1830 recte

765 1855 1008 1921 geritur,
1065 1857 1186 1913 aliis
1245 1839 1597 1917 occasionem
1644 1879 1764 1919 esse
1811 1864 2089 1934 peccandi.
2152 1839 2399 1930 QuareB

768 1945 1113 2013 precipimus
1160 1956 1471 2004 sanctorum
1521 1952 1743 2006 Patrum
1773 1954 2051 2008 decretum
2097 1970 2328 2024 sequen-

765 2041 869 2094 tes,
904 2041 960 2086 ut
988 2049 1017 2085 a
1041 2036 1359 2091 muliercula
1388 2043 1681 2109 separeris.
1715 2042 1856 2108 Quid
1890 2044 2054 2113 igitur
2081 2044 2327 2113 cborepi-

764 2136 988 2192 scopum
1018 2126 1259 2191 incusas,
1290 2136 1344 2183 et
1372 2130 1575 2185 veteris
1603 2132 1901 2187 inimicitia
1928 2133 2063 2189 facis
2094 2135 2325 2189 mentio-

764 2214 928 2268 nem?
962 2214 1100 2279 Quid
1132 2218 1200 2272 de
1231 2220 1389 2274 nobis
1432 2223 1677 2291 quereris
1724 2224 1868 2293 quod
1902 2222 2090 2279 faciles
2119 2226 2325 2279 calum-

763 2304 872 2357 niis
906 2320 1064 2361 aures
1104 2308 1442 2376 pmbeamus
1473 2348 1488 2375 ,
1522 2326 1586 2366 ac
1620 2327 1731 2367 non
1761 2314 1945 2382 potius
1974 2315 2042 2369 de
2078 2323 2132 2369 te
2169 2315 2285 2384 ipse
2306 2354 2321 2380 ,

760 2393 854 2462 qui
881 2394 1077 2449 adduci
1111 2412 1221 2452 non
1271 2406 1447 2468 potes,
1480 2408 1537 2454 ut
1575 2417 1606 2455 a
1642 2402 1886 2458 mulieris
1930 2405 2325 2459 consuetudine

759 2484 1024 2540 recedas?
1058 2484 1204 2555 Ejice
1238 2488 1403 2557 igitur
1432 2488 1579 2543 illam
1809 2507 1875 2548 ex
1924 2494 2031 2548 tuis
2074 2492 2280 2548 aedibus
2304 2532 2320 2556 ,

756 2582 812 2629 et
843 2576 897 2631 in
933 2578 1265 2633 monasterio
1286 2579 1577 2635 constitue.
1614 2578 1697 2634 Sit
1726 2580 1817 2635 illa
1845 2595 1969 2638 cum
1995 2582 2319 2652 virginibus.

753 2677 808 2721 et
837 2669 976 2735 apud
1027 2676 1079 2722 te
1108 2670 1348 2724 serviant
1379 2670 1513 2737 viri,
1549 2678 1609 2725 ut
1639 2686 1707 2727 ne
1738 2672 1831 2727 Dei
1871 2685 2069 2730 nomen
2105 2684 2321 2743 propter

753 2771 852 2811 vos
882 2757 1305 2827 blaSphemetur.
1348 2759 1473 2816 Haec
1499 2761 1670 2816 donec
1696 2760 1912 2827 feceris,
1947 2764 2319 2827 innumerabi-

753 2848 824 2901 lia
851 2864 969 2917 quaa
1001 2865 1095 2919 per
1121 2852 1378 2922 epistolas
1408 2852 1605 2908 scribis
1637 2853 1771 2907 nihil
1804 2861 1858 2908 te
1894 2854 2188 2923 juvabunt;
2221 2856 2315 2912 sed

754 2940 1004 2995 morieris
1040 2942 1273 3007 otiosus,
1314 2958 1379 2997 ac
1413 2943 1609 3000 reddes
1644 2942 1876 2998 Domino
1916 2943 2180 2999 rationem
2219 2945 2314 2999 otii

751 3029 850 3081 tui.
908 3028 1064 3093 Quod
1122 3035 1168 3087 si
1231 3048 1400 3089 ausus
1453 3034 1625 3089 fueris
1678 3035 1815 3089 citra
1882 3034 2312 3089 emendationem

750 3120 1113 3174 sacerdotium
1158 3123 1254 3176 tibi
1298 3124 1617 3186 vindicare,
1672 3124 1957 3178 anathema
2006 3123 2116 3177 eris
2170 3124 2316 3176 omni

749 3207 984 3276 ΡοΡ¹¹¹ο;
1016 3216 1070 3263 ει
1114 3210 1206 3280 qui
1247 3218 1300 3267 te
1338 3214 1675 3283 receperint,
1720 3209 2175 3268 excommunicati
2222 3222 2317 3277 per
2345 3195 2387 3251 C

747 3310 964 3351 omnem
995 3298 1292 3356 Ecclesiam
1315 3315 1494 3358 erunt.

2434 613 2591 682 ἡμῶν
2615 609 2723 662 τῶν
2756 612 2813 663 ιν
2854 611 2920 679 τῇ
2964 610 3162 681 συνόδῳ
3200 610 3451 671 Νικαίας,
3484 611 3543 673 δς
3582 612 3831 680 φανερῶς
3893 613 3997 665 άπ-

2434 703 2699 772 ηγύρευσε
2750 700 3127 763 συνεισακτοὺς
3312 700 3385 769 μὴ
3412 696 3567 753 εἶναι.
3758 699 3998 769 ’Δγαμία

2434 794 2490 846 δὲ
2522 794 2579 846 ιν
2607 789 2777 860 τούτῳ
2803 790 2915 859 εχει
2949 790 3008 843 τὸ
3041 790 3254 860 σεμνὸν,
3303 792 3361 843 ἑν
3400 790 3476 858 τῷ
3518 789 3848 859 κεχωρίσθαι
3904 791 3999 858 τῆς

2437 882 2575 952 μετά
2597 881 2852 949 γυναικὸς
3022 878 3310 947 διαγωγῆς.
3353 879 3440 941 Ὦς
3468 878 3562 930 ὲάν
3587 876 3997 946 ἀπαγγελλόμε-

2433 972 2522 1035 νός
2548 987 2632 1034 τις
2654 970 2731 1040 τῷ
2752 969 2994 1039 ὀνόματι,
3030 967 3175 1037 ιργῳ
3211 967 3280 1019 τά
3304 966 3411 1019 τῶν
3434 964 3647 1034 γυναιξὶ
3677 967 3999 1018 συνοικούν-

2432 1079 2540 1116 των
2565 1062 2711 1131 ποιῇ,
2741 1058 2898 1128 δῆλός
2939 1059 3055 1111 ἔστι
3096 1058 3159 1110 τδ
3187 1058 3285 1127 μιν
3311 1058 3410 1125 τῆς
3455 1055 3751 1125 παρθενίας
3798 1054 4002 1125 σεμνὸν

2433 1154 2492 1205 ιν
2513 1154 2579 1222 τῇ
2612 1148 2949 1222 προσηγορίᾳ
2975 1146 3204 1208 διώκων,
3231 1145 3323 1199 τοῦ
3352 1146 3409 1199 δὲ
3441 1146 3562 1199 καθ’
3587 1145 3784 1216 ἡδονὴν
3816 1146 4003 1215 ἀπρε-

2436 1239 2571 1302 ποῦς
2621 1239 2695 1310 μὴ
2735 1237 3119 1306 ἀφιστάμενος.
3166 1235 3416 1304 Τοσούτῳ
3451 1229 3544 1287 οὖν
3590 1234 3793 1304 μάλλον
3828 1235 4002 1304 ἐχρῆν

2437 1344 2497 1382 σε
2527 1328 2761 1391 εὐκόλως
2802 1322 2939 1393 diu
2988 1326 3143 1396 ἡμῶν
3180 1327 3247 1394 τῇ
3288 1322 3528 1387 ἀξιώσει.
3555 1324 3776 1392 me
3820 1322 4004 1389 λέγεις

2432 1420 2713 1489 ἐλεύθερος
2730 1415 2867 1473 εῖναι
2899 1420 3097 1483 παντὸς
3124 1422 3435 1491 σωματικοῦ
3464 1422 3691 1483 πάθους.
3724 1419 3873 1473 Οὑτε
3900 1422 4007 1493 γὰρ

2426 1509 2519 1562 τὸν
2577 1510 3038 1580 ἑϐδομηκονταετῆ
3104 1512 3361 1579 γεγονότα
3426 1512 3683 1581 πείθομαι
3734 1512 4006 1580 ἐμπαθῶς

2430 1604 2694 1655 συνοικεῖν
2720 1602 2955 1669 γυναικὶ,
2986 1599 3108 1654 οὔτε
3154 1602 3231 1664 ὡς
3273 1602 3626 1672 ἐπιγενομένη
3676 1600 3785 1653 τινὶ
3815 1601 4008 1671 ἀτόπῳ

2430 1689 2621 1759 πράξει
2676 1689 2956 1758 ὡρίσαμεν
2993 1688 3031 1742 ά
3065 1688 3374 1759 ὼρίσαμεν·
3426 1690 3539 1741 ἀλλ’
3585 1690 3781 1759 ἐπειδὴ
3829 1689 4007 1741 ἐδιδά-

2427 1777 2633 1849 χθημεν
2667 1780 2816 1851 παρά
2838 1779 2931 1833 τοῦ
2977 1778 3295 1832 ’Δποστόλου
3320 1780 3395 1850 μὴ
3418 1779 3621 1833 τιθέναι
3658 1778 4007 1853 πρόσκομμα

2426 1868 2504 1939 τῷ
2549 1870 2761 1940 ἀδελφῷ
2806 1873 2885 1933 είς
2932 1870 3246 1924 σκάνδαλον.
3430 1871 3665 1939 Οἴδαμεν
3712 1870 3797 1931 δὲ,
3829 1870 3920 1921 ὅτι
3947 1870 4007 1921 τὺ

2428 1960 2579 2029 παρά
2628 1977 2789 2013 τινων
2840 1960 3007 2028 ὑγιῶς
3053 1960 3329 2031 γινόμενον
3370 1960 3547 2023 ἀλλοις
3588 1959 3816 2030 ἀφορμὴ
3862 1960 4006 2029 πρὸς

2425 2050 2700 2119 ἁμαρτίαν
2726 2050 2978 2123 ὑπάρχει.
3190 2051 3390 2104 Τούτου
3428 2052 3611 2103 ἕνεκεν
3659 2049 4003 2119 προσετάξα-

2427 2157 2547 2209 μεν,
2585 2142 2838 2211 ἑπόμενοι
2865 2144 2931 2212 τῇ
2972 2142 3197 2211 διαταγῇ
3224 2141 3330 2194 τῶν
3368 2140 3536 2208 ἁγίων
3569 2140 3855 2208 Πατέρων,
3894 2156 4002 2207 χω-

2428 2230 2674 2302 ρισθῆναι
2701 2248 2761 2284 σε
2789 2231 2882 2293 τοῦ
2906 2232 3147 2300 γυναίου.
3184 2231 3249 2283 Τί
3277 2226 3367 2283 οὖν
3388 2229 3634 2297 ἐγκαλεῖς
3650 2228 3727 2295 τῷ
3753 2244 4001 2297 χωρεπι-

2426 2322 2631 2392 σκόπῳ,
2680 2323 2773 2376 καὶ
2804 2320 3038 2385 παλαιᾶς
3067 2320 3265 2392 ἔχθρας
3299 2320 3606 2390 μέμνησαι;
3640 2317 3705 2369 Τί
3748 2317 3811 2370 δὲ
3846 2317 3999 2384 ἡμᾶς

2424 2412 2761 2483 καταμέμφῃ
2811 2412 2887 2474 ὡς
2932 2411 3183 2473 εὐκόλους
3222 2408 3391 2466 ἀκοὰς
3421 2408 3640 2477 ἔχοντας
3684 2407 3767 2468 εἰς
3802 2405 3868 2457 τὸ
3898 2405 3997 2467 τάς

2420 2500 2669 2565 διαϐολάς
2706 2500 3057 2571 προσίεσθαις
3118 2500 3231 2553 ἀλλ’
3276 2499 3397 2567 οὐχὶ
3430 2496 3636 2566 σεαυτῷ
3682 2494 3759 2565 μὴ
3806 2496 3995 2563 http-

2424 2589 2570 2659 μένῳ
2747 2589 3047 2658 ἀποστῆναι
3092 2589 3189 2658 τῆς
3236 2588 3371 2657 πρὸς
3427 2587 3523 2655 τὴν
3566 2586 3802 2652 γυναῖκα
3870 2600 3997 2635 συν-

2419 2674 2641 2744 ηθείας;
2679 2675 2943 2727 Ἐκϐαλλε
2976 2676 3152 2728 τοίνυν
3182 2675 3351 2744 αὐτὴν
3391 2674 3498 2726 ἀπὸ
3537 2671 3631 2724 τοῦ
3682 2671 3837 2723 οῐισου
3874 2687 3994 2734 σου,

2422 2766 2513 2817 καὶ
2545 2766 2886 2833 κατάστησον
2927 2763 3094 2835 αὐτὴν
3126 2765 3182 2815 ὲν
3234 2763 3597 2833 μοναστηρίῳ.
3810 2760 3998 2814 Ἔστω

2421 2854 2603 2924 εκείνη
2648 2854 2785 2925 μετά
2830 2853 3137 2925 παρθένων,
3178 2854 3271 2907 καὶ
3316 2855 3380 2907 σὺ
3435 2852 3707 2923 ὑπηρετοῦ
3763 2852 3858 2905 ὑπ’
3904 2852 3998 2902 ἀν-

2419 2943 2594 3015 δρῶν,
2644 2946 2729 2998 ῖνα
2764 2944 2838 3014 μὴ
2870 2945 2929 2998 τὸ
2974 2944 3142 3013 δνομα
3169 2944 3263 2996 τοῦ
3294 2942 3430 2996 Θεοῦ
3469 2943 3534 2995 δι’
3565 2943 3712 3011 ὑμᾶς
3750 2941 3997 3011 βλασφη-

2423 3037 2607 3104 μῆται.
2645 3037 2790 3099 Ἕως
2822 3036 2867 3087 δ’
2913 3036 2979 3087 ἀν
3007 3035 3177 3088 ταῦτα
3215 3038 3393 3103 ποιῇς,
3424 3036 3479 3087 αἱ
3529 3032 3809 3102 μυριάδες,
3849 3032 3997 3099 άπερ

2422 3124 2755 3193 συγ-γράφεις
2930 3124 3017 3176 διά
3064 3124 3172 3176 τῶν
3219 3124 3532 3185 ἐπιστολῶν,
3577 3123 3729 3175 οὐδὲν
3778 3122 3999 3191 ὠφελή-

2424 3212 2573 3263 σουσί
2602 3227 2659 3262 σε
2682 3227 2695 3241 σ
2744 3211 2879 3277 ἀλλά
2910 3213 3248 3283 τελευτήσεις
3291 3212 3497 3282 ἀργῶν,
3540 3212 3635 3263 καὶ
3684 3209 3884 3273 δώσεις
3916 3209 3998 3279 τῷ

2422 3300 2611 3369 Κυρίῳ
2634 3300 2793 3368 λόγον
2821 3302 2919 3371 τῆς
2946 3303 3169 3355 σεαυτοῦ
3198 3304 3412 3372 ἀργίας.
3460 3302 3583 3356 Ἐὰν
3609 3302 3665 3355 δὲ
3688 3301 3993 3372 τολμήσῃς.

750 3386 825 3456 μὴ
864 3387 1292 3461 διορθωσάμενος
1326 3394 1572 3457 σεαυτὸν,
1605 3394 1924 3465 ἀντέχεσθαι
1991 3394 2087 3462 τῆς
2120 3392 2434 3464 ίερωσύνης,
2503 3394 2747 3464 ἀνάθεμα
2779 3395 2874 3467 ἔσῃ
2910 3397 3069 3449 παντὶ
3098 3397 3173 3467 τῷ
3197 3398 3327 3468 λαῷ.
3394 3399 3487 3451 καὶ
3514 3400 3561 3450 οί
3595 3396 3876 3465 δεχόμενοί
3935 3410 3997 3448 σε

747 3485 1072 3554 ἐκκήρυκτοι
1108 3489 1247 3541 κατά
1283 3494 1461 3545 πᾶσαν
1505 3492 1830 3562 Ἐκκλησίαν
1856 3492 2193 3559 γενήσονται.

804 3611 1003 3668 BALS.
1078 3610 1375 3680 Gregorius
1427 3610 1649 3680 quidam
1724 3604 2009 3677 presbyter
2086 3601 2319 3654 habebat

736 3704 1030 3775 quamdam
1058 3701 1434 3758 mulierculam
1464 3702 1513 3756 ei
1544 3700 1927 3756 inservientem
1967 3713 1980 3749 :
2018 3692 2160 3763 quod
2188 3707 2311 3745 cum

730 3807 955 3853 sanctus
986 3795 1366 3857 intellexisset,
1394 3793 1585 3861 petivit
1626 3809 1653 3846 α
1694 3789 2029 3862 presbytero,
2082 3793 2141 3837 ut
2194 3798 2312 3837 mu-

726 3890 915 3945 lierem
950 3890 1109 3943 domo
1140 3902 1236 3942 sua
1276 3886 1591 3956 expelleret.
1624 3886 1676 3939 is
1698 3898 1828 3943 νοω
1858 3881 1924 3934 ad
1970 3878 2118 3931 illum
2146 3878 2213 3928 de
2243 3888 2339 3929 ea‘

726 3998 786 4036 re
813 3981 1051 4051 seipsnm
1079 3978 1376 4034 defendens
1405 3976 1655 4047 scripsit;
1698 3987 1929 4045 magnus
1959 3980 2175 4038 quoque
2202 3964 2307 4018 Ba-

725 4074 878 4127 silius
907 4072 1149 4127 vicissim
1180 4071 1249 4126 ad
1296 4071 1673 4141 presbyterum
1724 4062 2027 4132 rescripsit.
2076 4058 2173 4113 Est
2212 4072 2310 4111 au-

720 4176 831 4220 tem
862 4164 1161 4219 verisimile
1189 4163 1564 4233 presbyterum
1590 4160 1644 4214 in
1679 4173 1774 4239 sua
1802 4154 2031 4225 epistola
2062 4158 2308 4239 sanctum

723 4272 969 4330 rogasse,
1002 4266 1059 4310 ut
1085 4256 1298 4311 litteras
1331 4269 1456 4309 cum
1509 4249 1918 4321 longanimitate
1962 4246 2167 4315 legeret
2198 4255 2211 4293 :
2242 4238 2309 4294 ad

720 4369 883 4423 quem
936 4350 1221 4421 rescripsit
1266 4346 1453 4403 Pater.
1512 4347 1646 4401 Cum
1704 4344 1850 4400 omni
1896 4338 2310 4412 longanimitate

2501 3596 2695 3649 ΒΛΛΣ.
2736 3593 3033 3664 Γρηγόριός
3061 3610 3141 3656 τις
3177 3590 3546 3662 πρεσϐύτερος
3580 3588 3811 3655 γύναιον
3860 3586 4011 3655 εῖχεν

2426 3685 2735 3757 ὑπηρετοῦν
2800 3683 2950 3753 αύτῷ
2988 3682 3061 3733 ’δ
3097 3680 3286 3749 μαθὼν
3344 3681 3371 3732 ὁ
3433 3679 3586 3745 ἅγιος
3647 3678 3855 3746 ἀπῄθει
3915 3678 4009 3731 τὸν

2423 3776 2798 3849 πρεσϐύτερον
2823 3775 3073 3828 ὲκσεῖσαι
3108 3772 3207 3842 τῆς
3241 3770 3523 3833 κατοικίας
3556 3767 3724 3822 αὑτοῦ
3782 3768 3849 3819 τὸ
3908 3768 4007 3829 γύ-

2420 3888 2588 3925 ναιον.
2624 3870 2684 3922 Ὀ
2719 3870 2776 3922 δὲ
2807 3867 3015 3936 ἔγραψε
3050 3866 3179 3934 περὶ
3212 3864 3401 3917 τούτου
3452 3862 3587 3932 πρὸς
3630 3860 3799 3913 αὑτὸν
3864 3863 4009 3914 ἀπο-

2419 3964 2770 4034 λογούμενος,
2802 3964 2899 4016 καὶ
2933 3964 2961 4015 ὁ
2990 3961 3163 4028 μέγας
3200 3956 3482 4019 Βασίλειος
3510 3953 3830 4023 ἀντέγραψε
3868 3954 4007 4023 πρᾱ

2414 4058 2507 4110 τὸν
2534 4056 2932 4127 πρεσϐύτερον.
2970 4052 3159 4106 Ἐοικε
3192 4052 3249 4103 δὲ
3273 4051 3363 4103 τὸν
3422 4047 3804 4117 πρεσϐύτερον
3843 4047 3902 4099 ὲν
3938 4049 4006 4113 τῇ

2414 4148 2674 4218 επιστολῆ
2698 4146 2866 4202 αὑτοῦ
2900 4146 3132 4212 ἀξιῶσαι
3163 4146 3253 4199 τδν
3274 4144 3430 4211 ἆγιον
3458 4140 3842 4211 μακροθύμως
3874 4143 4009 4194 ἀνα-

2416 4240 2625 4309 γνῶναι
2657 4240 2726 4293 τά
2758 4240 3066 4309 γράμματα
3098 4254 3110 4266 ·
3143 4235 3280 4302 πρὸς
3311 4235 3374 4288 ὃν
3430 4231 3779 4302 ἀντέγραψεν
3810 4235 3839 4285 δ
3894 4233 4009 4285 Πα-

2414 4329 2539 4404 τὴρ,
2561 4335 2643 4387 ὅτι
2661 4332 2816 4387 Μετὰ
2844 4332 3024 4401 πάσης
3059 4326 3449 4400 μακροθυμίας
3476 4324 3731 4395 ἐνέτυχόν
3764 4342 3866 4377 σου
3895 4326 4009 4385 τοῖς

720 4418 841 4501 tuas
883 4445 1091 4499 litteras
1114 4418 1249 4513 icgi,
1283 4450 1337 4496 et
1370 4441 1602 4495 miratus
1632 4453 1750 4493 sum
1785 4435 1949 4505 quod,
1998 4447 2120 4488 cum
2167 4444 2294 4499 pos-
2334 4434 2348 4495 ]

2418 4426 2738 4496 γράμμασι,
2772 4424 2868 4477 καὶ
2920 4421 3212 4492 ἀθαύμασα
3246 4422 3354 4485 ὅτι,
3381 4419 3683 4487 δυνάμενος
3716 4418 4009 4485 συντόμως

718 4554 805 4592 ses
836 4552 931 4607 per
955 4552 1041 4592 res
1069 4537 1311 4591 breviter
1339 4532 1689 4602 respondere,
1730 4528 1938 4584 scilicet
1978 4540 2074 4595 per
2105 4523 2303 4577 mulie-

2413 4515 2863 4585 ἀπολογήσασθαι
2910 4514 3000 4567 διά
3031 4512 3401 4585 πραγμάτων,
3429 4512 3595 4581 ἤγουν
3622 4508 3712 4563 διὰ
3738 4508 3838 4562 τοῦ
3868 4509 4007 4561 ἀπο-

719 4631 791 4681 tis
828 4628 1291 4688 amandationem;
1324 4625 1380 4680 in
1410 4623 1495 4688 iis,
1530 4635 1760 4707 quorum
1809 4616 2108 4680 accusaris,
2139 4615 2304 4668 rebus

2412 4606 2737 4678 πέμψασθαι
2761 4606 2862 4677 τὴν
2908 4606 3167 4673 γυναῖκα,
3189 4605 3301 4666 τοῖς
3350 4603 3449 4671 μὲν
3472 4602 4004 4670 κατηγορουμένοις,

718 4722 928 4777 scilicet
972 4719 1106 4786 ipsis
1154 4725 1377 4786 propter
1414 4729 1550 4784 quas
1582 4712 1859 4768 acensstio
1891 4708 2134 4765 instituta
2176 4718 2260 4761 est
2285 4746 2300 4772 ,

718 4824 1078 4874 permaneas;
1113 4806 1298 4860 verbis
1329 4813 1508 4858 autem
1534 4813 1586 4858 te
1602 4801 1873 4857 defendis.
1899 4799 2100 4855 Deinde
2130 4797 2260 4853 dicit
2287 4814 2299 4849 :

2410 4702 2528 4772 ἦτοι
2553 4702 2664 4761 τοῖς
2687 4699 3012 4769 πράγμασιν
3042 4696 3248 4758 αὐτοῖς’,
3274 4696 3341 4748 δι’
3372 4694 3408 4749 ἃ.
3442 4695 3476 4763 ἡ
3508 4691 3841 4761 κατηγορία,
3880 4694 4008 4744 ἑπι-

2412 4795 2615 4863 μένεις·
2634 4793 2722 4845 διὰ
2747 4790 2802 4843 δὲ
2834 4789 2980 4860 λόγῳ
3021 4787 3321 4853 ἀπολογίας
3358 4787 3549 4847 ποιεῖς.
3579 4779 3716 4836 Εῐτά
3741 4799 3887 4852 φησι
3922 4785 4005 4836 ὅτι

720 4905 831 4958 Nus
864 4916 960 4957 ncc
993 4898 1151 4967 primi
1187 4910 1288 4951 nec
1317 4895 1417 4951 soli
1451 4894 1767 4959 statuimus,
1799 4906 1865 4946 ne
1892 4890 2148 4944 mulieres
2176 4901 2299 4941 cum

2412 4884 2548 4937 υύτε
2580 4884 2786 4951 πρῶτοι
2814 4881 2938 4936 οὔτε
2966 4881 3118 4951 μόνοι
3140 4881 3299 4951 ἡμεῖς
3320 4877 3601 4946 ὡρίσαμεν
3625 4874 3699 4943 μὴ
3725 4876 4005 4927 συνοικεῖν

723 4998 878 5054 τῖε-ῖς.
912 4994 1125 5049 scilicet
1154 4988 1407 5055 sacratis,
1438 4986 1849 5050 eohabitarent;
1885 4983 1976 5037 sed
2027 4982 2142 5051 lege
2174 4993 2299 5034 can.

720 5108 842 5160 syn.
875 5088 1129 5147 Nicaeum.
1167 5089 1258 5153 qui
1303 5080 1578 5151 prohibuit
1624 5094 1691 5133 ne
1732 5077 1843 5133 sint
1892 5074 2298 5131 introductitize.

722 5184 828 5235 Eas
857 5190 1033 5235 autem
1072 5173 1472 5239 introductitias
1504 5170 1742 5241 appellat
1770 5170 1958 5224 tertius
1998 5166 2158 5221 dictae
2208 5178 2300 5234 sy-

721 5272 849 5324 nodi
883 5285 1078 5332 canon,
1110 5274 1230 5334 qua!
1261 5261 1680 5317 introducantur
1711 5260 1761 5313 in
1789 5259 1933 5313 mdes
1964 5264 2299 5311 sacratorum

722 5362 1029 5419 hominum.
1054 5358 1144 5428 qui
1178 5370 1377 5412 uxores
1404 5367 1509 5408 non
1542 5353 1833 5412 duxerunt,
1867 5357 1922 5403 et
1949 5363 2069 5403 cum
2100 5348 2181 5401 eis
2211 5360 2302 5400 co-

724 5453 987 5510 ltaliitant.
1020 5448 1121 5515 Qui
1166 5458 1343 5503 autem
1392 5443 1692 5499 caelibatum
1726 5438 1955 5511 professi
1988 5446 2154 5501 sunt,
2190 5438 2304 5489 lau-

725 5545 883 5607 dem,
920 5542 1115 5609 inquit,
1147 5540 1260 5593 site
1292 5538 1360 5593 ob
1396 5532 1807 5597 continentiam,
1846 5529 2071 5600 gloriam
2136 5528 2302 5581 babe-

727 5633 882 5699 bunt,
937 5632 979 5687 si
1030 5646 1056 5683 a
1115 5628 1429 5684 mulieribus
1475 5632 1815 5697 separentur.
1863 5620 1919 5676 Si
1955 5620 2073 5689 quis
2125 5626 2302 5671 autem

728 5726 1095 5801 virginitatem
1120 5722 1463 5794 profiteatur,
1495 5736 1616 5777 cum
1653 5715 1972 5774 mulieribus
1996 5727 2121 5769 vero
2142 5710 2304 5766 coha-

835 5842 1019 5896 ‘Rmu
1081 5858 1165 5894 λιν
1226 5841 1304 5893 ΙΞ.

2406 4976 2686 5046 ἀνδράσιν,
2743 4974 3061 5043 ίερωμένοις
3105 4971 3325 5041 δηλαδὴ,
3363 4970 3663 5037 γυναῖκας·
3702 4966 3827 5018 ἀλλ’
3872 4967 4003 5019 ἀνά-

2409 5070 2573 5137 γνωθι
2600 5070 2688 5119 τὸν
2724 5067 2921 5120 κανόνα
2951 5066 3051 5133 τῆς
3080 5066 3138 5116 ἐν
3165 5061 3371 5130 Νικαίᾳ.
3402 5059 3638 5118 συνόδου.
3682 5057 3744 5118 ὃς
3772 5057 4000 5124 ἀπηγό-

2414 5177 2573 5230 ρευσε
2606 5158 2992 5218 συνεισάκεους
3031 5154 3104 5225 μὴ
3130 5149 3294 5207 εἶναι.
3332 5150 3725 5210 Συνεισάκτους
3758 5148 3817 5200 δὲ
3847 5148 3999 5214 λέγει

2408 5254 2435 5305 ὁ
2458 5251 2657 5313 κανὼν,
2682 5248 2739 5307 ὃς
2764 5248 2944 5318 τρίτος
2960 5248 3076 5299 εστὶ
3093 5245 3195 5314 τῆς
3215 5245 3336 5315 είρη
3347 5244 3513 5311 μένης
3530 5239 3774 5301 συνόδου,
3796 5238 3900 5298 τὰς
3920 5242 3997 5299 εἰς

2408 5344 2691 5403 κατοικίας
2731 5339 3049 5410 ἱερωμένων
3102 5337 3322 5403 άζύγων
3369 5328 3837 5397 συνεισαγομένας
3900 5331 3995 5381 καὶ

2408 5432 2769 5495 κατοικούσας
2802 5434 2898 5484 σὺν
2929 5433 3135 5492 αὐτοῖς.
3168 5430 3232 5483 Ol
3256 5428 3311 5480 δὲ
3338 5423 3800 5492 ἐπαγγειλάμενοι
3847 5421 3992 5486 ἁγα-

2410 5528 2538 5598 μίαν
2562 5526 2768 5595 ἔχουσι,
2812 5524 2947 5595 φησὶ
2972 5525 3034 5575 sb
3074 5520 3289 5589 σεμνὸν,
3321 5517 3489 5586 ἢγουν
3529 5512 3589 5565 τὸ
3635 5511 3731 5565 ἐπὶ
3772 5528 3987 5579 σωφρο-

2410 5620 2545 5688 σύνῃ
2568 5618 2808 5687 ἔντιμον,
2835 5617 2892 5668 ὲν
2926 5612 3002 5684 τῷ
3028 5608 3357 5683 κεχωρίσθαι
3387 5605 3493 5660 ἀπὸ
3514 5602 3815 5672 γυναικῶν,
3860 5600 3986 5655 Ἐάν

2410 5710 2465 5763 δέ
2490 5728 2573 5773 τις
2598 5707 2965 5779 ὲπαγγέληται,
2997 5702 3341 5773 παρθενείαν,
3381 5697 3604 5770 συνοικῇ
3629 5694 3685 5749 δὲ
3712 5692 3981 5763 γυναιξὶν,
