  <div class='ocr_page' id='page_1' title='image "/cluster/home/n/w/nwhite01/storage/ocr_20150623/138/nnc1.0046980083/421.png"; bbox 0 0 4234 6450; ppageno 0'>
   <div class='ocr_carea' id='block_1_1' title="bbox 696 396 809 462">
    <p class='ocr_par' dir='ltr' id='par_1_1' title="bbox 696 396 809 462">
     <span class='ocr_line' id='line_1_1' title="bbox 696 396 809 462; baseline 0.027 -3"><span class='ocrx_word' id='word_1_1' title='bbox 696 396 809 462; x_wconf 78' lang='grc'><strong>827</strong></span> 
     </span>
    </p>
   </div>
   <div class='ocr_carea' id='block_1_2' title="bbox 1958 398 2674 465">
    <p class='ocr_par' dir='ltr' id='par_1_2' title="bbox 1958 398 2674 465">
     <span class='ocr_line' id='line_1_2' title="bbox 1958 398 2674 465; baseline 0.004 -3"><span class='ocrx_word' id='word_1_2' title='bbox 1958 398 2236 464; x_wconf 78' lang='grc' dir='ltr'><strong>ΤΗΕΟΟ.</strong></span> <span class='ocrx_word' id='word_1_3' title='bbox 2270 398 2674 465; x_wconf 69' lang='grc' dir='ltr'><strong>ΒΑιεΑιιοη</strong></span> 
     </span>
    </p>
   </div>
   <div class='ocr_carea' id='block_1_3' title="bbox 3860 390 3971 455">
    <p class='ocr_par' dir='ltr' id='par_1_3' title="bbox 3860 390 3971 455">
     <span class='ocr_line' id='line_1_3' title="bbox 3860 390 3971 455; baseline 0 -2"><span class='ocrx_word' id='word_1_4' title='bbox 3860 390 3971 455; x_wconf 75' lang='lat'><strong>89.8</strong></span> 
     </span>
    </p>
   </div>
   <div class='ocr_carea' id='block_1_4' title="bbox 698 504 2296 580">
    <p class='ocr_par' dir='ltr' id='par_1_4' title="bbox 698 504 2273 580">
     <span class='ocr_line' id='line_1_4' title="bbox 698 504 2273 580; baseline 0.003 -21"><span class='ocrx_word' id='word_1_5' title='bbox 698 504 977 562; x_wconf 79' lang='lat' dir='ltr'><strong>habitante</strong></span> <span class='ocrx_word' id='word_1_6' title='bbox 999 521 1163 564; x_wconf 89' lang='lat' dir='ltr'><strong>omne</strong></span> <span class='ocrx_word' id='word_1_7' title='bbox 1205 508 1358 564; x_wconf 60' lang='lat' dir='ltr'><strong>mal:</strong></span> <span class='ocrx_word' id='word_1_8' title='bbox 1427 509 1759 580; x_wconf 71' lang='lat' dir='ltr'><strong>suspicionis</strong></span> <span class='ocrx_word' id='word_1_9' title='bbox 1807 512 2125 567; x_wconf 85' lang='lat' dir='ltr'><strong>scandalum</strong></span> <span class='ocrx_word' id='word_1_10' title='bbox 2167 511 2273 566; x_wconf 86' lang='lat' dir='ltr'><strong>tol-</strong></span> 
     </span>
    </p>
   </div>
   <div class='ocr_carea' id='block_1_5' title="bbox 2397 504 3974 580">
    <p class='ocr_par' dir='ltr' id='par_1_5' title="bbox 2397 507 3974 580">
     <span class='ocr_line' id='line_1_5' title="bbox 2397 507 3974 580; baseline -0.001 -16"><span class='ocrx_word' id='word_1_11' title='bbox 2397 511 2543 564; x_wconf 71' lang='grc' dir='ltr'><strong>ςαλον</strong></span> <span class='ocrx_word' id='word_1_12' title='bbox 2598 512 2969 580; x_wconf 72' lang='grc' dir='ltr'><strong>περιαιρεῖται</strong></span> <span class='ocrx_word' id='word_1_13' title='bbox 3024 509 3379 579; x_wconf 82' lang='grc' dir='ltr'><strong>καχύποπτον</strong></span> <span class='ocrx_word' id='word_1_14' title='bbox 3428 508 3511 577; x_wconf 81' lang='grc' dir='ltr'><strong>(οὐ</strong></span> <span class='ocrx_word' id='word_1_15' title='bbox 3556 508 3667 576; x_wconf 82' lang='grc' dir='ltr'><strong>γάρ</strong></span> <span class='ocrx_word' id='word_1_16' title='bbox 3710 507 3974 574; x_wconf 79' lang='grc' dir='ltr'><strong>λέγουσιν</strong></span> 
     </span>
    </p>
   </div>
   <div class='ocr_carea' id='block_1_6' title="bbox 699 599 2271 670">
    <p class='ocr_par' dir='ltr' id='par_1_6' title="bbox 699 599 2271 670">
     <span class='ocr_line' id='line_1_6' title="bbox 699 599 2271 670; baseline 0.006 -21"><span class='ocrx_word' id='word_1_17' title='bbox 699 599 830 651; x_wconf 87' lang='lat' dir='ltr'><strong>litur</strong></span> <span class='ocrx_word' id='word_1_18' title='bbox 857 599 983 666; x_wconf 89' lang='lat' dir='ltr'><strong>(non</strong></span> <span class='ocrx_word' id='word_1_19' title='bbox 1019 600 1165 654; x_wconf 88' lang='lat' dir='ltr'><strong>enim</strong></span> <span class='ocrx_word' id='word_1_20' title='bbox 1211 600 1394 655; x_wconf 87' lang='lat' dir='ltr'><strong>dicunt</strong></span> <span class='ocrx_word' id='word_1_21' title='bbox 1438 601 1557 670; x_wconf 74' lang='lat' dir='ltr'><strong>eius</strong></span> <span class='ocrx_word' id='word_1_22' title='bbox 1611 618 1734 658; x_wconf 87' lang='lat' dir='ltr'><strong>esse</strong></span> <span class='ocrx_word' id='word_1_23' title='bbox 1778 604 1983 658; x_wconf 87' lang='lat' dir='ltr'><strong>alienas</strong></span> <span class='ocrx_word' id='word_1_24' title='bbox 2046 604 2271 658; x_wconf 89' lang='lat' dir='ltr'><strong>mulier-</strong></span> 
     </span>
    </p>
   </div>
   <div class='ocr_carea' id='block_1_7' title="bbox 700 688 2283 762">
    <p class='ocr_par' dir='ltr' id='par_1_7' title="bbox 700 688 2283 762">
     <span class='ocr_line' id='line_1_7' title="bbox 700 688 2283 762; baseline 0.003 -19"><span class='ocrx_word' id='word_1_25' title='bbox 700 690 869 753; x_wconf 85' lang='lat' dir='ltr'><strong>culas,</strong></span> <span class='ocrx_word' id='word_1_26' title='bbox 899 688 995 745; x_wconf 86' lang='lat' dir='ltr'><strong>sed</strong></span> <span class='ocrx_word' id='word_1_27' title='bbox 1026 702 1274 762; x_wconf 66' lang='lat' dir='ltr'><strong>cognata</strong></span> <span class='ocrx_word' id='word_1_28' title='bbox 1312 693 1477 761; x_wconf 88' lang='lat' dir='ltr'><strong>ejus:</strong></span> <span class='ocrx_word' id='word_1_29' title='bbox 1525 708 1591 748; x_wconf 88' lang='lat' dir='ltr'><strong>eo</strong></span> <span class='ocrx_word' id='word_1_30' title='bbox 1650 702 1829 750; x_wconf 89' lang='lat' dir='ltr'><strong>autem</strong></span> <span class='ocrx_word' id='word_1_31' title='bbox 1890 710 2015 749; x_wconf 90' lang='lat' dir='ltr'><strong>cum</strong></span> <span class='ocrx_word' id='word_1_32' title='bbox 2056 694 2283 748; x_wconf 83' lang='lat' dir='ltr'><strong>muliere</strong></span> 
     </span>
    </p>
   </div>
   <div class='ocr_carea' id='block_1_8' title="bbox 700 785 2281 857">
    <p class='ocr_par' dir='ltr' id='par_1_8' title="bbox 700 785 2281 857">
     <span class='ocr_line' id='line_1_8' title="bbox 700 785 2281 857; baseline 0.006 -25"><span class='ocrx_word' id='word_1_33' title='bbox 700 792 951 848; x_wconf 79' lang='lat' dir='ltr'><strong>suspecta</strong></span> <span class='ocrx_word' id='word_1_34' title='bbox 1002 792 1278 845; x_wconf 74' lang='lat' dir='ltr'><strong>versante.</strong></span> <span class='ocrx_word' id='word_1_35' title='bbox 1342 785 1682 851; x_wconf 72' lang='lat' dir='ltr'><strong>scandalum,</strong></span> <span class='ocrx_word' id='word_1_36' title='bbox 1733 786 1876 853; x_wconf 90' lang='lat' dir='ltr'><strong>quod</strong></span> <span class='ocrx_word' id='word_1_37' title='bbox 1917 801 1984 840; x_wconf 80' lang='lat' dir='ltr'><strong>ex</strong></span> <span class='ocrx_word' id='word_1_38' title='bbox 2036 786 2281 857; x_wconf 87' lang='lat' dir='ltr'><strong>improba</strong></span> 
     </span>
    </p>
   </div>
   <div class='ocr_carea' id='block_1_9' title="bbox 700 871 2285 945">
    <p class='ocr_par' dir='ltr' id='par_1_9' title="bbox 700 871 2285 945">
     <span class='ocr_line' id='line_1_9' title="bbox 700 871 2285 945; baseline 0.006 -23"><span class='ocrx_word' id='word_1_39' title='bbox 700 871 1011 937; x_wconf 81' lang='lat' dir='ltr'><strong>suspicione</strong></span> <span class='ocrx_word' id='word_1_40' title='bbox 1086 876 1355 943; x_wconf 83' lang='lat' dir='ltr'><strong>emergit,</strong></span> <span class='ocrx_word' id='word_1_41' title='bbox 1422 877 1782 931; x_wconf 76' lang='lat' dir='ltr'><strong>ministerium</strong></span> <span class='ocrx_word' id='word_1_42' title='bbox 1861 878 2109 945; x_wconf 81' lang='lat' dir='ltr'><strong>assumit)</strong></span> <span class='ocrx_word' id='word_1_43' title='bbox 2168 879 2285 932; x_wconf 89' lang='lat' dir='ltr'><strong>sine</strong></span> 
     </span>
    </p>
   </div>
   <div class='ocr_carea' id='block_1_10' title="bbox 703 964 2285 1038">
    <p class='ocr_par' dir='ltr' id='par_1_10' title="bbox 703 964 2285 1038">
     <span class='ocr_line' id='line_1_10' title="bbox 703 964 2285 1038; baseline 0.006 -25"><span class='ocrx_word' id='word_1_44' title='bbox 703 964 1091 1030; x_wconf 80' lang='lat' dir='ltr'><strong>impedimento</strong></span> <span class='ocrx_word' id='word_1_45' title='bbox 1122 981 1243 1021; x_wconf 88' lang='lat' dir='ltr'><strong>cum</strong></span> <span class='ocrx_word' id='word_1_46' title='bbox 1281 968 1529 1035; x_wconf 84' lang='lat' dir='ltr'><strong>personis</strong></span> <span class='ocrx_word' id='word_1_47' title='bbox 1564 984 1671 1023; x_wconf 93' lang='lat' dir='ltr'><strong>non</strong></span> <span class='ocrx_word' id='word_1_48' title='bbox 1707 970 1981 1038; x_wconf 86' lang='lat' dir='ltr'><strong>suspeetis</strong></span> <span class='ocrx_word' id='word_1_49' title='bbox 2019 970 2285 1024; x_wconf 90' lang='lat' dir='ltr'><strong>habitabit</strong></span> 
     </span>
    </p>
   </div>
   <div class='ocr_carea' id='block_1_11' title="bbox 702 1054 2285 1129">
    <p class='ocr_par' dir='ltr' id='par_1_11' title="bbox 702 1054 2285 1129">
     <span class='ocr_line' id='line_1_11' title="bbox 702 1054 2285 1129; baseline 0.004 -24"><span class='ocrx_word' id='word_1_50' title='bbox 702 1065 970 1118; x_wconf 76' lang='lat' dir='ltr'><strong>sacratus,</strong></span> <span class='ocrx_word' id='word_1_51' title='bbox 1005 1054 1216 1110; x_wconf 90' lang='lat' dir='ltr'><strong>etiamsi</strong></span> <span class='ocrx_word' id='word_1_52' title='bbox 1274 1056 1374 1111; x_wconf 89' lang='lat' dir='ltr'><strong>sub</strong></span> <span class='ocrx_word' id='word_1_53' title='bbox 1418 1072 1477 1110; x_wconf 90' lang='lat' dir='ltr'><strong>se</strong></span> <span class='ocrx_word' id='word_1_54' title='bbox 1532 1056 1783 1111; x_wconf 87' lang='lat' dir='ltr'><strong>mulieres</strong></span> <span class='ocrx_word' id='word_1_55' title='bbox 1825 1059 2097 1113; x_wconf 84' lang='lat' dir='ltr'><strong>habeant:</strong></span> <span class='ocrx_word' id='word_1_56' title='bbox 2144 1062 2285 1129; x_wconf 91' lang='lat' dir='ltr'><strong>quod</strong></span> 
     </span>
    </p>
   </div>
   <div class='ocr_carea' id='block_1_12' title="bbox 704 1142 2285 1217">
    <p class='ocr_par' dir='ltr' id='par_1_12' title="bbox 704 1142 2285 1217">
     <span class='ocr_line' id='line_1_12' title="bbox 704 1142 2285 1217; baseline 0.008 -26"><span class='ocrx_word' id='word_1_57' title='bbox 704 1142 747 1195; x_wconf 69' lang='lat' dir='ltr'><strong>si</strong></span> <span class='ocrx_word' id='word_1_58' title='bbox 776 1157 879 1195; x_wconf 90' lang='lat' dir='ltr'><strong>non</strong></span> <span class='ocrx_word' id='word_1_59' title='bbox 919 1144 1025 1197; x_wconf 78' lang='lat' dir='ltr'><strong>sint</strong></span> <span class='ocrx_word' id='word_1_60' title='bbox 1054 1144 1191 1200; x_wconf 82' lang='lat' dir='ltr'><strong>tales</strong></span> <span class='ocrx_word' id='word_1_61' title='bbox 1219 1161 1467 1216; x_wconf 60' lang='grc' dir='ltr'><strong>ρει-εσσε</strong></span> <span class='ocrx_word' id='word_1_62' title='bbox 1494 1162 1617 1201; x_wconf 90' lang='lat' dir='ltr'><strong>enm</strong></span> <span class='ocrx_word' id='word_1_63' title='bbox 1648 1147 1861 1217; x_wconf 70' lang='lat' dir='ltr'><strong>{quibus</strong></span> <span class='ocrx_word' id='word_1_64' title='bbox 1921 1150 2150 1212; x_wconf 82' lang='lat' dir='ltr'><strong>habitat,</strong></span> <span class='ocrx_word' id='word_1_65' title='bbox 2208 1149 2285 1203; x_wconf 91' lang='lat' dir='ltr'><strong>illi</strong></span> 
     </span>
    </p>
   </div>
   <div class='ocr_carea' id='block_1_13' title="bbox 705 1234 2285 1309">
    <p class='ocr_par' dir='ltr' id='par_1_13' title="bbox 705 1234 2285 1309">
     <span class='ocr_line' id='line_1_13' title="bbox 705 1234 2285 1309; baseline 0.007 -25"><span class='ocrx_word' id='word_1_66' title='bbox 705 1248 809 1286; x_wconf 86' lang='lat' dir='ltr'><strong>non</strong></span> <span class='ocrx_word' id='word_1_67' title='bbox 841 1234 1078 1303; x_wconf 89' lang='lat' dir='ltr'><strong>impunis</strong></span> <span class='ocrx_word' id='word_1_68' title='bbox 1137 1237 1241 1290; x_wconf 91' lang='lat' dir='ltr'><strong>erit</strong></span> <span class='ocrx_word' id='word_1_69' title='bbox 1304 1238 1615 1307; x_wconf 69' lang='lat' dir='ltr'><strong>huiusmodi</strong></span> <span class='ocrx_word' id='word_1_70' title='bbox 1676 1239 2031 1294; x_wconf 81' lang='lat' dir='ltr'><strong>cohabitatio.</strong></span> <span class='ocrx_word' id='word_1_71' title='bbox 2071 1240 2285 1309; x_wconf 80' lang='lat' dir='ltr'><strong>Alioqui</strong></span> 
     </span>
    </p>
   </div>
   <div class='ocr_carea' id='block_1_14' title="bbox 702 1326 2284 1389">
    <p class='ocr_par' dir='ltr' id='par_1_14' title="bbox 702 1326 2284 1389">
     <span class='ocr_line' id='line_1_14' title="bbox 702 1326 2284 1389; baseline 0.004 -12"><span class='ocrx_word' id='word_1_72' title='bbox 702 1326 871 1389; x_wconf 84' lang='lat' dir='ltr'><strong>enim,</strong></span> <span class='ocrx_word' id='word_1_73' title='bbox 907 1326 949 1379; x_wconf 93' lang='lat' dir='ltr'><strong>si</strong></span> <span class='ocrx_word' id='word_1_74' title='bbox 984 1326 1143 1380; x_wconf 83' lang='lat' dir='ltr'><strong>detur</strong></span> <span class='ocrx_word' id='word_1_75' title='bbox 1172 1330 1517 1384; x_wconf 81' lang='lat' dir='ltr'><strong>sacerdOtem</strong></span> <span class='ocrx_word' id='word_1_76' title='bbox 1544 1346 1647 1384; x_wconf 87' lang='lat' dir='ltr'><strong>non</strong></span> <span class='ocrx_word' id='word_1_77' title='bbox 1678 1331 1997 1385; x_wconf 83' lang='lat' dir='ltr'><strong>cohabitare</strong></span> <span class='ocrx_word' id='word_1_78' title='bbox 2018 1331 2159 1385; x_wconf 84' lang='lat' dir='ltr'><strong>eum&#39;</strong></span> <span class='ocrx_word' id='word_1_79' title='bbox 2180 1333 2284 1385; x_wconf 86' lang='lat' dir='ltr'><strong>ulla</strong></span> 
     </span>
    </p>
   </div>
   <div class='ocr_carea' id='block_1_15' title="bbox 706 1420 2287 1489">
    <p class='ocr_par' dir='ltr' id='par_1_15' title="bbox 706 1420 2287 1489">
     <span class='ocr_line' id='line_1_15' title="bbox 706 1420 2287 1489; baseline 0.006 -23"><span class='ocrx_word' id='word_1_80' title='bbox 706 1430 936 1482; x_wconf 73' lang='lat' dir='ltr'><strong>persona</strong></span> <span class='ocrx_word' id='word_1_81' title='bbox 970 1432 1077 1470; x_wconf 87' lang='lat' dir='ltr'><strong>non</strong></span> <span class='ocrx_word' id='word_1_82' title='bbox 1104 1430 1379 1487; x_wconf 88' lang='lat' dir='ltr'><strong>suspecta,</strong></span> <span class='ocrx_word' id='word_1_83' title='bbox 1427 1435 1547 1489; x_wconf 76' lang='lat' dir='ltr'><strong>qua:</strong></span> <span class='ocrx_word' id='word_1_84' title='bbox 1594 1420 1759 1474; x_wconf 84' lang='lat' dir='ltr'><strong>habet</strong></span> <span class='ocrx_word' id='word_1_85' title='bbox 1818 1420 1951 1475; x_wconf 86' lang='lat' dir='ltr'><strong>alias</strong></span> <span class='ocrx_word' id='word_1_86' title='bbox 2008 1422 2287 1489; x_wconf 82' lang='lat' dir='ltr'><strong>mulieres,</strong></span> 
     </span>
    </p>
   </div>
   <div class='ocr_carea' id='block_1_16' title="bbox 707 1508 2287 1579">
    <p class='ocr_par' dir='ltr' id='par_1_16' title="bbox 707 1508 2287 1579">
     <span class='ocr_line' id='line_1_16' title="bbox 707 1508 2287 1579; baseline 0.006 -21"><span class='ocrx_word' id='word_1_87' title='bbox 707 1518 931 1576; x_wconf 81' lang='lat' dir='ltr'><strong>cogetur</strong></span> <span class='ocrx_word' id='word_1_88' title='bbox 984 1508 1148 1563; x_wconf 88' lang='lat' dir='ltr'><strong>etiam</strong></span> <span class='ocrx_word' id='word_1_89' title='bbox 1184 1510 1361 1579; x_wconf 76' lang='lat' dir='ltr'><strong>quivis</strong></span> <span class='ocrx_word' id='word_1_90' title='bbox 1394 1522 1645 1565; x_wconf 87' lang='lat' dir='ltr'><strong>sacratus</strong></span> <span class='ocrx_word' id='word_1_91' title='bbox 1678 1526 1778 1566; x_wconf 91' lang='lat' dir='ltr'><strong>nec</strong></span> <span class='ocrx_word' id='word_1_92' title='bbox 1827 1511 2143 1567; x_wconf 79' lang='lat' dir='ltr'><strong>cohabitare</strong></span> <span class='ocrx_word' id='word_1_93' title='bbox 2164 1526 2287 1568; x_wconf 83' lang='lat' dir='ltr'><strong>eum</strong></span> 
     </span>
    </p>
   </div>
   <div class='ocr_carea' id='block_1_17' title="bbox 707 1601 2290 1671">
    <p class='ocr_par' dir='ltr' id='par_1_17' title="bbox 707 1601 2290 1671">
     <span class='ocr_line' id='line_1_17' title="bbox 707 1601 2290 1671; baseline 0.01 -27"><span class='ocrx_word' id='word_1_94' title='bbox 707 1606 882 1667; x_wconf 64' lang='lat' dir='ltr'><strong>pinv,</strong></span> <span class='ocrx_word' id='word_1_95' title='bbox 914 1613 1010 1652; x_wconf 90' lang='lat' dir='ltr'><strong>nec</strong></span> <span class='ocrx_word' id='word_1_96' title='bbox 1042 1615 1162 1653; x_wconf 87' lang='lat' dir='ltr'><strong>cum</strong></span> <span class='ocrx_word' id='word_1_97' title='bbox 1195 1602 1430 1671; x_wconf 79' lang='lat' dir='ltr'><strong>propriis</strong></span> <span class='ocrx_word' id='word_1_98' title='bbox 1465 1601 1617 1667; x_wconf 83' lang='lat' dir='ltr'><strong>llliis,</strong></span> <span class='ocrx_word' id='word_1_99' title='bbox 1671 1616 1773 1656; x_wconf 93' lang='lat' dir='ltr'><strong>nec</strong></span> <span class='ocrx_word' id='word_1_100' title='bbox 1822 1601 1984 1656; x_wconf 89' lang='lat' dir='ltr'><strong>alicui</strong></span> <span class='ocrx_word' id='word_1_101' title='bbox 2045 1604 2123 1659; x_wconf 88' lang='lat' dir='ltr'><strong>rei</strong></span> <span class='ocrx_word' id='word_1_102' title='bbox 2173 1618 2290 1659; x_wconf 84' lang='lat' dir='ltr'><strong>ser-</strong></span> 
     </span>
    </p>
   </div>
   <div class='ocr_carea' id='block_1_18' title="bbox 713 1687 2287 1764">
    <p class='ocr_par' dir='ltr' id='par_1_18' title="bbox 713 1687 2287 1764">
     <span class='ocr_line' id='line_1_18' title="bbox 713 1687 2287 1764; baseline 0.005 -24"><span class='ocrx_word' id='word_1_103' title='bbox 713 1687 849 1750; x_wconf 69' lang='lat' dir='ltr'><strong>virc,</strong></span> <span class='ocrx_word' id='word_1_104' title='bbox 906 1704 1025 1753; x_wconf 74' lang='lat' dir='ltr'><strong>qua:</strong></span> <span class='ocrx_word' id='word_1_105' title='bbox 1085 1690 1155 1744; x_wconf 91' lang='lat' dir='ltr'><strong>ad</strong></span> <span class='ocrx_word' id='word_1_106' title='bbox 1206 1692 1407 1747; x_wconf 78' lang='lat' dir='ltr'><strong>vietum</strong></span> <span class='ocrx_word' id='word_1_107' title='bbox 1468 1693 1796 1763; x_wconf 82' lang='lat' dir='ltr'><strong>pertineat:</strong></span> <span class='ocrx_word' id='word_1_108' title='bbox 1860 1694 2077 1764; x_wconf 84' lang='lat' dir='ltr'><strong>plurimi</strong></span> <span class='ocrx_word' id='word_1_109' title='bbox 2143 1695 2287 1749; x_wconf 89' lang='lat' dir='ltr'><strong>enim</strong></span> 
     </span>
    </p>
   </div>
   <div class='ocr_carea' id='block_1_19' title="bbox 706 1782 2291 1856">
    <p class='ocr_par' dir='ltr' id='par_1_19' title="bbox 706 1782 2291 1856">
     <span class='ocr_line' id='line_1_19' title="bbox 706 1782 2291 1856; baseline 0.004 -23"><span class='ocrx_word' id='word_1_110' title='bbox 706 1795 893 1833; x_wconf 82' lang='lat' dir='ltr'><strong>eurum</strong></span> <span class='ocrx_word' id='word_1_111' title='bbox 927 1782 1125 1835; x_wconf 80' lang='lat' dir='ltr'><strong>habent</strong></span> <span class='ocrx_word' id='word_1_112' title='bbox 1159 1783 1405 1848; x_wconf 87' lang='lat' dir='ltr'><strong>ancillas,</strong></span> <span class='ocrx_word' id='word_1_113' title='bbox 1440 1799 1535 1839; x_wconf 86' lang='lat' dir='ltr'><strong>seu</strong></span> <span class='ocrx_word' id='word_1_114' title='bbox 1569 1784 1788 1845; x_wconf 85' lang='lat' dir='ltr'><strong>liberas.</strong></span> <span class='ocrx_word' id='word_1_115' title='bbox 1830 1800 1949 1856; x_wconf 73' lang='lat' dir='ltr'><strong>qua:</strong></span> <span class='ocrx_word' id='word_1_116' title='bbox 2005 1786 2120 1840; x_wconf 85' lang='lat' dir='ltr'><strong>suis</strong></span> <span class='ocrx_word' id='word_1_117' title='bbox 2189 1786 2291 1840; x_wconf 86' lang='lat' dir='ltr'><strong>mi-</strong></span> 
     </span>
    </p>
   </div>
   <div class='ocr_carea' id='block_1_20' title="bbox 2388 596 3974 669">
    <p class='ocr_par' dir='ltr' id='par_1_20' title="bbox 2388 596 3974 669">
     <span class='ocr_line' id='line_1_20' title="bbox 2388 596 3974 669; baseline -0.005 -15"><span class='ocrx_word' id='word_1_118' title='bbox 2388 596 2531 655; x_wconf 75' lang='grc' dir='ltr'><strong>εἰναι</strong></span> <span class='ocrx_word' id='word_1_119' title='bbox 2563 602 2757 654; x_wconf 86' lang='grc' dir='ltr'><strong>τούτου</strong></span> <span class='ocrx_word' id='word_1_120' title='bbox 2790 601 2858 653; x_wconf 88' lang='grc' dir='ltr'><strong>τά</strong></span> <span class='ocrx_word' id='word_1_121' title='bbox 2886 600 3141 669; x_wconf 75' lang='grc' dir='ltr'><strong>ἀλλότρια</strong></span> <span class='ocrx_word' id='word_1_122' title='bbox 3159 599 3378 666; x_wconf 77' lang='grc' dir='ltr'><strong>γύναια,</strong></span> <span class='ocrx_word' id='word_1_123' title='bbox 3414 598 3550 651; x_wconf 80' lang='grc' dir='ltr'><strong>ἀλλά</strong></span> <span class='ocrx_word' id='word_1_124' title='bbox 3598 598 3697 666; x_wconf 85' lang='grc' dir='ltr'><strong>τῆς</strong></span> <span class='ocrx_word' id='word_1_125' title='bbox 3727 612 3974 666; x_wconf 77' lang='grc' dir='ltr'><strong>προσγε-</strong></span> 
     </span>
    </p>
   </div>
   <div class='ocr_carea' id='block_1_21' title="bbox 2388 689 3975 762">
    <p class='ocr_par' dir='ltr' id='par_1_21' title="bbox 2388 689 3975 762">
     <span class='ocr_line' id='line_1_21' title="bbox 2388 689 3975 762; baseline -0.004 -15"><span class='ocrx_word' id='word_1_126' title='bbox 2388 693 2514 756; x_wconf 84' lang='grc' dir='ltr'><strong>νοῦς</strong></span> <span class='ocrx_word' id='word_1_127' title='bbox 2550 692 2717 747; x_wconf 79' lang='grc' dir='ltr'><strong>αὐτοῦ</strong></span> <span class='ocrx_word' id='word_1_128' title='bbox 2737 709 2752 724; x_wconf 76' lang='grc' dir='ltr'><strong><em>ο</em></strong></span> <span class='ocrx_word' id='word_1_129' title='bbox 2790 693 2929 762; x_wconf 83' lang='grc' dir='ltr'><strong>μετά</strong></span> <span class='ocrx_word' id='word_1_130' title='bbox 2950 692 3006 745; x_wconf 80' lang='grc' dir='ltr'>δὲ</span> <span class='ocrx_word' id='word_1_131' title='bbox 3037 692 3279 744; x_wconf 79' lang='grc' dir='ltr'><strong>ὑπόπτου</strong></span> <span class='ocrx_word' id='word_1_132' title='bbox 3332 689 3615 756; x_wconf 71' lang='grc' dir='ltr'><strong>διάγοντος</strong></span> <span class='ocrx_word' id='word_1_133' title='bbox 3645 689 3975 755; x_wconf 72' lang='grc' dir='ltr'><strong>γυναικείου</strong></span> 
     </span>
    </p>
   </div>
   <div class='ocr_carea' id='block_1_22' title="bbox 2394 780 3973 855">
    <p class='ocr_par' dir='ltr' id='par_1_22' title="bbox 2394 780 3973 855">
     <span class='ocr_line' id='line_1_22' title="bbox 2394 780 3973 855; baseline -0.008 -17"><span class='ocrx_word' id='word_1_134' title='bbox 2394 786 2616 855; x_wconf 78' lang='grc' dir='ltr'><strong>μέρους,</strong></span> <span class='ocrx_word' id='word_1_135' title='bbox 2670 785 2732 836; x_wconf 73' lang='grc' dir='ltr'><strong>τὸ</strong></span> <span class='ocrx_word' id='word_1_136' title='bbox 2759 784 2867 836; x_wconf 76' lang='grc' dir='ltr'><strong>ἀπὸ</strong></span> <span class='ocrx_word' id='word_1_137' title='bbox 2920 783 3020 850; x_wconf 79' lang='grc' dir='ltr'><strong>τῆς</strong></span> <span class='ocrx_word' id='word_1_138' title='bbox 3072 782 3284 851; x_wconf 84' lang='grc' dir='ltr'><strong>φαύλης</strong></span> <span class='ocrx_word' id='word_1_139' title='bbox 3349 781 3586 848; x_wconf 64' lang='grc' dir='ltr'><strong>ὑποψίας</strong></span> <span class='ocrx_word' id='word_1_140' title='bbox 3648 780 3973 832; x_wconf 70' lang='grc' dir='ltr'><strong>ἀνακύπτον</strong></span> 
     </span>
    </p>
   </div>
   <div class='ocr_carea' id='block_1_23' title="bbox 2392 873 3973 945">
    <p class='ocr_par' dir='ltr' id='par_1_23' title="bbox 2392 873 3973 945">
     <span class='ocr_line' id='line_1_23' title="bbox 2392 873 3973 945; baseline -0.004 -17"><span class='ocrx_word' id='word_1_141' title='bbox 2392 877 2691 930; x_wconf 72' lang='grc' dir='ltr'><strong>σκάνδαλον</strong></span> <span class='ocrx_word' id='word_1_142' title='bbox 2720 875 3134 945; x_wconf 74' lang='grc' dir='ltr'><strong>προσλαμϐάνει</strong></span> <span class='ocrx_word' id='word_1_143' title='bbox 3185 874 3285 942; x_wconf 78' lang='grc' dir='ltr'><strong>τὴν</strong></span> <span class='ocrx_word' id='word_1_144' title='bbox 3319 874 3607 941; x_wconf 62' lang='grc' dir='ltr'><strong>ἐργασίαν)</strong></span> <span class='ocrx_word' id='word_1_145' title='bbox 3638 873 3820 940; x_wconf 82' lang='grc' dir='ltr'><strong>ἀπαρε</strong></span> <span class='ocrx_word' id='word_1_146' title='bbox 3834 889 3973 937; x_wconf 81' lang='grc' dir='ltr'><strong>μπο·</strong></span> 
     </span>
    </p>
   </div>
   <div class='ocr_carea' id='block_1_24' title="bbox 2389 962 3984 1035">
    <p class='ocr_par' dir='ltr' id='par_1_24' title="bbox 2389 962 3984 1035">
     <span class='ocr_line' id='line_1_24' title="bbox 2389 962 3984 1035; baseline -0.005 -16"><span class='ocrx_word' id='word_1_147' title='bbox 2389 968 2586 1028; x_wconf 83' lang='grc' dir='ltr'><strong>δίστως</strong></span> <span class='ocrx_word' id='word_1_148' title='bbox 2616 968 2753 1035; x_wconf 79' lang='grc' dir='ltr'><strong>μετά</strong></span> <span class='ocrx_word' id='word_1_149' title='bbox 2789 967 3117 1018; x_wconf 79' lang='grc' dir='ltr'><strong>ἀνυπόπτων</strong></span> <span class='ocrx_word' id='word_1_150' title='bbox 3148 964 3459 1035; x_wconf 77' lang='grc' dir='ltr'><strong>προσώπων</strong></span> <span class='ocrx_word' id='word_1_151' title='bbox 3500 962 3695 1024; x_wconf 74' lang='grc' dir='ltr'><strong>οἰκίζει</strong></span> <span class='ocrx_word' id='word_1_152' title='bbox 3744 962 3773 1012; x_wconf 81' lang='grc' dir='ltr'><strong>δ</strong></span> <span class='ocrx_word' id='word_1_153' title='bbox 3817 965 3984 1027; x_wconf 70' lang='grc' dir='ltr'><strong>ἱερωδ</strong></span> 
     </span>
    </p>
   </div>
   <div class='ocr_carea' id='block_1_25' title="bbox 2394 1052 3987 1128">
    <p class='ocr_par' dir='ltr' id='par_1_25' title="bbox 2394 1052 3987 1128">
     <span class='ocr_line' id='line_1_25' title="bbox 2394 1052 3987 1128; baseline -0.004 -18"><span class='ocrx_word' id='word_1_154' title='bbox 2394 1060 2577 1127; x_wconf 79' lang='grc' dir='ltr'><strong>μένος,</strong></span> <span class='ocrx_word' id='word_1_155' title='bbox 2595 1058 2715 1125; x_wconf 53' lang='grc' dir='ltr'><strong>,κᾶν</strong></span> <span class='ocrx_word' id='word_1_156' title='bbox 2746 1057 2945 1128; x_wconf 71' lang='grc' dir='ltr'><strong>ἔχωσιν</strong></span> <span class='ocrx_word' id='word_1_157' title='bbox 2976 1056 3067 1123; x_wconf 76' lang='grc' dir='ltr'><strong>ὑφ’</strong></span> <span class='ocrx_word' id='word_1_158' title='bbox 3108 1056 3272 1109; x_wconf 81' lang='grc' dir='ltr'><strong>ἑαυτά</strong></span> <span class='ocrx_word' id='word_1_159' title='bbox 3296 1058 3563 1122; x_wconf 77' lang='grc' dir='ltr'><strong>γυναῖκας</strong></span> <span class='ocrx_word' id='word_1_160' title='bbox 3587 1072 3599 1086; x_wconf 90' lang='grc'><strong>·</strong></span> <span class='ocrx_word' id='word_1_161' title='bbox 3630 1052 3705 1121; x_wconf 83' lang='grc' dir='ltr'><strong>μὴ</strong></span> <span class='ocrx_word' id='word_1_162' title='bbox 3730 1053 3909 1104; x_wconf 65' lang='grc' dir='ltr'><strong>ὄντων</strong></span> <span class='ocrx_word' id='word_1_163' title='bbox 3931 1052 3987 1103; x_wconf 66' lang='grc' dir='ltr'>δὲ</span> 
     </span>
    </p>
   </div>
   <div class='ocr_carea' id='block_1_26' title="bbox 2390 1140 3989 1216">
    <p class='ocr_par' dir='ltr' id='par_1_26' title="bbox 2390 1140 3989 1216">
     <span class='ocr_line' id='line_1_26' title="bbox 2390 1140 3989 1216; baseline -0.006 -14"><span class='ocrx_word' id='word_1_164' title='bbox 2390 1149 2651 1202; x_wconf 75' lang='grc' dir='ltr'><strong>τοιούτων</strong></span> <span class='ocrx_word' id='word_1_165' title='bbox 2684 1147 2994 1216; x_wconf 75' lang='grc' dir='ltr'><strong>προσώπων</strong></span> <span class='ocrx_word' id='word_1_166' title='bbox 3038 1148 3155 1215; x_wconf 80' lang='grc' dir='ltr'><strong>μεθ’</strong></span> <span class='ocrx_word' id='word_1_167' title='bbox 3220 1140 3295 1198; x_wconf 67' lang='grc' dir='ltr'>ιέν</span> <span class='ocrx_word' id='word_1_168' title='bbox 3358 1147 3616 1205; x_wconf 82' lang='grc' dir='ltr'><strong>συνοικεῖ,</strong></span> <span class='ocrx_word' id='word_1_169' title='bbox 3675 1145 3777 1196; x_wconf 76' lang='grc' dir='ltr'><strong>ούκ</strong></span> <span class='ocrx_word' id='word_1_170' title='bbox 3828 1143 3989 1195; x_wconf 73' lang='grc' dir='ltr'><strong>ἔσται</strong></span> 
     </span>
    </p>
   </div>
   <div class='ocr_carea' id='block_1_27' title="bbox 2393 1234 3988 1309">
    <p class='ocr_par' dir='ltr' id='par_1_27' title="bbox 2393 1234 3988 1309">
     <span class='ocr_line' id='line_1_27' title="bbox 2393 1234 3988 1309; baseline -0.004 -18"><span class='ocrx_word' id='word_1_171' title='bbox 2393 1239 2544 1309; x_wconf 78' lang='grc' dir='ltr'><strong>αὐτῷ</strong></span> <span class='ocrx_word' id='word_1_172' title='bbox 2571 1238 2973 1308; x_wconf 80' lang='grc' dir='ltr'><strong>ἀνεπιτίμητος</strong></span> <span class='ocrx_word' id='word_1_173' title='bbox 3004 1239 3037 1306; x_wconf 83' lang='grc' dir='ltr'>ἡ</span> <span class='ocrx_word' id='word_1_174' title='bbox 3070 1236 3630 1305; x_wconf 75' lang='grc' dir='ltr'><strong>συνοίκησι;.”Αλ)ως</strong></span> <span class='ocrx_word' id='word_1_175' title='bbox 3663 1253 3742 1297; x_wconf 81' lang='grc' dir='ltr'><strong>τε,</strong></span> <span class='ocrx_word' id='word_1_176' title='bbox 3776 1236 3827 1286; x_wconf 87' lang='grc' dir='ltr'><strong>εί</strong></span> <span class='ocrx_word' id='word_1_177' title='bbox 3856 1234 3988 1302; x_wconf 76' lang='grc' dir='ltr'>δοθῇ</span> 
     </span>
    </p>
   </div>
   <div class='ocr_carea' id='block_1_28' title="bbox 2392 1327 3992 1399">
    <p class='ocr_par' dir='ltr' id='par_1_28' title="bbox 2392 1327 3992 1399">
     <span class='ocr_line' id='line_1_28' title="bbox 2392 1327 3992 1399; baseline -0.004 -17"><span class='ocrx_word' id='word_1_178' title='bbox 2392 1330 2483 1382; x_wconf 81' lang='grc' dir='ltr'><strong>τὸν</strong></span> <span class='ocrx_word' id='word_1_179' title='bbox 2520 1331 2818 1399; x_wconf 78' lang='grc' dir='ltr'><strong>ἱερωμένον</strong></span> <span class='ocrx_word' id='word_1_180' title='bbox 2848 1330 2922 1399; x_wconf 82' lang='grc' dir='ltr'><strong>μὴ</strong></span> <span class='ocrx_word' id='word_1_181' title='bbox 2952 1333 3221 1382; x_wconf 76' lang='grc' dir='ltr'><strong>συνοικεῖν</strong></span> <span class='ocrx_word' id='word_1_182' title='bbox 3242 1330 3518 1398; x_wconf 82' lang='grc' dir='ltr'><strong>οίῳδήτινι</strong></span> <span class='ocrx_word' id='word_1_183' title='bbox 3552 1327 3833 1397; x_wconf 75' lang='grc' dir='ltr'><strong>προσώπῳ</strong></span> <span class='ocrx_word' id='word_1_184' title='bbox 3867 1328 3992 1377; x_wconf 82' lang='grc' dir='ltr'><strong>ἀνυ-</strong></span> 
     </span>
    </p>
   </div>
   <div class='ocr_carea' id='block_1_29' title="bbox 2397 1419 3996 1492">
    <p class='ocr_par' dir='ltr' id='par_1_29' title="bbox 2397 1419 3996 1492">
     <span class='ocr_line' id='line_1_29' title="bbox 2397 1419 3996 1492; baseline -0.005 -16"><span class='ocrx_word' id='word_1_185' title='bbox 2397 1424 2588 1491; x_wconf 82' lang='grc' dir='ltr'><strong>πόπτῳ</strong></span> <span class='ocrx_word' id='word_1_186' title='bbox 2647 1424 2825 1492; x_wconf 77' lang='grc' dir='ltr'><strong>ἔχοντι</strong></span> <span class='ocrx_word' id='word_1_187' title='bbox 2875 1422 3039 1492; x_wconf 70' lang='grc' dir='ltr'><strong>ἔτερα</strong></span> <span class='ocrx_word' id='word_1_188' title='bbox 3093 1422 3312 1490; x_wconf 89' lang='grc' dir='ltr'><strong>γύναια,</strong></span> <span class='ocrx_word' id='word_1_189' title='bbox 3367 1419 3855 1487; x_wconf 72' lang='grc' dir='ltr'><strong>ἀναγκασθήσεται</strong></span> <span class='ocrx_word' id='word_1_190' title='bbox 3898 1419 3996 1469; x_wconf 68' lang='grc' dir='ltr'><strong>καὶ</strong></span> 
     </span>
    </p>
   </div>
   <div class='ocr_carea' id='block_1_30' title="bbox 2397 1510 3997 1585">
    <p class='ocr_par' dir='ltr' id='par_1_30' title="bbox 2397 1510 3997 1585">
     <span class='ocr_line' id='line_1_30' title="bbox 2397 1510 3997 1585; baseline -0.005 -18"><span class='ocrx_word' id='word_1_191' title='bbox 2397 1517 2505 1579; x_wconf 78' lang='grc' dir='ltr'><strong>πᾶς</strong></span> <span class='ocrx_word' id='word_1_192' title='bbox 2542 1514 2845 1585; x_wconf 70' lang='grc' dir='ltr'><strong>ίερωμένος</strong></span> <span class='ocrx_word' id='word_1_193' title='bbox 2886 1514 3024 1582; x_wconf 77' lang='grc' dir='ltr'><strong>μήτε</strong></span> <span class='ocrx_word' id='word_1_194' title='bbox 3056 1513 3227 1581; x_wconf 74' lang='grc' dir='ltr'><strong>πατρὶ</strong></span> <span class='ocrx_word' id='word_1_195' title='bbox 3276 1514 3569 1573; x_wconf 80' lang='grc' dir='ltr'><strong>συνοικεῖν,</strong></span> <span class='ocrx_word' id='word_1_196' title='bbox 3617 1510 3761 1579; x_wconf 78' lang='grc' dir='ltr'><strong>μήτε</strong></span> <span class='ocrx_word' id='word_1_197' title='bbox 3798 1511 3997 1561; x_wconf 78' lang='grc' dir='ltr'><strong>παισὶν</strong></span> 
     </span>
    </p>
   </div>
   <div class='ocr_carea' id='block_1_31' title="bbox 2398 1600 3999 1676">
    <p class='ocr_par' dir='ltr' id='par_1_31' title="bbox 2398 1600 3999 1676">
     <span class='ocr_line' id='line_1_31' title="bbox 2398 1600 3999 1676; baseline -0.006 -16"><span class='ocrx_word' id='word_1_198' title='bbox 2398 1607 2573 1670; x_wconf 88' lang='grc' dir='ltr'><strong>ίδίοις,</strong></span> <span class='ocrx_word' id='word_1_199' title='bbox 2606 1607 2742 1676; x_wconf 82' lang='grc' dir='ltr'><strong>μήτε</strong></span> <span class='ocrx_word' id='word_1_200' title='bbox 2767 1605 2876 1659; x_wconf 77' lang='grc' dir='ltr'><strong>τινὶ</strong></span> <span class='ocrx_word' id='word_1_201' title='bbox 2910 1604 3325 1671; x_wconf 75' lang='grc' dir='ltr'><strong>ἐξυπηρετῆσαι</strong></span> <span class='ocrx_word' id='word_1_202' title='bbox 3372 1601 3614 1672; x_wconf 86' lang='grc' dir='ltr'><strong>βιωτικῷ</strong></span> <span class='ocrx_word' id='word_1_203' title='bbox 3637 1618 3651 1634; x_wconf 76' lang='grc' dir='ltr'><strong><em>ο</em></strong></span> <span class='ocrx_word' id='word_1_204' title='bbox 3684 1603 3733 1653; x_wconf 89' lang='grc' dir='ltr'><strong>οί</strong></span> <span class='ocrx_word' id='word_1_205' title='bbox 3768 1600 3999 1661; x_wconf 54' lang='lat' dir='ltr'><strong>nisi»;</strong></span> 
     </span>
    </p>
   </div>
   <div class='ocr_carea' id='block_1_32' title="bbox 2398 1691 4000 1765">
    <p class='ocr_par' dir='ltr' id='par_1_32' title="bbox 2398 1691 4000 1765">
     <span class='ocr_line' id='line_1_32' title="bbox 2398 1691 4000 1765; baseline -0.003 -19"><span class='ocrx_word' id='word_1_206' title='bbox 2398 1695 2508 1765; x_wconf 70' lang='grc' dir='ltr'><strong>γὰρ</strong></span> <span class='ocrx_word' id='word_1_207' title='bbox 2533 1696 2744 1748; x_wconf 85' lang='grc' dir='ltr'><strong>τούτων</strong></span> <span class='ocrx_word' id='word_1_208' title='bbox 2787 1694 2974 1765; x_wconf 67' lang='grc' dir='ltr'><strong>ἔχουσι</strong></span> <span class='ocrx_word' id='word_1_209' title='bbox 3010 1693 3281 1756; x_wconf 87' lang='grc' dir='ltr'><strong>δουλίδας,</strong></span> <span class='ocrx_word' id='word_1_210' title='bbox 3314 1692 3424 1744; x_wconf 77' lang='grc' dir='ltr'><strong>εἴτε</strong></span> <span class='ocrx_word' id='word_1_211' title='bbox 3452 1694 3544 1745; x_wconf 70' lang='grc' dir='ltr'><strong>καὶ</strong></span> <span class='ocrx_word' id='word_1_212' title='bbox 3571 1691 3873 1758; x_wconf 76' lang='grc' dir='ltr'><strong>ἐλευθέρας</strong></span> <span class='ocrx_word' id='word_1_213' title='bbox 3918 1692 4000 1751; x_wconf 87' lang='grc' dir='ltr'><strong>είς</strong></span> 
     </span>
    </p>
   </div>
   <div class='ocr_carea' id='block_1_33' title="bbox 2400 1775 4000 1865">
    <p class='ocr_par' dir='ltr' id='par_1_33' title="bbox 2400 1775 4000 1856">
     <span class='ocr_line' id='line_1_33' title="bbox 2400 1775 4000 1856; baseline -0.006 -18"><span class='ocrx_word' id='word_1_214' title='bbox 2400 1785 2706 1856; x_wconf 81' lang='grc' dir='ltr'><strong>ὑπουργίαν</strong></span> <span class='ocrx_word' id='word_1_215' title='bbox 2734 1784 2839 1837; x_wconf 81' lang='grc' dir='ltr'><strong>τῶν</strong></span> <span class='ocrx_word' id='word_1_216' title='bbox 2864 1785 2955 1836; x_wconf 78' lang='grc' dir='ltr'><strong>ὑπ’</strong></span> <span class='ocrx_word' id='word_1_217' title='bbox 2986 1784 3203 1846; x_wconf 68' lang='grc' dir='ltr'><strong>αὖτούς.</strong></span> <span class='ocrx_word' id='word_1_218' title='bbox 3240 1784 3310 1835; x_wconf 81' lang='grc' dir='ltr'>Ἶί</span> <span class='ocrx_word' id='word_1_219' title='bbox 3354 1782 3609 1851; x_wconf 79' lang='grc' dir='ltr'><strong>εἴποιμεν</strong></span> <span class='ocrx_word' id='word_1_220' title='bbox 3632 1775 3778 1832; x_wconf 77' lang='grc' dir='ltr'><strong>εἴναι</strong></span> <span class='ocrx_word' id='word_1_221' title='bbox 3811 1779 4000 1833; x_wconf 77' lang='grc' dir='ltr'><strong>πάντα</strong></span> 
     </span>
    </p>
   </div>
   <div class='ocr_carea' id='block_1_34' title="bbox 706 1853 2296 1946">
    <p class='ocr_par' dir='ltr' id='par_1_34' title="bbox 706 1872 2292 1945">
     <span class='ocr_line' id='line_1_34' title="bbox 706 1872 2292 1945; baseline 0.007 -23"><span class='ocrx_word' id='word_1_222' title='bbox 706 1872 979 1925; x_wconf 83' lang='lat' dir='ltr'><strong>nistrcnt:</strong></span> <span class='ocrx_word' id='word_1_223' title='bbox 1044 1873 1127 1926; x_wconf 77' lang='lat' dir='ltr'><strong>vel</strong></span> <span class='ocrx_word' id='word_1_224' title='bbox 1188 1875 1435 1929; x_wconf 89' lang='lat' dir='ltr'><strong>dicemus</strong></span> <span class='ocrx_word' id='word_1_225' title='bbox 1487 1890 1675 1931; x_wconf 89' lang='lat' dir='ltr'><strong>omnes</strong></span> <span class='ocrx_word' id='word_1_226' title='bbox 1714 1891 1809 1931; x_wconf 86' lang='lat' dir='ltr'><strong>eas</strong></span> <span class='ocrx_word' id='word_1_227' title='bbox 1869 1892 2131 1945; x_wconf 78' lang='lat' dir='ltr'><strong>personas</strong></span> <span class='ocrx_word' id='word_1_228' title='bbox 2172 1894 2292 1934; x_wconf 82' lang='lat' dir='ltr'><strong>esse</strong></span> 
     </span>
    </p>
   </div>
   <div class='ocr_carea' id='block_1_35' title="bbox 2397 1853 4000 1946">
    <p class='ocr_par' dir='ltr' id='par_1_35' title="bbox 2397 1853 4000 1946">
     <span class='ocr_line' id='line_1_35' title="bbox 2397 1853 4000 1946; baseline -0.008 -15"><span class='ocrx_word' id='word_1_229' title='bbox 2397 1880 2464 1931; x_wconf 79' lang='grc' dir='ltr'><strong>τὰ</strong></span> <span class='ocrx_word' id='word_1_230' title='bbox 2496 1853 2722 1931; x_wconf 75' lang='grc' dir='ltr'><strong>τοιαῦτα</strong></span> <span class='ocrx_word' id='word_1_231' title='bbox 2764 1878 3035 1946; x_wconf 85' lang='grc' dir='ltr'><strong>πρόσωπα</strong></span> <span class='ocrx_word' id='word_1_232' title='bbox 3078 1874 3350 1943; x_wconf 74' lang='grc' dir='ltr'><strong>πτωχικὰ,</strong></span> <span class='ocrx_word' id='word_1_233' title='bbox 3403 1872 3502 1927; x_wconf 80' lang='grc' dir='ltr'><strong>καὶ</strong></span> <span class='ocrx_word' id='word_1_234' title='bbox 3563 1872 3778 1931; x_wconf 77' lang='grc' dir='ltr'><strong>ἑαυτοῖς</strong></span> <span class='ocrx_word' id='word_1_235' title='bbox 3825 1872 4000 1937; x_wconf 70' lang='grc' dir='ltr'><strong>ἔξαρ-</strong></span> 
     </span>
    </p>
   </div>
   <div class='ocr_carea' id='block_1_36' title="bbox 708 1962 2289 2033">
    <p class='ocr_par' dir='ltr' id='par_1_36' title="bbox 708 1962 2289 2033">
     <span class='ocr_line' id='line_1_36' title="bbox 708 1962 2289 2033; baseline 0.007 -22"><span class='ocrx_word' id='word_1_236' title='bbox 708 1974 997 2028; x_wconf 78' lang='lat' dir='ltr'><strong>panperes,</strong></span> <span class='ocrx_word' id='word_1_237' title='bbox 1026 1973 1081 2017; x_wconf 90' lang='lat' dir='ltr'><strong>et</strong></span> <span class='ocrx_word' id='word_1_238' title='bbox 1110 1962 1214 2018; x_wconf 90' lang='lat' dir='ltr'><strong>cibi</strong></span> <span class='ocrx_word' id='word_1_239' title='bbox 1245 1963 1574 2021; x_wconf 84' lang='lat' dir='ltr'><strong>sullieientes</strong></span> <span class='ocrx_word' id='word_1_240' title='bbox 1605 1967 1670 2021; x_wconf 89' lang='lat' dir='ltr'><strong>ad</strong></span> <span class='ocrx_word' id='word_1_241' title='bbox 1713 1982 1873 2022; x_wconf 86' lang='lat' dir='ltr'><strong>omne</strong></span> <span class='ocrx_word' id='word_1_242' title='bbox 1904 1969 2289 2033; x_wconf 78' lang='lat' dir='ltr'><strong>ministerium,</strong></span> 
     </span>
    </p>
   </div>
   <div class='ocr_carea' id='block_1_37' title="bbox 706 2053 2293 2119">
    <p class='ocr_par' dir='ltr' id='par_1_37' title="bbox 706 2053 2293 2119">
     <span class='ocr_line' id='line_1_37' title="bbox 706 2053 2293 2119; baseline 0.008 -18"><span class='ocrx_word' id='word_1_243' title='bbox 706 2053 848 2119; x_wconf 85' lang='lat' dir='ltr'><strong>quod</strong></span> <span class='ocrx_word' id='word_1_244' title='bbox 901 2061 985 2107; x_wconf 85' lang='lat' dir='ltr'><strong>est</strong></span> <span class='ocrx_word' id='word_1_245' title='bbox 1044 2054 1372 2110; x_wconf 87' lang='lat' dir='ltr'><strong>absurdum.</strong></span> <span class='ocrx_word' id='word_1_246' title='bbox 1435 2055 1610 2111; x_wconf 75' lang='lat' dir='ltr'><strong>Porro</strong></span> <span class='ocrx_word' id='word_1_247' title='bbox 1678 2068 1734 2111; x_wconf 92' lang='lat' dir='ltr'><strong>ut</strong></span> <span class='ocrx_word' id='word_1_248' title='bbox 1790 2058 2055 2113; x_wconf 86' lang='lat' dir='ltr'><strong>sacerdoti</strong></span> <span class='ocrx_word' id='word_1_249' title='bbox 2098 2061 2293 2114; x_wconf 73' lang='lat' dir='ltr'><strong>mulier</strong></span> 
     </span>
    </p>
   </div>
   <div class='ocr_carea' id='block_1_38' title="bbox 713 2144 2294 2218">
    <p class='ocr_par' dir='ltr' id='par_1_38' title="bbox 713 2144 2294 2218">
     <span class='ocr_line' id='line_1_38' title="bbox 713 2144 2294 2218; baseline 0.006 -22"><span class='ocrx_word' id='word_1_250' title='bbox 713 2144 940 2207; x_wconf 77' lang='lat' dir='ltr'><strong>serviat,</strong></span> <span class='ocrx_word' id='word_1_251' title='bbox 974 2146 1191 2201; x_wconf 84' lang='lat' dir='ltr'><strong>etiamsi</strong></span> <span class='ocrx_word' id='word_1_252' title='bbox 1221 2164 1343 2200; x_wconf 85' lang='lat' dir='ltr'><strong>eum</strong></span> <span class='ocrx_word' id='word_1_253' title='bbox 1397 2162 1627 2217; x_wconf 88' lang='lat' dir='ltr'><strong>persona</strong></span> <span class='ocrx_word' id='word_1_254' title='bbox 1679 2163 1785 2203; x_wconf 92' lang='lat' dir='ltr'><strong>non</strong></span> <span class='ocrx_word' id='word_1_255' title='bbox 1823 2162 2076 2218; x_wconf 89' lang='lat' dir='ltr'><strong>suspecta</strong></span> <span class='ocrx_word' id='word_1_256' title='bbox 2130 2153 2294 2205; x_wconf 88' lang='lat' dir='ltr'><strong>coha-</strong></span> 
     </span>
    </p>
   </div>
   <div class='ocr_carea' id='block_1_39' title="bbox 714 2234 2293 2312">
    <p class='ocr_par' dir='ltr' id='par_1_39' title="bbox 714 2234 2293 2312">
     <span class='ocr_line' id='line_1_39' title="bbox 714 2234 2293 2312; baseline 0.006 -25"><span class='ocrx_word' id='word_1_257' title='bbox 714 2234 869 2299; x_wconf 83' lang='lat' dir='ltr'><strong>bitet,</strong></span> <span class='ocrx_word' id='word_1_258' title='bbox 910 2235 1111 2292; x_wconf 87' lang='lat' dir='ltr'><strong>malum</strong></span> <span class='ocrx_word' id='word_1_259' title='bbox 1148 2248 1255 2304; x_wconf 87' lang='lat' dir='ltr'><strong>est,</strong></span> <span class='ocrx_word' id='word_1_260' title='bbox 1283 2248 1338 2292; x_wconf 89' lang='lat' dir='ltr'><strong>et</strong></span> <span class='ocrx_word' id='word_1_261' title='bbox 1368 2254 1465 2294; x_wconf 89' lang='lat' dir='ltr'><strong>nec</strong></span> <span class='ocrx_word' id='word_1_262' title='bbox 1496 2256 1525 2293; x_wconf 90' lang='lat' dir='ltr'><strong>a</strong></span> <span class='ocrx_word' id='word_1_263' title='bbox 1563 2243 1886 2306; x_wconf 86' lang='lat' dir='ltr'><strong>canonibus,</strong></span> <span class='ocrx_word' id='word_1_264' title='bbox 1920 2258 2019 2297; x_wconf 92' lang='lat' dir='ltr'><strong>nec</strong></span> <span class='ocrx_word' id='word_1_265' title='bbox 2072 2258 2101 2295; x_wconf 88' lang='lat' dir='ltr'><strong>a</strong></span> <span class='ocrx_word' id='word_1_266' title='bbox 2156 2258 2293 2312; x_wconf 64' lang='lat' dir='ltr'><strong>prm—</strong></span> 
     </span>
    </p>
   </div>
   <div class='ocr_carea' id='block_1_40' title="bbox 708 2326 2289 2403">
    <p class='ocr_par' dir='ltr' id='par_1_40' title="bbox 708 2326 2289 2403">
     <span class='ocr_line' id='line_1_40' title="bbox 708 2326 2289 2403; baseline 0.006 -24"><span class='ocrx_word' id='word_1_267' title='bbox 708 2326 851 2380; x_wconf 87' lang='lat' dir='ltr'><strong>senti</strong></span> <span class='ocrx_word' id='word_1_268' title='bbox 879 2329 1105 2393; x_wconf 87' lang='lat' dir='ltr'><strong>epistola</strong></span> <span class='ocrx_word' id='word_1_269' title='bbox 1152 2331 1569 2398; x_wconf 86' lang='lat' dir='ltr'><strong>admittendum,</strong></span> <span class='ocrx_word' id='word_1_270' title='bbox 1631 2346 1685 2388; x_wconf 94' lang='lat' dir='ltr'><strong>et</strong></span> <span class='ocrx_word' id='word_1_271' title='bbox 1744 2335 1864 2389; x_wconf 91' lang='lat' dir='ltr'><strong>ideo</strong></span> <span class='ocrx_word' id='word_1_272' title='bbox 1930 2337 2289 2403; x_wconf 84' lang='lat' dir='ltr'><strong>puniendum.</strong></span> 
     </span>
    </p>
   </div>
   <div class='ocr_carea' id='block_1_41' title="bbox 709 2418 2293 2493">
    <p class='ocr_par' dir='ltr' id='par_1_41' title="bbox 709 2418 2293 2493">
     <span class='ocr_line' id='line_1_41' title="bbox 709 2418 2293 2493; baseline 0.007 -21"><span class='ocrx_word' id='word_1_273' title='bbox 709 2418 851 2488; x_wconf 76' lang='lat' dir='ltr'><strong>Lege</strong></span> <span class='ocrx_word' id='word_1_274' title='bbox 876 2420 1039 2473; x_wconf 86' lang='lat' dir='ltr'><strong>etiam</strong></span> <span class='ocrx_word' id='word_1_275' title='bbox 1072 2437 1196 2476; x_wconf 89' lang='lat' dir='ltr'><strong>can.</strong></span> <span class='ocrx_word' id='word_1_276' title='bbox 1221 2424 1253 2476; x_wconf 83' lang='lat'><strong>5</strong></span> <span class='ocrx_word' id='word_1_277' title='bbox 1284 2425 1475 2493; x_wconf 79' lang='lat' dir='ltr'><strong>synodi</strong></span> <span class='ocrx_word' id='word_1_278' title='bbox 1504 2426 1557 2479; x_wconf 91' lang='lat' dir='ltr'><strong>in</strong></span> <span class='ocrx_word' id='word_1_279' title='bbox 1588 2423 1800 2488; x_wconf 85' lang='lat' dir='ltr'><strong>Trullo,</strong></span> <span class='ocrx_word' id='word_1_280' title='bbox 1852 2437 1907 2483; x_wconf 89' lang='lat' dir='ltr'><strong>et</strong></span> <span class='ocrx_word' id='word_1_281' title='bbox 1941 2428 2023 2493; x_wconf 74' lang='lat' dir='ltr'><strong>l2,</strong></span> <span class='ocrx_word' id='word_1_282' title='bbox 2086 2428 2293 2483; x_wconf 77' lang='lat' dir='ltr'><strong>dixerit</strong></span> 
     </span>
    </p>
   </div>
   <div class='ocr_carea' id='block_1_42' title="bbox 709 2513 2295 2588">
    <p class='ocr_par' dir='ltr' id='par_1_42' title="bbox 709 2513 2295 2588">
     <span class='ocr_line' id='line_1_42' title="bbox 709 2513 2295 2588; baseline 0.006 -22"><span class='ocrx_word' id='word_1_283' title='bbox 709 2513 1002 2581; x_wconf 83' lang='lat' dir='ltr'><strong>quispiam,</strong></span> <span class='ocrx_word' id='word_1_284' title='bbox 1053 2513 1210 2586; x_wconf 61' lang='grc' dir='ltr'><strong>ια</strong></span> <span class='ocrx_word' id='word_1_285' title='bbox 1236 2530 1358 2569; x_wconf 89' lang='lat' dir='ltr'><strong>cum</strong></span> <span class='ocrx_word' id='word_1_286' title='bbox 1412 2518 1556 2570; x_wconf 89' lang='lat' dir='ltr'><strong>enim</strong></span> <span class='ocrx_word' id='word_1_287' title='bbox 1620 2520 1845 2585; x_wconf 84' lang='lat' dir='ltr'><strong>epistola</strong></span> <span class='ocrx_word' id='word_1_288' title='bbox 1898 2519 2163 2588; x_wconf 77' lang='lat' dir='ltr'><strong>Gregorio</strong></span> <span class='ocrx_word' id='word_1_289' title='bbox 2201 2522 2295 2575; x_wconf 84' lang='lat' dir='ltr'><strong>de-</strong></span> 
     </span>
    </p>
   </div>
   <div class='ocr_carea' id='block_1_43' title="bbox 707 2609 2295 2674">
    <p class='ocr_par' dir='ltr' id='par_1_43' title="bbox 707 2609 2295 2674">
     <span class='ocr_line' id='line_1_43' title="bbox 707 2609 2295 2674; baseline 0.004 -11"><span class='ocrx_word' id='word_1_290' title='bbox 707 2618 1005 2674; x_wconf 89' lang='lat' dir='ltr'><strong>ccrnat,ut</strong></span> <span class='ocrx_word' id='word_1_291' title='bbox 1050 2609 1457 2663; x_wconf 89' lang='lat' dir='ltr'><strong>cohabitantem</strong></span> <span class='ocrx_word' id='word_1_292' title='bbox 1507 2611 1611 2665; x_wconf 83' lang='lat' dir='ltr'><strong>sibi</strong></span> <span class='ocrx_word' id='word_1_293' title='bbox 1664 2612 1950 2668; x_wconf 87' lang='lat' dir='ltr'><strong>mulierem</strong></span> <span class='ocrx_word' id='word_1_294' title='bbox 1994 2614 2048 2667; x_wconf 92' lang='lat' dir='ltr'><strong>in</strong></span> <span class='ocrx_word' id='word_1_295' title='bbox 2107 2628 2295 2669; x_wconf 88' lang='lat' dir='ltr'><strong>mona-</strong></span> 
     </span>
    </p>
   </div>
   <div class='ocr_carea' id='block_1_44' title="bbox 706 2700 2292 2774">
    <p class='ocr_par' dir='ltr' id='par_1_44' title="bbox 706 2700 2292 2774">
     <span class='ocr_line' id='line_1_44' title="bbox 706 2700 2292 2774; baseline 0.004 -19"><span class='ocrx_word' id='word_1_296' title='bbox 706 2702 936 2755; x_wconf 89' lang='lat' dir='ltr'><strong>sterium</strong></span> <span class='ocrx_word' id='word_1_297' title='bbox 973 2700 1239 2769; x_wconf 44' lang='lat' dir='ltr'><strong>deducat;</strong></span> <span class='ocrx_word' id='word_1_298' title='bbox 1284 2702 1402 2756; x_wconf 82' lang='lat' dir='ltr'><strong>isne</strong></span> <span class='ocrx_word' id='word_1_299' title='bbox 1422 2717 1540 2756; x_wconf 89' lang='lat' dir='ltr'><strong>eam</strong></span> <span class='ocrx_word' id='word_1_300' title='bbox 1568 2703 1793 2758; x_wconf 90' lang='lat' dir='ltr'><strong>tondere</strong></span> <span class='ocrx_word' id='word_1_301' title='bbox 1810 2706 2042 2774; x_wconf 87' lang='lat' dir='ltr'><strong>cogitur,</strong></span> <span class='ocrx_word' id='word_1_302' title='bbox 2067 2721 2134 2760; x_wconf 90' lang='lat' dir='ltr'><strong>an</strong></span> <span class='ocrx_word' id='word_1_303' title='bbox 2164 2722 2292 2763; x_wconf 91' lang='lat' dir='ltr'><strong>non.</strong></span> 
     </span>
    </p>
   </div>
   <div class='ocr_carea' id='block_1_45' title="bbox 708 2790 2293 2865">
    <p class='ocr_par' dir='ltr' id='par_1_45' title="bbox 708 2790 2293 2865">
     <span class='ocr_line' id='line_1_45' title="bbox 708 2790 2293 2865; baseline 0.001 -19"><span class='ocrx_word' id='word_1_304' title='bbox 708 2791 939 2847; x_wconf 71' lang='grc' dir='ltr'><strong>δοιιιιὶο.</strong></span> <span class='ocrx_word' id='word_1_305' title='bbox 971 2790 1223 2846; x_wconf 84' lang='lat' dir='ltr'><strong>Nonnulli</strong></span> <span class='ocrx_word' id='word_1_306' title='bbox 1256 2808 1323 2848; x_wconf 81' lang='lat' dir='ltr'><strong>ex</strong></span> <span class='ocrx_word' id='word_1_307' title='bbox 1352 2808 1476 2849; x_wconf 83' lang='lat' dir='ltr'><strong>can.</strong></span> <span class='ocrx_word' id='word_1_308' title='bbox 1508 2795 1577 2849; x_wconf 74' lang='grc'><strong>48</strong></span> <span class='ocrx_word' id='word_1_309' title='bbox 1613 2811 1735 2865; x_wconf 79' lang='lat' dir='ltr'><strong>syn.</strong></span> <span class='ocrx_word' id='word_1_310' title='bbox 1793 2796 1846 2850; x_wconf 91' lang='lat' dir='ltr'><strong>in</strong></span> <span class='ocrx_word' id='word_1_311' title='bbox 1901 2796 2086 2850; x_wconf 83' lang='lat' dir='ltr'><strong>Trullo</strong></span> <span class='ocrx_word' id='word_1_312' title='bbox 2143 2800 2293 2863; x_wconf 87' lang='lat' dir='ltr'><strong>moti,</strong></span> 
     </span>
    </p>
   </div>
   <div class='ocr_carea' id='block_1_46' title="bbox 2396 1961 4004 2039">
    <p class='ocr_par' dir='ltr' id='par_1_46' title="bbox 2396 1961 4004 2039">
     <span class='ocr_line' id='line_1_46' title="bbox 2396 1961 4004 2039; baseline -0.007 -14"><span class='ocrx_word' id='word_1_313' title='bbox 2396 1971 2599 2025; x_wconf 75' lang='grc' dir='ltr'><strong>κοῦντα</strong></span> <span class='ocrx_word' id='word_1_314' title='bbox 2632 1970 2769 2039; x_wconf 80' lang='grc' dir='ltr'><strong>πρὸς</strong></span> <span class='ocrx_word' id='word_1_315' title='bbox 2802 1968 3065 2022; x_wconf 72' lang='grc' dir='ltr'><strong>παντοίαν</strong></span> <span class='ocrx_word' id='word_1_316' title='bbox 3109 1968 3441 2037; x_wconf 79' lang='grc' dir='ltr'><strong>ὑπηρεσίαν,</strong></span> <span class='ocrx_word' id='word_1_317' title='bbox 3478 1966 3618 2035; x_wconf 78' lang='grc' dir='ltr'><strong>ὅπερ</strong></span> <span class='ocrx_word' id='word_1_318' title='bbox 3651 1963 3887 2016; x_wconf 78' lang='grc' dir='ltr'><strong>ἄτοπον.</strong></span> <span class='ocrx_word' id='word_1_319' title='bbox 3927 1961 4004 2013; x_wconf 76' lang='grc' dir='ltr'>Τὸ</span> 
     </span>
    </p>
   </div>
   <div class='ocr_carea' id='block_1_47' title="bbox 2397 2056 4004 2133">
    <p class='ocr_par' dir='ltr' id='par_1_47' title="bbox 2397 2056 4004 2133">
     <span class='ocr_line' id='line_1_47' title="bbox 2397 2056 4004 2133; baseline -0.006 -16"><span class='ocrx_word' id='word_1_320' title='bbox 2397 2066 2582 2133; x_wconf 81' lang='grc' dir='ltr'><strong>μέντοι</strong></span> <span class='ocrx_word' id='word_1_321' title='bbox 2610 2061 2958 2116; x_wconf 79' lang='grc' dir='ltr'><strong>δουλεύεσθαι</strong></span> <span class='ocrx_word' id='word_1_322' title='bbox 2997 2060 3297 2130; x_wconf 76' lang='grc' dir='ltr'><strong>ἱερωμένον</strong></span> <span class='ocrx_word' id='word_1_323' title='bbox 3362 2058 3517 2127; x_wconf 81' lang='grc' dir='ltr'><strong>παρά</strong></span> <span class='ocrx_word' id='word_1_324' title='bbox 3558 2056 3846 2124; x_wconf 79' lang='grc' dir='ltr'><strong>γυναικὸς,</strong></span> <span class='ocrx_word' id='word_1_325' title='bbox 3893 2056 4004 2107; x_wconf 65' lang='grc' dir='ltr'><strong>κᾶν</strong></span> 
     </span>
    </p>
   </div>
   <div class='ocr_carea' id='block_1_48' title="bbox 2398 2146 3999 2222">
    <p class='ocr_par' dir='ltr' id='par_1_48' title="bbox 2398 2146 3999 2222">
     <span class='ocr_line' id='line_1_48' title="bbox 2398 2146 3999 2222; baseline -0.009 -15"><span class='ocrx_word' id='word_1_326' title='bbox 2398 2156 2623 2222; x_wconf 79' lang='grc' dir='ltr'><strong>συνοικῇ</strong></span> <span class='ocrx_word' id='word_1_327' title='bbox 2668 2153 2809 2221; x_wconf 81' lang='grc' dir='ltr'><strong>μετά</strong></span> <span class='ocrx_word' id='word_1_328' title='bbox 2860 2151 3177 2205; x_wconf 75' lang='grc' dir='ltr'><strong>ἀνυπόπτου</strong></span> <span class='ocrx_word' id='word_1_329' title='bbox 3228 2149 3547 2217; x_wconf 73' lang='grc' dir='ltr'>προσώπου,</span> <span class='ocrx_word' id='word_1_330' title='bbox 3612 2147 3733 2199; x_wconf 65' lang='grc' dir='ltr'><strong>ἐστὶ</strong></span> <span class='ocrx_word' id='word_1_331' title='bbox 3799 2146 3999 2206; x_wconf 75' lang='grc' dir='ltr'><strong>κακὸν,</strong></span> 
     </span>
    </p>
   </div>
   <div class='ocr_carea' id='block_1_49' title="bbox 2398 2236 4002 2311">
    <p class='ocr_par' dir='ltr' id='par_1_49' title="bbox 2398 2236 4002 2311">
     <span class='ocr_line' id='line_1_49' title="bbox 2398 2236 4002 2311; baseline -0.007 -13"><span class='ocrx_word' id='word_1_332' title='bbox 2398 2248 2492 2298; x_wconf 76' lang='grc' dir='ltr'><strong>καὶ</strong></span> <span class='ocrx_word' id='word_1_333' title='bbox 2523 2249 2636 2308; x_wconf 88' lang='grc' dir='ltr'><strong>τοῖς</strong></span> <span class='ocrx_word' id='word_1_334' title='bbox 2662 2243 2909 2307; x_wconf 77' lang='grc' dir='ltr'><strong>κανόσιν,</strong></span> <span class='ocrx_word' id='word_1_335' title='bbox 2943 2243 3080 2303; x_wconf 85' lang='grc' dir='ltr'><strong>ἀλλά</strong></span> <span class='ocrx_word' id='word_1_336' title='bbox 3117 2242 3215 2311; x_wconf 80' lang='grc' dir='ltr'><strong>μὲν</strong></span> <span class='ocrx_word' id='word_1_337' title='bbox 3238 2242 3333 2292; x_wconf 80' lang='grc' dir='ltr'><strong>καὶ</strong></span> <span class='ocrx_word' id='word_1_338' title='bbox 3358 2243 3425 2309; x_wconf 73' lang='grc' dir='ltr'><strong>τῇ</strong></span> <span class='ocrx_word' id='word_1_339' title='bbox 3445 2238 3699 2308; x_wconf 73' lang='grc' dir='ltr'><strong>παρούσῃ</strong></span> <span class='ocrx_word' id='word_1_340' title='bbox 3730 2236 4002 2306; x_wconf 73' lang='grc' dir='ltr'><strong>ἐπιστολῇ</strong></span> 
     </span>
    </p>
   </div>
   <div class='ocr_carea' id='block_1_50' title="bbox 2395 2328 4002 2402">
    <p class='ocr_par' dir='ltr' id='par_1_50' title="bbox 2395 2328 4002 2402">
     <span class='ocr_line' id='line_1_50' title="bbox 2395 2328 4002 2402; baseline -0.005 -11"><span class='ocrx_word' id='word_1_341' title='bbox 2395 2338 2736 2402; x_wconf 80' lang='grc' dir='ltr'><strong>ἀνέ.δεκτον,</strong></span> <span class='ocrx_word' id='word_1_342' title='bbox 2765 2338 2861 2389; x_wconf 69' lang='grc' dir='ltr'><strong>καὶ</strong></span> <span class='ocrx_word' id='word_1_343' title='bbox 2882 2334 2974 2390; x_wconf 85' lang='grc' dir='ltr'>διά</span> <span class='ocrx_word' id='word_1_344' title='bbox 3001 2335 3161 2387; x_wconf 80' lang='grc' dir='ltr'><strong>τοῦτο</strong></span> <span class='ocrx_word' id='word_1_345' title='bbox 3191 2333 3467 2395; x_wconf 80' lang='grc' dir='ltr'><strong>κολάσεως</strong></span> <span class='ocrx_word' id='word_1_346' title='bbox 3497 2332 3665 2397; x_wconf 76' lang='grc' dir='ltr'><strong>ἀξιον.</strong></span> <span class='ocrx_word' id='word_1_347' title='bbox 3688 2328 4002 2397; x_wconf 79' lang='grc' dir='ltr'><strong>Ἀνάγνωθι</strong></span> 
     </span>
    </p>
   </div>
   <div class='ocr_carea' id='block_1_51' title="bbox 2396 2421 4005 2496">
    <p class='ocr_par' dir='ltr' id='par_1_51' title="bbox 2396 2421 4005 2496">
     <span class='ocr_line' id='line_1_51' title="bbox 2396 2421 4005 2496; baseline -0.004 -17"><span class='ocrx_word' id='word_1_348' title='bbox 2396 2431 2487 2479; x_wconf 72' lang='grc' dir='ltr'><strong>καὶ</strong></span> <span class='ocrx_word' id='word_1_349' title='bbox 2515 2430 2607 2481; x_wconf 80' lang='grc' dir='ltr'><strong>τὸν</strong></span> <span class='ocrx_word' id='word_1_350' title='bbox 2640 2426 2679 2480; x_wconf 90' lang='grc' dir='ltr'><strong>ε’</strong></span> <span class='ocrx_word' id='word_1_351' title='bbox 2719 2428 2922 2481; x_wconf 75' lang='grc' dir='ltr'><strong>κανόνα</strong></span> <span class='ocrx_word' id='word_1_352' title='bbox 2964 2429 3063 2496; x_wconf 82' lang='grc' dir='ltr'><strong>τῆς</strong></span> <span class='ocrx_word' id='word_1_353' title='bbox 3098 2429 3156 2479; x_wconf 86' lang='grc' dir='ltr'><strong>ὲν</strong></span> <span class='ocrx_word' id='word_1_354' title='bbox 3196 2425 3274 2493; x_wconf 72' lang='grc' dir='ltr'><strong>τῷ</strong></span> <span class='ocrx_word' id='word_1_355' title='bbox 3309 2425 3352 2477; x_wconf 84' lang='grc' dir='ltr'>Τ</span> <span class='ocrx_word' id='word_1_356' title='bbox 3359 2424 3563 2494; x_wconf 83' lang='grc' dir='ltr'><strong>ρούλλῳ</strong></span> <span class='ocrx_word' id='word_1_357' title='bbox 3614 2422 3869 2484; x_wconf 79' lang='grc' dir='ltr'><strong>συνόδου,</strong></span> <span class='ocrx_word' id='word_1_358' title='bbox 3908 2421 4005 2475; x_wconf 73' lang='grc' dir='ltr'><strong>καὶ</strong></span> 
     </span>
    </p>
   </div>
   <div class='ocr_carea' id='block_1_52' title="bbox 2396 2517 4001 2590">
    <p class='ocr_par' dir='ltr' id='par_1_52' title="bbox 2396 2517 4001 2590">
     <span class='ocr_line' id='line_1_52' title="bbox 2396 2517 4001 2590; baseline -0.004 -19"><span class='ocrx_word' id='word_1_359' title='bbox 2396 2522 2486 2573; x_wconf 58' lang='grc' dir='ltr'><strong>τον</strong></span> <span class='ocrx_word' id='word_1_360' title='bbox 2518 2520 2605 2590; x_wconf 76' lang='grc' dir='ltr'><strong>ιβ’.</strong></span> <span class='ocrx_word' id='word_1_361' title='bbox 2644 2520 2866 2572; x_wconf 83' lang='grc' dir='ltr'><strong>Τούτων</strong></span> <span class='ocrx_word' id='word_1_362' title='bbox 2902 2518 3045 2571; x_wconf 75' lang='grc' dir='ltr'><strong>οὕτω</strong></span> <span class='ocrx_word' id='word_1_363' title='bbox 3074 2517 3563 2579; x_wconf 77' lang='grc' dir='ltr'><strong>διευλυτωθέντων,</strong></span> <span class='ocrx_word' id='word_1_364' title='bbox 3601 2517 3865 2585; x_wconf 75' lang='grc' dir='ltr'><strong>ἐρωτήσῃ</strong></span> <span class='ocrx_word' id='word_1_365' title='bbox 3893 2531 4001 2577; x_wconf 87' lang='grc' dir='ltr'><strong>τις,</strong></span> 
     </span>
    </p>
   </div>
   <div class='ocr_carea' id='block_1_53' title="bbox 2396 2607 4004 2681">
    <p class='ocr_par' dir='ltr' id='par_1_53' title="bbox 2396 2607 4004 2681">
     <span class='ocr_line' id='line_1_53' title="bbox 2396 2607 4004 2681; baseline -0.002 -19"><span class='ocrx_word' id='word_1_366' title='bbox 2396 2612 2470 2673; x_wconf 84' lang='grc' dir='ltr'><strong>ὡς</strong></span> <span class='ocrx_word' id='word_1_367' title='bbox 2499 2612 2595 2681; x_wconf 90' lang='grc' dir='ltr'><strong>τῆς</strong></span> <span class='ocrx_word' id='word_1_368' title='bbox 2628 2611 2919 2679; x_wconf 67' lang='grc' dir='ltr'><strong>ἐπιστολῆς</strong></span> <span class='ocrx_word' id='word_1_369' title='bbox 2973 2610 3358 2678; x_wconf 74' lang='grc' dir='ltr'><strong>διοριζομένης</strong></span> <span class='ocrx_word' id='word_1_370' title='bbox 3423 2608 3503 2678; x_wconf 80' lang='grc' dir='ltr'><strong>τῷ</strong></span> <span class='ocrx_word' id='word_1_371' title='bbox 3561 2607 3859 2677; x_wconf 81' lang='grc' dir='ltr'><strong>Γρηγορίφ</strong></span> <span class='ocrx_word' id='word_1_372' title='bbox 3920 2608 4004 2669; x_wconf 86' lang='grc' dir='ltr'><strong>είς</strong></span> 
     </span>
    </p>
   </div>
   <div class='ocr_carea' id='block_1_54' title="bbox 2402 2698 4003 2771">
    <p class='ocr_par' dir='ltr' id='par_1_54' title="bbox 2402 2698 4003 2771">
     <span class='ocr_line' id='line_1_54' title="bbox 2402 2698 4003 2771; baseline -0.001 -19"><span class='ocrx_word' id='word_1_373' title='bbox 2402 2703 2772 2771; x_wconf 74' lang='grc' dir='ltr'><strong>μοναστήριον</strong></span> <span class='ocrx_word' id='word_1_374' title='bbox 2806 2704 3117 2769; x_wconf 73' lang='grc' dir='ltr'><strong>ἀπαγαγεῖν</strong></span> <span class='ocrx_word' id='word_1_375' title='bbox 3149 2703 3249 2771; x_wconf 79' lang='grc' dir='ltr'><strong>τὴν</strong></span> <span class='ocrx_word' id='word_1_376' title='bbox 3302 2699 3663 2753; x_wconf 83' lang='grc' dir='ltr'><strong>συνοικοῦσαν</strong></span> <span class='ocrx_word' id='word_1_377' title='bbox 3694 2698 3853 2768; x_wconf 86' lang='grc' dir='ltr'><strong>αὑτῷ</strong></span> <span class='ocrx_word' id='word_1_378' title='bbox 3895 2712 4003 2765; x_wconf 60' lang='grc' dir='ltr'><strong>γν-</strong></span> 
     </span>
    </p>
   </div>
   <div class='ocr_carea' id='block_1_55' title="bbox 2398 2786 4002 2862">
    <p class='ocr_par' dir='ltr' id='par_1_55' title="bbox 2398 2786 4002 2862">
     <span class='ocr_line' id='line_1_55' title="bbox 2398 2786 4002 2862; baseline -0.002 -18"><span class='ocrx_word' id='word_1_379' title='bbox 2398 2796 2580 2857; x_wconf 78' lang='grc' dir='ltr'><strong>ναίκα,</strong></span> <span class='ocrx_word' id='word_1_380' title='bbox 2616 2792 2958 2862; x_wconf 73' lang='grc' dir='ltr'><strong>ἠναγκάζετο</strong></span> <span class='ocrx_word' id='word_1_381' title='bbox 2989 2786 3149 2854; x_wconf 74' lang='grc' dir='ltr'><strong>οὗτος</strong></span> <span class='ocrx_word' id='word_1_382' title='bbox 3211 2794 3507 2860; x_wconf 81' lang='grc' dir='ltr'><strong>ἀποκεῖραι</strong></span> <span class='ocrx_word' id='word_1_383' title='bbox 3537 2790 3769 2859; x_wconf 85' lang='grc' dir='ltr'><strong>ταύτην,</strong></span> <span class='ocrx_word' id='word_1_384' title='bbox 3812 2791 3847 2860; x_wconf 79' lang='grc' dir='ltr'>ἢ</span> <span class='ocrx_word' id='word_1_385' title='bbox 3895 2788 4002 2857; x_wconf 79' lang='lat'><strong>0&#39;5;</strong></span> 
     </span>
    </p>
   </div>
   <div class='ocr_carea' id='block_1_56' title="bbox 708 2880 2296 2958">
    <p class='ocr_par' dir='ltr' id='par_1_56' title="bbox 708 2885 2294 2958">
     <span class='ocr_line' id='line_1_56' title="bbox 708 2885 2294 2958; baseline 0.006 -23"><span class='ocrx_word' id='word_1_386' title='bbox 708 2885 897 2938; x_wconf 88' lang='lat' dir='ltr'><strong>dicunt</strong></span> <span class='ocrx_word' id='word_1_387' title='bbox 928 2886 976 2938; x_wconf 88' lang='lat' dir='ltr'><strong>ei</strong></span> <span class='ocrx_word' id='word_1_388' title='bbox 1004 2885 1388 2941; x_wconf 87' lang='lat' dir='ltr'><strong>necessitatem</strong></span> <span class='ocrx_word' id='word_1_389' title='bbox 1424 2887 1760 2949; x_wconf 86' lang='lat' dir='ltr'><strong>incumbere,</strong></span> <span class='ocrx_word' id='word_1_390' title='bbox 1793 2896 1852 2940; x_wconf 91' lang='lat' dir='ltr'><strong>ut</strong></span> <span class='ocrx_word' id='word_1_391' title='bbox 1882 2904 2001 2941; x_wconf 88' lang='lat' dir='ltr'><strong>eam</strong></span> <span class='ocrx_word' id='word_1_392' title='bbox 2038 2904 2158 2958; x_wconf 73' lang='lat' dir='ltr'><strong>qua:</strong></span> <span class='ocrx_word' id='word_1_393' title='bbox 2193 2890 2294 2944; x_wconf 89' lang='lat' dir='ltr'><strong>sibi</strong></span> 
     </span>
    </p>
   </div>
   <div class='ocr_carea' id='block_1_57' title="bbox 2397 2880 4004 2958">
    <p class='ocr_par' dir='ltr' id='par_1_57' title="bbox 2401 2880 4004 2952">
     <span class='ocr_line' id='line_1_57' title="bbox 2401 2880 4004 2952; baseline -0.003 -17"><span class='ocrx_word' id='word_1_394' title='bbox 2401 2885 2614 2948; x_wconf 77' lang='grc' dir='ltr'><strong>Λύσις,</strong></span> <span class='ocrx_word' id='word_1_395' title='bbox 2641 2884 2819 2949; x_wconf 79' lang='grc' dir='ltr'><strong>Τινὲς,</strong></span> <span class='ocrx_word' id='word_1_396' title='bbox 2842 2886 2951 2935; x_wconf 80' lang='grc' dir='ltr'><strong>ἀπὸ</strong></span> <span class='ocrx_word' id='word_1_397' title='bbox 2972 2883 3065 2935; x_wconf 80' lang='grc' dir='ltr'><strong>τοῦ</strong></span> <span class='ocrx_word' id='word_1_398' title='bbox 3088 2884 3418 2952; x_wconf 78' lang='grc' dir='ltr'><strong>μη¹κανόνος</strong></span> <span class='ocrx_word' id='word_1_399' title='bbox 3435 2884 3535 2952; x_wconf 88' lang='grc' dir='ltr'><strong>τῆς</strong></span> <span class='ocrx_word' id='word_1_400' title='bbox 3556 2883 3616 2933; x_wconf 76' lang='grc' dir='ltr'><strong>ἐν</strong></span> <span class='ocrx_word' id='word_1_401' title='bbox 3631 2881 3713 2950; x_wconf 84' lang='grc' dir='ltr'><strong>τῷ</strong></span> <span class='ocrx_word' id='word_1_402' title='bbox 3736 2880 4004 2951; x_wconf 83' lang='grc' dir='ltr'><strong>Τρούλλῳ</strong></span> 
     </span>
    </p>
   </div>
   <div class='ocr_carea' id='block_1_58' title="bbox 708 2973 2296 3047">
    <p class='ocr_par' dir='ltr' id='par_1_58' title="bbox 708 2976 2296 3047">
     <span class='ocr_line' id='line_1_58' title="bbox 708 2976 2296 3047; baseline 0.004 -18"><span class='ocrx_word' id='word_1_403' title='bbox 708 2976 991 3031; x_wconf 77' lang='lat' dir='ltr'><strong>cohabitat</strong></span> <span class='ocrx_word' id='word_1_404' title='bbox 1054 2976 1300 3032; x_wconf 90' lang='lat' dir='ltr'><strong>tondeat.</strong></span> <span class='ocrx_word' id='word_1_405' title='bbox 1346 2977 1462 3032; x_wconf 85' lang='lat' dir='ltr'><strong>Non</strong></span> <span class='ocrx_word' id='word_1_406' title='bbox 1518 2978 1687 3044; x_wconf 90' lang='lat' dir='ltr'><strong>enim,</strong></span> <span class='ocrx_word' id='word_1_407' title='bbox 1770 2978 2044 3047; x_wconf 81' lang='lat' dir='ltr'><strong>inquiunt,</strong></span> <span class='ocrx_word' id='word_1_408' title='bbox 2107 2992 2296 3035; x_wconf 85' lang='lat' dir='ltr'><strong>sancto</strong></span> 
     </span>
    </p>
   </div>
   <div class='ocr_carea' id='block_1_59' title="bbox 2397 2973 4006 3047">
    <p class='ocr_par' dir='ltr' id='par_1_59' title="bbox 2401 2973 4006 3045">
     <span class='ocr_line' id='line_1_59' title="bbox 2401 2973 4006 3045; baseline 0.001 -20"><span class='ocrx_word' id='word_1_409' title='bbox 2401 2975 2621 3027; x_wconf 75' lang='grc' dir='ltr'><strong>συνόδου</strong></span> <span class='ocrx_word' id='word_1_410' title='bbox 2654 2976 2987 3045; x_wconf 78' lang='grc' dir='ltr'><strong>ὁρμώμενοι.</strong></span> <span class='ocrx_word' id='word_1_411' title='bbox 3015 2976 3271 3043; x_wconf 74' lang='grc' dir='ltr'><strong>λέγουσιν</strong></span> <span class='ocrx_word' id='word_1_412' title='bbox 3298 2974 3613 3028; x_wconf 78' lang='grc' dir='ltr'><strong>ἐπικεῖσθαι</strong></span> <span class='ocrx_word' id='word_1_413' title='bbox 3644 2973 3801 3043; x_wconf 82' lang='grc' dir='ltr'><strong>αύτῷ</strong></span> <span class='ocrx_word' id='word_1_414' title='bbox 3827 2974 4006 3039; x_wconf 81' lang='grc' dir='ltr'><strong>ἀνάγ-</strong></span> 
     </span>
    </p>
   </div>
   <div class='ocr_carea' id='block_1_60' title="bbox 708 3065 2296 3138">
    <p class='ocr_par' dir='ltr' id='par_1_60' title="bbox 708 3069 2296 3138">
     <span class='ocr_line' id='line_1_60' title="bbox 708 3069 2296 3138; baseline 0.004 -19"><span class='ocrx_word' id='word_1_415' title='bbox 708 3075 974 3120; x_wconf 89' lang='lat' dir='ltr'><strong>statutum</strong></span> <span class='ocrx_word' id='word_1_416' title='bbox 1017 3076 1127 3131; x_wconf 83' lang='lat' dir='ltr'><strong>est,</strong></span> <span class='ocrx_word' id='word_1_417' title='bbox 1171 3069 1221 3123; x_wconf 88' lang='lat' dir='ltr'><strong>ei</strong></span> <span class='ocrx_word' id='word_1_418' title='bbox 1258 3084 1358 3137; x_wconf 90' lang='lat' dir='ltr'><strong>pro</strong></span> <span class='ocrx_word' id='word_1_419' title='bbox 1422 3083 1646 3124; x_wconf 83' lang='lat' dir='ltr'><strong>carcere</strong></span> <span class='ocrx_word' id='word_1_420' title='bbox 1702 3080 1757 3123; x_wconf 92' lang='lat' dir='ltr'><strong>et</strong></span> <span class='ocrx_word' id='word_1_421' title='bbox 1798 3070 2063 3138; x_wconf 84' lang='lat' dir='ltr'><strong>supplicio</strong></span> <span class='ocrx_word' id='word_1_422' title='bbox 2108 3086 2296 3125; x_wconf 82' lang='lat' dir='ltr'><strong>mona-</strong></span> 
     </span>
    </p>
   </div>
   <div class='ocr_carea' id='block_1_61' title="bbox 2397 3065 4005 3138">
    <p class='ocr_par' dir='ltr' id='par_1_61' title="bbox 2400 3065 4005 3137">
     <span class='ocr_line' id='line_1_61' title="bbox 2400 3065 4005 3137; baseline 0 -20"><span class='ocrx_word' id='word_1_423' title='bbox 2400 3083 2523 3133; x_wconf 73' lang='grc' dir='ltr'><strong>κην,</strong></span> <span class='ocrx_word' id='word_1_424' title='bbox 2556 3065 2699 3119; x_wconf 83' lang='grc' dir='ltr'><strong>ὥστε</strong></span> <span class='ocrx_word' id='word_1_425' title='bbox 2737 3067 3037 3137; x_wconf 80' lang='grc' dir='ltr'><strong>ἀποκεῖραι</strong></span> <span class='ocrx_word' id='word_1_426' title='bbox 3104 3068 3205 3135; x_wconf 80' lang='grc' dir='ltr'><strong>τὴν</strong></span> <span class='ocrx_word' id='word_1_427' title='bbox 3260 3066 3620 3119; x_wconf 82' lang='grc' dir='ltr'><strong>συνοικοῦσαν</strong></span> <span class='ocrx_word' id='word_1_428' title='bbox 3670 3067 3878 3135; x_wconf 86' lang='grc' dir='ltr'><strong>τούτῳ.</strong></span> <span class='ocrx_word' id='word_1_429' title='bbox 3926 3067 4005 3118; x_wconf 81' lang='grc' dir='ltr'><strong>Ού</strong></span> 
     </span>
    </p>
   </div>
   <div class='ocr_carea' id='block_1_62' title="bbox 708 3156 2296 3240">
    <p class='ocr_par' dir='ltr' id='par_1_62' title="bbox 708 3156 2291 3232">
     <span class='ocr_line' id='line_1_62' title="bbox 708 3156 2291 3232; baseline 0.002 -21"><span class='ocrx_word' id='word_1_430' title='bbox 708 3156 935 3211; x_wconf 89' lang='lat' dir='ltr'><strong>sterium</strong></span> <span class='ocrx_word' id='word_1_431' title='bbox 966 3157 1286 3214; x_wconf 88' lang='lat' dir='ltr'><strong>decernere.</strong></span> <span class='ocrx_word' id='word_1_432' title='bbox 1347 3158 1482 3213; x_wconf 75' lang='lat' dir='ltr'><strong>Mihi</strong></span> <span class='ocrx_word' id='word_1_433' title='bbox 1540 3170 1722 3215; x_wconf 87' lang='lat' dir='ltr'><strong>autem</strong></span> <span class='ocrx_word' id='word_1_434' title='bbox 1774 3162 1987 3215; x_wconf 82' lang='lat' dir='ltr'><strong>videtur</strong></span> <span class='ocrx_word' id='word_1_435' title='bbox 2042 3176 2291 3232; x_wconf 77' lang='lat' dir='ltr'><strong>magnam</strong></span> 
     </span>
    </p>
   </div>
   <div class='ocr_carea' id='block_1_63' title="bbox 2397 3156 4007 3240">
    <p class='ocr_par' dir='ltr' id='par_1_63' title="bbox 2402 3157 4007 3229">
     <span class='ocr_line' id='line_1_63' title="bbox 2402 3157 4007 3229; baseline 0.002 -21"><span class='ocrx_word' id='word_1_436' title='bbox 2402 3157 2509 3226; x_wconf 79' lang='grc' dir='ltr'><strong>γὰρ</strong></span> <span class='ocrx_word' id='word_1_437' title='bbox 2540 3158 2795 3228; x_wconf 81' lang='grc' dir='ltr'><strong>ὥρισται,</strong></span> <span class='ocrx_word' id='word_1_438' title='bbox 2825 3160 2980 3227; x_wconf 73' lang='grc' dir='ltr'><strong>φασὶ,</strong></span> <span class='ocrx_word' id='word_1_439' title='bbox 3010 3159 3087 3229; x_wconf 80' lang='grc' dir='ltr'><strong>τῷ</strong></span> <span class='ocrx_word' id='word_1_440' title='bbox 3128 3160 3270 3228; x_wconf 80' lang='grc' dir='ltr'><strong>ἁγίῳ</strong></span> <span class='ocrx_word' id='word_1_441' title='bbox 3321 3160 3443 3211; x_wconf 80' lang='grc' dir='ltr'><strong>ἀντὶ</strong></span> <span class='ocrx_word' id='word_1_442' title='bbox 3484 3159 3715 3227; x_wconf 76' lang='grc' dir='ltr'><strong>εἱρκτῆς</strong></span> <span class='ocrx_word' id='word_1_443' title='bbox 3756 3158 3860 3211; x_wconf 75' lang='grc' dir='ltr'><strong>καὶ</strong></span> <span class='ocrx_word' id='word_1_444' title='bbox 3911 3175 4007 3213; x_wconf 85' lang='grc' dir='ltr'><strong>κο-</strong></span> 
     </span>
    </p>
   </div>
   <div class='ocr_carea' id='block_1_64' title="bbox 706 3246 2296 3323">
    <p class='ocr_par' dir='ltr' id='par_1_64' title="bbox 706 3246 2296 3321">
     <span class='ocr_line' id='line_1_64' title="bbox 706 3246 2296 3321; baseline 0.004 -20"><span class='ocrx_word' id='word_1_445' title='bbox 706 3262 830 3302; x_wconf 85' lang='lat' dir='ltr'><strong>esse</strong></span> <span class='ocrx_word' id='word_1_446' title='bbox 862 3246 1225 3305; x_wconf 71' lang='lat' dir='ltr'><strong>diﬂerentlam</strong></span> <span class='ocrx_word' id='word_1_447' title='bbox 1255 3250 1465 3305; x_wconf 72' lang='lat' dir='ltr'><strong>ancillae</strong></span> <span class='ocrx_word' id='word_1_448' title='bbox 1505 3259 1558 3304; x_wconf 87' lang='lat' dir='ltr'><strong>et</strong></span> <span class='ocrx_word' id='word_1_449' title='bbox 1618 3251 1870 3321; x_wconf 73' lang='lat' dir='ltr'><strong>conjugis</strong></span> <span class='ocrx_word' id='word_1_450' title='bbox 1922 3252 2202 3319; x_wconf 64' lang='lat' dir='ltr'><strong>legitime,</strong></span> <span class='ocrx_word' id='word_1_451' title='bbox 2244 3265 2296 3308; x_wconf 90' lang='lat' dir='ltr'><strong>et</strong></span> 
     </span>
    </p>
   </div>
   <div class='ocr_carea' id='block_1_65' title="bbox 2397 3246 4008 3323">
    <p class='ocr_par' dir='ltr' id='par_1_65' title="bbox 2400 3249 4008 3323">
     <span class='ocr_line' id='line_1_65' title="bbox 2400 3249 4008 3323; baseline 0.001 -18"><span class='ocrx_word' id='word_1_452' title='bbox 2400 3249 2609 3313; x_wconf 74' lang='grc' dir='ltr'><strong>λάσεως</strong></span> <span class='ocrx_word' id='word_1_453' title='bbox 2664 3252 3007 3323; x_wconf 79' lang='grc' dir='ltr'><strong>χρηματίσαι</strong></span> <span class='ocrx_word' id='word_1_454' title='bbox 3071 3253 3153 3323; x_wconf 78' lang='grc' dir='ltr'><strong>τῷ</strong></span> <span class='ocrx_word' id='word_1_455' title='bbox 3208 3252 3422 3323; x_wconf 79' lang='grc' dir='ltr'><strong>γυναίῳ</strong></span> <span class='ocrx_word' id='word_1_456' title='bbox 3491 3252 3554 3305; x_wconf 79' lang='grc' dir='ltr'><strong>τὸ</strong></span> <span class='ocrx_word' id='word_1_457' title='bbox 3601 3253 4008 3323; x_wconf 80' lang='grc' dir='ltr'><strong>μοναστήριον.</strong></span> 
     </span>
    </p>
   </div>
   <div class='ocr_carea' id='block_1_66' title="bbox 707 3339 2296 3411">
    <p class='ocr_par' dir='ltr' id='par_1_66' title="bbox 707 3339 2296 3411">
     <span class='ocr_line' id='line_1_66' title="bbox 707 3339 2296 3411; baseline 0.005 -21"><span class='ocrx_word' id='word_1_458' title='bbox 707 3347 996 3407; x_wconf 86' lang='lat' dir='ltr'><strong>propterea</strong></span> <span class='ocrx_word' id='word_1_459' title='bbox 1044 3339 1162 3396; x_wconf 84' lang='lat' dir='ltr'><strong>illic</strong></span> <span class='ocrx_word' id='word_1_460' title='bbox 1194 3340 1417 3410; x_wconf 82' lang='lat' dir='ltr'><strong>quidem</strong></span> <span class='ocrx_word' id='word_1_461' title='bbox 1452 3342 1742 3411; x_wconf 88' lang='lat' dir='ltr'><strong>episcopus</strong></span> <span class='ocrx_word' id='word_1_462' title='bbox 1770 3353 1991 3399; x_wconf 78' lang='lat' dir='ltr'><strong>coactus</strong></span> <span class='ocrx_word' id='word_1_463' title='bbox 2009 3354 2093 3398; x_wconf 84' lang='lat' dir='ltr'><strong>est</strong></span> <span class='ocrx_word' id='word_1_464' title='bbox 2108 3360 2296 3398; x_wconf 88' lang='lat' dir='ltr'><strong>curam</strong></span> 
     </span>
    </p>
   </div>
   <div class='ocr_carea' id='block_1_67' title="bbox 708 3431 2295 3507">
    <p class='ocr_par' dir='ltr' id='par_1_67' title="bbox 708 3431 2295 3507">
     <span class='ocr_line' id='line_1_67' title="bbox 708 3431 2295 3507; baseline 0.005 -22"><span class='ocrx_word' id='word_1_465' title='bbox 708 3446 902 3498; x_wconf 88' lang='lat' dir='ltr'><strong>gerere</strong></span> <span class='ocrx_word' id='word_1_466' title='bbox 952 3431 1149 3488; x_wconf 89' lang='lat' dir='ltr'><strong>salutis</strong></span> <span class='ocrx_word' id='word_1_467' title='bbox 1196 3442 1251 3489; x_wconf 86' lang='lat' dir='ltr'><strong>et</strong></span> <span class='ocrx_word' id='word_1_468' title='bbox 1298 3433 1551 3502; x_wconf 82' lang='lat' dir='ltr'><strong>corporis</strong></span> <span class='ocrx_word' id='word_1_469' title='bbox 1594 3433 1793 3489; x_wconf 69' lang='lat' dir='ltr'><strong>animas</strong></span> <span class='ocrx_word' id='word_1_470' title='bbox 1838 3450 1952 3490; x_wconf 59' lang='lat' dir='ltr'><strong>suae</strong></span> <span class='ocrx_word' id='word_1_471' title='bbox 2012 3440 2295 3507; x_wconf 70' lang='grc' dir='ltr'><strong>σοιιιυείσς</strong></span> 
     </span>
    </p>
   </div>
   <div class='ocr_carea' id='block_1_68' title="bbox 709 3520 2296 3581">
    <p class='ocr_par' dir='ltr' id='par_1_68' title="bbox 709 3520 2296 3581">
     <span class='ocr_line' id='line_1_68' title="bbox 709 3520 2296 3581; baseline 0.003 -6"><span class='ocrx_word' id='word_1_472' title='bbox 709 3520 798 3575; x_wconf 88' lang='lat' dir='ltr'><strong>hic</strong></span> <span class='ocrx_word' id='word_1_473' title='bbox 838 3531 1017 3578; x_wconf 87' lang='lat' dir='ltr'><strong>autem</strong></span> <span class='ocrx_word' id='word_1_474' title='bbox 1043 3523 1301 3580; x_wconf 88' lang='lat' dir='ltr'><strong>sacerdos</strong></span> <span class='ocrx_word' id='word_1_475' title='bbox 1334 3522 1510 3578; x_wconf 89' lang='lat' dir='ltr'><strong>solum</strong></span> <span class='ocrx_word' id='word_1_476' title='bbox 1546 3524 1708 3579; x_wconf 87' lang='lat' dir='ltr'><strong>habet</strong></span> <span class='ocrx_word' id='word_1_477' title='bbox 1737 3539 1965 3581; x_wconf 83' lang='lat' dir='ltr'><strong>necesse</strong></span> <span class='ocrx_word' id='word_1_478' title='bbox 1984 3527 2296 3581; x_wconf 82' lang='lat' dir='ltr'><strong>scandalum</strong></span> 
     </span>
    </p>
   </div>
   <div class='ocr_carea' id='block_1_69' title="bbox 710 3614 2300 3685">
    <p class='ocr_par' dir='ltr' id='par_1_69' title="bbox 710 3614 2300 3685">
     <span class='ocr_line' id='line_1_69' title="bbox 710 3614 2300 3685; baseline 0.005 -20"><span class='ocrx_word' id='word_1_479' title='bbox 710 3627 810 3678; x_wconf 87' lang='lat' dir='ltr'><strong>per</strong></span> <span class='ocrx_word' id='word_1_480' title='bbox 838 3614 1242 3682; x_wconf 83' lang='lat' dir='ltr'><strong>separationem</strong></span> <span class='ocrx_word' id='word_1_481' title='bbox 1291 3615 1501 3669; x_wconf 83' lang='lat' dir='ltr'><strong>tollere.</strong></span> <span class='ocrx_word' id='word_1_482' title='bbox 1558 3615 1664 3671; x_wconf 84' lang='lat' dir='ltr'><strong>Sed</strong></span> <span class='ocrx_word' id='word_1_483' title='bbox 1714 3632 1823 3671; x_wconf 92' lang='lat' dir='ltr'><strong>non</strong></span> <span class='ocrx_word' id='word_1_484' title='bbox 1877 3617 2048 3685; x_wconf 89' lang='lat' dir='ltr'><strong>ipsam</strong></span> <span class='ocrx_word' id='word_1_485' title='bbox 2104 3619 2300 3673; x_wconf 81' lang='lat' dir='ltr'><strong>mulie-</strong></span> 
     </span>
    </p>
   </div>
   <div class='ocr_carea' id='block_1_70' title="bbox 706 3702 2298 3772">
    <p class='ocr_par' dir='ltr' id='par_1_70' title="bbox 706 3702 2298 3772">
     <span class='ocr_line' id='line_1_70' title="bbox 706 3702 2298 3772; baseline 0.001 -15"><span class='ocrx_word' id='word_1_486' title='bbox 706 3715 823 3757; x_wconf 86' lang='lat' dir='ltr'><strong>rem</strong></span> <span class='ocrx_word' id='word_1_487' title='bbox 848 3703 971 3769; x_wconf 74' lang='lat' dir='ltr'><strong>jure</strong></span> <span class='ocrx_word' id='word_1_488' title='bbox 1003 3702 1151 3769; x_wconf 60' lang='lat' dir='ltr'><strong>cogi.</strong></span> <span class='ocrx_word' id='word_1_489' title='bbox 1188 3702 1320 3757; x_wconf 93' lang='lat' dir='ltr'><strong>dicit</strong></span> <span class='ocrx_word' id='word_1_490' title='bbox 1350 3703 1648 3772; x_wconf 73' lang='lat' dir='ltr'><strong>quispiam,</strong></span> <span class='ocrx_word' id='word_1_491' title='bbox 1675 3714 1734 3758; x_wconf 88' lang='lat' dir='ltr'><strong>ut</strong></span> <span class='ocrx_word' id='word_1_492' title='bbox 1764 3706 1846 3761; x_wconf 75' lang='lat' dir='ltr'><strong>rei</strong></span> <span class='ocrx_word' id='word_1_493' title='bbox 1878 3705 2047 3760; x_wconf 82' lang='lat' dir='ltr'><strong>invita</strong></span> <span class='ocrx_word' id='word_1_494' title='bbox 2106 3716 2298 3762; x_wconf 84' lang='lat' dir='ltr'><strong>tonsu-</strong></span> 
     </span>
    </p>
   </div>
   <div class='ocr_carea' id='block_1_71' title="bbox 711 3792 2296 3864">
    <p class='ocr_par' dir='ltr' id='par_1_71' title="bbox 711 3792 2296 3864">
     <span class='ocr_line' id='line_1_71' title="bbox 711 3792 2296 3864; baseline 0.004 -17"><span class='ocrx_word' id='word_1_495' title='bbox 711 3808 828 3847; x_wconf 86' lang='lat' dir='ltr'><strong>ram</strong></span> <span class='ocrx_word' id='word_1_496' title='bbox 858 3792 1142 3862; x_wconf 84' lang='lat' dir='ltr'><strong>suscipiat.</strong></span> <span class='ocrx_word' id='word_1_497' title='bbox 1173 3792 1239 3848; x_wconf 87' lang='lat' dir='ltr'><strong>Et</strong></span> <span class='ocrx_word' id='word_1_498' title='bbox 1294 3793 1416 3849; x_wconf 88' lang='lat' dir='ltr'><strong>ideu</strong></span> <span class='ocrx_word' id='word_1_499' title='bbox 1459 3794 1707 3864; x_wconf 74' lang='lat' dir='ltr'><strong>intelligo</strong></span> <span class='ocrx_word' id='word_1_500' title='bbox 1763 3810 1884 3852; x_wconf 88' lang='lat' dir='ltr'><strong>esse</strong></span> <span class='ocrx_word' id='word_1_501' title='bbox 1932 3799 2296 3853; x_wconf 81' lang='lat' dir='ltr'><strong>necessariam</strong></span> 
     </span>
    </p>
   </div>
   <div class='ocr_carea' id='block_1_72' title="bbox 708 3886 2303 3953">
    <p class='ocr_par' dir='ltr' id='par_1_72' title="bbox 708 3886 2303 3953">
     <span class='ocr_line' id='line_1_72' title="bbox 708 3886 2303 3953; baseline -0.001 -10"><span class='ocrx_word' id='word_1_502' title='bbox 708 3886 881 3943; x_wconf 80' lang='lat' dir='ltr'><strong>solum</strong></span> <span class='ocrx_word' id='word_1_503' title='bbox 907 3887 1336 3953; x_wconf 86' lang='lat' dir='ltr'><strong>separationem,</strong></span> <span class='ocrx_word' id='word_1_504' title='bbox 1367 3900 1473 3941; x_wconf 92' lang='lat' dir='ltr'><strong>non</strong></span> <span class='ocrx_word' id='word_1_505' title='bbox 1505 3887 1672 3943; x_wconf 84' lang='lat' dir='ltr'><strong>etiam</strong></span> <span class='ocrx_word' id='word_1_506' title='bbox 1733 3896 2033 3942; x_wconf 87' lang='lat' dir='ltr'><strong>tonsuram.</strong></span> <span class='ocrx_word' id='word_1_507' title='bbox 2068 3886 2165 3943; x_wconf 85' lang='lat' dir='ltr'><strong>Sin</strong></span> <span class='ocrx_word' id='word_1_508' title='bbox 2198 3888 2303 3942; x_wconf 55' lang='lat' dir='ltr'><strong>an;</strong></span> 
     </span>
    </p>
   </div>
   <div class='ocr_carea' id='block_1_73' title="bbox 711 3976 2295 4061">
    <p class='ocr_par' dir='ltr' id='par_1_73' title="bbox 711 3976 2295 4061">
     <span class='ocr_line' id='line_1_73' title="bbox 711 3976 2295 4061; baseline 0.004 -30"><span class='ocrx_word' id='word_1_509' title='bbox 711 3988 822 4032; x_wconf 89' lang='lat' dir='ltr'><strong>tem</strong></span> <span class='ocrx_word' id='word_1_510' title='bbox 870 3992 931 4033; x_wconf 87' lang='lat' dir='ltr'><strong>ea</strong></span> <span class='ocrx_word' id='word_1_511' title='bbox 964 3976 1059 4034; x_wconf 72' lang='grc' dir='ltr'><strong>θαι</strong></span> <span class='ocrx_word' id='word_1_512' title='bbox 1087 3978 1334 4034; x_wconf 79' lang='lat' dir='ltr'><strong>mulieris</strong></span> <span class='ocrx_word' id='word_1_513' title='bbox 1365 3978 1677 4047; x_wconf 73' lang='lat' dir='ltr'><strong>voluntate;</strong></span> <span class='ocrx_word' id='word_1_514' title='bbox 1710 3979 1840 4050; x_wconf 93' lang='lat' dir='ltr'><strong>dupl</strong></span> <span class='ocrx_word' id='word_1_515' title='bbox 1864 3990 2019 4036; x_wconf 83' lang='lat' dir='ltr'><strong>catur</strong></span> <span class='ocrx_word' id='word_1_516' title='bbox 2068 3981 2295 4061; x_wconf 79' lang='lat' dir='ltr'><strong>bonurn,</strong></span> 
     </span>
    </p>
   </div>
   <div class='ocr_carea' id='block_1_74' title="bbox 708 4064 2295 4136">
    <p class='ocr_par' dir='ltr' id='par_1_74' title="bbox 708 4064 2295 4136">
     <span class='ocr_line' id='line_1_74' title="bbox 708 4064 2295 4136; baseline 0.001 -15"><span class='ocrx_word' id='word_1_517' title='bbox 708 4064 846 4121; x_wconf 86' lang='lat' dir='ltr'><strong>etlit</strong></span> <span class='ocrx_word' id='word_1_518' title='bbox 881 4065 1093 4121; x_wconf 86' lang='lat' dir='ltr'><strong>melius.</strong></span> <span class='ocrx_word' id='word_1_519' title='bbox 1144 4066 1279 4133; x_wconf 86' lang='lat' dir='ltr'><strong>Quia</strong></span> <span class='ocrx_word' id='word_1_520' title='bbox 1312 4075 1499 4121; x_wconf 85' lang='lat' dir='ltr'><strong>autem</strong></span> <span class='ocrx_word' id='word_1_521' title='bbox 1546 4066 1797 4122; x_wconf 88' lang='lat' dir='ltr'><strong>nonnulli</strong></span> <span class='ocrx_word' id='word_1_522' title='bbox 1846 4068 2123 4129; x_wconf 80' lang='lat' dir='ltr'><strong>dixerunt,</strong></span> <span class='ocrx_word' id='word_1_523' title='bbox 2152 4070 2295 4136; x_wconf 89' lang='lat' dir='ltr'><strong>quod</strong></span> 
     </span>
    </p>
   </div>
   <div class='ocr_carea' id='block_1_75' title="bbox 707 4157 2297 4225">
    <p class='ocr_par' dir='ltr' id='par_1_75' title="bbox 707 4157 2297 4225">
     <span class='ocr_line' id='line_1_75' title="bbox 707 4157 2297 4225; baseline 0.002 -14"><span class='ocrx_word' id='word_1_524' title='bbox 707 4171 774 4211; x_wconf 81' lang='lat' dir='ltr'><strong>es</strong></span> <span class='ocrx_word' id='word_1_525' title='bbox 830 4158 931 4213; x_wconf 85' lang='lat' dir='ltr'><strong>hac</strong></span> <span class='ocrx_word' id='word_1_526' title='bbox 982 4158 1213 4225; x_wconf 90' lang='lat' dir='ltr'><strong>epistola</strong></span> <span class='ocrx_word' id='word_1_527' title='bbox 1265 4159 1445 4214; x_wconf 82' lang='lat' dir='ltr'><strong>omnis</strong></span> <span class='ocrx_word' id='word_1_528' title='bbox 1483 4158 1660 4213; x_wconf 86' lang='lat' dir='ltr'><strong>sacris</strong></span> <span class='ocrx_word' id='word_1_529' title='bbox 1705 4157 1990 4214; x_wconf 88' lang='lat' dir='ltr'><strong>ordinibus</strong></span> <span class='ocrx_word' id='word_1_530' title='bbox 2054 4159 2297 4215; x_wconf 86' lang='lat' dir='ltr'><strong>initiatus</strong></span> 
     </span>
    </p>
   </div>
   <div class='ocr_carea' id='block_1_76' title="bbox 705 4250 2293 4321">
    <p class='ocr_par' dir='ltr' id='par_1_76' title="bbox 705 4250 2293 4321">
     <span class='ocr_line' id='line_1_76' title="bbox 705 4250 2293 4321; baseline 0.001 -18"><span class='ocrx_word' id='word_1_531' title='bbox 705 4264 835 4303; x_wconf 88' lang='lat' dir='ltr'><strong>cum</strong></span> <span class='ocrx_word' id='word_1_532' title='bbox 899 4250 1076 4304; x_wconf 86' lang='lat' dir='ltr'><strong>aliena</strong></span> <span class='ocrx_word' id='word_1_533' title='bbox 1146 4250 1375 4305; x_wconf 86' lang='lat' dir='ltr'><strong>muliere</strong></span> <span class='ocrx_word' id='word_1_534' title='bbox 1431 4250 1757 4305; x_wconf 86' lang='lat' dir='ltr'><strong>cohabitans</strong></span> <span class='ocrx_word' id='word_1_535' title='bbox 1814 4262 2131 4321; x_wconf 79' lang='lat' dir='ltr'><strong>segregatus</strong></span> <span class='ocrx_word' id='word_1_536' title='bbox 2190 4263 2293 4317; x_wconf 86' lang='lat' dir='ltr'><strong>est,</strong></span> 
     </span>
    </p>
   </div>
   <div class='ocr_carea' id='block_1_77' title="bbox 705 4340 2297 4413">
    <p class='ocr_par' dir='ltr' id='par_1_77' title="bbox 705 4340 2297 4413">
     <span class='ocr_line' id='line_1_77' title="bbox 705 4340 2297 4413; baseline 0.002 -18"><span class='ocrx_word' id='word_1_537' title='bbox 705 4342 1023 4396; x_wconf 83' lang='lat' dir='ltr'><strong>etiamante</strong></span> <span class='ocrx_word' id='word_1_538' title='bbox 1071 4340 1579 4406; x_wconf 86' lang='lat' dir='ltr'><strong>denuntiationem;</strong></span> <span class='ocrx_word' id='word_1_539' title='bbox 1633 4342 1756 4397; x_wconf 83' lang='lat' dir='ltr'><strong>dico</strong></span> <span class='ocrx_word' id='word_1_540' title='bbox 1804 4343 1946 4409; x_wconf 88' lang='lat' dir='ltr'><strong>quod</strong></span> <span class='ocrx_word' id='word_1_541' title='bbox 2008 4358 2107 4397; x_wconf 78' lang='lat' dir='ltr'><strong>nec</strong></span> <span class='ocrx_word' id='word_1_542' title='bbox 2158 4359 2297 4413; x_wconf 61' lang='lat' dir='ltr'><strong>prr-</strong></span> 
     </span>
    </p>
   </div>
   <div class='ocr_carea' id='block_1_78' title="bbox 711 4431 2292 4501">
    <p class='ocr_par' dir='ltr' id='par_1_78' title="bbox 711 4431 2292 4501">
     <span class='ocr_line' id='line_1_78' title="bbox 711 4431 2292 4501; baseline 0.001 -16"><span class='ocrx_word' id='word_1_543' title='bbox 711 4437 853 4485; x_wconf 84' lang='lat' dir='ltr'><strong>seutl</strong></span> <span class='ocrx_word' id='word_1_544' title='bbox 896 4431 1115 4501; x_wconf 79' lang='lat' dir='ltr'><strong>quidem</strong></span> <span class='ocrx_word' id='word_1_545' title='bbox 1151 4441 1345 4486; x_wconf 86' lang='lat' dir='ltr'><strong>saneto</strong></span> <span class='ocrx_word' id='word_1_546' title='bbox 1380 4433 1484 4486; x_wconf 91' lang='lat' dir='ltr'><strong>hoc</strong></span> <span class='ocrx_word' id='word_1_547' title='bbox 1516 4432 1741 4501; x_wconf 89' lang='lat' dir='ltr'><strong>placuit.</strong></span> <span class='ocrx_word' id='word_1_548' title='bbox 1785 4433 1924 4487; x_wconf 86' lang='lat' dir='ltr'><strong>Ecce</strong></span> <span class='ocrx_word' id='word_1_549' title='bbox 1974 4434 2143 4499; x_wconf 90' lang='lat' dir='ltr'><strong>enim,</strong></span> <span class='ocrx_word' id='word_1_550' title='bbox 2169 4450 2292 4490; x_wconf 88' lang='lat' dir='ltr'><strong>cum</strong></span> 
     </span>
    </p>
   </div>
   <div class='ocr_carea' id='block_1_79' title="bbox 2410 3340 4010 3416">
    <p class='ocr_par' dir='ltr' id='par_1_79' title="bbox 2410 3340 4010 3416">
     <span class='ocr_line' id='line_1_79' title="bbox 2410 3340 4010 3416; baseline 0.001 -22"><span class='ocrx_word' id='word_1_551' title='bbox 2410 3340 2568 3411; x_wconf 79' lang='grc' dir='ltr'><strong>Ἐμοὶ</strong></span> <span class='ocrx_word' id='word_1_552' title='bbox 2601 3342 2658 3396; x_wconf 66' lang='grc' dir='ltr'><strong>ὁὶ</strong></span> <span class='ocrx_word' id='word_1_553' title='bbox 2686 3342 2835 3397; x_wconf 82' lang='grc' dir='ltr'><strong>δοκεῖ</strong></span> <span class='ocrx_word' id='word_1_554' title='bbox 2858 3345 3125 3416; x_wconf 71' lang='grc' dir='ltr'><strong>διαφορὰν</strong></span> <span class='ocrx_word' id='word_1_555' title='bbox 3155 3340 3299 3398; x_wconf 86' lang='grc' dir='ltr'><strong>είναι</strong></span> <span class='ocrx_word' id='word_1_556' title='bbox 3335 3343 3583 3415; x_wconf 77' lang='grc' dir='ltr'><strong>μεγάλην</strong></span> <span class='ocrx_word' id='word_1_557' title='bbox 3635 3342 4010 3413; x_wconf 87' lang='grc' dir='ltr'><strong>δουλευτρίας</strong></span> 
     </span>
    </p>
   </div>
   <div class='ocr_carea' id='block_1_80' title="bbox 2400 3433 4010 3504">
    <p class='ocr_par' dir='ltr' id='par_1_80' title="bbox 2400 3433 4010 3504">
     <span class='ocr_line' id='line_1_80' title="bbox 2400 3433 4010 3504; baseline 0.001 -18"><span class='ocrx_word' id='word_1_558' title='bbox 2400 3434 2499 3486; x_wconf 69' lang='grc' dir='ltr'><strong>καὶ</strong></span> <span class='ocrx_word' id='word_1_559' title='bbox 2532 3435 2769 3504; x_wconf 83' lang='grc' dir='ltr'><strong>νομίμου</strong></span> <span class='ocrx_word' id='word_1_560' title='bbox 2804 3436 3062 3504; x_wconf 77' lang='grc' dir='ltr'><strong>συμδίου,</strong></span> <span class='ocrx_word' id='word_1_561' title='bbox 3096 3436 3189 3490; x_wconf 76' lang='grc' dir='ltr'><strong>καὶ</strong></span> <span class='ocrx_word' id='word_1_562' title='bbox 3213 3435 3304 3489; x_wconf 80' lang='grc' dir='ltr'>διὰ</span> <span class='ocrx_word' id='word_1_563' title='bbox 3328 3435 3491 3489; x_wconf 84' lang='grc' dir='ltr'><strong>τοῦτο</strong></span> <span class='ocrx_word' id='word_1_564' title='bbox 3521 3436 3641 3488; x_wconf 70' lang='lat' dir='ltr'><strong>sui</strong></span> <span class='ocrx_word' id='word_1_565' title='bbox 3678 3433 3786 3503; x_wconf 64' lang='grc' dir='ltr'><strong>μιν</strong></span> <span class='ocrx_word' id='word_1_566' title='bbox 3813 3434 3846 3487; x_wconf 73' lang='grc' dir='ltr'><strong>ὁ</strong></span> <span class='ocrx_word' id='word_1_567' title='bbox 3874 3433 4010 3487; x_wconf 68' lang='grc' dir='ltr'><strong>επί-</strong></span> 
     </span>
    </p>
   </div>
   <div class='ocr_carea' id='block_1_81' title="bbox 2402 3521 4011 3597">
    <p class='ocr_par' dir='ltr' id='par_1_81' title="bbox 2402 3521 4011 3597">
     <span class='ocr_line' id='line_1_81' title="bbox 2402 3521 4011 3597; baseline 0 -22"><span class='ocrx_word' id='word_1_568' title='bbox 2402 3521 2610 3586; x_wconf 74' lang='grc' dir='ltr'><strong>σκοπός</strong></span> <span class='ocrx_word' id='word_1_569' title='bbox 2642 3525 2969 3597; x_wconf 77' lang='grc' dir='ltr'><strong>ἠναγκάσθη</strong></span> <span class='ocrx_word' id='word_1_570' title='bbox 3020 3525 3309 3596; x_wconf 78' lang='grc' dir='ltr'><strong>φροντίσαι</strong></span> <span class='ocrx_word' id='word_1_571' title='bbox 3359 3524 3464 3595; x_wconf 83' lang='grc' dir='ltr'><strong>τῆς</strong></span> <span class='ocrx_word' id='word_1_572' title='bbox 3518 3524 3853 3595; x_wconf 81' lang='grc' dir='ltr'><strong>σωματικῆς</strong></span> <span class='ocrx_word' id='word_1_573' title='bbox 3912 3524 4011 3577; x_wconf 80' lang='grc' dir='ltr'><strong>καὶ</strong></span> 
     </span>
    </p>
   </div>
   <div class='ocr_carea' id='block_1_82' title="bbox 2393 3614 4012 3687">
    <p class='ocr_par' dir='ltr' id='par_1_82' title="bbox 2393 3614 4012 3687">
     <span class='ocr_line' id='line_1_82' title="bbox 2393 3614 4012 3687; baseline 0.002 -22"><span class='ocrx_word' id='word_1_574' title='bbox 2393 3615 2637 3684; x_wconf 58' lang='grc' dir='ltr'><strong>ψυχικῆς</strong></span> <span class='ocrx_word' id='word_1_575' title='bbox 2661 3616 2939 3687; x_wconf 75' lang='grc' dir='ltr'><strong>σωτηρίας</strong></span> <span class='ocrx_word' id='word_1_576' title='bbox 2989 3617 3090 3686; x_wconf 73' lang='grc' dir='ltr'><strong>τῆς</strong></span> <span class='ocrx_word' id='word_1_577' title='bbox 3130 3618 3368 3686; x_wconf 76' lang='grc' dir='ltr'><strong>συμϐίου</strong></span> <span class='ocrx_word' id='word_1_578' title='bbox 3421 3615 3588 3669; x_wconf 81' lang='grc' dir='ltr'><strong>αὑτοῦ</strong></span> <span class='ocrx_word' id='word_1_579' title='bbox 3615 3632 3629 3647; x_wconf 72' lang='grc' dir='ltr'>ο</span> <span class='ocrx_word' id='word_1_580' title='bbox 3655 3614 3908 3668; x_wconf 64' lang='grc' dir='ltr'><strong>ενταῦθα</strong></span> <span class='ocrx_word' id='word_1_581' title='bbox 3952 3615 4012 3669; x_wconf 71' lang='grc' dir='ltr'>δὶ</span> 
     </span>
    </p>
   </div>
   <div class='ocr_carea' id='block_1_83' title="bbox 2398 3704 4013 3780">
    <p class='ocr_par' dir='ltr' id='par_1_83' title="bbox 2398 3704 4013 3780">
     <span class='ocr_line' id='line_1_83' title="bbox 2398 3704 4013 3780; baseline -0.001 -19"><span class='ocrx_word' id='word_1_582' title='bbox 2398 3710 2426 3761; x_wconf 76' lang='grc' dir='ltr'>ὁ</span> <span class='ocrx_word' id='word_1_583' title='bbox 2473 3708 2656 3777; x_wconf 70' lang='grc' dir='ltr'><strong>ἱερεὺς</strong></span> <span class='ocrx_word' id='word_1_584' title='bbox 2718 3708 2849 3776; x_wconf 87' lang='grc' dir='ltr'><strong>μίαν</strong></span> <span class='ocrx_word' id='word_1_585' title='bbox 2897 3707 3146 3780; x_wconf 68' lang='grc' dir='ltr'><strong>ἀνάγκην</strong></span> <span class='ocrx_word' id='word_1_586' title='bbox 3200 3704 3338 3779; x_wconf 78' lang='grc' dir='ltr'><strong>εἷχε,</strong></span> <span class='ocrx_word' id='word_1_587' title='bbox 3406 3707 3469 3761; x_wconf 85' lang='grc' dir='ltr'>τδ</span> <span class='ocrx_word' id='word_1_588' title='bbox 3518 3707 3898 3780; x_wconf 57' lang='grc' dir='ltr'><strong>περηιρῆσαι</strong></span> <span class='ocrx_word' id='word_1_589' title='bbox 3949 3708 4013 3760; x_wconf 68' lang='grc' dir='ltr'><strong>τὸ</strong></span> 
     </span>
    </p>
   </div>
   <div class='ocr_carea' id='block_1_84' title="bbox 2402 3798 4011 3871">
    <p class='ocr_par' dir='ltr' id='par_1_84' title="bbox 2402 3798 4011 3871">
     <span class='ocr_line' id='line_1_84' title="bbox 2402 3798 4011 3871; baseline 0 -19"><span class='ocrx_word' id='word_1_590' title='bbox 2402 3798 2702 3854; x_wconf 75' lang='grc' dir='ltr'>σκάνδαλον</span> <span class='ocrx_word' id='word_1_591' title='bbox 2730 3798 2825 3852; x_wconf 79' lang='grc' dir='ltr'>διὰ</span> <span class='ocrx_word' id='word_1_592' title='bbox 2848 3802 2948 3871; x_wconf 68' lang='grc' dir='ltr'><strong>τῆς</strong></span> <span class='ocrx_word' id='word_1_593' title='bbox 2968 3800 3331 3862; x_wconf 72' lang='grc' dir='ltr'><strong>διαστάσεως.</strong></span> <span class='ocrx_word' id='word_1_594' title='bbox 3378 3799 3520 3854; x_wconf 82' lang='grc' dir='ltr'><strong>Ἀλλ’</strong></span> <span class='ocrx_word' id='word_1_595' title='bbox 3543 3798 3667 3853; x_wconf 63' lang='grc' dir='ltr'><strong>οὐδὲ</strong></span> <span class='ocrx_word' id='word_1_596' title='bbox 3692 3799 3874 3869; x_wconf 74' lang='grc' dir='ltr'><strong>αὐτὴν</strong></span> <span class='ocrx_word' id='word_1_597' title='bbox 3904 3798 4011 3871; x_wconf 70' lang='grc' dir='ltr'><strong>τὴν</strong></span> 
     </span>
    </p>
   </div>
   <div class='ocr_carea' id='block_1_85' title="bbox 2401 3886 4011 3962">
    <p class='ocr_par' dir='ltr' id='par_1_85' title="bbox 2401 3886 4011 3962">
     <span class='ocr_line' id='line_1_85' title="bbox 2401 3886 4011 3962; baseline 0.002 -21"><span class='ocrx_word' id='word_1_598' title='bbox 2401 3892 2640 3955; x_wconf 73' lang='grc' dir='ltr'><strong>γυναῖκα</strong></span> <span class='ocrx_word' id='word_1_599' title='bbox 2693 3886 2815 3943; x_wconf 66' lang='grc' dir='ltr'><strong>εἶπέ</strong></span> <span class='ocrx_word' id='word_1_600' title='bbox 2846 3908 2929 3953; x_wconf 90' lang='grc' dir='ltr'><strong>τις</strong></span> <span class='ocrx_word' id='word_1_601' title='bbox 2961 3892 3202 3959; x_wconf 75' lang='grc' dir='ltr'><strong>εὐλόγως</strong></span> <span class='ocrx_word' id='word_1_602' title='bbox 3236 3891 3655 3962; x_wconf 83' lang='grc' dir='ltr'><strong>ἀναγκασθῆναι</strong></span> <span class='ocrx_word' id='word_1_603' title='bbox 3690 3890 3865 3962; x_wconf 66' lang='grc' dir='ltr'><strong>χάριν</strong></span> <span class='ocrx_word' id='word_1_604' title='bbox 3911 3890 4011 3945; x_wconf 80' lang='grc' dir='ltr'><strong>τοῦ</strong></span> 
     </span>
    </p>
   </div>
   <div class='ocr_carea' id='block_1_86' title="bbox 2401 3982 4015 4055">
    <p class='ocr_par' dir='ltr' id='par_1_86' title="bbox 2401 3982 4015 4055">
     <span class='ocr_line' id='line_1_86' title="bbox 2401 3982 4015 4055; baseline 0.001 -20"><span class='ocrx_word' id='word_1_605' title='bbox 2401 3982 2617 4035; x_wconf 75' lang='grc' dir='ltr'><strong>ἑλέσθαι</strong></span> <span class='ocrx_word' id='word_1_606' title='bbox 2651 3982 2749 4035; x_wconf 75' lang='grc' dir='ltr'><strong>καὶ</strong></span> <span class='ocrx_word' id='word_1_607' title='bbox 2791 3982 3037 4038; x_wconf 71' lang='grc' dir='ltr'><strong>ἄκουσαν</strong></span> <span class='ocrx_word' id='word_1_608' title='bbox 3074 3985 3408 4055; x_wconf 85' lang='grc' dir='ltr'><strong>ἀπόκαρσιν.</strong></span> <span class='ocrx_word' id='word_1_609' title='bbox 3446 3984 3542 4037; x_wconf 83' lang='grc' dir='ltr'>Διδ</span> <span class='ocrx_word' id='word_1_610' title='bbox 3590 3984 3689 4036; x_wconf 75' lang='grc' dir='ltr'><strong>καὶ</strong></span> <span class='ocrx_word' id='word_1_611' title='bbox 3717 3986 4015 4038; x_wconf 74' lang='grc' dir='ltr'><strong>κατανοεῖ-</strong></span> 
     </span>
    </p>
   </div>
   <div class='ocr_carea' id='block_1_87' title="bbox 2398 4075 4011 4147">
    <p class='ocr_par' dir='ltr' id='par_1_87' title="bbox 2398 4075 4011 4147">
     <span class='ocr_line' id='line_1_87' title="bbox 2398 4075 4011 4147; baseline 0.003 -22"><span class='ocrx_word' id='word_1_612' title='bbox 2398 4075 2489 4127; x_wconf 84' lang='grc' dir='ltr'><strong>ταί</strong></span> <span class='ocrx_word' id='word_1_613' title='bbox 2521 4092 2611 4145; x_wconf 84' lang='grc' dir='ltr'><strong>μοι</strong></span> <span class='ocrx_word' id='word_1_614' title='bbox 2640 4076 2941 4144; x_wconf 83' lang='grc' dir='ltr'><strong>ἀναγκαῖον</strong></span> <span class='ocrx_word' id='word_1_615' title='bbox 2998 4075 3138 4131; x_wconf 78' lang='grc' dir='ltr'><strong>εἶναι</strong></span> <span class='ocrx_word' id='word_1_616' title='bbox 3192 4078 3364 4147; x_wconf 78' lang='grc' dir='ltr'><strong>μόνην</strong></span> <span class='ocrx_word' id='word_1_617' title='bbox 3418 4078 3519 4143; x_wconf 68' lang='grc' dir='ltr'><strong>τὴν</strong></span> <span class='ocrx_word' id='word_1_618' title='bbox 3572 4076 3897 4139; x_wconf 71' lang='grc' dir='ltr'><strong>διάστασιν,</strong></span> <span class='ocrx_word' id='word_1_619' title='bbox 3946 4077 4011 4130; x_wconf 76' lang='grc' dir='ltr'><strong>οὐ</strong></span> 
     </span>
    </p>
   </div>
   <div class='ocr_carea' id='block_1_88' title="bbox 2402 4168 4009 4241">
    <p class='ocr_par' dir='ltr' id='par_1_88' title="bbox 2402 4168 4009 4241">
     <span class='ocr_line' id='line_1_88' title="bbox 2402 4168 4009 4241; baseline 0 -20"><span class='ocrx_word' id='word_1_620' title='bbox 2402 4169 2507 4239; x_wconf 74' lang='grc' dir='ltr'><strong>μὴν</strong></span> <span class='ocrx_word' id='word_1_621' title='bbox 2548 4170 2641 4222; x_wconf 68' lang='grc' dir='ltr'><strong>καλ⁸</strong></span> <span class='ocrx_word' id='word_1_622' title='bbox 2692 4170 2794 4239; x_wconf 82' lang='grc' dir='ltr'><strong>τὴν</strong></span> <span class='ocrx_word' id='word_1_623' title='bbox 2852 4171 3189 4241; x_wconf 74' lang='grc' dir='ltr'><strong>ἀπύκαρσιν.</strong></span> <span class='ocrx_word' id='word_1_624' title='bbox 3243 4171 3305 4223; x_wconf 82' lang='grc' dir='ltr'>Εἰ</span> <span class='ocrx_word' id='word_1_625' title='bbox 3352 4171 3409 4222; x_wconf 73' lang='grc' dir='ltr'>δὲ</span> <span class='ocrx_word' id='word_1_626' title='bbox 3458 4171 3557 4223; x_wconf 53' lang='grc' dir='ltr'><strong>και</strong></span> <span class='ocrx_word' id='word_1_627' title='bbox 3588 4168 3730 4236; x_wconf 82' lang='grc' dir='ltr'><strong>αύτὴ</strong></span> <span class='ocrx_word' id='word_1_628' title='bbox 3769 4168 4009 4238; x_wconf 66' lang='grc' dir='ltr'><strong>γένηται</strong></span> 
     </span>
    </p>
   </div>
   <div class='ocr_carea' id='block_1_89' title="bbox 2398 4260 4010 4331">
    <p class='ocr_par' dir='ltr' id='par_1_89' title="bbox 2398 4260 4010 4331">
     <span class='ocr_line' id='line_1_89' title="bbox 2398 4260 4010 4331; baseline -0.001 -19"><span class='ocrx_word' id='word_1_629' title='bbox 2398 4262 2539 4313; x_wconf 86' lang='grc' dir='ltr'><strong>κατά</strong></span> <span class='ocrx_word' id='word_1_630' title='bbox 2577 4260 2798 4331; x_wconf 83' lang='grc' dir='ltr'><strong>θέλησιν</strong></span> <span class='ocrx_word' id='word_1_631' title='bbox 2831 4262 2931 4331; x_wconf 84' lang='grc' dir='ltr'><strong>τῆς</strong></span> <span class='ocrx_word' id='word_1_632' title='bbox 2954 4264 3239 4331; x_wconf 80' lang='grc' dir='ltr'><strong>γυναικὸς,</strong></span> <span class='ocrx_word' id='word_1_633' title='bbox 3286 4260 3635 4323; x_wconf 73' lang='grc' dir='ltr'><strong>διπλασιάζει</strong></span> <span class='ocrx_word' id='word_1_634' title='bbox 3686 4262 3750 4313; x_wconf 80' lang='grc' dir='ltr'><strong>τὸ</strong></span> <span class='ocrx_word' id='word_1_635' title='bbox 3809 4262 4010 4322; x_wconf 74' lang='grc' dir='ltr'><strong>καλὸν,</strong></span> 
     </span>
    </p>
   </div>
   <div class='ocr_carea' id='block_1_90' title="bbox 2397 4350 4013 4421">
    <p class='ocr_par' dir='ltr' id='par_1_90' title="bbox 2397 4350 4013 4421">
     <span class='ocr_line' id='line_1_90' title="bbox 2397 4350 4013 4421; baseline 0.001 -19"><span class='ocrx_word' id='word_1_636' title='bbox 2397 4353 2731 4421; x_wconf 69' lang='grc' dir='ltr'><strong>καὶγίνεται</strong></span> <span class='ocrx_word' id='word_1_637' title='bbox 2770 4354 3017 4409; x_wconf 81' lang='grc' dir='ltr'><strong>κάλλιον.</strong></span> <span class='ocrx_word' id='word_1_638' title='bbox 3062 4354 3220 4407; x_wconf 80' lang='grc' dir='ltr'><strong>Ἐπεὶ</strong></span> <span class='ocrx_word' id='word_1_639' title='bbox 3279 4354 3336 4406; x_wconf 83' lang='grc' dir='ltr'>δέ</span> <span class='ocrx_word' id='word_1_640' title='bbox 3387 4371 3534 4418; x_wconf 75' lang='grc' dir='ltr'><strong>τινες</strong></span> <span class='ocrx_word' id='word_1_641' title='bbox 3588 4350 3751 4406; x_wconf 77' lang='grc' dir='ltr'>εἷπον</span> <span class='ocrx_word' id='word_1_642' title='bbox 3778 4352 3863 4414; x_wconf 82' lang='grc' dir='ltr'><strong>ὡς</strong></span> <span class='ocrx_word' id='word_1_643' title='bbox 3900 4353 4013 4405; x_wconf 72' lang='grc' dir='ltr'><strong>ἀπὸ</strong></span> 
     </span>
    </p>
   </div>
   <div class='ocr_carea' id='block_1_91' title="bbox 2397 4442 4012 4514">
    <p class='ocr_par' dir='ltr' id='par_1_91' title="bbox 2397 4442 4012 4514">
     <span class='ocr_line' id='line_1_91' title="bbox 2397 4442 4012 4514; baseline -0.002 -19"><span class='ocrx_word' id='word_1_644' title='bbox 2397 4443 2498 4510; x_wconf 87' lang='grc' dir='ltr'><strong>τῆς</strong></span> <span class='ocrx_word' id='word_1_645' title='bbox 2524 4446 2807 4513; x_wconf 84' lang='grc' dir='ltr'><strong>παρούσης</strong></span> <span class='ocrx_word' id='word_1_646' title='bbox 2879 4444 3173 4514; x_wconf 69' lang='grc' dir='ltr'><strong>επιπολῆς</strong></span> <span class='ocrx_word' id='word_1_647' title='bbox 3203 4446 3311 4508; x_wconf 80' lang='grc' dir='ltr'><strong>πᾶς</strong></span> <span class='ocrx_word' id='word_1_648' title='bbox 3365 4444 3662 4513; x_wconf 85' lang='grc' dir='ltr'><strong>ίερωμένος</strong></span> <span class='ocrx_word' id='word_1_649' title='bbox 3724 4442 4012 4495; x_wconf 83' lang='grc' dir='ltr'><strong>συνοικῶν</strong></span> 
     </span>
    </p>
   </div>
   <div class='ocr_carea' id='block_1_92' title="bbox 710 4522 2296 4604">
    <p class='ocr_par' dir='ltr' id='par_1_92' title="bbox 710 4522 2295 4593">
     <span class='ocr_line' id='line_1_92' title="bbox 710 4522 2295 4593; baseline 0.001 -16"><span class='ocrx_word' id='word_1_650' title='bbox 710 4527 833 4593; x_wconf 78' lang='lat' dir='ltr'><strong>ipse</strong></span> <span class='ocrx_word' id='word_1_651' title='bbox 860 4522 1028 4579; x_wconf 88' lang='lat' dir='ltr'><strong>sciret</strong></span> <span class='ocrx_word' id='word_1_652' title='bbox 1052 4522 1375 4592; x_wconf 71' lang='lat' dir='ltr'><strong>Gregorium</strong></span> <span class='ocrx_word' id='word_1_653' title='bbox 1400 4538 1523 4577; x_wconf 91' lang='lat' dir='ltr'><strong>cum</strong></span> <span class='ocrx_word' id='word_1_654' title='bbox 1570 4523 1795 4579; x_wconf 89' lang='lat' dir='ltr'><strong>muliere</strong></span> <span class='ocrx_word' id='word_1_655' title='bbox 1824 4526 2160 4589; x_wconf 81' lang='lat' dir='ltr'><strong>cohabitare,</strong></span> <span class='ocrx_word' id='word_1_656' title='bbox 2195 4528 2295 4581; x_wconf 88' lang='lat' dir='ltr'><strong>hoc</strong></span> 
     </span>
    </p>
   </div>
   <div class='ocr_carea' id='block_1_93' title="bbox 2397 4522 4014 4604">
    <p class='ocr_par' dir='ltr' id='par_1_93' title="bbox 2401 4533 4014 4604">
     <span class='ocr_line' id='line_1_93' title="bbox 2401 4533 4014 4604; baseline -0.001 -19"><span class='ocrx_word' id='word_1_657' title='bbox 2401 4535 2624 4597; x_wconf 77' lang='grc' dir='ltr'><strong>γυναικὶ</strong></span> <span class='ocrx_word' id='word_1_658' title='bbox 2663 4534 2925 4604; x_wconf 82' lang='grc' dir='ltr'><strong>ἀλλοτρίᾳ</strong></span> <span class='ocrx_word' id='word_1_659' title='bbox 2958 4536 3347 4604; x_wconf 74' lang='grc' dir='ltr'><strong>ἀφωρισμένος</strong></span> <span class='ocrx_word' id='word_1_660' title='bbox 3374 4535 3490 4586; x_wconf 62' lang='grc' dir='ltr'><strong>ἐστὶ</strong></span> <span class='ocrx_word' id='word_1_661' title='bbox 3522 4535 3619 4585; x_wconf 88' lang='grc' dir='ltr'><strong>καί</strong></span> <span class='ocrx_word' id='word_1_662' title='bbox 3651 4533 3754 4601; x_wconf 62' lang='grc' dir='ltr'><strong>πρὸ</strong></span> <span class='ocrx_word' id='word_1_663' title='bbox 3779 4549 4014 4602; x_wconf 82' lang='grc' dir='ltr'><strong>παραγ-</strong></span> 
     </span>
    </p>
   </div>
   <div class='ocr_carea' id='block_1_94' title="bbox 708 4619 2293 4684">
    <p class='ocr_par' dir='ltr' id='par_1_94' title="bbox 708 4619 2293 4684">
     <span class='ocr_line' id='line_1_94' title="bbox 708 4619 2293 4684; baseline 0.002 -12"><span class='ocrx_word' id='word_1_664' title='bbox 708 4620 761 4673; x_wconf 81' lang='lat' dir='ltr'><strong>ci</strong></span> <span class='ocrx_word' id='word_1_665' title='bbox 791 4621 970 4673; x_wconf 88' lang='lat' dir='ltr'><strong>edicto</strong></span> <span class='ocrx_word' id='word_1_666' title='bbox 1000 4620 1364 4684; x_wconf 77' lang='lat' dir='ltr'><strong>denuntiavit,</strong></span> <span class='ocrx_word' id='word_1_667' title='bbox 1398 4627 1459 4673; x_wconf 92' lang='lat' dir='ltr'><strong>ut</strong></span> <span class='ocrx_word' id='word_1_668' title='bbox 1485 4634 1554 4673; x_wconf 77' lang='lat' dir='ltr'><strong>ex</strong></span> <span class='ocrx_word' id='word_1_669' title='bbox 1571 4619 1778 4674; x_wconf 66' lang='lat' dir='ltr'><strong>adibus</strong></span> <span class='ocrx_word' id='word_1_670' title='bbox 1803 4620 2085 4674; x_wconf 87' lang='lat' dir='ltr'><strong>mulierem</strong></span> <span class='ocrx_word' id='word_1_671' title='bbox 2111 4630 2293 4675; x_wconf 83' lang='lat' dir='ltr'><strong>trans-</strong></span> 
     </span>
    </p>
   </div>
   <div class='ocr_carea' id='block_1_95' title="bbox 705 4692 2293 4777">
    <p class='ocr_par' dir='ltr' id='par_1_95' title="bbox 705 4692 2293 4777">
     <span class='ocr_line' id='line_1_95' title="bbox 705 4692 2293 4777; baseline -0.001 -14"><span class='ocrx_word' id='word_1_672' title='bbox 705 4710 913 4773; x_wconf 73' lang='lat' dir='ltr'><strong>ferret,</strong></span> <span class='ocrx_word' id='word_1_673' title='bbox 944 4719 997 4762; x_wconf 91' lang='lat' dir='ltr'><strong>et</strong></span> <span class='ocrx_word' id='word_1_674' title='bbox 1037 4710 1084 4762; x_wconf 87' lang='lat' dir='ltr'><strong>si</strong></span> <span class='ocrx_word' id='word_1_675' title='bbox 1118 4708 1338 4763; x_wconf 80' lang='lat' dir='ltr'><strong>fecisset</strong></span> <span class='ocrx_word' id='word_1_676' title='bbox 1368 4692 1677 4777; x_wconf 45' lang='lat' dir='ltr'><strong>Gregorius.</strong></span> <span class='ocrx_word' id='word_1_677' title='bbox 1722 4719 1781 4762; x_wconf 89' lang='lat' dir='ltr'><strong>ut</strong></span> <span class='ocrx_word' id='word_1_678' title='bbox 1831 4709 1879 4762; x_wconf 91' lang='lat' dir='ltr'><strong>ei</strong></span> <span class='ocrx_word' id='word_1_679' title='bbox 1910 4710 2293 4763; x_wconf 86' lang='lat' dir='ltr'><strong>denuntiatum</strong></span> 
     </span>
    </p>
   </div>
   <div class='ocr_carea' id='block_1_96' title="bbox 705 4798 2295 4868">
    <p class='ocr_par' dir='ltr' id='par_1_96' title="bbox 705 4798 2295 4868">
     <span class='ocr_line' id='line_1_96' title="bbox 705 4798 2295 4868; baseline 0.001 -15"><span class='ocrx_word' id='word_1_680' title='bbox 705 4800 914 4863; x_wconf 66' lang='lat' dir='ltr'><strong>fuerat,</strong></span> <span class='ocrx_word' id='word_1_681' title='bbox 958 4798 1011 4853; x_wconf 88' lang='lat' dir='ltr'><strong>in</strong></span> <span class='ocrx_word' id='word_1_682' title='bbox 1047 4801 1481 4868; x_wconf 81' lang='lat' dir='ltr'><strong>segregationem</strong></span> <span class='ocrx_word' id='word_1_683' title='bbox 1511 4816 1617 4853; x_wconf 93' lang='lat' dir='ltr'><strong>non</strong></span> <span class='ocrx_word' id='word_1_684' title='bbox 1653 4800 1951 4855; x_wconf 86' lang='lat' dir='ltr'><strong>incidisset.</strong></span> <span class='ocrx_word' id='word_1_685' title='bbox 1975 4800 2159 4866; x_wconf 84' lang='lat' dir='ltr'><strong>Quare</strong></span> <span class='ocrx_word' id='word_1_686' title='bbox 2198 4817 2295 4855; x_wconf 89' lang='lat' dir='ltr'><strong>nee</strong></span> 
     </span>
    </p>
   </div>
   <div class='ocr_carea' id='block_1_97' title="bbox 709 4890 2291 4960">
    <p class='ocr_par' dir='ltr' id='par_1_97' title="bbox 709 4890 2291 4960">
     <span class='ocr_line' id='line_1_97' title="bbox 709 4890 2291 4960; baseline 0.003 -16"><span class='ocrx_word' id='word_1_687' title='bbox 709 4893 851 4944; x_wconf 86' lang='lat' dir='ltr'><strong>alter</strong></span> <span class='ocrx_word' id='word_1_688' title='bbox 902 4890 1318 4959; x_wconf 79' lang='lat' dir='ltr'><strong>segregabitur,</strong></span> <span class='ocrx_word' id='word_1_689' title='bbox 1376 4890 1479 4945; x_wconf 79' lang='lat' dir='ltr'><strong>nisi</strong></span> <span class='ocrx_word' id='word_1_690' title='bbox 1539 4899 1663 4960; x_wconf 90' lang='lat' dir='ltr'><strong>post</strong></span> <span class='ocrx_word' id='word_1_691' title='bbox 1717 4892 2185 4947; x_wconf 77' lang='lat' dir='ltr'><strong>denuntiationem</strong></span> <span class='ocrx_word' id='word_1_692' title='bbox 2238 4893 2291 4949; x_wconf 88' lang='lat' dir='ltr'><strong>in</strong></span> 
     </span>
    </p>
   </div>
   <div class='ocr_carea' id='block_1_98' title="bbox 702 4978 2144 5050">
    <p class='ocr_par' dir='ltr' id='par_1_98' title="bbox 702 4978 2144 5050">
     <span class='ocr_line' id='line_1_98' title="bbox 702 4978 2144 5050; baseline 0.002 -18"><span class='ocrx_word' id='word_1_693' title='bbox 702 4978 1119 5033; x_wconf 86' lang='lat' dir='ltr'><strong>cohabitatione</strong></span> <span class='ocrx_word' id='word_1_694' title='bbox 1152 4994 1276 5033; x_wconf 88' lang='lat' dir='ltr'><strong>cum</strong></span> <span class='ocrx_word' id='word_1_695' title='bbox 1307 4980 1486 5033; x_wconf 90' lang='lat' dir='ltr'><strong>aliena</strong></span> <span class='ocrx_word' id='word_1_696' title='bbox 1533 4979 1758 5036; x_wconf 89' lang='lat' dir='ltr'><strong>muliere</strong></span> <span class='ocrx_word' id='word_1_697' title='bbox 1807 4992 2144 5050; x_wconf 79' lang='lat' dir='ltr'><strong>perseveret.</strong></span> 
     </span>
    </p>
   </div>
   <div class='ocr_carea' id='block_1_99' title="bbox 2393 4622 4012 4695">
    <p class='ocr_par' dir='ltr' id='par_1_99' title="bbox 2393 4622 4012 4695">
     <span class='ocr_line' id='line_1_99' title="bbox 2393 4622 4012 4695; baseline 0.001 -20"><span class='ocrx_word' id='word_1_698' title='bbox 2393 4624 2605 4691; x_wconf 84' lang='grc' dir='ltr'><strong>γελίας,</strong></span> <span class='ocrx_word' id='word_1_699' title='bbox 2632 4623 2777 4691; x_wconf 67' lang='grc' dir='ltr'><strong>λέγω</strong></span> <span class='ocrx_word' id='word_1_700' title='bbox 2801 4626 2886 4677; x_wconf 76' lang='grc' dir='ltr'><strong>ὅτι</strong></span> <span class='ocrx_word' id='word_1_701' title='bbox 2909 4624 3035 4677; x_wconf 67' lang='grc' dir='ltr'><strong>οὐδὲ</strong></span> <span class='ocrx_word' id='word_1_702' title='bbox 3069 4624 3150 4695; x_wconf 85' lang='grc' dir='ltr'><strong>τῷ</strong></span> <span class='ocrx_word' id='word_1_703' title='bbox 3184 4624 3417 4694; x_wconf 79' lang='grc' dir='ltr'><strong>παρόντι</strong></span> <span class='ocrx_word' id='word_1_704' title='bbox 3448 4624 3593 4691; x_wconf 84' lang='grc' dir='ltr'><strong>ἀγίῳ</strong></span> <span class='ocrx_word' id='word_1_705' title='bbox 3624 4623 3795 4692; x_wconf 76' lang='grc' dir='ltr'><strong>ἤρεσε</strong></span> <span class='ocrx_word' id='word_1_706' title='bbox 3820 4622 4012 4681; x_wconf 80' lang='grc' dir='ltr'><strong>τοῦτο.</strong></span> 
     </span>
    </p>
   </div>
   <div class='ocr_carea' id='block_1_100' title="bbox 2404 4714 4014 4786">
    <p class='ocr_par' dir='ltr' id='par_1_100' title="bbox 2404 4714 4014 4786">
     <span class='ocr_line' id='line_1_100' title="bbox 2404 4714 4014 4786; baseline 0 -17"><span class='ocrx_word' id='word_1_707' title='bbox 2404 4716 2537 4769; x_wconf 76' lang='grc' dir='ltr'><strong>’1δοῦ</strong></span> <span class='ocrx_word' id='word_1_708' title='bbox 2558 4716 2665 4786; x_wconf 73' lang='grc' dir='ltr'><strong>γὰρ</strong></span> <span class='ocrx_word' id='word_1_709' title='bbox 2688 4718 2783 4769; x_wconf 79' lang='grc' dir='ltr'><strong>καὶ</strong></span> <span class='ocrx_word' id='word_1_710' title='bbox 2807 4717 2969 4779; x_wconf 72' lang='grc' dir='ltr'><strong>αὐτὸς</strong></span> <span class='ocrx_word' id='word_1_711' title='bbox 3004 4717 3162 4779; x_wconf 78' lang='grc' dir='ltr'><strong>εἰδὼς</strong></span> <span class='ocrx_word' id='word_1_712' title='bbox 3198 4718 3291 4770; x_wconf 82' lang='grc' dir='ltr'><strong>τὸν</strong></span> <span class='ocrx_word' id='word_1_713' title='bbox 3313 4715 3617 4785; x_wconf 85' lang='grc' dir='ltr'><strong>Γρηγόριον</strong></span> <span class='ocrx_word' id='word_1_714' title='bbox 3639 4714 4014 4769; x_wconf 77' lang='grc' dir='ltr'><strong>συνοικοῦντα</strong></span> 
     </span>
    </p>
   </div>
   <div class='ocr_carea' id='block_1_101' title="bbox 2398 4807 4006 4879">
    <p class='ocr_par' dir='ltr' id='par_1_101' title="bbox 2398 4807 4006 4879">
     <span class='ocr_line' id='line_1_101' title="bbox 2398 4807 4006 4879; baseline 0.002 -21"><span class='ocrx_word' id='word_1_715' title='bbox 2398 4807 2537 4874; x_wconf 82' lang='grc' dir='ltr'><strong>μετά</strong></span> <span class='ocrx_word' id='word_1_716' title='bbox 2562 4808 2810 4874; x_wconf 75' lang='grc' dir='ltr'><strong>γυναίου,</strong></span> <span class='ocrx_word' id='word_1_717' title='bbox 2853 4810 3358 4878; x_wconf 78' lang='grc' dir='ltr'><strong>ὲπιφωνηματικῶς</strong></span> <span class='ocrx_word' id='word_1_718' title='bbox 3397 4808 3746 4879; x_wconf 78' lang='grc' dir='ltr'><strong>παρήγγειλε</strong></span> <span class='ocrx_word' id='word_1_719' title='bbox 3788 4811 4006 4879; x_wconf 80' lang='grc' dir='ltr'><strong>τούτῳ,</strong></span> 
     </span>
    </p>
   </div>
   <div class='ocr_carea' id='block_1_102' title="bbox 2395 4898 4011 4967">
    <p class='ocr_par' dir='ltr' id='par_1_102' title="bbox 2395 4898 4011 4967">
     <span class='ocr_line' id='line_1_102' title="bbox 2395 4898 4011 4967; baseline 0.003 -19"><span class='ocrx_word' id='word_1_720' title='bbox 2395 4898 2461 4949; x_wconf 66' lang='grc' dir='ltr'><strong>εκ</strong></span> <span class='ocrx_word' id='word_1_721' title='bbox 2486 4899 2584 4966; x_wconf 86' lang='grc' dir='ltr'><strong>τῆς</strong></span> <span class='ocrx_word' id='word_1_722' title='bbox 2610 4899 2891 4961; x_wconf 86' lang='grc' dir='ltr'><strong>συνοικίας</strong></span> <span class='ocrx_word' id='word_1_723' title='bbox 2966 4900 3312 4967; x_wconf 86' lang='grc' dir='ltr'><strong>μεταστῆσαι</strong></span> <span class='ocrx_word' id='word_1_724' title='bbox 3373 4899 3435 4951; x_wconf 82' lang='grc' dir='ltr'><strong>τὸ</strong></span> <span class='ocrx_word' id='word_1_725' title='bbox 3495 4899 3744 4967; x_wconf 65' lang='grc' dir='ltr'><strong>γύναιονο</strong></span> <span class='ocrx_word' id='word_1_726' title='bbox 3798 4901 3927 4953; x_wconf 78' lang='grc' dir='ltr'><strong>καὶ.</strong></span> <span class='ocrx_word' id='word_1_727' title='bbox 3962 4904 4011 4953; x_wconf 82' lang='grc' dir='ltr'><strong>εί</strong></span> 
     </span>
    </p>
   </div>
   <div class='ocr_carea' id='block_1_103' title="bbox 2394 4988 4011 5060">
    <p class='ocr_par' dir='ltr' id='par_1_103' title="bbox 2394 4988 4011 5060">
     <span class='ocr_line' id='line_1_103' title="bbox 2394 4988 4011 5060; baseline 0.001 -21"><span class='ocrx_word' id='word_1_728' title='bbox 2394 4988 2649 5060; x_wconf 69' lang='grc' dir='ltr'><strong>ἐποίησεν</strong></span> <span class='ocrx_word' id='word_1_729' title='bbox 2688 4991 2715 5042; x_wconf 83' lang='grc' dir='ltr'><strong>ὁ</strong></span> <span class='ocrx_word' id='word_1_730' title='bbox 2748 4989 2787 5041; x_wconf 83' lang='grc' dir='ltr'><strong>Γ</strong></span> <span class='ocrx_word' id='word_1_731' title='bbox 2790 4990 3054 5060; x_wconf 84' lang='grc' dir='ltr'><strong>ρηγόριος</strong></span> <span class='ocrx_word' id='word_1_732' title='bbox 3097 4991 3239 5043; x_wconf 86' lang='grc' dir='ltr'><strong>κατά</strong></span> <span class='ocrx_word' id='word_1_733' title='bbox 3268 4991 3370 5059; x_wconf 73' lang='grc' dir='ltr'><strong>τὴν</strong></span> <span class='ocrx_word' id='word_1_734' title='bbox 3424 4990 3848 5059; x_wconf 83' lang='grc' dir='ltr'><strong>παραγγελίαν,</strong></span> <span class='ocrx_word' id='word_1_735' title='bbox 3907 4990 4011 5041; x_wconf 68' lang='grc' dir='ltr'><strong>οὐκ</strong></span> 
     </span>
    </p>
   </div>
   <div class='ocr_carea' id='block_1_104' title="bbox 700 5070 4003 5154">
    <p class='ocr_par' dir='ltr' id='par_1_104' title="bbox 700 5070 4003 5154">
     <span class='ocr_line' id='line_1_104' title="bbox 700 5070 4003 5154; baseline 0.002 -28"><span class='ocrx_word' id='word_1_736' title='bbox 700 5070 1041 5126; x_wconf 57' lang='lat' dir='ltr'><strong>avertimus</strong></span> <span class='ocrx_word' id='word_1_737' title='bbox 1067 5070 1146 5140; x_wconf 83' lang='grc' dir='ltr'><strong>τῷ</strong></span> <span class='ocrx_word' id='word_1_738' title='bbox 1177 5072 1690 5143; x_wconf 71' lang='grc' dir='ltr'><strong>ἀφορισμῷ.”οστε</strong></span> <span class='ocrx_word' id='word_1_739' title='bbox 1764 5075 1886 5128; x_wconf 75' lang='grc' dir='ltr'>οὐδὲ</span> <span class='ocrx_word' id='word_1_740' title='bbox 1976 5074 2166 5146; x_wconf 66' lang='grc' dir='ltr'><strong>ἔτερος</strong></span> <span class='ocrx_word' id='word_1_741' title='bbox 2221 5078 2675 5151; x_wconf 78' lang='grc' dir='ltr'><strong>ἀφορισθήσεται,</strong></span> <span class='ocrx_word' id='word_1_742' title='bbox 2726 5084 2775 5135; x_wconf 82' lang='grc' dir='ltr'><strong>εί</strong></span> <span class='ocrx_word' id='word_1_743' title='bbox 2823 5083 2901 5153; x_wconf 76' lang='grc' dir='ltr'><strong>μὴ</strong></span> <span class='ocrx_word' id='word_1_744' title='bbox 2952 5083 3091 5153; x_wconf 88' lang='grc' dir='ltr'><strong>μετά</strong></span> <span class='ocrx_word' id='word_1_745' title='bbox 3148 5083 3535 5154; x_wconf 84' lang='grc' dir='ltr'><strong>παραγγελίαν</strong></span> <span class='ocrx_word' id='word_1_746' title='bbox 3590 5083 3854 5150; x_wconf 74' lang='grc' dir='ltr'><strong>ἐπιμένει</strong></span> <span class='ocrx_word' id='word_1_747' title='bbox 3942 5084 4003 5150; x_wconf 78' lang='grc' dir='ltr'><strong>τῇ</strong></span> 
     </span>
    </p>
   </div>
   <div class='ocr_carea' id='block_1_105' title="bbox 706 5162 1883 5235">
    <p class='ocr_par' dir='ltr' id='par_1_105' title="bbox 706 5162 1883 5235">
     <span class='ocr_line' id='line_1_105' title="bbox 706 5162 1883 5235; baseline 0.004 -20"><span class='ocrx_word' id='word_1_748' title='bbox 706 5162 853 5233; x_wconf 74' lang='grc' dir='ltr'><strong>μετὰ</strong></span> <span class='ocrx_word' id='word_1_749' title='bbox 877 5163 977 5233; x_wconf 86' lang='grc' dir='ltr'><strong>τῆς</strong></span> <span class='ocrx_word' id='word_1_750' title='bbox 1008 5162 1301 5233; x_wconf 81' lang='grc' dir='ltr'><strong>ἀλλοτρίας</strong></span> <span class='ocrx_word' id='word_1_751' title='bbox 1323 5166 1586 5233; x_wconf 79' lang='grc' dir='ltr'><strong>γυναικὸς</strong></span> <span class='ocrx_word' id='word_1_752' title='bbox 1608 5167 1883 5235; x_wconf 76' lang='grc' dir='ltr'><strong>συνοικίᾳ.</strong></span> 
     </span>
    </p>
   </div>
   <div class='ocr_carea' id='block_1_106' title="bbox 994 5276 3712 5347">
    <p class='ocr_par' dir='ltr' id='par_1_106' title="bbox 994 5276 3712 5347">
     <span class='ocr_line' id='line_1_106' title="bbox 994 5276 3712 5347; baseline 0.002 -17"><span class='ocrx_word' id='word_1_753' title='bbox 994 5276 1134 5332; x_wconf 86' lang='grc' dir='ltr'><strong>ΤΟΥ</strong></span> <span class='ocrx_word' id='word_1_754' title='bbox 1169 5279 1405 5333; x_wconf 77' lang='grc' dir='ltr'>ΑΥΤΟΥ</span> <span class='ocrx_word' id='word_1_755' title='bbox 1442 5281 2041 5347; x_wconf 77' lang='grc' dir='ltr'><strong>ΧΩΡΕΠῘΣΚΟΠΟΙΣ,</strong></span> <span class='ocrx_word' id='word_1_756' title='bbox 2081 5285 2255 5339; x_wconf 79' lang='grc' dir='ltr'><strong>ΩΣΤΕ</strong></span> <span class='ocrx_word' id='word_1_757' title='bbox 2294 5289 2395 5340; x_wconf 83' lang='lat' dir='ltr'><strong>MH</strong></span> <span class='ocrx_word' id='word_1_758' title='bbox 2453 5287 2773 5341; x_wconf 80' lang='grc' dir='ltr'><strong>ΙἸΝΕΣΘΑΙ</strong></span> <span class='ocrx_word' id='word_1_759' title='bbox 2813 5287 3023 5341; x_wconf 76' lang='grc' dir='ltr'><strong>ΧΩΡΙΣ</strong></span> <span class='ocrx_word' id='word_1_760' title='bbox 3060 5286 3298 5343; x_wconf 77' lang='grc' dir='ltr'>ΑΥΤΟΥ</span> <span class='ocrx_word' id='word_1_761' title='bbox 3337 5282 3712 5339; x_wconf 78' lang='grc' dir='ltr'><strong>ΥΠΗΡΕΤΔΣ</strong></span> 
     </span>
    </p>
   </div>
   <div class='ocr_carea' id='block_1_107' title="bbox 1993 5356 2791 5413">
    <p class='ocr_par' dir='ltr' id='par_1_107' title="bbox 1993 5356 2791 5413">
     <span class='ocr_line' id='line_1_107' title="bbox 1993 5356 2791 5413; baseline 0.004 -4"><span class='ocrx_word' id='word_1_762' title='bbox 1993 5356 2178 5410; x_wconf 76' lang='grc' dir='ltr'><strong>ΠΔΡΔ</strong></span> <span class='ocrx_word' id='word_1_763' title='bbox 2218 5358 2261 5410; x_wconf 83' lang='grc' dir='ltr'>Τ</span> <span class='ocrx_word' id='word_1_764' title='bbox 2265 5358 2399 5412; x_wconf 81' lang='grc' dir='ltr'><strong>ΟΥΣ</strong></span> <span class='ocrx_word' id='word_1_765' title='bbox 2436 5358 2791 5413; x_wconf 74' lang='grc' dir='ltr'><strong>ΚΑΝΟΝΔΣ.</strong></span> 
     </span>
    </p>
   </div>
   <div class='ocr_carea' id='block_1_108' title="bbox 795 5464 3921 5546">
    <p class='ocr_par' dir='ltr' id='par_1_108' title="bbox 795 5464 3921 5546">
     <span class='ocr_line' id='line_1_108' title="bbox 795 5464 3921 5546; baseline 0.001 -19"><span class='ocrx_word' id='word_1_766' title='bbox 795 5464 1151 5527; x_wconf 72' lang='lat' dir='ltr'><strong>EIUSDEM</strong></span> <span class='ocrx_word' id='word_1_767' title='bbox 1190 5466 1845 5546; x_wconf 79' lang='lat' dir='ltr'><strong>CHOREPISCOPIS,</strong></span> <span class='ocrx_word' id='word_1_768' title='bbox 1884 5473 1991 5533; x_wconf 82' lang='grc' dir='ltr'><strong>ΝΕ</strong></span> <span class='ocrx_word' id='word_1_769' title='bbox 2028 5473 2209 5535; x_wconf 82' lang='lat' dir='ltr'><strong>SINE</strong></span> <span class='ocrx_word' id='word_1_770' title='bbox 2244 5471 2423 5534; x_wconf 85' lang='lat' dir='ltr'>IPSO</span> <span class='ocrx_word' id='word_1_771' title='bbox 2460 5474 2707 5535; x_wconf 81' lang='lat' dir='ltr'><strong>FIANT</strong></span> <span class='ocrx_word' id='word_1_772' title='bbox 2741 5471 3105 5535; x_wconf 81' lang='lat' dir='ltr'><strong>MINISTRI</strong></span> <span class='ocrx_word' id='word_1_773' title='bbox 3138 5469 3478 5530; x_wconf 72' lang='lat' dir='ltr'><strong>PRETER</strong></span> <span class='ocrx_word' id='word_1_774' title='bbox 3524 5464 3921 5530; x_wconf 78' lang='lat' dir='ltr'><strong>CANONES.</strong></span> 
     </span>
    </p>
   </div>
   <div class='ocr_carea' id='block_1_109' title="bbox 1307 5592 1701 5652">
    <p class='ocr_par' dir='ltr' id='par_1_109' title="bbox 1307 5592 1701 5652">
     <span class='ocr_line' id='line_1_109' title="bbox 1307 5592 1701 5652; baseline 0.01 -3"><span class='ocrx_word' id='word_1_775' title='bbox 1307 5592 1538 5651; x_wconf 73' lang='lat' dir='ltr'><strong>CANON</strong></span> <span class='ocrx_word' id='word_1_776' title='bbox 1590 5596 1701 5652; x_wconf 78' lang='lat' dir='ltr'><strong>XC.</strong></span> 
     </span>
    </p>
   </div>
   <div class='ocr_carea' id='block_1_110' title="bbox 782 5682 2298 5759">
    <p class='ocr_par' dir='ltr' id='par_1_110' title="bbox 782 5682 2298 5759">
     <span class='ocr_line' id='line_1_110' title="bbox 782 5682 2298 5759; baseline 0.003 -21"><span class='ocrx_word' id='word_1_777' title='bbox 782 5682 1177 5743; x_wconf 62' lang='lat' dir='ltr'><strong>Pwrmulestum</strong></span> <span class='ocrx_word' id='word_1_778' title='bbox 1204 5688 1337 5742; x_wconf 89' lang='lat' dir='ltr'><strong>mihi</strong></span> <span class='ocrx_word' id='word_1_779' title='bbox 1366 5698 1471 5753; x_wconf 90' lang='lat' dir='ltr'><strong>est,</strong></span> <span class='ocrx_word' id='word_1_780' title='bbox 1513 5690 1656 5759; x_wconf 85' lang='lat' dir='ltr'><strong>quod</strong></span> <span class='ocrx_word' id='word_1_781' title='bbox 1676 5689 1786 5756; x_wconf 87' lang='lat' dir='ltr'><strong>jam</strong></span> <span class='ocrx_word' id='word_1_782' title='bbox 1810 5705 2047 5745; x_wconf 89' lang='lat' dir='ltr'><strong>canones</strong></span> <span class='ocrx_word' id='word_1_783' title='bbox 2075 5690 2298 5745; x_wconf 81' lang='lat' dir='ltr'><strong>Patrum</strong></span> 
     </span>
    </p>
   </div>
   <div class='ocr_carea' id='block_1_111' title="bbox 718 5777 2297 5852">
    <p class='ocr_par' dir='ltr' id='par_1_111' title="bbox 718 5777 2297 5852">
     <span class='ocr_line' id='line_1_111' title="bbox 718 5777 2297 5852; baseline 0.003 -19"><span class='ocrx_word' id='word_1_784' title='bbox 718 5777 1042 5844; x_wconf 67' lang='lat' dir='ltr'><strong>defecerint,</strong></span> <span class='ocrx_word' id='word_1_785' title='bbox 1084 5794 1151 5838; x_wconf 86' lang='lat' dir='ltr'><strong>ac</strong></span> <span class='ocrx_word' id='word_1_786' title='bbox 1202 5780 1489 5852; x_wconf 86' lang='lat' dir='ltr'><strong>disciplina</strong></span> <span class='ocrx_word' id='word_1_787' title='bbox 1540 5783 1721 5838; x_wconf 88' lang='lat' dir='ltr'><strong>omnis</strong></span> <span class='ocrx_word' id='word_1_788' title='bbox 1783 5781 2047 5838; x_wconf 84' lang='lat' dir='ltr'><strong>Ecclesiis</strong></span> <span class='ocrx_word' id='word_1_789' title='bbox 2108 5785 2297 5837; x_wconf 80' lang='lat' dir='ltr'><strong>abacta</strong></span> 
     </span>
    </p>
   </div>
   <div class='ocr_carea' id='block_1_112' title="bbox 3026 5589 3375 5659">
    <p class='ocr_par' dir='ltr' id='par_1_112' title="bbox 3026 5589 3375 5659">
     <span class='ocr_line' id='line_1_112' title="bbox 3026 5589 3375 5659; baseline -0.011 -10"><span class='ocrx_word' id='word_1_790' title='bbox 3026 5593 3271 5649; x_wconf 77' lang='lat' dir='ltr'><strong>KANON</strong></span> <span class='ocrx_word' id='word_1_791' title='bbox 3302 5589 3375 5659; x_wconf 81' lang='grc' dir='ltr'><strong>ι,’.</strong></span> 
     </span>
    </p>
   </div>
   <div class='ocr_carea' id='block_1_113' title="bbox 2485 5682 4000 5758">
    <p class='ocr_par' dir='ltr' id='par_1_113' title="bbox 2485 5682 4000 5758">
     <span class='ocr_line' id='line_1_113' title="bbox 2485 5682 4000 5758; baseline -0.006 -15"><span class='ocrx_word' id='word_1_792' title='bbox 2485 5689 2637 5743; x_wconf 84' lang='grc' dir='ltr'><strong>Πάνυ</strong></span> <span class='ocrx_word' id='word_1_793' title='bbox 2676 5705 2744 5758; x_wconf 84' lang='grc' dir='ltr'><strong>με</strong></span> <span class='ocrx_word' id='word_1_794' title='bbox 2773 5688 2957 5753; x_wconf 82' lang='grc' dir='ltr'><strong>λυπεῖ,</strong></span> <span class='ocrx_word' id='word_1_795' title='bbox 2994 5687 3077 5739; x_wconf 84' lang='grc' dir='ltr'><strong>ὅτι</strong></span> <span class='ocrx_word' id='word_1_796' title='bbox 3135 5684 3519 5739; x_wconf 67' lang='grc' dir='ltr'><strong>ἐπιλελοίπασι</strong></span> <span class='ocrx_word' id='word_1_797' title='bbox 3553 5682 3770 5738; x_wconf 75' lang='grc' dir='ltr'><strong>’λοιπὸν</strong></span> <span class='ocrx_word' id='word_1_798' title='bbox 3805 5685 3855 5736; x_wconf 79' lang='lat' dir='ltr'><strong>oi</strong></span> <span class='ocrx_word' id='word_1_799' title='bbox 3892 5682 4000 5735; x_wconf 70' lang='grc' dir='ltr'><strong>τῶν</strong></span> 
     </span>
    </p>
   </div>
   <div class='ocr_carea' id='block_1_114' title="bbox 2414 5777 3999 5851">
    <p class='ocr_par' dir='ltr' id='par_1_114' title="bbox 2414 5777 3999 5851">
     <span class='ocr_line' id='line_1_114' title="bbox 2414 5777 3999 5851; baseline -0.005 -17"><span class='ocrx_word' id='word_1_800' title='bbox 2414 5780 2673 5851; x_wconf 80' lang='grc' dir='ltr'><strong>Πατέρων</strong></span> <span class='ocrx_word' id='word_1_801' title='bbox 2708 5781 2954 5845; x_wconf 82' lang='grc' dir='ltr'><strong>κανόνες,</strong></span> <span class='ocrx_word' id='word_1_802' title='bbox 3000 5778 3094 5834; x_wconf 67' lang='grc' dir='ltr'><strong>καὶ</strong></span> <span class='ocrx_word' id='word_1_803' title='bbox 3127 5779 3278 5833; x_wconf 78' lang='grc' dir='ltr'><strong>πᾶσα</strong></span> <span class='ocrx_word' id='word_1_804' title='bbox 3302 5778 3561 5851; x_wconf 77' lang='grc' dir='ltr'><strong>ἀκρίϐεια</strong></span> <span class='ocrx_word' id='word_1_805' title='bbox 3604 5778 3717 5831; x_wconf 81' lang='grc' dir='ltr'>τῶν</span> <span class='ocrx_word' id='word_1_806' title='bbox 3760 5777 3999 5844; x_wconf 79' lang='grc' dir='ltr'><strong>Ἐκκλη-</strong></span> 
     </span>
    </p>
   </div>
  </div>
