4234 6450
292 427 399 491 829

1039 414 1121 476 ΙΝ
1167 414 1403 475 EPIST.
1449 415 1507 473 S.
1549 414 1831 475 BASILII
1878 416 1976 485 AD
2017 412 2658 475 CHUREPISCOPOS.

3372 406 3481 474 830

287 543 417 593 σιῶν
464 540 815 609 ἀπελήλαται,
868 537 960 590 καὶ
996 535 1265 606 φοϐοῦμαι
1313 534 1389 605 μὴ
1432 533 1572 587 κατά
1624 533 1959 604 μικρὸν,Αδῑ

1804 550 1841 597 θ»
1866 542 2028 608 Asit;
2054 549 2108 596 et
2136 541 2320 606 timeo,
2345 556 2410 594 ne
2440 538 2718 609 paulatim,
2743 537 2841 590 hac
2872 533 3226 591 indiﬂ'erentia
3257 547 3476 605 progre-

286 633 385 699 τῆς
423 629 735 698 ἀδιαφορίας
774 627 972 695 ταύτης
1007 626 1112 695 όδῷ
1145 625 1456 695 προϊούσης,
1493 628 1572 687 είς
1605 624 1841 693 παντελῆ

1922 634 2136 695 dientc,
2172 648 2260 686 res
2290 632 2669 686 ecclesiastica:
2703 629 2755 680 in
2793 642 3060 681 summam
3098 626 3471 680 confusionem

291 719 549 786 σύγχυσιν
579 718 703 787 ἔλθῃ
738 716 803 768 τὰ
836 717 933 784 τῆς
987 715 1308 785 Ἐκκλησίας
1337 716 1653 785 πράγματα.
1705 712 1842 775 τοὺς
1919 722 1963 775 ἀ(

1803 730 1842 775 ις
1919 722 2258 775 delabantur.
2303 720 2595 774 Observata
2628 718 2754 772 olim
2806 716 2861 769 in
2919 715 3010 767 Dei
3059 715 3314 769 Ecclesiis
3343 729 3475 767 con-

289 808 689 876 ὑπηρετοῦντας
717 809 781 875 τῇ
831 805 1119 875 Ἐκκλησία
1153 807 1183 874 ή
1216 805 1380 857 πάλαι
1420 807 1538 866 ταῖς
1577 803 1669 856 τοῦ
1707 802 1842 856 Θεοῦ

303 896 643 963 Ἐκκλησίαις
686 893 1143 962 ὲμπολιτευομένη
1177 892 1432 961 συνήθεια
1488 892 1623 962 μετά
1666 892 1844 962 πάσης

289 984 570 1055 ἀκριϐείας
632 984 998 1052 δοκιμάζουσα
1067 983 1421 1053 παρεδέχετο·
1495 983 1587 1035 καὶ
1657 982 1847 1035 ιπολυ-

290 1076 655 1144 πραγμονεῖτο
682 1075 829 1125 πᾶσα
863 1072 1040 1126 αὐτῶν
1086 1074 1118 1142 ἡ
1149 1072 1479 1140 ἀναστροφὴ,
1515 1074 1562 1123 εί
1622 1071 1697 1139 μὴ
1734 1072 1846 1124 λοί-

289 1166 435 1235 δοροι
484 1166 639 1225 εἰσιν,
683 1165 730 1214 εί
788 1164 863 1233 μὴ
913 1162 1153 1231 μέθυσοι,
1196 1164 1242 1213 εί
1279 1162 1351 1230 μὴ
1391 1163 1667 1232 πρόχειροι
1712 1161 1848 1229 πρὸς

289 1254 390 1313 τὰς
428 1252 623 1321 μάχας,
656 1253 703 1302 εί
740 1249 1171 1317 παιδαγωγοῦσιν
1211 1246 1415 1301 ἱαυτῶν
1457 1249 1553 1319 τὴν
1603 1249 1845 1318 νεότητα,

292 1341 433 1400 ὥστε
482 1340 777 1408 κατορθοῦν
805 1340 1061 1393 δύνασθαι
1108 1340 1197 1391 τὸν
1238 1337 1525 1407 ἀγιασμδν,
1576 1334 1636 1392 οὗ
1680 1340 1848 1409 χωρὶς

291 1430 468 1491 οΰδεὶς
499 1429 684 1497 ὄψεται
716 1430 803 1481 τὸν
840 1430 1061 1499 Κύριον.
1107 1430 1214 1481 Καὶ
1255 1429 1411 1480 τοῦτο
1452 1428 1708 1505 ἐξήταζον
1752 1430 1849 1499 μὲν

292 1519 648 1590 πρεσϐύτεροι
684 1520 779 1570 καὶ
810 1520 1039 1571 διάκονοι
1073 1518 1438 1581 συνοικοῦντες
1493 1521 1695 1582 αὐτοῖς,
1753 1522 1851 1572 ὲπ-

296 1611 557 1677 ἀνέφερον
584 1609 637 1660 δὲ
669 1613 780 1672 τοῖς
825 1610 1271 1678 χωρεπισκόποις,
1320 1609 1389 1670 οῖ,
1438 1610 1534 1671 τὰς
1565 1609 1709 1679 παρά
1742 1608 1851 1663 τῶν

292 1701 561 1769 ἀληθινῶς
627 1700 1039 1770 μαρτυρούντων
1100 1700 1378 1768 δεξάμενοι
1448 1700 1694 1770 ψήφους,
1761 1703 1853 1756 καὶ

1924 812 2153 865 suetndo
2186 810 2438 864 Ecclesia:
2469 808 2744 860 ministros
2773 805 2920 859 omni
2956 805 3229 874 diligentia
3277 804 3473 873 proba-

1926 907 2010 952 tos
2039 898 2387 957 admittebat;
2421 911 2484 949 ac
2527 896 2579 948 in
2618 909 2829 948 omnem
2860 909 3045 947 eorum
3098 894 3259 945 vitam
3292 893 3475 945 sedqu

1924 983 2296 1052 inquirebatur
2334 1000 2346 1036 :
2383 997 2451 1035 an
2499 998 2605 1036 nou
2652 990 2839 1035 essent
2890 981 3181 1042 maledici,
3234 996 3335 1050 an.
3367 996 3477 1035 non

1924 1071 2149 1131 ebriosi,
2179 1086 2245 1122 an
2280 1086 2387 1123 non
2424 1070 2654 1139 prompti
2686 1070 2749 1122 ad
2782 1084 3009 1139 pugnas,
3039 1084 3104 1122 an
3137 1069 3474 1137 juventutem

1925 1174 2076 1212 suam
2112 1159 2419 1221 frenarent,
2477 1161 2547 1211 ita
2598 1167 2659 1211 ut
2712 1160 3158 1219 sanctimoniam,
3201 1160 3315 1211 sine
3372 1172 3475 1225 qua

1926 1245 2092 1298 Deum
2147 1260 2305 1298 nemo
2351 1244 2556 1299 videbit
2612 1249 2657 1308 ',
2697 1260 2948 1299 exercere
3003 1253 3243 1313 possent.
3303 1251 3478 1311 Atque

1926 1338 2027 1389 hoc
2080 1336 2459 1387 examinabant
2500 1334 2717 1403 quidem
2772 1335 3067 1404 presbyteri
3123 1342 3173 1387 et
3228 1334 3475 1392 diaconi,

1924 1425 2018 1493 qui
2060 1439 2164 1476 una
2209 1438 2334 1476 cum
2382 1423 2516 1491 ipsis
2564 1423 2919 1477 habitabant:
2957 1424 3261 1477 referebant
3299 1431 3476 1474 autent

1926 1512 1993 1566 ad
2023 1514 2458 1582 cborepiscopos,
2498 1514 2588 1581 qui
2622 1528 2744 1565 cum
2776 1513 3032 1581 sun‘ragia
3064 1513 3276 1566 testium
3318 1528 3474 1565 vera-

1924 1606 2067 1655 clum
2101 1602 2465 1669 accepissent,
2498 1614 2561 1653 ac
2580 1602 2895 1668 episcopum
2931 1600 3360 1660 admonuissent,
3392 1598 3471 1650 sic

1926 1698 2260 1745 sacratorum
2294 1704 2520 1743 numero
2575 1690 2878 1743 ministrum
2924 1690 3285 1743 hSCl‘ibealll.
3322 1686 3477 1739 Nunc

293 1791 706 1860 ὕπομνήσαντες
729 1791 818 1841 τὸν
852 1790 1162 1851 ἐπίσκοπον,
1184 1790 1353 1852 οὓτως
1401 1790 1722 1860 ὲνηρίθμουν
1762 1791 1851 1842 τὸν
1877 1796 1961 1858 Ba

1806 1798 1851 1842 δν
1877 1789 2110 1858 Bautem
2145 1782 2375 1850 primum
2419 1779 2633 1848 quidem
2684 1795 2784 1833 nos
2808 1780 3175 1837 excludentes,
3210 1793 3271 1829 ac
3302 1792 3366 1830 nc
3395 1792 3478 1829 rc-

297 1880 576 1949 ὐπηρέτην
604 1878 680 1948 τῷ
711 1880 951 1948 τάγματι
982 1880 1087 1931 τῶν
1124 1880 1435 1947 ίερατικῶν.
1642 1880 1754 1931 Νῦν
1794 1879 1850 1930 δὲ

295 1970 513 2038 πρῶτον
565 1970 682 2039 μὲν,
714 1973 855 2039 ἡμᾶς
884 1971 1289 2039 παρωσάμενοι,
1334 1971 1424 2022 καὶ
1474 1971 1605 2038 μηδὲ
1653 1973 1851 2022 ἐπανα-

296 2057 485 2125 φέρειν
528 2060 656 2126 ἡμῖν
705 2059 1136 2127 καταδεχόμενοι,
1188 2060 1265 2119 είς
1310 2060 1534 2121 ἑαυτοὺς
1584 2060 1681 2128 τὴν
1724 2057 1851 2125 ὃλην

296 2147 689 2212 περιεστήσατε
726 2146 1039 2198 αῦθεντίαΨ
1071 2147 1278 2209 ἔπειτα,
1309 2145 1853 2215 καταρῤᾳθυμοῦντες

293 2230 392 2282 τοῦ
437 2232 774 2302 πράγματος,
812 2234 1196 2302 πρεσϐυτέροις
1223 2237 1314 2287 καὶ
1342 2235 1603 2295 διακόνοις
1633 2233 1853 2301 ἐπετρὲ-

293 2321 457 2388 ψατε,
485 2320 575 2383 οὓς
616 2322 681 2373 ἂν
710 2322 960 2375 ἐθέλωσιν
1004 2324 1108 2375 ἀπὸ
1161 2325 1507 2389 ἁνεξετάστου
1550 2324 1685 2392 βίου,
1716 2326 1852 2376 κατά

296 2410 690 2476 προσπάθειαν,
721 2412 753 2478 ἢ
784 2412 877 2479 τὴν
911 2414 1016 2463 ἀπὸ
1052 2415 1385 2478 συγγενείας,
1416 2414 1445 2481 ἢ
1480 2414 1577 2481 τὴν
1606 2413 1665 2475 ἐξ
1691 2414 1852 2481 ἄλλης

293 2499 442 2559 τινὸς
468 2500 667 2566 φιλίας,
690 2502 995 2568 ἐπεισάγειν
1021 2505 1084 2570 τῇ
1124 2501 1411 2571 Ἐκκλησία
1436 2504 1559 2564 τοὺς
1582 2502 1846 2567 ἀναξίους.

299 2572 396 2625 Διὸ
432 2572 609 2623 πολλοὶ
648 2573 743 2640 μὲν
774 2574 1036 2642 ὑπηρέται
1079 2575 1430 2645 ἀριθμοῦνται
1470 2581 1587 2631 καθ’
1618 2582 1847 2647 ἑκάστην

298 2656 513 2727 κώμην,
544 2660 689 2724 ἄξιος
725 2661 780 2713 δὲ
816 2662 1149 2731 λειτουργίας
1183 2666 1273 2717 τοῦ
1318 2666 1697 2736 θυσιαστηρίου
1730 2668 1845 2718 οὐδὲ

298 2744 385 2809 εἷς
420 2787 437 2811 ,
610 2750 685 2811 ὡς
730 2751 883 2818 ὑμεῖς
932 2754 1081 2805 αὐτοὶ
1137 2759 1477 2825 μαρτυρεῖτε,
1525 2757 1848 2828 ἀποροῦντες

299 2838 509 2915 ἀνδρῶν
526 2840 583 2891 ὲν
607 2844 723 2902 ταῖς
736 2842 1114 2911 ψηφοφορίαις.
1144 2846 1290 2897 Ἐπεὶ
1307 2842 1396 2898 οὖν
1412 2848 1520 2915 ὁρῶ
1534 2848 1593 2900 τὸ
1620 2850 1766 2918 πρᾶγ
1775 2865 1847 2915 μα

300 2927 484 2981 λοιπὸν
542 2932 620 2991 εἰς
677 2931 968 2998 ἀνήκεστον
1024 2933 1240 3001 προῖὸν,
1302 2936 1532 3003 μάλιστα
1576 2936 1692 2999 νῦν,
1742 2937 1847 2988 τῶν

300 3014 565 3069 πλείστων
600 3019 746 3088 φόϐῳ
777 3021 873 3089 τῆς
908 3023 1286 3091 στρατολογίας
1315 3026 1691 3077 είσποιούντων
1720 3028 1846 3078 ἑαυο

1931 1871 2072 1925 i'erre
2093 1871 2310 1939 quidem
2339 1870 2405 1921 ad
2434 1884 2533 1922 nos
2555 1868 2776 1937 dignati,
2805 1883 3016 1919 omnem
3046 1868 3097 1919 in
3128 1869 3481 1933 vosmetipsos

1936 1959 2309 2013 auctoritatem
2335 1958 2687 2011 transtulistis
2718 1975 2730 2010 :
2757 1957 2949 2011 deinde
2987 1972 3093 2009 rem
3129 1957 3478 2023 negligentes,

1931 2048 2256 2118 presbyteris
2308 2058 2361 2101 et
2392 2047 2635 2100 diaconis
2666 2046 3005 2114 permisistis,
3033 2054 3085 2097 ut
3110 2060 3245 2111 quos
3268 2045 3479 2103 vellent,

1934 2137 2042 2189 vita
2082 2152 2189 2191 non
2229 2137 2556 2200 examinata,
2592 2134 2888 2187 sei-titulum
2931 2136 3092 2185 animi
3122 2135 3477 2189 allec-tionem.

1932 2236 2026 2280 aut
2063 2242 2130 2281 ex
2182 2226 2657 2293 consanguinitate
2705 2234 2898 2288 ortam,
2950 2234 3041 2277 aut
3074 2239 3137 2276 ex
3168 2225 3268 2275 alia
3305 2224 3480 2289 aliqua

1932 2317 2202 2378 amicitia,
2265 2318 2317 2368 in
2390 2316 2684 2368 Ecclesium
2749 2315 2995 2382 indignos
3058 2312 3480 2367 introducerent.

1934 2406 2274 2473 Quapropter
2322 2406 2474 2456 multi
2522 2406 2735 2472 quidem
2787 2404 3018 2456 ministri
3072 2402 3122 2453 in
3159 2415 3480 2468 unoquoque

1932 2511 2067 2565 pago
2100 2504 2450 2547 numerantur
2488 2513 2499 2546 :
2539 2494 2628 2547 sed
2656 2495 2849 2563 dignus
2882 2493 3181 2547 ministerio
3232 2492 3476 2545 altarium

1946 2596 2013 2633 ne
2046 2598 2184 2635 unus
2230 2585 2468 2652 quidem,
2510 2594 2565 2637 ut
2614 2602 2707 2639 vos
2743 2587 2842 2654 ipsi
2890 2579 3278 2647 testiﬁcainini,
3312 2582 3482 2633 homi-

1950 2686 2075 2723 num
2124 2676 2347 2740 penuria
2394 2676 2701 2729 laborantes
2732 2676 2784 2728 in
2819 2676 3193 2729 electiunibus.
3227 2669 3489 2733 Quoniam

1950 2760 2112 2828 igitur
2140 2762 2290 2817 video
2312 2779 2424 2817 rem
2451 2766 2502 2817 in
2537 2766 2733 2818 malum
2756 2766 2866 2832 jam
2896 2762 3195 2816 insanabile
3222 2756 3489 2828 progredi,

1950 2866 2094 2903 nunc
2117 2856 2430 2919 praesertim,
2461 2869 2579 2907 cum
2614 2855 2829 2921 plurimi
2861 2852 3067 2906 militia:
3092 2858 3258 2909 metu,
3287 2848 3494 2914 seipses

1951 2940 2003 2993 in
2054 2942 2409 2997 ministerium
2464 2945 2785 3012 conjiciant,
2833 2943 3140 2997 necessario
3185 2938 3390 2991 accessi
3424 2936 3490 2987 ad

1948 3026 2165 3081 Patrum
2215 3045 2447 3085 canones
2493 3030 2862 3095 renovandos;
2901 3044 2963 3081 ac
3000 3028 3152 3079 vobis
3194 3024 3393 3083 scribo,
3437 3028 3495 3073 ut

298 3104 426 3164 τοὺς
451 3107 514 3173 τῇ
550 3106 834 3177 ὑπηρεσίᾳ,
876 3110 1184 3177 ἀναγκαίως
1220 3107 1381 3180 ἦλθον
1421 3115 1499 3176 είς
1527 3114 1590 3165 τὸ
1618 3114 1851 3165 ἀνανεώ-
1880 3135 1923 3191 (ς
1950 3134 1970 3171 ι

1828 3117 2181 3191 -cmittatis
2236 3119 2367 3171 mihi
2427 3120 2726 3188 catalogum
2793 3118 3163 3171 ministrorum
3232 3112 3498 3178 cujusque

300 3192 497 3243 σασθαι
523 3194 647 3255 τοὺς
694 3196 800 3247 τῶν
830 3198 1087 3267 Πατέρων
1133 3202 1392 3264 κανόνας·
1426 3204 1519 3255 καὶ
1558 3204 1851 3256 ἐπιστέλλω

301 3279 430 3347 ὑμῖν
462 3282 768 3335 ἀποστεῖλαί
800 3303 888 3353 μοι
917 3285 1014 3356 τὴν
1042 3289 1362 3360 ἀναγραφὴν
1390 3292 1623 3361 ἑκάστης
1660 3292 1850 3363 κώμης

298 3368 411 3420 τῶν
438 3370 861 3441 ὑπηρετούντων,
896 3376 991 3428 καὶ
1021 3378 1125 3430 ὑπὸ
1149 3378 1291 3442 τίνος
1320 3381 1565 3449 εἰσῆκται
1596 3382 1847 3444 ἕκαστος,

303 3460 398 3508 καὶ
428 3461 484 3510 ὲν
524 3461 659 3530 ποίῳ
689 3462 786 3532 βίῳ
832 3466 994 3519 ἐστίν.
1054 3468 1242 3537 Ἔχετε
1283 3470 1339 3522 δὲ
1384 3473 1476 3524 καὶ
1524 3473 1676 3525 αὐτοὶ
1723 3476 1851 3543 παρ’

302 3547 514 3611 ἑαυτοῖς
534 3551 629 3621 τὴν
658 3554 993 3624 ἀναγραφὴν,
1027 3556 1163 3610 ὥστε
1188 3561 1569 3629 συγκρίνεσθαι
1589 3566 1700 3625 τοῖς
1723 3565 1850 3632 παρ’

300 3636 435 3701 ἡμῖν
460 3638 832 3708 ἀποκειμένοις
851 3646 1134 3713 γράμμασι
1164 3646 1231 3697 τά
1258 3647 1514 3717 ὑμέτερα,
1542 3650 1637 3701 καὶ
1664 3652 1853 3719 μηδενὶ

301 3722 502 3787 ιξεῖναι
534 3727 741 3791 ἑαυτὸν,
789 3731 875 3783 ὅτε
916 3731 1179 3800 βούλεται,
1230 3737 1656 3805 παρεγγράφειν.
1698 3738 1853 3790 Οῦτω

304 3812 507 3882 μέντοι,
544 3817 679 3884 μετά
720 3820 817 3889 τὴν
863 3820 1085 3891 πρώτην
1132 3824 1448 3892 ἐπινέμησιν
1495 3827 1547 3877 εἷ
1578 3844 1719 3888 τινες
1752 3828 1853 3880 ὑπὸ

300 3902 684 3974 πρεσϐυτέρων
714 3908 1060 3978 εἰσήχθησαν,
1096 3911 1182 3962 ἐπὶ
1214 3913 1338 3975 τοὺς
1377 3913 1595 3977 λαῖκοὺς
1621 3916 1848 3985 ἀπορρι-

299 3990 495 4059 φῶσιν.
537 3994 771 4047 ’Δνωθεν
812 3998 867 4049 δὲ
914 3998 1133 4067 γένηται
1173 4001 1347 4054 αὐτῶν
1390 4006 1514 4072 παρ’
1578 4004 1729 4074 ὑμῶν
1766 4006 1851 4069 ἐξ·

298 4080 484 4144 έτασις
504 4099 517 4111 ο
550 4084 649 4135 κάν
684 4086 781 4154 μὲν
812 4087 948 4152 ἀξιοι
981 4081 1103 4151 ὦσι,
1129 4092 1193 4160 τῇ
1224 4090 1460 4160 ὑμετέρα
1487 4092 1648 4161 ψήφῳ
1678 4110 1853 4164 παρα-

294 4168 641 4238 ἅχθὴκωσαν
724 4174 1171 4244 Ἐπικαθαρίσατε
1377 4179 1476 4248 τὴν
1508 4181 1850 4250 Ἐκκλησίαν,

295 4260 427 4322 τοὺς
471 4262 719 4327 ἀναξίους
763 4264 930 4333 αὐτῆς
974 4266 1370 4332 ἀπελάσαντες,
1400 4267 1617 4321 καὶτοῦ
1673 4270 1857 4322 λοιποῦ

296 4349 580 4413 ἐξετάζετε
759 4354 855 4422 μὲν
874 4355 996 4417 τοὺς
1023 4355 1201 4419 ἀξίους
1228 4358 1319 4409 καὶ
1347 4356 1712 4426 παραδέχεσθε
1734 4376 1746 4388 ·
1783 4361 1856 4429 μὴ

1951 3207 2094 3275 βδεῖ»
2122 3218 2175 3261 et
2198 3223 2229 3261 a
2257 3223 2364 3277 quo
2388 3208 2617 3278 quisque
2825 3205 3166 3260 introductus
3189 3203 3278 3265 sit,
3304 3209 3357 3253 et
3378 3214 3499 3268 qua:

1950 3296 2072 3363 ejus
2120 3298 2192 3352 sit
2229 3297 2442 3351 vivendi
2483 3298 2637 3351 ratio.
2676 3294 2879 3350 Habete
2928 3303 3105 3348 autem
3138 3299 3191 3346 et
3218 3289 3321 3359 ipsi
3357 3286 3498 3357 apud

1952 3401 2047 3441 vos
2072 3387 2394 3455 catalogum,
2424 3397 2482 3439 ut
2511 3401 2633 3440 cum
2659 3386 2878 3455 scriptis
2911 3384 3050 3453 apud
3103 3396 3203 3436 nos
3244 3377 3500 3447 repositis

1952 3485 2131 3529 vestra
2180 3476 2549 3542 conlerantur,
2586 3492 2685 3532 nec
2733 3477 2983 3545 cuiquam
3023 3474 3182 3527 liceat
3234 3471 3499 3537 seipsum,

1954 3579 2075 3617 cum
2109 3566 2362 3629 voluerit,
2396 3566 2711 3621 inscribere.
2738 3563 2816 3618 lta
2841 3579 2995 3627 sane,
3037 3563 3083 3616 si
3115 3560 3206 3629 qui
3233 3568 3353 3627 post
3388 3558 3500 3626 pri-

1953 3668 2096 3705 inam
2131 3653 2477 3708 indictionem
2508 3669 2538 3707 a
2571 3654 2898 3722 presbyteris
2938 3649 3231 3705 introducti
3276 3647 3504 3709 fuerint,

1952 3740 2091 3793 inter
2132 3741 2297 3796 laicos
2336 3742 2671 3811 rejiciantur.
2715 3740 2911 3795 Eorum
2958 3749 3135 3795 autem
3174 3753 3400 3795 examen
3436 3736 3502 3789 de

1956 3830 2165 3898 integro
2194 3831 2438 3899 repetite,
2468 3840 2520 3885 et
2551 3833 2595 3884 si
2626 3832 2771 3901 digni
2800 3832 3021 3895 fuerint,
3046 3828 3301 3896 suffragio
3324 3836 3504 3885 vestro

1956 3919 2343 3986 suscipiantur.
2396 3920 2697 3991 Expurgate
2747 3921 3077 3980 Ecclesiam,
3133 3918 3381 3985 indignos
3436 3929 3505 3969 cx

1954 4022 2015 4061 ea
2036 4008 2335 4076 ejicicntes.
2359 4011 2532 4079 Atque
2554 4011 2607 4063 in
2639 4019 2911 4080 posterum
2939 4010 3237 4062 examinate
3264 4007 3499 4073 quidem,

1954 4098 2047 4166 qui
2090 4098 2238 4169 digni
2277 4101 2420 4165 sint,
2460 4110 2512 4154 et
2548 4116 2643 4153 eos
2692 4098 2955 4152 admittite.
2997 4117 3009 4152 :
3051 4098 3144 4153 scd
3196 4098 3345 4164 prius
3398 4108 3503 4147 non

1957 4187 2236 4250 ascribite,
2272 4204 2432 4256 quam
2467 4188 2533 4241 ad
2571 4202 2672 4241 nos
2702 4188 3031 4252 retuleritis;
3069 4195 3160 4239 aut
3188 4186 3377 4238 scitote
3407 4184 3509 4235 lai-

1965 4289 2086 4328 cum
2115 4276 2356 4329 futurum
2382 4292 2525 4339 esse,
2556 4278 2646 4345 qui
2676 4278 2792 4331 sine
2824 4287 3012 4331 nostro
3036 4276 3239 4346 judicio
3264 4276 3315 4327 in
3348 4273 3506 4327 mini-

1964 4367 2185 4419 sterium
2213 4366 2372 4420 fuerit
2400 4367 2689 4421 admissus.

295 4441 580 4511 ἀριθμεῖτε
615 4446 669 4497 δὲ
700 4447 826 4515 πρὶν
871 4449 948 4507 είς
985 4450 1129 4518 ἡμᾶς
1175 4452 1583 4519 ἐπανενεγκεῖν·
1619 4453 1652 4519 ἢ
1697 4454 2007 4524 γινώσκετε,
2041 4461 2122 4512 ὅτι
2187 4460 2368 4522 λαίκὸς
2404 4461 2553 4512 ἔσται
2615 4463 2644 4511 ὁ
2704 4462 2830 4514 ἄνευ
2859 4460 3130 4528 ἡμετέρας
3158 4457 3377 4527 γνώμης
3426 4455 3505 4519 εις

298 4536 600 4605 ὑπηρεσίαν
630 4539 1003 4610 παραδεχθείς.

348 4636 548 4691 ΒΔΔΣ.
580 4636 734 4700 Τίνες
760 4633 899 4707 ἦσαν
926 4638 975 4691 oi
998 4640 1428 4710 χωριπίσκοποι,
1454 4640 1549 4694 καὶ
1568 4639 1691 4693 τίνα
1711 4639 1857 4711 εἶχον
1892 4645 1936 4700 D

1892 4645 1936 4700 D
2036 4642 2230 4697 BALS.
2262 4643 2491 4710 Quinam
2522 4651 2679 4697 erant
2726 4642 3136 4713 ehorepiscopi,
3186 4654 3240 4697 et
3289 4660 3539 4715 quaenam

269 4730 485 4791 δέκαια,
527 4727 742 4797 εῐρηται
773 4728 852 4791 είς
886 4728 980 4781 τὸν
1012 4729 1073 4779 ιδ’
1106 4729 1303 4781 κανόνα
1333 4729 1431 4797 τῆς
1466 4732 1523 4782 ἐν
1554 4730 1858 4784 Νιοκαισα-

279 4819 404 4889 ρεία
431 4819 666 4877 συνόδου,
683 4821 776 4872 καὶ
800 4820 879 4881 εις
902 4820 993 4873 τὸν
1021 4818 1082 4873 ιδ’
1102 4821 1304 4874 κανόνα
1326 4821 1427 4889 τῆς
1445 4823 1501 4871 ὲν
1519 4821 1821 4893 Ἀντιοχείᾳ
1844 4838 1857 4852 ·

275 4910 371 4961 καὶ
413 4911 500 4962 διὰ
528 4909 687 4963 τοῦτο
720 4910 951 4965 ἐνταῦθα
988 4911 1242 4981 περιττὸν
1278 4912 1529 4983 ἐλογίσθη
1575 4932 1664 4981 μοι
1701 4913 1862 4984 χάριν

270 5000 390 5050 τῶν
432 5000 611 5052 αὐτῶν
655 5001 1030 5068 παλιλλογεῖνν
1072 5002 1166 5054 καὶ
1217 5000 1419 5073 μᾶλλον
1452 5004 1534 5055 ὅτι
1578 5003 1645 5055 τά
1690 5006 1747 5054 ἐν
1795 5007 1859 5073 τῇ

273 5090 538 5161 παρούσῃ
587 5092 845 5162 ἐπιστολῇ
897 5096 1261 5163 περιεχόμενα
1313 5096 1477 5164 χάριν
1528 5096 1636 5147 τῶν
1687 5113 1861 5163 χοιρε-

272 5180 571 5233 πιτκόπων
606 5184 906 5253 ἐσχόλασαν
937 5184 1220 5247 παντελῶς
1243 5225 1258 5248 ,
1290 5186 1383 5237 καὶ
1420 5187 1619 5247 πάντες
1649 5188 1697 5237 οἱ
1735 5186 1865 5254 κλη-

276 5272 428 5342 ρικοὶ
464 5274 614 5340 παρὰ
643 5275 751 5327 τῶν
776 5277 1091 5329 ἐπισκόπων
1121 5278 1365 5345 γίνονται
1401 5280 1540 5330 κατα
1575 5279 1744 5347 μόνην
1776 5280 1863 5330 δο-

276 5366 549 5435 κιμασίαν
579 5366 783 5423 αὐτῶν.

356 5462 606 5517 ΖΩΝΔΡ.
642 5464 893 5518 Δίτιᾶται
923 5466 999 5535 (α)
1031 5467 1059 5518 ὁ
1088 5467 1259 5535 μέγας
1284 5465 1559 5527 Βασίλειος
1590 5466 1714 5526 τοὺς
1743 5465 1871 5517 ὑπο-

280 5559 578 5627 κειμένους
622 5556 771 5628 αὐτῴ
820 5558 1295 5627 χωρεπισκόπους,
1343 5557 1417 5621 ὡς
1476 5557 1599 5610 καθ’
1641 5558 1872 5621 ἑαυτοὺς

359 5676 376 5707 ⁸
407 5674 580 5732 Hebr.
614 5692 710 5742 xtl,
732 5677 818 5733 14.

1958 4736 2083 4804 jura
2113 4736 2379 4790 habebant
2412 4777 2425 4799 ,
2475 4736 2676 4789 dictum
2719 4745 2805 4789 est
2853 4737 2906 4788 in
2959 4750 3169 4790 canone
3229 4736 3294 4790 ιι
3351 4740 3539 4810 synodi

1963 4828 2386 4886 Neocaesarianao
2413 4841 2469 4887 et
2507 4832 2561 4887 in
2595 4846 2717 4885 can.
2760 4832 2826 4886 10
2870 4832 3120 4886 Antioch.
3154 4848 3273 4903 syu.
3321 4844 3375 4888 et
3420 4833 3543 4888 ideo

1965 4923 2053 4977 hic
2082 4922 2210 4977 mihi
2240 4937 2699 4991 supervacaneum
2735 4923 2905 4977 visum
2940 4934 3024 4977 est
3052 4924 3238 4978 eadem
3275 4938 3537 4992 repetere;

1964 5024 2019 5067 ct
2048 5027 2111 5067 eo
2151 5014 2343 5081 magis,
2374 5014 2542 5081 quod,
2574 5028 2692 5081 qua:
2730 5013 2784 5067 in
2812 5016 3062 5083 praesenti
3108 5016 3335 5079 epistola
3371 5020 3546 5071 conti-

1962 5114 2159 5160 nentur
2187 5108 2255 5159 de
2293 5105 2699 5174 chorepiscopis
2724 5144 2740 5170 ,
2783 5106 3004 5160 omnino
3053 5106 3441 5171 exoleverunt,
3490 5118 3545 5164 ct

1964 5212 2153 5252 omnes
2184 5196 2362 5253 clerici
2406 5198 2542 5252 ﬁunt
2572 5198 2639 5253 ab
2662 5196 2928 5267 episcopis
2956 5198 3065 5253 sola
3119 5199 3358 5269 ipsorum
3420 5217 3545 5271 pro-

1966 5288 2203 5342 batioue.

2044 5467 2298 5523 ZONAR.
2353 5470 2579 5545 Magnus
2651 5472 2882 5528 Basilius
2949 5476 3371 5545 chorepiscopos
3440 5473 3543 5531 sibi

1974 5560 2246 5629 subjectos
2283 5562 2650 5631 reprehendit,
2679 5567 2824 5635 quod
2852 5580 2948 5637 per
2986 5567 3195 5638 selpsos
3244 5566 3547 5623 constitue-

351 5771 426 5833 (α)
450 5770 594 5833 Apud
614 5769 942 5835 Beveregium
968 5772 1016 5821 ln
1042 5767 1174 5841 uotis
1204 5782 1268 5821 ex
1303 5768 1472 5819 codice
1502 5766 1907 5822 Amerbachiauo.
1940 5766 2075 5818 Enr.
