4234 6450
705 398 809 463 831

1975 404 2251 469 THEOD.
2284 406 2377 465 BA
2390 406 2690 468 LSAMON

3868 409 3975 471 832

713 491 818 544 rint
851 492 1153 558 ministros,
1172 502 1225 548 et
1248 497 1692 552 consuetudinem
1727 498 2104 566 transiliertnt,
2127 515 2287 569 quam

2396 500 2772 563 καθιστῶντας
2798 500 3100 571 ὑπηρέτας,
3131 500 3224 554 καὶ
3257 502 3357 570 τὴν
3384 499 3672 568 συνήθειαν
3700 498 3978 567 παρασαί-

715 584 1026 641 obtinuisse
1063 587 1225 652 dicit,
1251 598 1309 642 ut
1335 589 1408 643 illi
1446 605 1540 658 per
1576 591 1994 661 cliorepiscopos
2052 592 2289 662 episcopi

711 679 981 733 sententia
1012 678 1204 733 tierent
1227 697 1240 734 :
1265 690 1319 737 et
1355 682 1407 735 in
1438 692 1711 750 posterum
1741 699 1975 739 canones
2000 684 2288 738 instaurari

703 768 875 835 jubet,
916 771 1032 825 sive
1063 782 1180 840 post
1241 775 1472 842 primam
1533 775 1879 846 ἐπινέμησιν.
1936 776 2294 846 Ἐπινέμησιν

710 866 887 910 autem
923 858 1271 915 indictionem
1321 866 1481 917 vocat
1511 880 1525 917 :
1561 874 1610 917 et
1670 865 1821 933 ipsos
1849 866 2066 935 quidem
2101 865 2292 935 dignos

710 947 986 1017 inquirere
1016 960 1070 1006 et
1104 956 1422 1020 approbare,
1458 970 1560 1009 non
1592 965 1770 1010 autem
1818 973 1913 1012 eos
1948 959 1998 1012 in
2032 957 2177 1011 clero
2203 973 2296 1012 or-

715 1039 928 1104 dinare,
958 1042 1062 1095 nisi
1092 1042 1157 1095 ad
1185 1043 1358 1109 ipsum
1394 1046 1540 1113 prius
1573 1044 1851 1106 referant.
1904 1062 2024 1115 qua:
2073 1048 2140 1102 ad
2200 1062 2295 1102 eos

715 1138 979 1198 spectant.
1015 1133 1118 1187 Eos
1152 1142 1357 1197 autem,
1391 1137 1480 1204 qui
1518 1136 1597 1189 sic
1647 1153 1751 1189 non
1808 1138 2131 1192 ordinantur
2158 1178 2173 1204 ,
2225 1138 2292 1192 ad

712 1223 879 1278 laicos
901 1238 959 1279 se
993 1227 1341 1300 detrusnrum
1370 1229 1751 1286 comminatur.
1778 1231 1967 1286 Utrum
2012 1233 2133 1289 talis
2190 1234 2293 1288 ita-

711 1324 815 1378 que
839 1320 967 1365 tunc
997 1316 1261 1383 temporis
1288 1319 1620 1371 consuetudo
1651 1319 1949 1383 obtinebat,
2028 1338 2109 1374 tne
2140 1324 2291 1378 latet.

715 1403 1028 1471 llujusmodi
1060 1418 1237 1459 autem
1275 1423 1447 1462 canon
1479 1409 1532 1463 in
1557 1411 1776 1477 synodis
1801 1427 1866 1466 eo
1894 1414 2294 1479 antiquioribus

719 1508 824 1547 non
857 1495 1167 1565 invenitur;
1207 1501 1301 1555 sed
1348 1504 1526 1570 potius
1566 1504 1804 1557 decimus
1868 1508 2053 1575 synodi
2102 1508 2295 1561 Aulio-

715 1588 921 1655 cltenre,
961 1606 1082 1657 qum
1112 1604 1302 1648 sancto
1336 1595 1435 1648 hoc
1468 1594 1627 1648 Patre
1659 1597 1939 1662 antiquior
1976 1606 2057 1649 est
2081 1638 2096 1658 ,
2123 1612 2293 1651 canon

714 1678 1116 1749 cltorepiscopis
1140 1694 1193 1737 et
1222 1684 1603 1742 subdiaconus.
1643 1687 1731 1754 qui
1768 1686 1997 1740 ministri
2022 1689 2183 1741 etiam
2216 1689 2299 1742 di-

719 1779 937 1837 cuntur,
968 1783 1020 1827 et
1054 1772 1284 1829 lectores
1319 1785 1372 1830 et
1408 1778 1709 1832 exorcistas
1746 1779 2079 1832 constituere
2108 1794 2299 1835 conce-

716 1864 828 1928 dit;
861 1864 1106 1919 decernit
1140 1878 1318 1922 autem
1352 1885 1421 1923 ne
1459 1870 1757 1939 presbyteri
1789 1881 1843 1923 et
1869 1872 2077 1925 diaconi
2109 1888 2137 1925 a
2165 1874 2296 1927 clto-

714 1954 1407 2024 repiscopismrdinentur,
1452 1961 1557 2014 nisi
1600 1962 1835 2030 episcopi
1888 1965 2149 2017 sententia
2209 1966 2295 2019 cui

715 2044 1099 2111 subjiciuntur.
1137 2048 1241 2101 Sed
1273 2050 1516 2106 decimus
1546 2062 1770 2120 quartus
1794 2055 1983 2123 synodi
2018 2053 2296 2109 Neocaesa-

718 2134 909 2191 riensis
956 2152 1128 2192 canon
1189 2143 1611 2213 cliorcpiscoltos
1684 2154 1868 2215 typum
1954 2149 2293 2218 septuaginta

716 2230 1088 2299 apostolorum
1111 2247 1301 2300 gerere
1342 2236 1493 2291 dicit.

2396 608 2609 659 νοντας,
2636 594 2703 663 ἦν
2727 593 2877 661 λέγει
2909 593 3208 662 κρατῆσαι,
3240 592 3381 645 ὥστε
3412 591 3607 663 γνώμῃ
3636 590 3730 645 τοῦ
3755 594 3983 646 ἐπισκό-

2396 700 2499 735 που
2528 684 2778 751 γίνεσθαι
2815 686 2967 752 παρά
3004 685 3111 737 τῶν
3137 685 3573 755 χωρεπισκόπων
3608 683 3843 751 αὐτοὺς,
3878 684 3977 737 καὶ

2395 776 2491 828 τοῦ
2523 775 2710 827 λοιποῦ
2744 776 3086 831 ἀνανεῶσθαι
3113 778 3241 838 τοὺς
3274 776 3507 839 κανόνας
3533 776 3777 839 ἀπαιτεῖ,
3805 776 3981 846 ἤγουν

2398 868 2538 935 μετά
2579 867 2678 936 τὴν
2722 867 2948 937 πρώτην
2978 869 3320 937 ἐπινέμησιν.
3377 867 3734 938 Ἐπινόμησιν
3778 866 3835 920 δι
3880 865 3983 936 τὴν

2398 958 2631 1010 ίνδικτον
2713 958 2895 1027 λέγει,
2951 960 3043 1013 καὶ
3102 961 3298 1021 αὐτοὺς
3355 961 3455 1029 μὲν
3520 956 3799 1024 ἐξετάζειν
3850 957 3981 1013 τοὺς

2395 1048 2603 1113 ἀξίους,
2630 1050 2724 1101 καὶ
2754 1051 3178 1121 παραδίχεσθαι,
3208 1052 3283 1119 μὴ
3310 1051 3669 1107 κατατάττειν
3688 1051 3745 1104 δέ
3774 1050 3981 1115 αὐτοὺς

2396 1141 2455 1193 ἐν
2485 1140 2563 1211 τῷ
2590 1141 2797 1211 κλήρῳ,
2834 1144 2881 1195 εί
2912 1142 2989 1212 μὴ
3018 1143 3340 1213 ἀναφέροιεν
3369 1144 3438 1196 τά
3471 1144 3599 1211 περὶ
3625 1141 3807 1197 αὐτῶν
3838 1140 3982 1211 πρὸς

2398 1233 2581 1287 αὐτόν.
2624 1234 2766 1296 τοὺς
2795 1234 2853 1285 δέ
2895 1234 2970 1303 μὴ
3016 1234 3162 1289 οὕτω
3191 1236 3601 1303 καταταγέντας
3642 1234 3862 1288 ἀπειλεῖ
3900 1232 3983 1293 είς

2396 1326 2523 1388 τοὺς
2587 1325 2810 1388 λαϊκοὺς
2874 1326 3215 1390 ἐξωθεῖσθαι.
3275 1328 3333 1380 Et
3402 1328 3503 1393 μὲν
3559 1322 3654 1379 οῦν
3713 1325 3981 1393 συνήθεια

2399 1415 2622 1482 ἐκράτει
2646 1418 2770 1470 τότε
2796 1418 3042 1488 τοιαύτη,
3066 1419 3166 1472 οὐκ
3190 1418 3305 1473 οἴδα
3323 1434 3335 1449 ’
3362 1417 3543 1471 κανὼν
3568 1418 3624 1472 δέ
3652 1417 3899 1479 τοιοῦτος
3925 1418 3993 1468 ἐν

2398 1510 2519 1569 ταῖς
2558 1511 3018 1579 προγενεστέραις
3049 1509 3263 1563 ἐκείνου
3300 1510 3538 1571 συνόδοις
3572 1509 3671 1578 οὐχ
3702 1508 3943 1577 εὓρηται
3968 1523 3981 1535 ·

2399 1602 2535 1655 ἀλλὰ
2568 1603 2770 1671 μᾶλλον
2799 1605 2828 1657 6
2860 1609 2926 1656 ta'
2958 1601 3137 1655 κανὼν
3165 1602 3268 1669 τῆς
3295 1604 3353 1653 ἐν
3395 1602 3697 1672 Ἀντιοχείᾳ
3730 1601 3983 1661 συνόδιυ,

2402 1694 2770 1761 παλαιοτέρας
2807 1694 2976 1762 οὔσης
3032 1694 3125 1747 τοῦ
3172 1694 3331 1761 ἀγίου
3380 1692 3595 1757 τούτου,
3635 1693 3824 1746 δίδωσι
3871 1690 3984 1752 τοῖς

2400 1785 2839 1855 χωρεπισκόποις
2864 1787 2958 1839 καὶ
2988 1784 3393 1849 ὑποδιακόνους,
3414 1784 3615 1844 οἵτινες
3644 1782 3740 1845 καὶ
3773 1783 3990 1849 ὑπηρε-

2401 1891 2492 1929 ται
2528 1873 2819 1941 λέγονται,
2861 1877 2954 1929 καὶ
3000 1873 3355 1942 ἀναγνώστας
3391 1872 3486 1926 καὶ
3516 1871 3852 1940 ἐφορκιστάς
3889 1888 3991 1923 xa-

2405 1965 2635 2037 θιστᾷνο
2671 1968 3081 2037 πρεσϐυτέρους
3125 1967 3182 2019 δέ
3227 1966 3324 2019 καὶ
3368 1965 3648 2027 διακόνους
3686 1962 3866 2034 ὁρίζει
3915 1961 3991 2032 μὴ

2403 2059 2729 2127 χειροτονεῖν
2760 2058 2888 2121 τοὺς
2918 2057 3393 2128 χωρεπισκόπους,
3447 2055 3497 2108 εί
3552 2056 3627 2126 μὴ
3650 2052 3850 2126 γνώμῃ
3894 2051 3990 2106 τοῦ

2402 2150 2705 2202 ἐπισκόπου
2748 2142 2793 2217 ᾧ
2839 2148 3177 2203 ὑπόκεινται.
3232 2150 3292 2202 Ὀ
3346 2148 3403 2202 δέ
3467 2151 3530 2203 ιδ’
3586 2148 3685 2213 τῆς
3735 2149 3796 2200 ἐν
3847 2147 3991 2200 Neo-

2406 2240 2702 2311 καισαρείᾳ
2747 2241 2967 2295 συνόδου
3010 2240 3196 2295 κανὼν
3242 2240 3415 2295 τύπον
3449 2241 3559 2294 τῶν
3598 2238 3639 2292 ο¹
3670 2239 3993 2293 ἀποστόλων

2406 2334 2626 2402 ἐπέχειν
2668 2334 3126 2404 χωρεπισκόπους
3162 2333 3315 2404 φησί.

737 2525 3967 2564 “MM

1240 2934 1533 3021 ΠΡΟΣ
1597 2938 1890 3025 ΤΟΥΣ
1963 2928 2139 3025 ΥΦ’
2200 2938 2645 3026 ΕΑΥΤΟΝ
2716 2940 3451 3028 ΕΠΙΣΚΟΠΟΥΣ

1741 3121 1923 3175 Ὥστε
1943 3122 2029 3190 μὴ
2074 3124 2433 3192 χειροτονεῖν
2479 3125 2575 3178 ἐπὶ
2627 3125 2954 3193 χρήμασιν.

2035 3473 2179 3583 EJ
2203 3469 2664 3583 USDEM

1386 3718 1532 3805 AD
1614 3716 2254 3808 ICPISCOPOS
2325 3720 2556 3807 SIBI
2637 3718 3303 3813 SUBJECTOS

1794 3919 1887 3981 Ne
1910 3927 2179 3995 propter
2214 3900 2512 3993 pecunias
2563 3918 2874 3979 ordinent.

1155 4170 1558 4243 145οᾹΝοΝ
1583 4176 1719 4232 XCI.

3008 4171 3246 4228 ΚΔΝΩΝ
3279 4170 3398 4240 ex.

799 4276 895 4333 Rei
946 4274 1245 4344 turpitudo,
1298 4275 1364 4326 de
1426 4287 1530 4341 qua
1579 4271 1780 4336 scribo,
1830 4268 1932 4325 ltoc
1989 4269 2104 4339 ipso
2160 4268 2294 4336 quod

2476 4264 2551 4320 Τδ
2604 4263 2705 4318 τοῦ
2779 4264 3106 4336 πράγματος
3183 4264 3408 4329 ἄτοπον,
3466 4262 3613 4344 περὶ.
3649 4258 3711 4317 οῦ
3774 4266 3997 4333 γράφω,

746 4366 798 4421 in
827 4364 1188 4430 suspicionem
1216 4358 1435 4412 omnino
1453 4355 1599 4408 venit
1628 4368 1691 4408 ac
1719 4366 2023 4408 sermonem
2045 4391 2059 4414 ,
2103 4350 2290 4404 dolore

743 4457 979 4509 animum
1030 4466 1207 4506 meum
1238 4448 1522 4517 implevit:
1569 4446 1829 4498 hactenus
1876 4458 2007 4497 sane
2050 4442 2162 4497 visa
2209 4450 2293 4498 est

744 4545 873 4599 mihi
921 4540 1273 4596 incredibilis.
1326 4537 1479 4603 Quod
1529 4550 1659 4604 ergo
1707 4534 1773 4588 de
1820 4535 1907 4586 illa
1947 4533 2167 4596 scribo,
2199 4533 2291 4601 qui

745 4635 849 4689 sibi
892 4634 1006 4702 ipse
1045 4630 1301 4685 conscius
1340 4636 1455 4689 est,
1492 4625 1721 4702 accipiat
1768 4630 1827 4674 ut
1875 4620 2171 4684 medelam;
2200 4620 2292 4688 qui

745 4700 924 4776 autem
972 4736 1079 4774 non
1130 4718 1421 4780 conscius,
1480 4722 1539 4766 ιιι
1597 4700 2097 4780 ρνὲεῐηυηίιίοηοιιη
2133 4708 2295 4761 indif-

749 4817 925 4868 l'ercus
955 4826 1119 4874 vero,
1168 4807 1309 4877 quod
1355 4804 1570 4874 quidem
1617 4801 1877 4869 deprecor
1930 4813 1997 4850 ne
2040 4797 2096 4850 in
2142 4797 2295 4852 vobis

748 4902 1067 4971 reperiatur,
1097 4908 1155 4952 ut
1183 4895 1616 4950 obtestationem.
1650 4888 1789 4953 Quid
1812 4894 1991 4941 autem
2021 4893 2124 4951 est,
2152 4884 2308 4954 quod'

748 4988 907 5041 dico?
938 4986 1196 5039 Dicuntur
1225 4980 1467 5035 nonnulli
1505 4994 1569 5032 ex
1602 4977 1753 5030 vobis
1784 4976 1851 5028 ab
1904 4976 1971 5027 iis
2025 4974 2113 5043 qui
2146 4972 2294 5027 ordi-

749 5087 981 5136 nantur,
1016 5072 1274 5143 pecunias
1303 5070 1548 5137 accipere
1574 5106 1589 5129 ,
1620 5066 1779 5133 idque
1828 5063 2040 5132 pietatis
2079 5063 2298 5116 nomine

749 5168 1079 5222 iuumbrare.
1118 5161 1229 5216 Hoc
1263 5168 1439 5213 autem
1474 5158 1628 5227 pejus
1674 5163 1775 5209 est.
1820 5154 2028 5208 Etenim
2084 5153 2130 5206 si
2172 5152 2297 5221 quis

750 5260 947 5312 malum
1004 5256 1107 5310 sub
1160 5254 1338 5323 specie
1394 5250 1518 5305 boni
1577 5248 1823 5316 perlicit,
1882 5260 2037 5313 poma
2095 5243 2297 5311 duplici

749 5354 942 5417 dignus
969 5354 1081 5400 est:
1116 5343 1546 5414 quandoquidem
1572 5348 1624 5393 ct
1654 5336 1797 5407 quod
1825 5351 1930 5389 nou
1960 5342 2156 5387 bonum
2191 5345 2296 5395 est.

751 5438 898 5499 facit,
934 5445 986 5488 et
1020 5435 1191 5485 utitur
1235 5432 1300 5485 ad
1343 5438 1619 5501 peccatum
1654 5425 2097 5479 committendum
2133 5428 2296 5484 bono,

752 5536 808 5579 ut
867 5529 936 5578 ita
989 5526 1194 5589 dicam,
1256 5522 1521 5588 adjutnre.
1577 5517 1699 5570 llaec
1746 5516 1792 5569 si
1849 5516 1920 5567 ita
1973 5530 2031 5567 se
2079 5514 2297 5576 habent,

750 5619 1004 5684 deinceps
1060 5630 1163 5667 nou
1222 5616 1389 5673 liaut,
1442 5611 1534 5665 scd
1596 5607 1983 5661 emendentur:
2034 5604 2296 5672 siquidem

755 5724 973 5763 necesse
1015 5716 1098 5761 est
1134 5704 1313 5758 dicere
1362 5710 1641 5771 argentum
1690 5696 2008 5765 accipienti,
2060 5696 2199 5763 quod
2233 5698 2299 5747 ab

753 5799 1013 5866 apostolis
1052 5797 1252 5851 dictum
1284 5803 1363 5849 est
1395 5791 1441 5845 ei
1471 5830 1482 5853 ,
1529 5788 1619 5857 qui
1649 5788 1778 5841 dare
1808 5785 2013 5839 volebat
2041 5820 2053 5847 ,
2093 5791 2147 5837 ιιι
2180 5783 2296 5852 Spi-

2424 4351 2555 4405 διότι
2590 4348 2689 4419 μὲν
2864 4345 2999 4409 δλως
3022 4344 3349 4415 ὑπωπτεύθη
3383 4344 3479 4398 καὶ
3506 4342 3744 4415 ἐλαλήθη
3764 4382 3780 4407 ,
3809 4346 4001 4417 ὀδύνης

2425 4436 2710 4508 ἐπλήρωσέ
2743 4453 2841 4507 μου
2875 4437 2975 4506 τὴν
3011 4435 3210 4505 ψυχήνο
3249 4436 3384 4497 τέως
3427 4433 3482 4486 δέ
3520 4434 3689 4502 ἐφάνη
3739 4450 3833 4501 μοι
3879 4435 4004 4487 άπι-

2426 4548 2570 4584 στον.
2605 4530 2679 4583 Τδ
2710 4524 2802 4582 οὖν
2842 4528 2969 4597 περὶ
3003 4526 3166 4579 αὑτοῦ
3196 4526 3431 4595 γράμμα
3457 4525 3485 4576 6
3513 4525 3610 4594 μὲν
3642 4524 4004 4590 συνεγνωκὼς

2424 4620 2598 4690 ἐαυτῷ
2637 4619 2875 4683 δεξάσθω
2912 4618 2988 4679 ὡς
3028 4618 3185 4686 ἴαμα,
3234 4619 3261 4669 6
3310 4615 3367 4667 δέ
3413 4614 3486 4684 μὴ
3527 4612 3891 4679 συνεγνωκὼς
3929 4614 4003 4674 ὡς

2424 4710 2915 4781 προφυλακτήριον·
2942 4710 2971 4760 ό
2992 4707 3048 4758 δέ
3079 4707 3389 4774 ἀδιάφορος,
3420 4704 3561 4772 ὅπερ
3575 4704 3893 4771 ἀπεύχομαι
3921 4704 4001 4769 ἐφ’

2424 4800 2550 4869 ὑμῖν
2606 4798 2914 4869 εὑρεθῆναι,
2958 4795 3035 4859 ὡς
3085 4792 3505 4864 διαμαρτυρίαν.
3561 4791 3625 4842 Τί
3678 4790 3737 4842 δέ
3783 4793 3939 4844 ἐστιν
3976 4791 4005 4843 6

2423 4890 2593 4957 λέγως
2628 4888 2767 4941 Φασί
2793 4904 2942 4950 τινας
3152 4884 3305 4953 ὑμῶν
3338 4883 3489 4953 παρά
3523 4880 3629 4932 τῶν
3661 4897 4004 4950 χειροιιιονου⁹

2378 5014 2381 5017 ν
2425 4979 2598 5049 μένων
2644 4977 2937 5047 λαμϐάνειν
2982 4975 3257 5044 χρήματα”
3299 4970 3630 5033 ἐπισκιάζειν
3672 4969 3731 5021 δὲ
3769 4970 4001 5038 ὀνόματι

2421 5068 2715 5129 εὐσεϐείας.
2760 5065 2927 5117 Τοῦτο
2964 5065 3020 5116 δέ
3063 5062 3239 5133 χεῖρόν
3277 5062 3440 5113 ἐστιν.
3483 5059 3606 5112 Ἐάν
3649 5057 3762 5126 γάρ
3804 5074 3893 5119 τις
3940 5059 4000 5109 τὺ

2423 5159 2586 5211 κακὸν
2618 5159 2674 5209 ἐν
2698 5157 3040 5227 προσχήματι
3088 5152 3179 5206 τοῦ
3221 5150 3424 5218 ἀγαθοῦ
3462 5151 3607 5218 ποιῇ.
3647 5147 3998 5210 διπλασίονος

2418 5248 2684 5319 τιμωρίας
2716 5248 2860 5299 ἐστὶν
2899 5246 3067 5311 ἄξιος·
3109 5243 3243 5297 διότι
3279 5243 3409 5296 αὐτό
3442 5259 3501 5294 τε
3539 5241 3599 5294 τὸ
3637 5242 3739 5293 οὐκ
3789 5239 3996 5308 ἀγαθὸν

2419 5337 2724 5407 ἐργάζεται,
2765 5336 2859 5389 καὶ
2901 5337 3163 5405 κέχρηται
3209 5335 3289 5395 είς
3324 5332 3386 5388 τδ
3426 5331 3641 5385 τελέσαι
3676 5330 3777 5401 τὴν
3808 5333 3993 5401 ἀμαρ-

2416 5429 2551 5487 τίαν,
2588 5426 2661 5489 ὡς
2693 5425 2757 5479 ἂν
2791 5426 2933 5478 εῐποι
2956 5441 3057 5488 τις,
3091 5423 3167 5493 τῷ
3190 5422 3339 5492 καλῷ
3500 5421 3768 5491 συνεργῷ.
3807 5422 3990 5474 Ταῦτα

2418 5516 2464 5563 εἰ
2497 5510 2664 5573 οὕτως
2693 5512 2827 5580 ἔχει,
2856 5511 2948 5563 τοῦ
2977 5509 3160 5562 λοιποῦ
3201 5511 3274 5580 μὴ
3310 5509 3562 5577 γινέσθω,
3597 5510 3731 5561 ἀλλά
3766 5510 3987 5581 διορθω-

2418 5602 2579 5669 θήτω·
2630 5602 2751 5653 ἐπεὶ
2788 5602 2998 5670 ἀνάγκη
3036 5600 3212 5667 λέγειν
3260 5599 3395 5671 πρὸς
3445 5600 3536 5651 τὸν
3581 5599 3870 5668 δεχόμενον
3923 5600 3982 5651 τὺ

2418 5692 2693 5760 ἀργύριον,
2732 5693 2867 5762 ὅπερ
2904 5691 3106 5761 ἐρῤήθη
3155 5690 3301 5759 παρά
3343 5690 3450 5743 τῶν
3488 5691 3801 5744 ἀποστόλων
3844 5690 3980 5761 πρὸς

2416 5783 2505 5835 τὸν
2543 5781 2757 5837 θέλοντα
2790 5781 2993 5846 δοῦναι,
3030 5782 3114 5835 ἴνα
3157 5780 3467 5846 Πνεύματος
3502 5780 3655 5849 ἁγίου
3690 5783 3976 5852 μετουσίαν
