  <div class='ocr_page' id='page_1' title='image "/cluster/home/n/w/nwhite01/storage/ocr_20150623/138/nnc1.0046980083/424.png"; bbox 0 0 4234 6450; ppageno 0'>
   <div class='ocr_carea' id='block_1_1' title="bbox 273 400 379 466">
    <p class='ocr_par' dir='ltr' id='par_1_1' title="bbox 273 400 379 466">
     <span class='ocr_line' id='line_1_1' title="bbox 273 400 379 466; baseline 0 0"><span class='ocrx_word' id='word_1_1' title='bbox 273 400 379 466; x_wconf 77' lang='lat'><strong>833</strong></span> 
     </span>
    </p>
   </div>
   <div class='ocr_carea' id='block_1_2' title="bbox 1187 405 2569 473">
    <p class='ocr_par' dir='ltr' id='par_1_2' title="bbox 1187 405 2569 473">
     <span class='ocr_line' id='line_1_2' title="bbox 1187 405 2569 473; baseline 0.007 -9"><span class='ocrx_word' id='word_1_2' title='bbox 1187 405 1267 465; x_wconf 74' lang='grc' dir='ltr'><strong>ΙΝ</strong></span> <span class='ocrx_word' id='word_1_3' title='bbox 1309 407 1553 471; x_wconf 84' lang='lat' dir='ltr'><strong>EPlST.</strong></span> <span class='ocrx_word' id='word_1_4' title='bbox 1595 410 1656 469; x_wconf 88' lang='lat' dir='ltr'><strong>S.</strong></span> <span class='ocrx_word' id='word_1_5' title='bbox 1695 408 1980 473; x_wconf 78' lang='lat' dir='ltr'><strong>BASILII</strong></span> <span class='ocrx_word' id='word_1_6' title='bbox 2012 411 2113 472; x_wconf 78' lang='lat' dir='ltr'><strong>AD</strong></span> <span class='ocrx_word' id='word_1_7' title='bbox 2144 410 2569 473; x_wconf 83' lang='lat' dir='ltr'><strong>EPISCOPOS.</strong></span> 
     </span>
    </p>
   </div>
   <div class='ocr_carea' id='block_1_3' title="bbox 3379 413 3482 478">
    <p class='ocr_par' dir='ltr' id='par_1_3' title="bbox 3379 413 3482 478">
     <span class='ocr_line' id='line_1_3' title="bbox 3379 413 3482 478; baseline -0.039 0"><span class='ocrx_word' id='word_1_8' title='bbox 3379 413 3482 478; x_wconf 71' lang='grc'><strong>884</strong></span> 
     </span>
    </p>
   </div>
   <div class='ocr_carea' id='block_1_4' title="bbox 276 530 1948 606">
    <p class='ocr_par' dir='ltr' id='par_1_4' title="bbox 276 532 1948 604">
     <span class='ocr_line' id='line_1_4' title="bbox 276 532 1948 604; baseline 0.005 -19"><span class='ocrx_word' id='word_1_9' title='bbox 276 532 576 604; x_wconf 83' lang='grc' dir='ltr'>ὠνήσηται·</span> <span class='ocrx_word' id='word_1_10' title='bbox 615 532 683 588; x_wconf 82' lang='lat' dir='ltr'><strong>T6</strong></span> <span class='ocrx_word' id='word_1_11' title='bbox 715 533 995 602; x_wconf 73' lang='grc' dir='ltr'>ἀργύριόν</span> <span class='ocrx_word' id='word_1_12' title='bbox 1028 547 1143 586; x_wconf 88' lang='grc' dir='ltr'><strong>σου</strong></span> <span class='ocrx_word' id='word_1_13' title='bbox 1171 533 1293 586; x_wconf 75' lang='grc' dir='ltr'>σὺν</span> <span class='ocrx_word' id='word_1_14' title='bbox 1316 537 1413 589; x_wconf 78' lang='grc' dir='ltr'><strong>σοι</strong></span> <span class='ocrx_word' id='word_1_15' title='bbox 1441 537 1534 602; x_wconf 83' lang='grc' dir='ltr'><strong>ειη</strong></span> <span class='ocrx_word' id='word_1_16' title='bbox 1564 538 1650 602; x_wconf 79' lang='grc' dir='ltr'><strong>είς</strong></span> <span class='ocrx_word' id='word_1_17' title='bbox 1673 534 1823 589; x_wconf 81' lang='grc' dir='ltr'>ἀπώ-</span> <span class='ocrx_word' id='word_1_18' title='bbox 1857 537 1901 591; x_wconf 84' lang='grc' dir='ltr'><strong>Α</strong></span> <span class='ocrx_word' id='word_1_19' title='bbox 1940 553 1948 593; x_wconf 86' lang='lat' dir='ltr'><strong>t</strong></span> 
     </span>
    </p>
   </div>
   <div class='ocr_carea' id='block_1_5' title="bbox 1801 530 3473 606">
    <p class='ocr_par' dir='ltr' id='par_1_5' title="bbox 1801 530 3473 606">
     <span class='ocr_line' id='line_1_5' title="bbox 1801 530 3473 606; baseline -0.002 -15"><span class='ocrx_word' id='word_1_20' title='bbox 1801 564 1823 576; x_wconf 90' lang='lat'><strong>-</strong></span> <span class='ocrx_word' id='word_1_21' title='bbox 1857 537 1901 591; x_wconf 85' lang='lat' dir='ltr'><strong>A</strong></span> <span class='ocrx_word' id='word_1_22' title='bbox 1940 536 2077 593; x_wconf 88' lang='lat' dir='ltr'><strong>ritus</strong></span> <span class='ocrx_word' id='word_1_23' title='bbox 2121 536 2295 591; x_wconf 86' lang='lat' dir='ltr'><strong>sancti</strong></span> <span class='ocrx_word' id='word_1_24' title='bbox 2328 534 2793 606; x_wconf 70' lang='lat' dir='ltr'><strong>participationem</strong></span> <span class='ocrx_word' id='word_1_25' title='bbox 2836 542 3035 606; x_wconf 81' lang='lat' dir='ltr'><strong>emeret</strong></span> <span class='ocrx_word' id='word_1_26' title='bbox 3073 550 3086 586; x_wconf 93' lang='lat'>:</span> <span class='ocrx_word' id='word_1_27' title='bbox 3126 530 3352 586; x_wconf 78' lang='lat' dir='ltr'><strong>Pecunia</strong></span> <span class='ocrx_word' id='word_1_28' title='bbox 3386 544 3473 587; x_wconf 78' lang='lat' dir='ltr'><strong>tua</strong></span> 
     </span>
    </p>
   </div>
   <div class='ocr_carea' id='block_1_6' title="bbox 276 620 1825 694">
    <p class='ocr_par' dir='ltr' id='par_1_6' title="bbox 276 620 1825 694">
     <span class='ocr_line' id='line_1_6' title="bbox 276 620 1825 694; baseline 0.005 -24"><span class='ocrx_word' id='word_1_29' title='bbox 276 620 464 671; x_wconf 68' lang='grc' dir='ltr'>λειαν.</span> <span class='ocrx_word' id='word_1_30' title='bbox 521 620 856 691; x_wconf 82' lang='grc' dir='ltr'>Κουφότερος</span> <span class='ocrx_word' id='word_1_31' title='bbox 902 622 1008 691; x_wconf 84' lang='grc' dir='ltr'>γὰρ</span> <span class='ocrx_word' id='word_1_32' title='bbox 1059 623 1090 674; x_wconf 99' lang='lat'><strong>6</strong></span> <span class='ocrx_word' id='word_1_33' title='bbox 1136 621 1480 693; x_wconf 78' lang='grc' dir='ltr'>δι’ἁπειριαν</span> <span class='ocrx_word' id='word_1_34' title='bbox 1521 626 1825 694; x_wconf 70' lang='grc' dir='ltr'><strong>ὠνήσασθαι</strong></span> 
     </span>
    </p>
   </div>
   <div class='ocr_carea' id='block_1_7' title="bbox 279 707 1824 785">
    <p class='ocr_par' dir='ltr' id='par_1_7' title="bbox 279 707 1824 785">
     <span class='ocr_line' id='line_1_7' title="bbox 279 707 1824 785; baseline 0.005 -25"><span class='ocrx_word' id='word_1_35' title='bbox 279 707 496 778; x_wconf 62' lang='grc' dir='ltr'>θέλωνῆ</span> <span class='ocrx_word' id='word_1_36' title='bbox 525 709 553 759; x_wconf 91' lang='lat'><strong>6</strong></span> <span class='ocrx_word' id='word_1_37' title='bbox 577 711 894 781; x_wconf 72' lang='grc' dir='ltr'><strong>πιπράσκων</strong></span> <span class='ocrx_word' id='word_1_38' title='bbox 927 713 1025 781; x_wconf 78' lang='grc' dir='ltr'><strong>τήν</strong></span> <span class='ocrx_word' id='word_1_39' title='bbox 1065 711 1155 765; x_wconf 85' lang='grc' dir='ltr'><strong>τοῦ</strong></span> <span class='ocrx_word' id='word_1_40' title='bbox 1189 714 1320 765; x_wconf 78' lang='grc' dir='ltr'>θεοῦ</span> <span class='ocrx_word' id='word_1_41' title='bbox 1359 714 1579 783; x_wconf 64' lang='grc' dir='ltr'>δωρεὰν.</span> <span class='ocrx_word' id='word_1_42' title='bbox 1624 717 1824 785; x_wconf 64' lang='grc' dir='ltr'>Πρᾶσις</span> 
     </span>
    </p>
   </div>
   <div class='ocr_carea' id='block_1_8' title="bbox 277 796 1823 874">
    <p class='ocr_par' dir='ltr' id='par_1_8' title="bbox 277 796 1823 874">
     <span class='ocr_line' id='line_1_8' title="bbox 277 796 1823 874; baseline 0.005 -25"><span class='ocrx_word' id='word_1_43' title='bbox 277 796 386 866; x_wconf 76' lang='grc' dir='ltr'>γὰρ</span> <span class='ocrx_word' id='word_1_44' title='bbox 428 800 656 864; x_wconf 67' lang='grc' dir='ltr'>ἐγένετο·</span> <span class='ocrx_word' id='word_1_45' title='bbox 698 802 788 854; x_wconf 78' lang='grc' dir='ltr'>καὶ</span> <span class='ocrx_word' id='word_1_46' title='bbox 822 800 852 849; x_wconf 84' lang='lat'><strong>6</strong></span> <span class='ocrx_word' id='word_1_47' title='bbox 893 802 955 854; x_wconf 85' lang='grc' dir='ltr'>σὺ</span> <span class='ocrx_word' id='word_1_48' title='bbox 990 802 1194 871; x_wconf 84' lang='grc' dir='ltr'>δωρεὰν</span> <span class='ocrx_word' id='word_1_49' title='bbox 1227 802 1433 867; x_wconf 78' lang='grc' dir='ltr'>ἔλαϐες,</span> <span class='ocrx_word' id='word_1_50' title='bbox 1478 804 1573 856; x_wconf 76' lang='grc' dir='ltr'><strong>εὰν</strong></span> <span class='ocrx_word' id='word_1_51' title='bbox 1619 806 1823 874; x_wconf 68' lang='grc' dir='ltr'>πωλῇς,</span> 
     </span>
    </p>
   </div>
   <div class='ocr_carea' id='block_1_9' title="bbox 278 887 1825 965">
    <p class='ocr_par' dir='ltr' id='par_1_9' title="bbox 278 887 1825 965">
     <span class='ocr_line' id='line_1_9' title="bbox 278 887 1825 965; baseline 0.005 -27"><span class='ocrx_word' id='word_1_52' title='bbox 278 887 476 939; x_wconf 78' lang='grc' dir='ltr'>ὡσανεὶ</span> <span class='ocrx_word' id='word_1_53' title='bbox 635 890 977 957; x_wconf 74' lang='grc' dir='ltr'><strong>πεπραμένος</strong></span> <span class='ocrx_word' id='word_1_54' title='bbox 1008 890 1085 958; x_wconf 81' lang='grc' dir='ltr'>τῷ</span> <span class='ocrx_word' id='word_1_55' title='bbox 1117 892 1343 960; x_wconf 80' lang='grc' dir='ltr'>Σατανᾷ,</span> <span class='ocrx_word' id='word_1_56' title='bbox 1368 894 1706 965; x_wconf 74' lang='grc' dir='ltr'><strong>ἀφαιρεθήσῃ</strong></span> <span class='ocrx_word' id='word_1_57' title='bbox 1732 894 1825 946; x_wconf 88' lang='grc' dir='ltr'><strong>τοῦ</strong></span> 
     </span>
    </p>
   </div>
   <div class='ocr_carea' id='block_1_10' title="bbox 276 976 1827 1049">
    <p class='ocr_par' dir='ltr' id='par_1_10' title="bbox 276 976 1827 1049">
     <span class='ocr_line' id='line_1_10' title="bbox 276 976 1827 1049; baseline 0.007 -24"><span class='ocrx_word' id='word_1_58' title='bbox 276 976 624 1044; x_wconf 79' lang='grc' dir='ltr'><strong>χαρίσματος.</strong></span> <span class='ocrx_word' id='word_1_59' title='bbox 671 978 981 1048; x_wconf 80' lang='grc' dir='ltr'>Καπηλείαν</span> <span class='ocrx_word' id='word_1_60' title='bbox 1029 980 1134 1049; x_wconf 83' lang='grc' dir='ltr'>γὰρ</span> <span class='ocrx_word' id='word_1_61' title='bbox 1170 982 1476 1047; x_wconf 70' lang='grc' dir='ltr'>ἐπεισάγεις</span> <span class='ocrx_word' id='word_1_62' title='bbox 1510 986 1620 1045; x_wconf 82' lang='grc' dir='ltr'>τοῖς</span> <span class='ocrx_word' id='word_1_63' title='bbox 1668 1000 1827 1036; x_wconf 86' lang='grc' dir='ltr'>πνευ-</span> 
     </span>
    </p>
   </div>
   <div class='ocr_carea' id='block_1_11' title="bbox 280 1066 1825 1141">
    <p class='ocr_par' dir='ltr' id='par_1_11' title="bbox 280 1066 1825 1141">
     <span class='ocr_line' id='line_1_11' title="bbox 280 1066 1825 1141; baseline 0.007 -27"><span class='ocrx_word' id='word_1_64' title='bbox 280 1067 557 1133; x_wconf 78' lang='grc' dir='ltr'>ματικοῖς,</span> <span class='ocrx_word' id='word_1_65' title='bbox 608 1068 699 1119; x_wconf 74' lang='grc' dir='ltr'>καὶ</span> <span class='ocrx_word' id='word_1_66' title='bbox 757 1070 821 1136; x_wconf 79' lang='grc' dir='ltr'>τῇ</span> <span class='ocrx_word' id='word_1_67' title='bbox 873 1066 1193 1139; x_wconf 66' lang='grc' dir='ltr'>Ἐκκλησία,</span> <span class='ocrx_word' id='word_1_68' title='bbox 1242 1071 1367 1122; x_wconf 77' lang='grc' dir='ltr'>ἔνθα</span> <span class='ocrx_word' id='word_1_69' title='bbox 1422 1073 1825 1141; x_wconf 75' lang='grc' dir='ltr'><strong>πεπιστεύμεθα</strong></span> 
     </span>
    </p>
   </div>
   <div class='ocr_carea' id='block_1_12' title="bbox 278 1148 1823 1224">
    <p class='ocr_par' dir='ltr' id='par_1_12' title="bbox 278 1148 1823 1224">
     <span class='ocr_line' id='line_1_12' title="bbox 278 1148 1823 1224; baseline 0.007 -23"><span class='ocrx_word' id='word_1_70' title='bbox 278 1150 435 1219; x_wconf 80' lang='grc' dir='ltr'>σῶμα</span> <span class='ocrx_word' id='word_1_71' title='bbox 470 1152 559 1203; x_wconf 81' lang='grc' dir='ltr'>καὶ</span> <span class='ocrx_word' id='word_1_72' title='bbox 601 1148 738 1222; x_wconf 78' lang='grc' dir='ltr'>αἷμα</span> <span class='ocrx_word' id='word_1_73' title='bbox 777 1154 1029 1223; x_wconf 79' lang='grc' dir='ltr'><strong>Χριστοῦ.</strong></span> <span class='ocrx_word' id='word_1_74' title='bbox 1069 1156 1248 1208; x_wconf 87' lang='grc' dir='ltr'>Ταῦτα</span> <span class='ocrx_word' id='word_1_75' title='bbox 1293 1157 1433 1208; x_wconf 82' lang='grc' dir='ltr'>οὕτω</span> <span class='ocrx_word' id='word_1_76' title='bbox 1481 1159 1721 1224; x_wconf 75' lang='grc' dir='ltr'>γίνεσθαι</span> <span class='ocrx_word' id='word_1_77' title='bbox 1764 1162 1823 1212; x_wconf 76' lang='grc' dir='ltr'>οὐ</span> 
     </span>
    </p>
   </div>
   <div class='ocr_carea' id='block_1_13' title="bbox 274 1240 1823 1317">
    <p class='ocr_par' dir='ltr' id='par_1_13' title="bbox 274 1240 1823 1317">
     <span class='ocr_line' id='line_1_13' title="bbox 274 1240 1823 1317; baseline 0.004 -25"><span class='ocrx_word' id='word_1_78' title='bbox 274 1240 398 1309; x_wconf 69' lang='grc' dir='ltr'>χρή.</span> <span class='ocrx_word' id='word_1_79' title='bbox 448 1242 512 1293; x_wconf 86' lang='lat'><strong>&#39;0</strong></span> <span class='ocrx_word' id='word_1_80' title='bbox 537 1240 591 1293; x_wconf 82' lang='grc' dir='ltr'><em>δέ</em></span> <span class='ocrx_word' id='word_1_81' title='bbox 624 1242 737 1293; x_wconf 71' lang='grc' dir='ltr'>ἐστι</span> <span class='ocrx_word' id='word_1_82' title='bbox 769 1258 1042 1311; x_wconf 85' lang='grc' dir='ltr'>τεχνασμα</span> <span class='ocrx_word' id='word_1_83' title='bbox 1062 1277 1078 1303; x_wconf 90' lang='grc'><strong>,</strong></span> <span class='ocrx_word' id='word_1_84' title='bbox 1232 1244 1393 1310; x_wconf 81' lang='grc' dir='ltr'>λέγω.</span> <span class='ocrx_word' id='word_1_85' title='bbox 1426 1246 1720 1314; x_wconf 75' lang='grc' dir='ltr'>Νομίζουσι</span> <span class='ocrx_word' id='word_1_86' title='bbox 1750 1248 1823 1317; x_wconf 84' lang='grc' dir='ltr'>μὴ</span> 
     </span>
    </p>
   </div>
   <div class='ocr_carea' id='block_1_14' title="bbox 276 1330 1824 1406">
    <p class='ocr_par' dir='ltr' id='par_1_14' title="bbox 276 1330 1824 1406">
     <span class='ocr_line' id='line_1_14' title="bbox 276 1330 1824 1406; baseline 0.005 -25"><span class='ocrx_word' id='word_1_87' title='bbox 276 1330 606 1400; x_wconf 77' lang='grc' dir='ltr'>ἁμαρτάνειν</span> <span class='ocrx_word' id='word_1_88' title='bbox 647 1330 723 1399; x_wconf 85' lang='grc' dir='ltr'><strong>τῷ</strong></span> <span class='ocrx_word' id='word_1_89' title='bbox 775 1331 848 1399; x_wconf 81' lang='grc' dir='ltr'><strong>μὴ</strong></span> <span class='ocrx_word' id='word_1_90' title='bbox 894 1332 1324 1401; x_wconf 83' lang='grc' dir='ltr'>προλαμϐάνειν,</span> <span class='ocrx_word' id='word_1_91' title='bbox 1364 1333 1497 1386; x_wconf 76' lang='grc' dir='ltr'>ἀλλὰ</span> <span class='ocrx_word' id='word_1_92' title='bbox 1549 1336 1683 1403; x_wconf 73' lang='grc' dir='ltr'>μετὰ</span> <span class='ocrx_word' id='word_1_93' title='bbox 1728 1338 1824 1406; x_wconf 81' lang='grc' dir='ltr'><strong>τήν</strong></span> 
     </span>
    </p>
   </div>
   <div class='ocr_carea' id='block_1_15' title="bbox 274 1421 1823 1491">
    <p class='ocr_par' dir='ltr' id='par_1_15' title="bbox 274 1421 1823 1491">
     <span class='ocr_line' id='line_1_15' title="bbox 274 1421 1823 1491; baseline 0.003 -20"><span class='ocrx_word' id='word_1_94' title='bbox 274 1421 603 1490; x_wconf 78' lang='grc' dir='ltr'>χειροτονίαν</span> <span class='ocrx_word' id='word_1_95' title='bbox 631 1421 937 1491; x_wconf 80' lang='grc' dir='ltr'>λαμϐάνειν.</span> <span class='ocrx_word' id='word_1_96' title='bbox 958 1423 1151 1475; x_wconf 81' lang='grc' dir='ltr'>Λαϐετν</span> <span class='ocrx_word' id='word_1_97' title='bbox 1171 1423 1227 1474; x_wconf 78' lang='grc' dir='ltr'>δὲ</span> <span class='ocrx_word' id='word_1_98' title='bbox 1248 1423 1390 1473; x_wconf 66' lang='grc' dir='ltr'>ἔστιν</span> <span class='ocrx_word' id='word_1_99' title='bbox 1415 1424 1501 1475; x_wconf 77' lang='grc' dir='ltr'>ὅτε</span> <span class='ocrx_word' id='word_1_100' title='bbox 1528 1424 1591 1490; x_wconf 89' lang='grc' dir='ltr'><strong>δή</strong></span> <span class='ocrx_word' id='word_1_101' title='bbox 1619 1440 1742 1476; x_wconf 86' lang='grc' dir='ltr'>ποτε</span> <span class='ocrx_word' id='word_1_102' title='bbox 1765 1425 1823 1476; x_wconf 76' lang='grc' dir='ltr'>τὸ</span> 
     </span>
    </p>
   </div>
   <div class='ocr_carea' id='block_1_16' title="bbox 275 1507 477 1562">
    <p class='ocr_par' dir='ltr' id='par_1_16' title="bbox 275 1507 477 1562">
     <span class='ocr_line' id='line_1_16' title="bbox 275 1507 477 1562; baseline 0.025 -5"><span class='ocrx_word' id='word_1_103' title='bbox 275 1507 477 1562; x_wconf 75' lang='grc' dir='ltr'>λαϐεῖν.</span> 
     </span>
    </p>
   </div>
   <div class='ocr_carea' id='block_1_17' title="bbox 427 1595 1821 1671">
    <p class='ocr_par' dir='ltr' id='par_1_17' title="bbox 427 1595 1821 1671">
     <span class='ocr_line' id='line_1_17' title="bbox 427 1595 1821 1671; baseline 0.004 -21"><span class='ocrx_word' id='word_1_104' title='bbox 427 1598 728 1667; x_wconf 86' lang='grc' dir='ltr'>Παρακαλῶ</span> <span class='ocrx_word' id='word_1_105' title='bbox 758 1595 847 1651; x_wconf 75' lang='grc' dir='ltr'>οὖν</span> <span class='ocrx_word' id='word_1_106' title='bbox 878 1599 1077 1669; x_wconf 81' lang='grc' dir='ltr'>ταύτην</span> <span class='ocrx_word' id='word_1_107' title='bbox 1101 1602 1197 1668; x_wconf 84' lang='grc' dir='ltr'><strong>τήν</strong></span> <span class='ocrx_word' id='word_1_108' title='bbox 1228 1600 1481 1671; x_wconf 79' lang='grc' dir='ltr'>πρόσοδον</span> <span class='ocrx_word' id='word_1_109' title='bbox 1502 1641 1515 1663; x_wconf 86' lang='grc'><strong>,</strong></span> <span class='ocrx_word' id='word_1_110' title='bbox 1546 1602 1739 1671; x_wconf 80' lang='grc' dir='ltr'>μᾶλλον</span> <span class='ocrx_word' id='word_1_111' title='bbox 1766 1604 1821 1656; x_wconf 71' lang='grc' dir='ltr'>δὲ</span> 
     </span>
    </p>
   </div>
   <div class='ocr_carea' id='block_1_18' title="bbox 271 1688 1814 1763">
    <p class='ocr_par' dir='ltr' id='par_1_18' title="bbox 271 1688 1814 1763">
     <span class='ocr_line' id='line_1_18' title="bbox 271 1688 1814 1763; baseline 0.002 -22"><span class='ocrx_word' id='word_1_112' title='bbox 271 1688 370 1756; x_wconf 77' lang='grc' dir='ltr'>τὴν</span> <span class='ocrx_word' id='word_1_113' title='bbox 404 1691 757 1758; x_wconf 77' lang='grc' dir='ltr'>προσαγωγὴν</span> <span class='ocrx_word' id='word_1_114' title='bbox 789 1690 884 1759; x_wconf 79' lang='grc' dir='ltr'><strong>τὴν</strong></span> <span class='ocrx_word' id='word_1_115' title='bbox 909 1691 1000 1743; x_wconf 70' lang='grc' dir='ltr'><strong>ἐπὶ</strong></span> <span class='ocrx_word' id='word_1_116' title='bbox 1030 1691 1250 1757; x_wconf 76' lang='grc' dir='ltr'>γέενναν</span> <span class='ocrx_word' id='word_1_117' title='bbox 1278 1693 1560 1744; x_wconf 73' lang='grc' dir='ltr'><strong>ἀπόθεσθε·</strong></span> <span class='ocrx_word' id='word_1_118' title='bbox 1594 1694 1685 1744; x_wconf 74' lang='grc' dir='ltr'>καὶ</span> <span class='ocrx_word' id='word_1_119' title='bbox 1721 1700 1814 1763; x_wconf 81' lang='grc' dir='ltr'><strong>μή,</strong></span> 
     </span>
    </p>
   </div>
   <div class='ocr_carea' id='block_1_19' title="bbox 271 1779 1817 1849">
    <p class='ocr_par' dir='ltr' id='par_1_19' title="bbox 271 1779 1817 1849">
     <span class='ocr_line' id='line_1_19' title="bbox 271 1779 1817 1849; baseline 0.001 -18"><span class='ocrx_word' id='word_1_120' title='bbox 271 1779 370 1840; x_wconf 76' lang='grc' dir='ltr'><strong>τὰς</strong></span> <span class='ocrx_word' id='word_1_121' title='bbox 404 1782 586 1847; x_wconf 80' lang='grc' dir='ltr'>χεῖρας</span> <span class='ocrx_word' id='word_1_122' title='bbox 625 1779 941 1847; x_wconf 88' lang='grc' dir='ltr'>μολύναντες</span> <span class='ocrx_word' id='word_1_123' title='bbox 978 1779 1234 1841; x_wconf 73' lang='grc' dir='ltr'>τοιούτοις</span> <span class='ocrx_word' id='word_1_124' title='bbox 1270 1781 1566 1849; x_wconf 83' lang='grc' dir='ltr'>λήμμασιν,</span> <span class='ocrx_word' id='word_1_125' title='bbox 1598 1783 1817 1843; x_wconf 72' lang='grc' dir='ltr'>ἑαυτοὺς</span> 
     </span>
    </p>
   </div>
   <div class='ocr_carea' id='block_1_20' title="bbox 271 1868 1812 1938">
    <p class='ocr_par' dir='ltr' id='par_1_20' title="bbox 271 1868 1812 1938">
     <span class='ocr_line' id='line_1_20' title="bbox 271 1868 1812 1938; baseline 0 -19"><span class='ocrx_word' id='word_1_126' title='bbox 271 1868 519 1931; x_wconf 76' lang='grc' dir='ltr'>ἀναξίους</span> <span class='ocrx_word' id='word_1_127' title='bbox 543 1869 799 1935; x_wconf 77' lang='grc' dir='ltr'><strong>ποιήσητε</strong></span> <span class='ocrx_word' id='word_1_128' title='bbox 825 1868 917 1918; x_wconf 89' lang='grc' dir='ltr'><strong>τοῦ</strong></span> <span class='ocrx_word' id='word_1_129' title='bbox 938 1868 1199 1919; x_wconf 81' lang='grc' dir='ltr'>ἐπιτελεῖν</span> <span class='ocrx_word' id='word_1_130' title='bbox 1224 1870 1362 1935; x_wconf 78' lang='grc' dir='ltr'><strong>ἀγνὰ</strong></span> <span class='ocrx_word' id='word_1_131' title='bbox 1526 1871 1812 1938; x_wconf 81' lang='grc' dir='ltr'>μυστήρια.</span> 
     </span>
    </p>
   </div>
   <div class='ocr_carea' id='block_1_21' title="bbox 272 1955 1813 2025">
    <p class='ocr_par' dir='ltr' id='par_1_21' title="bbox 272 1955 1813 2025">
     <span class='ocr_line' id='line_1_21' title="bbox 272 1955 1813 2025; baseline 0.008 -18"><span class='ocrx_word' id='word_1_132' title='bbox 272 1957 551 2023; x_wconf 83' lang='grc' dir='ltr'>Σύγγνωτε</span> <span class='ocrx_word' id='word_1_133' title='bbox 590 1957 646 2008; x_wconf 84' lang='grc' dir='ltr'><em>δέ</em></span> <span class='ocrx_word' id='word_1_134' title='bbox 686 1973 791 2024; x_wconf 81' lang='grc' dir='ltr'>μοι.</span> <span class='ocrx_word' id='word_1_135' title='bbox 841 1957 1057 2025; x_wconf 85' lang='grc' dir='ltr'>Πρῶτον</span> <span class='ocrx_word' id='word_1_136' title='bbox 1090 1959 1185 2025; x_wconf 74' lang='grc' dir='ltr'>μὲν</span> <span class='ocrx_word' id='word_1_137' title='bbox 1224 1958 1297 2019; x_wconf 82' lang='grc' dir='ltr'>ὡς</span> <span class='ocrx_word' id='word_1_138' title='bbox 1473 1955 1772 2025; x_wconf 78' lang='grc' dir='ltr'>ἀπιστήσας</span> <span class='ocrx_word' id='word_1_139' title='bbox 1797 1994 1813 2018; x_wconf 75' lang='grc' dir='ltr'><strong>ι</strong></span> 
     </span>
    </p>
   </div>
   <div class='ocr_carea' id='block_1_22' title="bbox 270 2041 1815 2115">
    <p class='ocr_par' dir='ltr' id='par_1_22' title="bbox 270 2041 1815 2115">
     <span class='ocr_line' id='line_1_22' title="bbox 270 2041 1815 2115; baseline -0.001 -18"><span class='ocrx_word' id='word_1_140' title='bbox 270 2041 390 2098; x_wconf 80' lang='grc' dir='ltr'>εἶτα</span> <span class='ocrx_word' id='word_1_141' title='bbox 416 2048 488 2109; x_wconf 84' lang='grc' dir='ltr'>ὡς</span> <span class='ocrx_word' id='word_1_142' title='bbox 504 2046 738 2106; x_wconf 79' lang='grc' dir='ltr'>πεισθεὶς</span> <span class='ocrx_word' id='word_1_143' title='bbox 757 2045 978 2098; x_wconf 78' lang='grc' dir='ltr'>ἀπειλῶ.</span> <span class='ocrx_word' id='word_1_144' title='bbox 1015 2046 1080 2097; x_wconf 59' lang='lat' dir='ltr'><strong>Et</strong></span> <span class='ocrx_word' id='word_1_145' title='bbox 1102 2063 1180 2107; x_wconf 91' lang='grc' dir='ltr'><strong>τις</strong></span> <span class='ocrx_word' id='word_1_146' title='bbox 1214 2046 1347 2115; x_wconf 74' lang='grc' dir='ltr'>μετὰ</span> <span class='ocrx_word' id='word_1_147' title='bbox 1373 2046 1570 2114; x_wconf 80' lang='grc' dir='ltr'>ταύτην</span> <span class='ocrx_word' id='word_1_148' title='bbox 1597 2063 1696 2114; x_wconf 90' lang='grc' dir='ltr'><strong>μου</strong></span> <span class='ocrx_word' id='word_1_149' title='bbox 1718 2045 1815 2114; x_wconf 85' lang='grc' dir='ltr'>τὴν</span> 
     </span>
    </p>
   </div>
   <div class='ocr_carea' id='block_1_23' title="bbox 270 2134 1817 2203">
    <p class='ocr_par' dir='ltr' id='par_1_23' title="bbox 270 2134 1817 2203">
     <span class='ocr_line' id='line_1_23' title="bbox 270 2134 1817 2203; baseline 0 -18"><span class='ocrx_word' id='word_1_150' title='bbox 270 2136 551 2203; x_wconf 73' lang='grc' dir='ltr'>επιστολὴν</span> <span class='ocrx_word' id='word_1_151' title='bbox 602 2136 820 2203; x_wconf 74' lang='grc' dir='ltr'>πράξειε</span> <span class='ocrx_word' id='word_1_152' title='bbox 870 2153 921 2187; x_wconf 92' lang='grc' dir='ltr'><strong>τι</strong></span> <span class='ocrx_word' id='word_1_153' title='bbox 980 2135 1233 2198; x_wconf 85' lang='grc' dir='ltr'>τοιοῦτον,</span> <span class='ocrx_word' id='word_1_154' title='bbox 1289 2136 1395 2187; x_wconf 85' lang='grc' dir='ltr'><strong>τῶν</strong></span> <span class='ocrx_word' id='word_1_155' title='bbox 1450 2138 1546 2203; x_wconf 82' lang='grc' dir='ltr'>μὲν</span> <span class='ocrx_word' id='word_1_156' title='bbox 1588 2134 1817 2186; x_wconf 75' lang='grc' dir='ltr'>ἐνταῦθα</span> 
     </span>
    </p>
   </div>
   <div class='ocr_carea' id='block_1_24' title="bbox 269 2221 1814 2290">
    <p class='ocr_par' dir='ltr' id='par_1_24' title="bbox 269 2221 1814 2290">
     <span class='ocr_line' id='line_1_24' title="bbox 269 2221 1814 2290; baseline -0.001 -17"><span class='ocrx_word' id='word_1_157' title='bbox 269 2221 661 2290; x_wconf 75' lang='grc' dir='ltr'>θυσιαστηρίων</span> <span class='ocrx_word' id='word_1_158' title='bbox 694 2223 1032 2289; x_wconf 83' lang='grc' dir='ltr'>ἀναχωρήσει</span> <span class='ocrx_word' id='word_1_159' title='bbox 1075 2239 1090 2254; x_wconf 89' lang='grc'><strong>·</strong></span> <span class='ocrx_word' id='word_1_160' title='bbox 1229 2223 1449 2289; x_wconf 79' lang='grc' dir='ltr'>ζητήσει</span> <span class='ocrx_word' id='word_1_161' title='bbox 1479 2222 1533 2273; x_wconf 83' lang='grc' dir='ltr'>δὲ</span> <span class='ocrx_word' id='word_1_162' title='bbox 1565 2222 1692 2274; x_wconf 79' lang='grc' dir='ltr'>ἔνθα</span> <span class='ocrx_word' id='word_1_163' title='bbox 1720 2222 1814 2285; x_wconf 79' lang='grc' dir='ltr'>τὴν</span> 
     </span>
    </p>
   </div>
   <div class='ocr_carea' id='block_1_25' title="bbox 264 2307 1812 2379">
    <p class='ocr_par' dir='ltr' id='par_1_25' title="bbox 264 2307 1812 2379">
     <span class='ocr_line' id='line_1_25' title="bbox 264 2307 1812 2379; baseline 0.005 -22"><span class='ocrx_word' id='word_1_164' title='bbox 264 2307 360 2358; x_wconf 84' lang='grc' dir='ltr'><strong>τοῦ</strong></span> <span class='ocrx_word' id='word_1_165' title='bbox 414 2307 545 2358; x_wconf 77' lang='grc' dir='ltr'>θεοῦ</span> <span class='ocrx_word' id='word_1_166' title='bbox 604 2307 807 2375; x_wconf 77' lang='grc' dir='ltr'>δωρεὰν</span> <span class='ocrx_word' id='word_1_167' title='bbox 864 2308 1141 2378; x_wconf 75' lang='grc' dir='ltr'><strong>ἀγοράζων</strong></span> <span class='ocrx_word' id='word_1_168' title='bbox 1195 2312 1528 2379; x_wconf 82' lang='grc' dir='ltr'>μεταπωλεῖν</span> <span class='ocrx_word' id='word_1_169' title='bbox 1576 2312 1812 2365; x_wconf 80' lang='grc' dir='ltr'>δύναται.</span> 
     </span>
    </p>
   </div>
   <div class='ocr_carea' id='block_1_26' title="bbox 280 2398 1816 2469">
    <p class='ocr_par' dir='ltr' id='par_1_26' title="bbox 280 2398 1816 2469">
     <span class='ocr_line' id='line_1_26' title="bbox 280 2398 1816 2469; baseline -0.001 -16"><span class='ocrx_word' id='word_1_170' title='bbox 280 2400 470 2468; x_wconf 69' lang='grc' dir='ltr'>Ἡμεῖς</span> <span class='ocrx_word' id='word_1_171' title='bbox 513 2398 621 2469; x_wconf 81' lang='grc' dir='ltr'><strong>γὰρ</strong></span> <span class='ocrx_word' id='word_1_172' title='bbox 666 2399 759 2452; x_wconf 75' lang='grc' dir='ltr'>καὶ</span> <span class='ocrx_word' id='word_1_173' title='bbox 812 2400 865 2451; x_wconf 79' lang='grc' dir='ltr'><strong>αι</strong></span> <span class='ocrx_word' id='word_1_174' title='bbox 917 2398 1232 2467; x_wconf 81' lang='grc' dir='ltr'>Ἐκκλησίαι</span> <span class='ocrx_word' id='word_1_175' title='bbox 1278 2400 1369 2451; x_wconf 88' lang='grc' dir='ltr'><strong>τοῦ</strong></span> <span class='ocrx_word' id='word_1_176' title='bbox 1412 2400 1542 2452; x_wconf 81' lang='grc' dir='ltr'>Θεοῦ</span> <span class='ocrx_word' id='word_1_177' title='bbox 1569 2402 1816 2469; x_wconf 82' lang='grc' dir='ltr'>τοιαύτην</span> 
     </span>
    </p>
   </div>
   <div class='ocr_carea' id='block_1_27' title="bbox 271 2488 1815 2559">
    <p class='ocr_par' dir='ltr' id='par_1_27' title="bbox 271 2488 1815 2559">
     <span class='ocr_line' id='line_1_27' title="bbox 271 2488 1815 2559; baseline 0.003 -20"><span class='ocrx_word' id='word_1_178' title='bbox 271 2488 557 2556; x_wconf 87' lang='grc' dir='ltr'>συνήθειαν</span> <span class='ocrx_word' id='word_1_179' title='bbox 593 2490 693 2542; x_wconf 82' lang='grc' dir='ltr'>οὐκ</span> <span class='ocrx_word' id='word_1_180' title='bbox 730 2489 941 2558; x_wconf 73' lang='grc' dir='ltr'>ἔχομεν.</span> <span class='ocrx_word' id='word_1_181' title='bbox 996 2490 1091 2543; x_wconf 84' lang='grc' dir='ltr'>Ἐν</span> <span class='ocrx_word' id='word_1_182' title='bbox 1139 2489 1193 2541; x_wconf 62' lang='grc' dir='ltr'>δὲ</span> <span class='ocrx_word' id='word_1_183' title='bbox 1224 2490 1476 2558; x_wconf 77' lang='grc' dir='ltr'>προσθεὶς</span> <span class='ocrx_word' id='word_1_184' title='bbox 1523 2491 1815 2559; x_wconf 83' lang='grc' dir='ltr'>παύσομαι.</span> 
     </span>
    </p>
   </div>
   <div class='ocr_carea' id='block_1_28' title="bbox 270 2576 1819 2649">
    <p class='ocr_par' dir='ltr' id='par_1_28' title="bbox 270 2576 1819 2649">
     <span class='ocr_line' id='line_1_28' title="bbox 270 2576 1819 2649; baseline 0.004 -22"><span class='ocrx_word' id='word_1_185' title='bbox 270 2576 369 2627; x_wconf 71' lang='grc' dir='ltr'>Διὰ</span> <span class='ocrx_word' id='word_1_186' title='bbox 402 2576 757 2647; x_wconf 74' lang='grc' dir='ltr'>φιλαργυρίαν</span> <span class='ocrx_word' id='word_1_187' title='bbox 787 2578 993 2644; x_wconf 84' lang='grc' dir='ltr'>γίνεται</span> <span class='ocrx_word' id='word_1_188' title='bbox 1033 2577 1221 2630; x_wconf 88' lang='grc' dir='ltr'>ταῦτα.</span> <span class='ocrx_word' id='word_1_189' title='bbox 1279 2578 1340 2631; x_wconf 83' lang='grc' dir='ltr'><em>Ἦ</em></span> <span class='ocrx_word' id='word_1_190' title='bbox 1380 2578 1436 2631; x_wconf 82' lang='grc' dir='ltr'>δὲ</span> <span class='ocrx_word' id='word_1_191' title='bbox 1492 2580 1819 2649; x_wconf 80' lang='grc' dir='ltr'>φιλαργυρία</span> 
     </span>
    </p>
   </div>
   <div class='ocr_carea' id='block_1_29' title="bbox 270 2666 1818 2739">
    <p class='ocr_par' dir='ltr' id='par_1_29' title="bbox 270 2666 1818 2739">
     <span class='ocr_line' id='line_1_29' title="bbox 270 2666 1818 2739; baseline 0.003 -23"><span class='ocrx_word' id='word_1_192' title='bbox 270 2666 366 2717; x_wconf 73' lang='grc' dir='ltr'>καὶ</span> <span class='ocrx_word' id='word_1_193' title='bbox 398 2667 519 2736; x_wconf 73' lang='grc' dir='ltr'>ῥίζα</span> <span class='ocrx_word' id='word_1_194' title='bbox 567 2668 778 2720; x_wconf 81' lang='grc' dir='ltr'>πάντων</span> <span class='ocrx_word' id='word_1_195' title='bbox 815 2668 919 2719; x_wconf 86' lang='grc' dir='ltr'><strong>τῶν</strong></span> <span class='ocrx_word' id='word_1_196' title='bbox 953 2670 1134 2720; x_wconf 83' lang='grc' dir='ltr'>κακῶν</span> <span class='ocrx_word' id='word_1_197' title='bbox 1182 2672 1316 2732; x_wconf 74' lang='grc' dir='ltr'>ἐστι,</span> <span class='ocrx_word' id='word_1_198' title='bbox 1359 2670 1452 2722; x_wconf 67' lang='grc' dir='ltr'><strong>κα)⁵</strong></span> <span class='ocrx_word' id='word_1_199' title='bbox 1498 2670 1818 2739; x_wconf 79' lang='grc' dir='ltr'>ὀνομάζεται</span> 
     </span>
    </p>
   </div>
   <div class='ocr_carea' id='block_1_30' title="bbox 269 2751 1820 2828">
    <p class='ocr_par' dir='ltr' id='par_1_30' title="bbox 269 2751 1820 2828">
     <span class='ocr_line' id='line_1_30' title="bbox 269 2751 1820 2828; baseline 0.003 -23"><span class='ocrx_word' id='word_1_200' title='bbox 269 2753 692 2822; x_wconf 85' lang='grc' dir='ltr'>εἰδωλολατρεία.</span> <span class='ocrx_word' id='word_1_201' title='bbox 728 2755 817 2824; x_wconf 84' lang='grc' dir='ltr'><strong>Μὴ</strong></span> <span class='ocrx_word' id='word_1_202' title='bbox 860 2751 951 2808; x_wconf 84' lang='grc' dir='ltr'><strong>οῦν</strong></span> <span class='ocrx_word' id='word_1_203' title='bbox 981 2756 1083 2825; x_wconf 84' lang='grc' dir='ltr'>πρὸ</span> <span class='ocrx_word' id='word_1_204' title='bbox 1116 2756 1208 2809; x_wconf 89' lang='grc' dir='ltr'><strong>τοῦ</strong></span> <span class='ocrx_word' id='word_1_205' title='bbox 1249 2758 1480 2827; x_wconf 80' lang='grc' dir='ltr'>Χριστοῦ</span> <span class='ocrx_word' id='word_1_206' title='bbox 1659 2760 1820 2828; x_wconf 87' lang='grc' dir='ltr'>τιμή-</span> 
     </span>
    </p>
   </div>
   <div class='ocr_carea' id='block_1_31' title="bbox 270 2844 1818 2918">
    <p class='ocr_par' dir='ltr' id='par_1_31' title="bbox 270 2844 1818 2918">
     <span class='ocr_line' id='line_1_31' title="bbox 270 2844 1818 2918; baseline 0.006 -25"><span class='ocrx_word' id='word_1_207' title='bbox 270 2861 401 2911; x_wconf 84' lang='grc' dir='ltr'>σητε</span> <span class='ocrx_word' id='word_1_208' title='bbox 451 2844 516 2895; x_wconf 83' lang='grc' dir='ltr'>τὰ</span> <span class='ocrx_word' id='word_1_209' title='bbox 569 2845 760 2896; x_wconf 77' lang='grc' dir='ltr'>εἴδωλα</span> <span class='ocrx_word' id='word_1_210' title='bbox 786 2844 873 2897; x_wconf 76' lang='grc' dir='ltr'>διὰ</span> <span class='ocrx_word' id='word_1_211' title='bbox 916 2846 1106 2915; x_wconf 80' lang='grc' dir='ltr'>μικρὸν</span> <span class='ocrx_word' id='word_1_212' title='bbox 1157 2847 1448 2918; x_wconf 82' lang='grc' dir='ltr'>ἀργύριον·</span> <span class='ocrx_word' id='word_1_213' title='bbox 1500 2849 1632 2918; x_wconf 77' lang='grc' dir='ltr'>μηδὲ</span> <span class='ocrx_word' id='word_1_214' title='bbox 1659 2849 1818 2903; x_wconf 81' lang='grc' dir='ltr'>πάλιν</span> 
     </span>
    </p>
   </div>
   <div class='ocr_carea' id='block_1_32' title="bbox 267 2930 1817 3007">
    <p class='ocr_par' dir='ltr' id='par_1_32' title="bbox 267 2930 1817 3007">
     <span class='ocr_line' id='line_1_32' title="bbox 267 2930 1817 3007; baseline 0.006 -25"><span class='ocrx_word' id='word_1_215' title='bbox 267 2932 361 2983; x_wconf 77' lang='grc' dir='ltr'>τὸν</span> <span class='ocrx_word' id='word_1_216' title='bbox 408 2930 605 2983; x_wconf 84' lang='grc' dir='ltr'>Ἰούδαν</span> <span class='ocrx_word' id='word_1_217' title='bbox 643 2931 971 3001; x_wconf 85' lang='grc' dir='ltr'>μιμήσησθε,</span> <span class='ocrx_word' id='word_1_218' title='bbox 1001 2934 1246 3004; x_wconf 85' lang='grc' dir='ltr'>λήμματι</span> <span class='ocrx_word' id='word_1_219' title='bbox 1292 2937 1668 3007; x_wconf 79' lang='grc' dir='ltr'>παραδιδόντες</span> <span class='ocrx_word' id='word_1_220' title='bbox 1698 2939 1817 2991; x_wconf 85' lang='grc' dir='ltr'>δεύ-</span> 
     </span>
    </p>
   </div>
   <div class='ocr_carea' id='block_1_33' title="bbox 267 3020 1819 3097">
    <p class='ocr_par' dir='ltr' id='par_1_33' title="bbox 267 3020 1819 3097">
     <span class='ocr_line' id='line_1_33' title="bbox 267 3020 1819 3097; baseline 0.006 -25"><span class='ocrx_word' id='word_1_221' title='bbox 267 3038 425 3089; x_wconf 83' lang='grc' dir='ltr'>τερον</span> <span class='ocrx_word' id='word_1_222' title='bbox 457 3022 546 3074; x_wconf 82' lang='grc' dir='ltr'>τὸν</span> <span class='ocrx_word' id='word_1_223' title='bbox 570 3020 711 3087; x_wconf 75' lang='grc' dir='ltr'>ἅπαξ</span> <span class='ocrx_word' id='word_1_224' title='bbox 747 3022 885 3093; x_wconf 77' lang='grc' dir='ltr'>ὑπὲρ</span> <span class='ocrx_word' id='word_1_225' title='bbox 928 3024 1082 3094; x_wconf 82' lang='grc' dir='ltr'>ήμῶν</span> <span class='ocrx_word' id='word_1_226' title='bbox 1112 3027 1503 3097; x_wconf 79' lang='grc' dir='ltr'>σταυρωθέντα.</span> <span class='ocrx_word' id='word_1_227' title='bbox 1552 3030 1699 3081; x_wconf 78' lang='grc' dir='ltr'>Ἐπεὶ</span> <span class='ocrx_word' id='word_1_228' title='bbox 1725 3029 1819 3083; x_wconf 81' lang='grc' dir='ltr'>καὶ</span> 
     </span>
    </p>
   </div>
   <div class='ocr_carea' id='block_1_34' title="bbox 267 3110 1817 3186">
    <p class='ocr_par' dir='ltr' id='par_1_34' title="bbox 267 3110 1817 3186">
     <span class='ocr_line' id='line_1_34' title="bbox 267 3110 1817 3186; baseline 0.006 -25"><span class='ocrx_word' id='word_1_229' title='bbox 267 3110 337 3163; x_wconf 84' lang='grc' dir='ltr'>τὰ</span> <span class='ocrx_word' id='word_1_230' title='bbox 365 3111 535 3180; x_wconf 86' lang='grc' dir='ltr'>χωρία</span> <span class='ocrx_word' id='word_1_231' title='bbox 581 3112 673 3163; x_wconf 76' lang='grc' dir='ltr'>καὶ</span> <span class='ocrx_word' id='word_1_232' title='bbox 720 3112 775 3163; x_wconf 87' lang='grc' dir='ltr'><strong>αί</strong></span> <span class='ocrx_word' id='word_1_233' title='bbox 824 3114 999 3181; x_wconf 84' lang='grc' dir='ltr'>χεῖρες</span> <span class='ocrx_word' id='word_1_234' title='bbox 1031 3113 1137 3167; x_wconf 81' lang='grc' dir='ltr'><strong>τῶν</strong></span> <span class='ocrx_word' id='word_1_235' title='bbox 1177 3116 1300 3177; x_wconf 84' lang='grc' dir='ltr'>τοὺς</span> <span class='ocrx_word' id='word_1_236' title='bbox 1337 3118 1577 3186; x_wconf 84' lang='grc' dir='ltr'>καρποὺς</span> <span class='ocrx_word' id='word_1_237' title='bbox 1616 3117 1817 3171; x_wconf 88' lang='grc' dir='ltr'>τούτων</span> 
     </span>
    </p>
   </div>
   <div class='ocr_carea' id='block_1_35' title="bbox 267 3198 1460 3280">
    <p class='ocr_par' dir='ltr' id='par_1_35' title="bbox 267 3198 1460 3280">
     <span class='ocr_line' id='line_1_35' title="bbox 267 3198 1460 3280; baseline 0.006 -28"><span class='ocrx_word' id='word_1_238' title='bbox 267 3198 571 3271; x_wconf 80' lang='grc' dir='ltr'>δεχομένων</span> <span class='ocrx_word' id='word_1_239' title='bbox 610 3198 828 3280; x_wconf 81' lang='grc' dir='ltr'>’Δκελδα</span> <span class='ocrx_word' id='word_1_240' title='bbox 834 3199 909 3269; x_wconf 82' lang='grc' dir='ltr'><strong>μὰ</strong></span> <span class='ocrx_word' id='word_1_241' title='bbox 1086 3203 1460 3274; x_wconf 84' lang='grc' dir='ltr'>κληθήσονται.</span> 
     </span>
    </p>
   </div>
   <div class='ocr_carea' id='block_1_36' title="bbox 338 3306 1835 3377">
    <p class='ocr_par' dir='ltr' id='par_1_36' title="bbox 338 3306 1835 3377">
     <span class='ocr_line' id='line_1_36' title="bbox 338 3306 1835 3377; baseline -0.003 -12"><span class='ocrx_word' id='word_1_242' title='bbox 338 3308 530 3365; x_wconf 76' lang='grc' dir='ltr'>ΒΑΔΣ.</span> <span class='ocrx_word' id='word_1_243' title='bbox 558 3307 681 3372; x_wconf 83' lang='grc' dir='ltr'>Πῶς</span> <span class='ocrx_word' id='word_1_244' title='bbox 699 3306 1014 3371; x_wconf 74' lang='grc' dir='ltr'>κολάζονται</span> <span class='ocrx_word' id='word_1_245' title='bbox 1033 3306 1082 3359; x_wconf 83' lang='lat' dir='ltr'><strong>oi</strong></span> <span class='ocrx_word' id='word_1_246' title='bbox 1106 3306 1196 3359; x_wconf 66' lang='grc' dir='ltr'><strong>ἰπὶ</strong></span> <span class='ocrx_word' id='word_1_247' title='bbox 1210 3308 1451 3376; x_wconf 78' lang='grc' dir='ltr'>χρήμασι</span> <span class='ocrx_word' id='word_1_248' title='bbox 1474 3306 1835 3377; x_wconf 86' lang='grc' dir='ltr'>χειροτονοῦν-</span> 
     </span>
    </p>
   </div>
   <div class='ocr_carea' id='block_1_37' title="bbox 259 3396 1834 3472">
    <p class='ocr_par' dir='ltr' id='par_1_37' title="bbox 259 3396 1834 3472">
     <span class='ocr_line' id='line_1_37' title="bbox 259 3396 1834 3472; baseline -0.003 -16"><span class='ocrx_word' id='word_1_249' title='bbox 259 3420 357 3469; x_wconf 81' lang='grc' dir='ltr'><strong>τες</strong></span> <span class='ocrx_word' id='word_1_250' title='bbox 388 3402 483 3458; x_wconf 76' lang='grc' dir='ltr'>καὶ</span> <span class='ocrx_word' id='word_1_251' title='bbox 513 3398 1001 3472; x_wconf 80' lang='grc' dir='ltr'>χειροτονούμενοι,</span> <span class='ocrx_word' id='word_1_252' title='bbox 1035 3396 1246 3469; x_wconf 71' lang='grc' dir='ltr'>ἐρρήθη</span> <span class='ocrx_word' id='word_1_253' title='bbox 1275 3396 1609 3467; x_wconf 74' lang='grc' dir='ltr'>πλατύτερον</span> <span class='ocrx_word' id='word_1_254' title='bbox 1632 3398 1711 3460; x_wconf 89' lang='grc' dir='ltr'><strong>είς</strong></span> <span class='ocrx_word' id='word_1_255' title='bbox 1736 3398 1834 3465; x_wconf 74' lang='grc' dir='ltr'>τὴν</span> 
     </span>
    </p>
   </div>
   <div class='ocr_carea' id='block_1_38' title="bbox 263 3489 1832 3567">
    <p class='ocr_par' dir='ltr' id='par_1_38' title="bbox 263 3489 1832 3567">
     <span class='ocr_line' id='line_1_38' title="bbox 263 3489 1832 3567; baseline -0.006 -17"><span class='ocrx_word' id='word_1_256' title='bbox 263 3496 565 3567; x_wconf 77' lang='grc' dir='ltr'>ἑρμηνείαν</span> <span class='ocrx_word' id='word_1_257' title='bbox 598 3492 693 3546; x_wconf 90' lang='grc' dir='ltr'><strong>τοῦ</strong></span> <span class='ocrx_word' id='word_1_258' title='bbox 738 3490 819 3545; x_wconf 85' lang='grc' dir='ltr'>κθ¹</span> <span class='ocrx_word' id='word_1_259' title='bbox 858 3490 1081 3552; x_wconf 79' lang='grc' dir='ltr'>κανόνος</span> <span class='ocrx_word' id='word_1_260' title='bbox 1121 3489 1230 3542; x_wconf 84' lang='grc' dir='ltr'><strong>τῶν</strong></span> <span class='ocrx_word' id='word_1_261' title='bbox 1270 3489 1442 3557; x_wconf 79' lang='grc' dir='ltr'>ἁγίων</span> <span class='ocrx_word' id='word_1_262' title='bbox 1477 3490 1832 3553; x_wconf 77' lang='grc' dir='ltr'>ἀποστόλων,</span> 
     </span>
    </p>
   </div>
   <div class='ocr_carea' id='block_1_39' title="bbox 264 3579 1837 3655">
    <p class='ocr_par' dir='ltr' id='par_1_39' title="bbox 264 3579 1837 3655">
     <span class='ocr_line' id='line_1_39' title="bbox 264 3579 1837 3655; baseline -0.004 -15"><span class='ocrx_word' id='word_1_263' title='bbox 264 3590 347 3651; x_wconf 83' lang='grc' dir='ltr'><strong>είς</strong></span> <span class='ocrx_word' id='word_1_264' title='bbox 380 3587 472 3639; x_wconf 76' lang='grc' dir='ltr'>τὸν</span> <span class='ocrx_word' id='word_1_265' title='bbox 510 3584 555 3655; x_wconf 83' lang='grc' dir='ltr'><strong>β’</strong></span> <span class='ocrx_word' id='word_1_266' title='bbox 585 3583 789 3638; x_wconf 84' lang='grc' dir='ltr'>κανόνα</span> <span class='ocrx_word' id='word_1_267' title='bbox 812 3581 911 3652; x_wconf 84' lang='grc' dir='ltr'>τῆς</span> <span class='ocrx_word' id='word_1_268' title='bbox 934 3580 977 3635; x_wconf 90' lang='grc' dir='ltr'>δ’</span> <span class='ocrx_word' id='word_1_269' title='bbox 1007 3580 1251 3643; x_wconf 84' lang='grc' dir='ltr'>συνόδου,</span> <span class='ocrx_word' id='word_1_270' title='bbox 1284 3581 1363 3643; x_wconf 80' lang='grc' dir='ltr'><strong>είς</strong></span> <span class='ocrx_word' id='word_1_271' title='bbox 1402 3580 1493 3633; x_wconf 76' lang='grc' dir='ltr'>τὸν</span> <span class='ocrx_word' id='word_1_272' title='bbox 1526 3579 1606 3651; x_wconf 67' lang='grc' dir='ltr'><strong>»ιβ’</strong></span> <span class='ocrx_word' id='word_1_273' title='bbox 1638 3581 1837 3634; x_wconf 84' lang='grc' dir='ltr'>κανόνα</span> 
     </span>
    </p>
   </div>
   <div class='ocr_carea' id='block_1_40' title="bbox 264 3671 1836 3749">
    <p class='ocr_par' dir='ltr' id='par_1_40' title="bbox 264 3671 1836 3749">
     <span class='ocr_line' id='line_1_40' title="bbox 264 3671 1836 3749; baseline -0.005 -16"><span class='ocrx_word' id='word_1_274' title='bbox 264 3681 368 3749; x_wconf 79' lang='grc' dir='ltr'>τῆς</span> <span class='ocrx_word' id='word_1_275' title='bbox 400 3684 454 3740; x_wconf 80' lang='grc' dir='ltr'>ς’</span> <span class='ocrx_word' id='word_1_276' title='bbox 480 3676 724 3738; x_wconf 79' lang='grc' dir='ltr'>συνόδου,</span> <span class='ocrx_word' id='word_1_277' title='bbox 749 3674 843 3727; x_wconf 74' lang='grc' dir='ltr'>καὶ</span> <span class='ocrx_word' id='word_1_278' title='bbox 871 3676 953 3736; x_wconf 81' lang='grc' dir='ltr'><strong>είς</strong></span> <span class='ocrx_word' id='word_1_279' title='bbox 980 3673 1072 3727; x_wconf 81' lang='grc' dir='ltr'><strong>τὸν</strong></span> <span class='ocrx_word' id='word_1_280' title='bbox 1098 3679 1140 3724; x_wconf 87' lang='grc' dir='ltr'>ε’</span> <span class='ocrx_word' id='word_1_281' title='bbox 1161 3673 1254 3726; x_wconf 77' lang='grc' dir='ltr'>καὶ</span> <span class='ocrx_word' id='word_1_282' title='bbox 1278 3672 1344 3724; x_wconf 87' lang='grc' dir='ltr'>ιθ¹</span> <span class='ocrx_word' id='word_1_283' title='bbox 1373 3672 1475 3741; x_wconf 82' lang='grc' dir='ltr'>τῆς</span> <span class='ocrx_word' id='word_1_284' title='bbox 1509 3671 1556 3737; x_wconf 80' lang='grc' dir='ltr'><strong>ζ’</strong></span> <span class='ocrx_word' id='word_1_285' title='bbox 1582 3673 1801 3726; x_wconf 84' lang='grc' dir='ltr'>συνόδου</span> <span class='ocrx_word' id='word_1_286' title='bbox 1822 3690 1836 3706; x_wconf 80' lang='grc' dir='ltr'><strong><em>ο</em></strong></span> 
     </span>
    </p>
   </div>
   <div class='ocr_carea' id='block_1_41' title="bbox 265 3764 1838 3837">
    <p class='ocr_par' dir='ltr' id='par_1_41' title="bbox 265 3764 1838 3837">
     <span class='ocr_line' id='line_1_41' title="bbox 265 3764 1838 3837; baseline -0.003 -14"><span class='ocrx_word' id='word_1_287' title='bbox 265 3772 362 3824; x_wconf 76' lang='grc' dir='ltr'>καὶ</span> <span class='ocrx_word' id='word_1_288' title='bbox 379 3767 644 3837; x_wconf 77' lang='grc' dir='ltr'>ἀνάγνωθι</span> <span class='ocrx_word' id='word_1_289' title='bbox 671 3767 886 3828; x_wconf 67' lang='grc' dir='ltr'>τούτους</span> <span class='ocrx_word' id='word_1_290' title='bbox 908 3764 1120 3828; x_wconf 73' lang='grc' dir='ltr'>καὶτὰς</span> <span class='ocrx_word' id='word_1_291' title='bbox 1142 3764 1437 3836; x_wconf 80' lang='grc' dir='ltr'>ἑρμηνείας</span> <span class='ocrx_word' id='word_1_292' title='bbox 1460 3765 1659 3819; x_wconf 74' lang='grc' dir='ltr'>αὐτῶν.</span> <span class='ocrx_word' id='word_1_293' title='bbox 1685 3765 1838 3819; x_wconf 79' lang='grc' dir='ltr'>Ἐπεὶ</span> 
     </span>
    </p>
   </div>
   <div class='ocr_carea' id='block_1_42' title="bbox 262 3856 1839 3930">
    <p class='ocr_par' dir='ltr' id='par_1_42' title="bbox 262 3856 1839 3930">
     <span class='ocr_line' id='line_1_42' title="bbox 262 3856 1839 3930; baseline -0.003 -16"><span class='ocrx_word' id='word_1_294' title='bbox 262 3862 321 3914; x_wconf 74' lang='grc' dir='ltr'>δὲ</span> <span class='ocrx_word' id='word_1_295' title='bbox 354 3862 446 3914; x_wconf 76' lang='grc' dir='ltr'>καὶ</span> <span class='ocrx_word' id='word_1_296' title='bbox 474 3864 507 3930; x_wconf 88' lang='grc' dir='ltr'><strong>ή</strong></span> <span class='ocrx_word' id='word_1_297' title='bbox 537 3859 787 3929; x_wconf 72' lang='grc' dir='ltr'>παροῦσα</span> <span class='ocrx_word' id='word_1_298' title='bbox 817 3856 1073 3928; x_wconf 64' lang='grc' dir='ltr'>ἐπιστολή</span> <span class='ocrx_word' id='word_1_299' title='bbox 1097 3898 1112 3924; x_wconf 93' lang='grc'><strong>,</strong></span> <span class='ocrx_word' id='word_1_300' title='bbox 1139 3857 1213 3920; x_wconf 82' lang='grc' dir='ltr'><strong>ὡς</strong></span> <span class='ocrx_word' id='word_1_301' title='bbox 1247 3856 1343 3910; x_wconf 78' lang='grc' dir='ltr'>καὶ</span> <span class='ocrx_word' id='word_1_302' title='bbox 1369 3858 1420 3910; x_wconf 78' lang='lat' dir='ltr'><strong>oi</strong></span> <span class='ocrx_word' id='word_1_303' title='bbox 1451 3858 1677 3921; x_wconf 83' lang='grc' dir='ltr'>κανόνες</span> <span class='ocrx_word' id='word_1_304' title='bbox 1697 3896 1714 3922; x_wconf 83' lang='grc'><strong>,</strong></span> <span class='ocrx_word' id='word_1_305' title='bbox 1744 3874 1839 3910; x_wconf 81' lang='grc' dir='ltr'>κα-</span> 
     </span>
    </p>
   </div>
   <div class='ocr_carea' id='block_1_43' title="bbox 264 3947 1839 4024">
    <p class='ocr_par' dir='ltr' id='par_1_43' title="bbox 264 3947 1839 4024">
     <span class='ocr_line' id='line_1_43' title="bbox 264 3947 1839 4024; baseline -0.005 -15"><span class='ocrx_word' id='word_1_306' title='bbox 264 3953 509 4024; x_wconf 70' lang='grc' dir='ltr'>θαιρέσει</span> <span class='ocrx_word' id='word_1_307' title='bbox 534 3950 931 4005; x_wconf 81' lang='grc' dir='ltr'>καθυποϐάλλει</span> <span class='ocrx_word' id='word_1_308' title='bbox 958 3949 1082 4012; x_wconf 76' lang='grc' dir='ltr'>τοὺς</span> <span class='ocrx_word' id='word_1_309' title='bbox 1120 3947 1565 4020; x_wconf 79' lang='grc' dir='ltr'>χειροτονοῦντας</span> <span class='ocrx_word' id='word_1_310' title='bbox 1592 3950 1689 4003; x_wconf 70' lang='grc' dir='ltr'>καὶ</span> <span class='ocrx_word' id='word_1_311' title='bbox 1714 3950 1839 4012; x_wconf 74' lang='grc' dir='ltr'>τοὺς</span> 
     </span>
    </p>
   </div>
   <div class='ocr_carea' id='block_1_44' title="bbox 265 4040 1837 4118">
    <p class='ocr_par' dir='ltr' id='par_1_44' title="bbox 265 4040 1837 4118">
     <span class='ocr_line' id='line_1_44' title="bbox 265 4040 1837 4118; baseline -0.004 -20"><span class='ocrx_word' id='word_1_312' title='bbox 265 4065 349 4118; x_wconf 88' lang='grc' dir='ltr'><strong>χει</strong></span> <span class='ocrx_word' id='word_1_313' title='bbox 361 4042 798 4117; x_wconf 80' lang='grc' dir='ltr'>ροτονουμένους,</span> <span class='ocrx_word' id='word_1_314' title='bbox 836 4040 935 4095; x_wconf 79' lang='grc' dir='ltr'>κᾶν</span> <span class='ocrx_word' id='word_1_315' title='bbox 970 4041 1077 4110; x_wconf 76' lang='grc' dir='ltr'><strong>πρὸ</strong></span> <span class='ocrx_word' id='word_1_316' title='bbox 1106 4042 1204 4110; x_wconf 83' lang='grc' dir='ltr'>τῆς</span> <span class='ocrx_word' id='word_1_317' title='bbox 1235 4040 1571 4112; x_wconf 81' lang='grc' dir='ltr'>χειροτονίας</span> <span class='ocrx_word' id='word_1_318' title='bbox 1602 4041 1837 4097; x_wconf 74' lang='grc' dir='ltr'>λάϐωσιν</span> 
     </span>
    </p>
   </div>
   <div class='ocr_carea' id='block_1_45' title="bbox 263 4133 1840 4210">
    <p class='ocr_par' dir='ltr' id='par_1_45' title="bbox 263 4133 1840 4210">
     <span class='ocr_line' id='line_1_45' title="bbox 263 4133 1840 4210; baseline -0.004 -18"><span class='ocrx_word' id='word_1_319' title='bbox 263 4143 301 4210; x_wconf 77' lang='grc' dir='ltr'>ἢ</span> <span class='ocrx_word' id='word_1_320' title='bbox 330 4139 559 4193; x_wconf 81' lang='grc' dir='ltr'>δώσουσι</span> <span class='ocrx_word' id='word_1_321' title='bbox 590 4138 873 4207; x_wconf 79' lang='grc' dir='ltr'>χρήματα,</span> <span class='ocrx_word' id='word_1_322' title='bbox 907 4133 1008 4187; x_wconf 83' lang='grc' dir='ltr'>κᾶν</span> <span class='ocrx_word' id='word_1_323' title='bbox 1041 4133 1180 4203; x_wconf 76' lang='grc' dir='ltr'>μετὰ</span> <span class='ocrx_word' id='word_1_324' title='bbox 1209 4134 1308 4202; x_wconf 83' lang='grc' dir='ltr'>τὴν</span> <span class='ocrx_word' id='word_1_325' title='bbox 1338 4135 1675 4203; x_wconf 86' lang='grc' dir='ltr'>χειροτονίαν</span> <span class='ocrx_word' id='word_1_326' title='bbox 1701 4150 1719 4167; x_wconf 79' lang='grc' dir='ltr'><strong><em>ο</em></strong></span> <span class='ocrx_word' id='word_1_327' title='bbox 1747 4134 1840 4186; x_wconf 84' lang='grc' dir='ltr'>σύ-</span> 
     </span>
    </p>
   </div>
   <div class='ocr_carea' id='block_1_46' title="bbox 270 4226 1843 4304">
    <p class='ocr_par' dir='ltr' id='par_1_46' title="bbox 270 4226 1843 4304">
     <span class='ocr_line' id='line_1_46' title="bbox 270 4226 1843 4304; baseline -0.011 -15"><span class='ocrx_word' id='word_1_328' title='bbox 270 4235 440 4304; x_wconf 67' lang='grc' dir='ltr'>ναψον</span> <span class='ocrx_word' id='word_1_329' title='bbox 466 4230 641 4284; x_wconf 87' lang='grc' dir='ltr'>ταῦτὰ</span> <span class='ocrx_word' id='word_1_330' title='bbox 669 4244 729 4281; x_wconf 87' lang='grc' dir='ltr'><strong>τε</strong></span> <span class='ocrx_word' id='word_1_331' title='bbox 759 4230 1009 4291; x_wconf 79' lang='grc' dir='ltr'>κάκεῖνα,</span> <span class='ocrx_word' id='word_1_332' title='bbox 1038 4228 1134 4279; x_wconf 79' lang='grc' dir='ltr'>καὶ</span> <span class='ocrx_word' id='word_1_333' title='bbox 1165 4226 1253 4280; x_wconf 84' lang='grc' dir='ltr'>διὰ</span> <span class='ocrx_word' id='word_1_334' title='bbox 1284 4228 1384 4297; x_wconf 86' lang='grc' dir='ltr'>τῆς</span> <span class='ocrx_word' id='word_1_335' title='bbox 1415 4230 1611 4297; x_wconf 76' lang='grc' dir='ltr'>νοητῆς</span> <span class='ocrx_word' id='word_1_336' title='bbox 1641 4226 1843 4296; x_wconf 74' lang='grc' dir='ltr'>μαχαί.</span> 
     </span>
    </p>
   </div>
   <div class='ocr_carea' id='block_1_47' title="bbox 265 4319 1840 4401">
    <p class='ocr_par' dir='ltr' id='par_1_47' title="bbox 265 4319 1840 4401">
     <span class='ocr_line' id='line_1_47' title="bbox 265 4319 1840 4401; baseline -0.008 -19"><span class='ocrx_word' id='word_1_337' title='bbox 265 4345 373 4401; x_wconf 89' lang='grc' dir='ltr'><strong>ρας</strong></span> <span class='ocrx_word' id='word_1_338' title='bbox 410 4324 503 4380; x_wconf 88' lang='grc' dir='ltr'><strong>τοῦ</strong></span> <span class='ocrx_word' id='word_1_339' title='bbox 541 4321 856 4390; x_wconf 80' lang='grc' dir='ltr'>Πνεύματοις</span> <span class='ocrx_word' id='word_1_340' title='bbox 889 4321 948 4373; x_wconf 78' lang='grc' dir='ltr'>τὸ</span> <span class='ocrx_word' id='word_1_341' title='bbox 981 4320 1079 4387; x_wconf 80' lang='grc' dir='ltr'>τῆς</span> <span class='ocrx_word' id='word_1_342' title='bbox 1118 4319 1481 4388; x_wconf 76' lang='grc' dir='ltr'>φιλαργυρίας</span> <span class='ocrx_word' id='word_1_343' title='bbox 1522 4319 1690 4381; x_wconf 79' lang='grc' dir='ltr'>πάθος</span> <span class='ocrx_word' id='word_1_344' title='bbox 1713 4362 1727 4383; x_wconf 94' lang='grc'><strong>,</strong></span> <span class='ocrx_word' id='word_1_345' title='bbox 1764 4319 1840 4380; x_wconf 82' lang='grc' dir='ltr'>ὡς</span> 
     </span>
    </p>
   </div>
   <div class='ocr_carea' id='block_1_48' title="bbox 1937 597 3481 692">
    <p class='ocr_par' dir='ltr' id='par_1_48' title="bbox 1937 597 3481 692">
     <span class='ocr_line' id='line_1_48' title="bbox 1937 597 3481 692; baseline -0.006 -7"><span class='ocrx_word' id='word_1_346' title='bbox 1937 644 2101 685; x_wconf 77' lang='lat' dir='ltr'><strong>tecum</strong></span> <span class='ocrx_word' id='word_1_347' title='bbox 2138 630 2207 682; x_wconf 85' lang='lat' dir='ltr'><strong>sit</strong></span> <span class='ocrx_word' id='word_1_348' title='bbox 2241 628 2295 679; x_wconf 76' lang='lat' dir='ltr'><strong>in</strong></span> <span class='ocrx_word' id='word_1_349' title='bbox 2328 597 2681 692; x_wconf 46' lang='lat' dir='ltr'><strong>perditionem</strong></span> <span class='ocrx_word' id='word_1_350' title='bbox 2736 620 2776 675; x_wconf 80' lang='grc'>⁸.</span> <span class='ocrx_word' id='word_1_351' title='bbox 2835 597 2967 673; x_wconf 62' lang='lat' dir='ltr'><strong>Nam</strong></span> <span class='ocrx_word' id='word_1_352' title='bbox 3011 621 3181 675; x_wconf 81' lang='lat' dir='ltr'><strong>levius</strong></span> <span class='ocrx_word' id='word_1_353' title='bbox 3215 622 3481 691; x_wconf 89' lang='lat' dir='ltr'><strong>delinquit</strong></span> 
     </span>
    </p>
   </div>
   <div class='ocr_carea' id='block_1_49' title="bbox 1939 711 3479 788">
    <p class='ocr_par' dir='ltr' id='par_1_49' title="bbox 1939 711 3479 788">
     <span class='ocr_line' id='line_1_49' title="bbox 1939 711 3479 788; baseline -0.004 -15"><span class='ocrx_word' id='word_1_354' title='bbox 1939 721 2029 787; x_wconf 70' lang='lat' dir='ltr'><strong>qui</strong></span> <span class='ocrx_word' id='word_1_355' title='bbox 2056 733 2162 788; x_wconf 73' lang='lat' dir='ltr'><strong>pra:</strong></span> <span class='ocrx_word' id='word_1_356' title='bbox 2199 717 2410 773; x_wconf 83' lang='lat' dir='ltr'><strong>inscitia</strong></span> <span class='ocrx_word' id='word_1_357' title='bbox 2440 728 2620 768; x_wconf 85' lang='lat' dir='ltr'><strong>emere</strong></span> <span class='ocrx_word' id='word_1_358' title='bbox 2652 712 2796 772; x_wconf 87' lang='lat' dir='ltr'><strong>vult,</strong></span> <span class='ocrx_word' id='word_1_359' title='bbox 2824 726 2983 779; x_wconf 90' lang='lat' dir='ltr'><strong>quam</strong></span> <span class='ocrx_word' id='word_1_360' title='bbox 3014 713 3105 780; x_wconf 90' lang='lat' dir='ltr'><strong>qui</strong></span> <span class='ocrx_word' id='word_1_361' title='bbox 3150 711 3239 766; x_wconf 87' lang='lat' dir='ltr'><strong>Dei</strong></span> <span class='ocrx_word' id='word_1_362' title='bbox 3279 715 3479 767; x_wconf 88' lang='lat' dir='ltr'><strong>donum</strong></span> 
     </span>
    </p>
   </div>
   <div class='ocr_carea' id='block_1_50' title="bbox 1940 800 3479 871">
    <p class='ocr_par' dir='ltr' id='par_1_50' title="bbox 1940 800 3479 871">
     <span class='ocr_line' id='line_1_50' title="bbox 1940 800 3479 871; baseline -0.002 -11"><span class='ocrx_word' id='word_1_363' title='bbox 1940 807 2143 860; x_wconf 77' lang='lat' dir='ltr'><strong>vendit.</strong></span> <span class='ocrx_word' id='word_1_364' title='bbox 2176 804 2425 858; x_wconf 82' lang='lat' dir='ltr'><strong>Venditio</strong></span> <span class='ocrx_word' id='word_1_365' title='bbox 2451 804 2594 857; x_wconf 91' lang='lat' dir='ltr'><strong>enim</strong></span> <span class='ocrx_word' id='word_1_366' title='bbox 2639 800 2780 853; x_wconf 81' lang='lat' dir='ltr'><strong>facta</strong></span> <span class='ocrx_word' id='word_1_367' title='bbox 2815 809 2930 863; x_wconf 87' lang='lat' dir='ltr'><strong>est;</strong></span> <span class='ocrx_word' id='word_1_368' title='bbox 2963 808 3016 853; x_wconf 89' lang='lat' dir='ltr'><strong>et</strong></span> <span class='ocrx_word' id='word_1_369' title='bbox 3041 801 3182 869; x_wconf 88' lang='lat' dir='ltr'><strong>quod</strong></span> <span class='ocrx_word' id='word_1_370' title='bbox 3223 810 3278 855; x_wconf 93' lang='lat' dir='ltr'><strong>tu</strong></span> <span class='ocrx_word' id='word_1_371' title='bbox 3310 804 3479 871; x_wconf 86' lang='lat' dir='ltr'><strong>gratis</strong></span> 
     </span>
    </p>
   </div>
   <div class='ocr_carea' id='block_1_51' title="bbox 1940 887 3480 959">
    <p class='ocr_par' dir='ltr' id='par_1_51' title="bbox 1940 887 3480 959">
     <span class='ocr_line' id='line_1_51' title="bbox 1940 887 3480 959; baseline -0.001 -15"><span class='ocrx_word' id='word_1_372' title='bbox 1940 890 2195 959; x_wconf 88' lang='lat' dir='ltr'><strong>accepisti</strong></span> <span class='ocrx_word' id='word_1_373' title='bbox 2217 929 2231 951; x_wconf 82' lang='lat'><strong>,</strong></span> <span class='ocrx_word' id='word_1_374' title='bbox 2263 890 2316 943; x_wconf 82' lang='lat' dir='ltr'><strong>id</strong></span> <span class='ocrx_word' id='word_1_375' title='bbox 2345 891 2390 942; x_wconf 89' lang='lat' dir='ltr'><strong>si</strong></span> <span class='ocrx_word' id='word_1_376' title='bbox 2424 887 2748 950; x_wconf 79' lang='lat' dir='ltr'><strong>vendideris,</strong></span> <span class='ocrx_word' id='word_1_377' title='bbox 2778 896 3028 956; x_wconf 77' lang='lat' dir='ltr'><strong>tanquam</strong></span> <span class='ocrx_word' id='word_1_378' title='bbox 3046 887 3261 943; x_wconf 61' lang='lat' dir='ltr'><strong>Satanae</strong></span> <span class='ocrx_word' id='word_1_379' title='bbox 3295 893 3447 943; x_wconf 85' lang='lat' dir='ltr'><strong>vendi</strong></span> <span class='ocrx_word' id='word_1_380' title='bbox 3466 920 3480 930; x_wconf 87' lang='lat'><strong><em>-</em></strong></span> 
     </span>
    </p>
   </div>
   <div class='ocr_carea' id='block_1_52' title="bbox 1941 974 3486 1046">
    <p class='ocr_par' dir='ltr' id='par_1_52' title="bbox 1941 974 3486 1046">
     <span class='ocr_line' id='line_1_52' title="bbox 1941 974 3486 1046; baseline -0.001 -15"><span class='ocrx_word' id='word_1_381' title='bbox 1941 987 2029 1033; x_wconf 86' lang='lat' dir='ltr'><strong>tus</strong></span> <span class='ocrx_word' id='word_1_382' title='bbox 2072 978 2244 1046; x_wconf 85' lang='lat' dir='ltr'><strong>gratia</strong></span> <span class='ocrx_word' id='word_1_383' title='bbox 2277 978 2575 1045; x_wconf 83' lang='lat' dir='ltr'><strong>privabere.</strong></span> <span class='ocrx_word' id='word_1_384' title='bbox 2604 974 2740 1027; x_wconf 84' lang='lat' dir='ltr'><strong>Nam</strong></span> <span class='ocrx_word' id='word_1_385' title='bbox 2775 976 3160 1045; x_wconf 89' lang='lat' dir='ltr'><strong>cauponariam</strong></span> <span class='ocrx_word' id='word_1_386' title='bbox 3186 976 3486 1031; x_wconf 82' lang='lat' dir='ltr'><strong>introducis</strong></span> 
     </span>
    </p>
   </div>
   <div class='ocr_carea' id='block_1_53' title="bbox 1944 1064 3483 1135">
    <p class='ocr_par' dir='ltr' id='par_1_53' title="bbox 1944 1064 3483 1135">
     <span class='ocr_line' id='line_1_53' title="bbox 1944 1064 3483 1135; baseline 0 -15"><span class='ocrx_word' id='word_1_387' title='bbox 1944 1068 1998 1120; x_wconf 92' lang='lat' dir='ltr'><strong>in</strong></span> <span class='ocrx_word' id='word_1_388' title='bbox 2025 1083 2114 1121; x_wconf 86' lang='lat' dir='ltr'><strong>res</strong></span> <span class='ocrx_word' id='word_1_389' title='bbox 2145 1067 2476 1135; x_wconf 85' lang='lat' dir='ltr'><strong>spirituales,</strong></span> <span class='ocrx_word' id='word_1_390' title='bbox 2508 1074 2562 1117; x_wconf 89' lang='lat' dir='ltr'><strong>et</strong></span> <span class='ocrx_word' id='word_1_391' title='bbox 2600 1065 2656 1117; x_wconf 89' lang='lat' dir='ltr'><strong>in</strong></span> <span class='ocrx_word' id='word_1_392' title='bbox 2696 1065 2868 1132; x_wconf 90' lang='lat' dir='ltr'><strong>ipsam</strong></span> <span class='ocrx_word' id='word_1_393' title='bbox 2899 1064 3216 1129; x_wconf 85' lang='lat' dir='ltr'><strong>Ecclesiam,</strong></span> <span class='ocrx_word' id='word_1_394' title='bbox 3245 1067 3334 1119; x_wconf 91' lang='lat' dir='ltr'><strong>ubi</strong></span> <span class='ocrx_word' id='word_1_395' title='bbox 3365 1082 3483 1120; x_wconf 84' lang='lat' dir='ltr'><strong>cor-</strong></span> 
     </span>
    </p>
   </div>
   <div class='ocr_carea' id='block_1_54' title="bbox 1944 1151 3486 1224">
    <p class='ocr_par' dir='ltr' id='par_1_54' title="bbox 1944 1151 3486 1224">
     <span class='ocr_line' id='line_1_54' title="bbox 1944 1151 3486 1224; baseline 0.002 -18"><span class='ocrx_word' id='word_1_396' title='bbox 1944 1171 2044 1224; x_wconf 82' lang='lat' dir='ltr'><strong>pus</strong></span> <span class='ocrx_word' id='word_1_397' title='bbox 2082 1163 2135 1208; x_wconf 90' lang='lat' dir='ltr'><strong>et</strong></span> <span class='ocrx_word' id='word_1_398' title='bbox 2165 1154 2386 1223; x_wconf 75' lang='lat' dir='ltr'><strong>sanguis</strong></span> <span class='ocrx_word' id='word_1_399' title='bbox 2418 1152 2619 1206; x_wconf 84' lang='lat' dir='ltr'><strong>Christi</strong></span> <span class='ocrx_word' id='word_1_400' title='bbox 2650 1151 2962 1205; x_wconf 83' lang='lat' dir='ltr'><strong>concredita</strong></span> <span class='ocrx_word' id='word_1_401' title='bbox 2993 1153 3148 1205; x_wconf 86' lang='lat' dir='ltr'><strong>nobis</strong></span> <span class='ocrx_word' id='word_1_402' title='bbox 3184 1162 3329 1207; x_wconf 91' lang='lat' dir='ltr'><strong>sunt.</strong></span> <span class='ocrx_word' id='word_1_403' title='bbox 3364 1154 3486 1209; x_wconf 74' lang='lat' dir='ltr'><strong>Haec</strong></span> 
     </span>
    </p>
   </div>
   <div class='ocr_carea' id='block_1_55' title="bbox 1945 1240 3485 1311">
    <p class='ocr_par' dir='ltr' id='par_1_55' title="bbox 1945 1240 3485 1311">
     <span class='ocr_line' id='line_1_55' title="bbox 1945 1240 3485 1311; baseline -0.003 -12"><span class='ocrx_word' id='word_1_404' title='bbox 1945 1247 2014 1299; x_wconf 90' lang='lat' dir='ltr'><strong>ita</strong></span> <span class='ocrx_word' id='word_1_405' title='bbox 2054 1245 2167 1298; x_wconf 89' lang='lat' dir='ltr'><strong>ﬁeri</strong></span> <span class='ocrx_word' id='word_1_406' title='bbox 2200 1259 2307 1299; x_wconf 79' lang='lat' dir='ltr'><strong>non</strong></span> <span class='ocrx_word' id='word_1_407' title='bbox 2357 1250 2591 1311; x_wconf 81' lang='lat' dir='ltr'><strong>Oportet.</strong></span> <span class='ocrx_word' id='word_1_408' title='bbox 2632 1240 2802 1305; x_wconf 81' lang='lat' dir='ltr'><strong>Quale</strong></span> <span class='ocrx_word' id='word_1_409' title='bbox 2849 1249 3028 1294; x_wconf 89' lang='lat' dir='ltr'><strong>autem</strong></span> <span class='ocrx_word' id='word_1_410' title='bbox 3076 1244 3146 1295; x_wconf 89' lang='lat' dir='ltr'><strong>sit</strong></span> <span class='ocrx_word' id='word_1_411' title='bbox 3178 1243 3485 1309; x_wconf 91' lang='lat' dir='ltr'><strong>artiﬁcimn,</strong></span> 
     </span>
    </p>
   </div>
   <div class='ocr_carea' id='block_1_56' title="bbox 1944 1331 3489 1399">
    <p class='ocr_par' dir='ltr' id='par_1_56' title="bbox 1944 1331 3489 1399">
     <span class='ocr_line' id='line_1_56' title="bbox 1944 1331 3489 1399; baseline -0.001 -12"><span class='ocrx_word' id='word_1_412' title='bbox 1944 1334 2139 1387; x_wconf 87' lang='lat' dir='ltr'><strong>dicam.</strong></span> <span class='ocrx_word' id='word_1_413' title='bbox 2171 1334 2366 1385; x_wconf 81' lang='lat' dir='ltr'><strong>Putant</strong></span> <span class='ocrx_word' id='word_1_414' title='bbox 2393 1347 2450 1385; x_wconf 91' lang='lat' dir='ltr'><strong>se</strong></span> <span class='ocrx_word' id='word_1_415' title='bbox 2474 1331 2593 1383; x_wconf 91' lang='lat' dir='ltr'><strong>ideo</strong></span> <span class='ocrx_word' id='word_1_416' title='bbox 2622 1345 2728 1383; x_wconf 91' lang='lat' dir='ltr'><strong>non</strong></span> <span class='ocrx_word' id='word_1_417' title='bbox 2762 1343 2989 1398; x_wconf 87' lang='lat' dir='ltr'><strong>peccare</strong></span> <span class='ocrx_word' id='word_1_418' title='bbox 3014 1369 3028 1393; x_wconf 90' lang='lat'><strong>,</strong></span> <span class='ocrx_word' id='word_1_419' title='bbox 3058 1331 3199 1399; x_wconf 90' lang='lat' dir='ltr'><strong>quod</strong></span> <span class='ocrx_word' id='word_1_420' title='bbox 3228 1347 3334 1385; x_wconf 88' lang='lat' dir='ltr'><strong>non</strong></span> <span class='ocrx_word' id='word_1_421' title='bbox 3366 1342 3489 1385; x_wconf 89' lang='lat' dir='ltr'><strong>ante</strong></span> 
     </span>
    </p>
   </div>
   <div class='ocr_carea' id='block_1_57' title="bbox 1946 1420 3492 1491">
    <p class='ocr_par' dir='ltr' id='par_1_57' title="bbox 1946 1420 3492 1491">
     <span class='ocr_line' id='line_1_57' title="bbox 1946 1420 3492 1491; baseline 0 -16"><span class='ocrx_word' id='word_1_422' title='bbox 1946 1423 2246 1490; x_wconf 85' lang='lat' dir='ltr'><strong>accipiant,</strong></span> <span class='ocrx_word' id='word_1_423' title='bbox 2298 1422 2391 1473; x_wconf 88' lang='lat' dir='ltr'><strong>sed</strong></span> <span class='ocrx_word' id='word_1_424' title='bbox 2437 1431 2556 1487; x_wconf 87' lang='lat' dir='ltr'><strong>post</strong></span> <span class='ocrx_word' id='word_1_425' title='bbox 2610 1420 3002 1473; x_wconf 90' lang='lat' dir='ltr'><strong>ordinationem</strong></span> <span class='ocrx_word' id='word_1_426' title='bbox 3054 1423 3342 1491; x_wconf 87' lang='lat' dir='ltr'><strong>accipiant.</strong></span> <span class='ocrx_word' id='word_1_427' title='bbox 3386 1423 3492 1475; x_wconf 83' lang='lat' dir='ltr'><strong>Ac-</strong></span> 
     </span>
    </p>
   </div>
   <div class='ocr_carea' id='block_1_58' title="bbox 1946 1506 3235 1579">
    <p class='ocr_par' dir='ltr' id='par_1_58' title="bbox 1946 1506 3235 1579">
     <span class='ocr_line' id='line_1_58' title="bbox 1946 1506 3235 1579; baseline -0.003 -14"><span class='ocrx_word' id='word_1_428' title='bbox 1946 1512 2124 1579; x_wconf 89' lang='lat' dir='ltr'><strong>cipere</strong></span> <span class='ocrx_word' id='word_1_429' title='bbox 2155 1517 2334 1562; x_wconf 88' lang='lat' dir='ltr'><strong>autem</strong></span> <span class='ocrx_word' id='word_1_430' title='bbox 2387 1515 2470 1561; x_wconf 87' lang='lat' dir='ltr'><strong>est</strong></span> <span class='ocrx_word' id='word_1_431' title='bbox 2503 1506 2937 1575; x_wconf 89' lang='lat' dir='ltr'><strong>quandocunque</strong></span> <span class='ocrx_word' id='word_1_432' title='bbox 2971 1508 3235 1575; x_wconf 85' lang='lat' dir='ltr'><strong>accipere.</strong></span> 
     </span>
    </p>
   </div>
   <div class='ocr_carea' id='block_1_59' title="bbox 2104 1596 3490 1665">
    <p class='ocr_par' dir='ltr' id='par_1_59' title="bbox 2104 1596 3490 1665">
     <span class='ocr_line' id='line_1_59' title="bbox 2104 1596 3490 1665; baseline -0.001 -15"><span class='ocrx_word' id='word_1_433' title='bbox 2104 1598 2249 1665; x_wconf 80' lang='lat' dir='ltr'><strong>Rogo</strong></span> <span class='ocrx_word' id='word_1_434' title='bbox 2284 1597 2491 1665; x_wconf 88' lang='lat' dir='ltr'><strong>itaque.</strong></span> <span class='ocrx_word' id='word_1_435' title='bbox 2538 1596 2767 1649; x_wconf 87' lang='lat' dir='ltr'><strong>reditum</strong></span> <span class='ocrx_word' id='word_1_436' title='bbox 2795 1598 2966 1659; x_wconf 91' lang='lat' dir='ltr'><strong>illum,</strong></span> <span class='ocrx_word' id='word_1_437' title='bbox 2998 1598 3104 1649; x_wconf 90' lang='lat' dir='ltr'><strong>imo</strong></span> <span class='ocrx_word' id='word_1_438' title='bbox 3144 1598 3323 1665; x_wconf 86' lang='lat' dir='ltr'><strong>potius</strong></span> <span class='ocrx_word' id='word_1_439' title='bbox 3350 1599 3490 1650; x_wconf 85' lang='lat' dir='ltr'><strong>viam</strong></span> 
     </span>
    </p>
   </div>
   <div class='ocr_carea' id='block_1_60' title="bbox 1951 1682 3493 1751">
    <p class='ocr_par' dir='ltr' id='par_1_60' title="bbox 1951 1682 3493 1751">
     <span class='ocr_line' id='line_1_60' title="bbox 1951 1682 3493 1751; baseline 0.001 -15"><span class='ocrx_word' id='word_1_440' title='bbox 1951 1684 2003 1737; x_wconf 90' lang='lat' dir='ltr'><strong>in</strong></span> <span class='ocrx_word' id='word_1_441' title='bbox 2053 1686 2349 1751; x_wconf 78' lang='lat' dir='ltr'><strong>gehennam</strong></span> <span class='ocrx_word' id='word_1_442' title='bbox 2407 1682 2693 1736; x_wconf 85' lang='lat' dir='ltr'><strong>ducentem</strong></span> <span class='ocrx_word' id='word_1_443' title='bbox 2758 1682 3087 1750; x_wconf 86' lang='lat' dir='ltr'><strong>relinquite,</strong></span> <span class='ocrx_word' id='word_1_444' title='bbox 3151 1698 3249 1736; x_wconf 91' lang='lat' dir='ltr'><strong>nec</strong></span> <span class='ocrx_word' id='word_1_445' title='bbox 3302 1700 3493 1737; x_wconf 86' lang='lat' dir='ltr'><strong>manus</strong></span> 
     </span>
    </p>
   </div>
   <div class='ocr_carea' id='block_1_61' title="bbox 1948 1771 3494 1841">
    <p class='ocr_par' dir='ltr' id='par_1_61' title="bbox 1948 1771 3494 1841">
     <span class='ocr_line' id='line_1_61' title="bbox 1948 1771 3494 1841; baseline 0 -14"><span class='ocrx_word' id='word_1_446' title='bbox 1948 1771 2213 1841; x_wconf 82' lang='lat' dir='ltr'><strong>ejusmodi</strong></span> <span class='ocrx_word' id='word_1_447' title='bbox 2250 1772 2563 1825; x_wconf 80' lang='lat' dir='ltr'><strong>muneribus</strong></span> <span class='ocrx_word' id='word_1_448' title='bbox 2610 1772 3073 1835; x_wconf 85' lang='lat' dir='ltr'><strong>contaminantes,</strong></span> <span class='ocrx_word' id='word_1_449' title='bbox 3110 1772 3359 1841; x_wconf 79' lang='lat' dir='ltr'><strong>indignos</strong></span> <span class='ocrx_word' id='word_1_450' title='bbox 3400 1790 3494 1827; x_wconf 72' lang='lat' dir='ltr'><strong>vos</strong></span> 
     </span>
    </p>
   </div>
   <div class='ocr_carea' id='block_1_62' title="bbox 1948 1862 3495 1931">
    <p class='ocr_par' dir='ltr' id='par_1_62' title="bbox 1948 1862 3495 1931">
     <span class='ocr_line' id='line_1_62' title="bbox 1948 1862 3495 1931; baseline 0.002 -15"><span class='ocrx_word' id='word_1_451' title='bbox 1948 1862 2213 1925; x_wconf 82' lang='lat' dir='ltr'><strong>elﬁeiatis,</strong></span> <span class='ocrx_word' id='word_1_452' title='bbox 2246 1864 2335 1929; x_wconf 88' lang='lat' dir='ltr'><strong>qui</strong></span> <span class='ocrx_word' id='word_1_453' title='bbox 2369 1862 2627 1931; x_wconf 85' lang='lat' dir='ltr'><strong>mysteria</strong></span> <span class='ocrx_word' id='word_1_454' title='bbox 2671 1868 2859 1914; x_wconf 85' lang='lat' dir='ltr'><strong>sancta</strong></span> <span class='ocrx_word' id='word_1_455' title='bbox 2894 1862 3194 1915; x_wconf 78' lang='lat' dir='ltr'><strong>celebretis.</strong></span> <span class='ocrx_word' id='word_1_456' title='bbox 3230 1863 3495 1931; x_wconf 80' lang='lat' dir='ltr'><strong>Ignoscite</strong></span> 
     </span>
    </p>
   </div>
   <div class='ocr_carea' id='block_1_63' title="bbox 1950 1951 3493 2020">
    <p class='ocr_par' dir='ltr' id='par_1_63' title="bbox 1950 1951 3493 2020">
     <span class='ocr_line' id='line_1_63' title="bbox 1950 1951 3493 2020; baseline 0.003 -16"><span class='ocrx_word' id='word_1_457' title='bbox 1950 1963 2125 2004; x_wconf 85' lang='lat' dir='ltr'><strong>autem</strong></span> <span class='ocrx_word' id='word_1_458' title='bbox 2150 1953 2300 2005; x_wconf 88' lang='lat' dir='ltr'><strong>mihi.</strong></span> <span class='ocrx_word' id='word_1_459' title='bbox 2329 1951 2565 2005; x_wconf 81' lang='lat' dir='ltr'><strong>Primum</strong></span> <span class='ocrx_word' id='word_1_460' title='bbox 2588 1952 2805 2020; x_wconf 88' lang='lat' dir='ltr'><strong>quidem</strong></span> <span class='ocrx_word' id='word_1_461' title='bbox 2834 1958 3089 2020; x_wconf 86' lang='lat' dir='ltr'><strong>tanquam</strong></span> <span class='ocrx_word' id='word_1_462' title='bbox 3115 1968 3223 2006; x_wconf 92' lang='lat' dir='ltr'><strong>non</strong></span> <span class='ocrx_word' id='word_1_463' title='bbox 3247 1956 3493 2020; x_wconf 89' lang='lat' dir='ltr'><strong>credens,</strong></span> 
     </span>
    </p>
   </div>
   <div class='ocr_carea' id='block_1_64' title="bbox 1952 2041 3496 2111">
    <p class='ocr_par' dir='ltr' id='par_1_64' title="bbox 1952 2041 3496 2111">
     <span class='ocr_line' id='line_1_64' title="bbox 1952 2041 3496 2111; baseline 0.004 -17"><span class='ocrx_word' id='word_1_464' title='bbox 1952 2042 2144 2095; x_wconf 83' lang='lat' dir='ltr'><strong>deinde</strong></span> <span class='ocrx_word' id='word_1_465' title='bbox 2196 2053 2448 2111; x_wconf 86' lang='lat' dir='ltr'><strong>tanquam</strong></span> <span class='ocrx_word' id='word_1_466' title='bbox 2494 2041 2651 2095; x_wconf 81' lang='lat' dir='ltr'><strong>ﬁdem</strong></span> <span class='ocrx_word' id='word_1_467' title='bbox 2701 2042 3007 2105; x_wconf 89' lang='lat' dir='ltr'><strong>adhibens,</strong></span> <span class='ocrx_word' id='word_1_468' title='bbox 3044 2043 3383 2098; x_wconf 88' lang='lat' dir='ltr'><strong>intertninor.</strong></span> <span class='ocrx_word' id='word_1_469' title='bbox 3440 2046 3496 2100; x_wconf 87' lang='lat' dir='ltr'><strong>Si</strong></span> 
     </span>
    </p>
   </div>
   <div class='ocr_carea' id='block_1_65' title="bbox 1952 2132 3499 2202">
    <p class='ocr_par' dir='ltr' id='par_1_65' title="bbox 1952 2132 3499 2202">
     <span class='ocr_line' id='line_1_65' title="bbox 1952 2132 3499 2202; baseline 0.004 -18"><span class='ocrx_word' id='word_1_470' title='bbox 1952 2134 2071 2200; x_wconf 92' lang='lat' dir='ltr'><strong>quis</strong></span> <span class='ocrx_word' id='word_1_471' title='bbox 2097 2141 2217 2200; x_wconf 90' lang='lat' dir='ltr'><strong>post</strong></span> <span class='ocrx_word' id='word_1_472' title='bbox 2246 2133 2384 2184; x_wconf 90' lang='lat' dir='ltr'><strong>hanc</strong></span> <span class='ocrx_word' id='word_1_473' title='bbox 2424 2145 2596 2183; x_wconf 88' lang='lat' dir='ltr'><strong>meam</strong></span> <span class='ocrx_word' id='word_1_474' title='bbox 2629 2132 2913 2199; x_wconf 85' lang='lat' dir='ltr'><strong>epistolam</strong></span> <span class='ocrx_word' id='word_1_475' title='bbox 2945 2133 3049 2186; x_wconf 86' lang='lat' dir='ltr'><strong>tale</strong></span> <span class='ocrx_word' id='word_1_476' title='bbox 3095 2134 3298 2202; x_wconf 88' lang='lat' dir='ltr'><strong>aliquid</strong></span> <span class='ocrx_word' id='word_1_477' title='bbox 3327 2136 3499 2190; x_wconf 84' lang='lat' dir='ltr'><strong>adtul-</strong></span> 
     </span>
    </p>
   </div>
   <div class='ocr_carea' id='block_1_66' title="bbox 1955 2221 3499 2288">
    <p class='ocr_par' dir='ltr' id='par_1_66' title="bbox 1955 2221 3499 2288">
     <span class='ocr_line' id='line_1_66' title="bbox 1955 2221 3499 2288; baseline 0.003 -13"><span class='ocrx_word' id='word_1_478' title='bbox 1955 2223 2114 2284; x_wconf 88' lang='lat' dir='ltr'><strong>serit,</strong></span> <span class='ocrx_word' id='word_1_479' title='bbox 2153 2222 2220 2273; x_wconf 87' lang='lat' dir='ltr'><strong>ah</strong></span> <span class='ocrx_word' id='word_1_480' title='bbox 2252 2221 2335 2273; x_wconf 91' lang='lat' dir='ltr'><strong>his</strong></span> <span class='ocrx_word' id='word_1_481' title='bbox 2369 2221 2584 2288; x_wconf 90' lang='lat' dir='ltr'><strong>quidem</strong></span> <span class='ocrx_word' id='word_1_482' title='bbox 2618 2236 2738 2288; x_wconf 64' lang='lat' dir='ltr'><strong>qua:</strong></span> <span class='ocrx_word' id='word_1_483' title='bbox 2770 2221 2856 2275; x_wconf 92' lang='lat' dir='ltr'><strong>hic</strong></span> <span class='ocrx_word' id='word_1_484' title='bbox 2900 2231 3028 2277; x_wconf 89' lang='lat' dir='ltr'><strong>sunt</strong></span> <span class='ocrx_word' id='word_1_485' title='bbox 3058 2224 3319 2277; x_wconf 80' lang='lat' dir='ltr'><strong>altaribus</strong></span> <span class='ocrx_word' id='word_1_486' title='bbox 3352 2241 3499 2279; x_wconf 81' lang='lat' dir='ltr'><strong>sece-</strong></span> 
     </span>
    </p>
   </div>
   <div class='ocr_carea' id='block_1_67' title="bbox 1954 2310 3502 2380">
    <p class='ocr_par' dir='ltr' id='par_1_67' title="bbox 1954 2310 3502 2380">
     <span class='ocr_line' id='line_1_67' title="bbox 1954 2310 3502 2380; baseline -0.002 -13"><span class='ocrx_word' id='word_1_487' title='bbox 1954 2314 2071 2368; x_wconf 85' lang='lat' dir='ltr'><strong>det:</strong></span> <span class='ocrx_word' id='word_1_488' title='bbox 2104 2324 2306 2380; x_wconf 62' lang='lat' dir='ltr'><strong>quaeret</strong></span> <span class='ocrx_word' id='word_1_489' title='bbox 2356 2324 2531 2365; x_wconf 90' lang='lat' dir='ltr'><strong>autem</strong></span> <span class='ocrx_word' id='word_1_490' title='bbox 2565 2311 2660 2365; x_wconf 90' lang='lat' dir='ltr'><strong>ubi</strong></span> <span class='ocrx_word' id='word_1_491' title='bbox 2704 2310 2799 2365; x_wconf 90' lang='lat' dir='ltr'><strong>Dei</strong></span> <span class='ocrx_word' id='word_1_492' title='bbox 2843 2314 3044 2365; x_wconf 89' lang='lat' dir='ltr'><strong>donum</strong></span> <span class='ocrx_word' id='word_1_493' title='bbox 3090 2328 3275 2366; x_wconf 90' lang='lat' dir='ltr'><strong>cmens</strong></span> <span class='ocrx_word' id='word_1_494' title='bbox 3324 2313 3502 2364; x_wconf 85' lang='lat' dir='ltr'><strong>denuo</strong></span> 
     </span>
    </p>
   </div>
   <div class='ocr_carea' id='block_1_68' title="bbox 1953 2402 3501 2469">
    <p class='ocr_par' dir='ltr' id='par_1_68' title="bbox 1953 2402 3501 2469">
     <span class='ocr_line' id='line_1_68' title="bbox 1953 2402 3501 2469; baseline -0.003 -13"><span class='ocrx_word' id='word_1_495' title='bbox 1953 2402 2239 2456; x_wconf 77' lang='lat' dir='ltr'><strong>divendere</strong></span> <span class='ocrx_word' id='word_1_496' title='bbox 2266 2411 2447 2469; x_wconf 84' lang='lat' dir='ltr'><strong>queat.</strong></span> <span class='ocrx_word' id='word_1_497' title='bbox 2684 2402 2793 2457; x_wconf 72' lang='lat' dir='ltr'><strong>Nos</strong></span> <span class='ocrx_word' id='word_1_498' title='bbox 2820 2404 2961 2455; x_wconf 90' lang='lat' dir='ltr'><strong>enim</strong></span> <span class='ocrx_word' id='word_1_499' title='bbox 2995 2418 3059 2456; x_wconf 90' lang='lat' dir='ltr'><strong>ac</strong></span> <span class='ocrx_word' id='word_1_500' title='bbox 3094 2402 3191 2457; x_wconf 89' lang='lat' dir='ltr'><strong>Dei</strong></span> <span class='ocrx_word' id='word_1_501' title='bbox 3243 2402 3501 2455; x_wconf 76' lang='lat' dir='ltr'><strong>Beclesiu:</strong></span> 
     </span>
    </p>
   </div>
   <div class='ocr_carea' id='block_1_69' title="bbox 1953 2491 3503 2546">
    <p class='ocr_par' dir='ltr' id='par_1_69' title="bbox 1953 2491 3503 2546">
     <span class='ocr_line' id='line_1_69' title="bbox 1953 2491 3503 2546; baseline -0.002 -1"><span class='ocrx_word' id='word_1_502' title='bbox 1953 2491 2393 2545; x_wconf 55' lang='lat' dir='ltr'><strong>eensuetudinem</strong></span> <span class='ocrx_word' id='word_1_503' title='bbox 2428 2492 2589 2545; x_wconf 90' lang='lat' dir='ltr'><strong>talem</strong></span> <span class='ocrx_word' id='word_1_504' title='bbox 2624 2506 2731 2545; x_wconf 89' lang='lat' dir='ltr'><strong>non</strong></span> <span class='ocrx_word' id='word_1_505' title='bbox 2764 2492 3045 2546; x_wconf 84' lang='lat' dir='ltr'><strong>habemus.</strong></span> <span class='ocrx_word' id='word_1_506' title='bbox 3087 2492 3351 2545; x_wconf 69' lang='lat' dir='ltr'><strong>Caeterum</strong></span> <span class='ocrx_word' id='word_1_507' title='bbox 3397 2506 3503 2543; x_wconf 86' lang='lat' dir='ltr'><strong>uno</strong></span> 
     </span>
    </p>
   </div>
   <div class='ocr_carea' id='block_1_70' title="bbox 1954 2582 3501 2651">
    <p class='ocr_par' dir='ltr' id='par_1_70' title="bbox 1954 2582 3501 2651">
     <span class='ocr_line' id='line_1_70' title="bbox 1954 2582 3501 2651; baseline 0 -18"><span class='ocrx_word' id='word_1_508' title='bbox 1954 2583 2135 2634; x_wconf 82' lang='lat' dir='ltr'><strong>addito</strong></span> <span class='ocrx_word' id='word_1_509' title='bbox 2166 2582 2429 2636; x_wconf 86' lang='lat' dir='ltr'><strong>desinam.</strong></span> <span class='ocrx_word' id='word_1_510' title='bbox 2462 2583 2684 2651; x_wconf 83' lang='lat' dir='ltr'><strong>Propter</strong></span> <span class='ocrx_word' id='word_1_511' title='bbox 2715 2583 2992 2637; x_wconf 83' lang='lat' dir='ltr'><strong>avaritiam</strong></span> <span class='ocrx_word' id='word_1_512' title='bbox 3029 2584 3128 2636; x_wconf 88' lang='lat' dir='ltr'><strong>ista</strong></span> <span class='ocrx_word' id='word_1_513' title='bbox 3174 2584 3326 2636; x_wconf 91' lang='lat' dir='ltr'><strong>ﬁunt.</strong></span> <span class='ocrx_word' id='word_1_514' title='bbox 3366 2584 3501 2634; x_wconf 55' lang='lat' dir='ltr'><strong>Ava~</strong></span> 
     </span>
    </p>
   </div>
   <div class='ocr_carea' id='block_1_71' title="bbox 1954 2670 3505 2733">
    <p class='ocr_par' dir='ltr' id='par_1_71' title="bbox 1954 2670 3505 2733">
     <span class='ocr_line' id='line_1_71' title="bbox 1954 2670 3505 2733; baseline 0.001 -11"><span class='ocrx_word' id='word_1_515' title='bbox 1954 2671 2077 2722; x_wconf 89' lang='lat' dir='ltr'><strong>ritia</strong></span> <span class='ocrx_word' id='word_1_516' title='bbox 2125 2681 2302 2723; x_wconf 90' lang='lat' dir='ltr'><strong>autem</strong></span> <span class='ocrx_word' id='word_1_517' title='bbox 2339 2679 2392 2724; x_wconf 92' lang='lat' dir='ltr'><strong>et</strong></span> <span class='ocrx_word' id='word_1_518' title='bbox 2421 2670 2576 2724; x_wconf 78' lang='lat' dir='ltr'><strong>radix</strong></span> <span class='ocrx_word' id='word_1_519' title='bbox 2617 2672 2881 2724; x_wconf 89' lang='lat' dir='ltr'><strong>malorum</strong></span> <span class='ocrx_word' id='word_1_520' title='bbox 2912 2671 3151 2723; x_wconf 90' lang='lat' dir='ltr'><strong>omnium</strong></span> <span class='ocrx_word' id='word_1_521' title='bbox 3179 2682 3260 2724; x_wconf 88' lang='lat' dir='ltr'><strong>cst</strong></span> <span class='ocrx_word' id='word_1_522' title='bbox 3283 2711 3296 2733; x_wconf 89' lang='lat'><strong>,</strong></span> <span class='ocrx_word' id='word_1_523' title='bbox 3329 2680 3381 2723; x_wconf 87' lang='lat' dir='ltr'><strong>et</strong></span> <span class='ocrx_word' id='word_1_524' title='bbox 3414 2687 3505 2723; x_wconf 65' lang='grc' dir='ltr'>νο·-</span> 
     </span>
    </p>
   </div>
   <div class='ocr_carea' id='block_1_72' title="bbox 1954 2759 3509 2829">
    <p class='ocr_par' dir='ltr' id='par_1_72' title="bbox 1954 2759 3509 2829">
     <span class='ocr_line' id='line_1_72' title="bbox 1954 2759 3509 2829; baseline 0 -16"><span class='ocrx_word' id='word_1_525' title='bbox 1954 2768 2108 2813; x_wconf 87' lang='lat' dir='ltr'><strong>eatur</strong></span> <span class='ocrx_word' id='word_1_526' title='bbox 2140 2760 2462 2814; x_wconf 87' lang='lat' dir='ltr'><strong>idololatria.</strong></span> <span class='ocrx_word' id='word_1_527' title='bbox 2594 2759 2773 2814; x_wconf 85' lang='lat' dir='ltr'><strong>Nolite</strong></span> <span class='ocrx_word' id='word_1_528' title='bbox 2802 2760 2968 2829; x_wconf 92' lang='lat' dir='ltr'><strong>igitur</strong></span> <span class='ocrx_word' id='word_1_529' title='bbox 3005 2760 3223 2815; x_wconf 89' lang='lat' dir='ltr'><strong>Christo</strong></span> <span class='ocrx_word' id='word_1_530' title='bbox 3254 2761 3509 2829; x_wconf 69' lang='lat' dir='ltr'><strong>praeferre</strong></span> 
     </span>
    </p>
   </div>
   <div class='ocr_carea' id='block_1_73' title="bbox 1954 2848 3509 2917">
    <p class='ocr_par' dir='ltr' id='par_1_73' title="bbox 1954 2848 3509 2917">
     <span class='ocr_line' id='line_1_73' title="bbox 1954 2848 3509 2917; baseline 0.001 -15"><span class='ocrx_word' id='word_1_531' title='bbox 1954 2849 2246 2909; x_wconf 83' lang='lat' dir='ltr'><strong>simulacra</strong></span> <span class='ocrx_word' id='word_1_532' title='bbox 2287 2848 2358 2901; x_wconf 86' lang='lat' dir='ltr'><strong>ob</strong></span> <span class='ocrx_word' id='word_1_533' title='bbox 2394 2850 2663 2902; x_wconf 88' lang='lat' dir='ltr'><strong>modicum</strong></span> <span class='ocrx_word' id='word_1_534' title='bbox 2701 2859 3017 2917; x_wconf 76' lang='lat' dir='ltr'><strong>argentum;</strong></span> <span class='ocrx_word' id='word_1_535' title='bbox 3056 2866 3153 2903; x_wconf 91' lang='lat' dir='ltr'><strong>nec</strong></span> <span class='ocrx_word' id='word_1_536' title='bbox 3188 2866 3377 2905; x_wconf 84' lang='lat' dir='ltr'><strong>rursus</strong></span> <span class='ocrx_word' id='word_1_537' title='bbox 3414 2851 3509 2904; x_wconf 86' lang='lat' dir='ltr'><strong>Ju-</strong></span> 
     </span>
    </p>
   </div>
   <div class='ocr_carea' id='block_1_74' title="bbox 1953 2937 3505 3006">
    <p class='ocr_par' dir='ltr' id='par_1_74' title="bbox 1953 2937 3505 3006">
     <span class='ocr_line' id='line_1_74' title="bbox 1953 2937 3505 3006; baseline 0.001 -16"><span class='ocrx_word' id='word_1_538' title='bbox 1953 2937 2073 2990; x_wconf 91' lang='lat' dir='ltr'><strong>dam</strong></span> <span class='ocrx_word' id='word_1_539' title='bbox 2105 2938 2321 2999; x_wconf 84' lang='lat' dir='ltr'><strong>imitari,</strong></span> <span class='ocrx_word' id='word_1_540' title='bbox 2359 2946 2598 3006; x_wconf 65' lang='lat' dir='ltr'><strong>quastus</strong></span> <span class='ocrx_word' id='word_1_541' title='bbox 2622 2952 2788 2991; x_wconf 90' lang='lat' dir='ltr'><strong>causa</strong></span> <span class='ocrx_word' id='word_1_542' title='bbox 2825 2939 3018 2991; x_wconf 87' lang='lat' dir='ltr'><strong>iterum</strong></span> <span class='ocrx_word' id='word_1_543' title='bbox 3054 2941 3328 2993; x_wconf 80' lang='lat' dir='ltr'><strong>tradentes</strong></span> <span class='ocrx_word' id='word_1_544' title='bbox 3361 2957 3505 2999; x_wconf 86' lang='lat' dir='ltr'><strong>eum,</strong></span> 
     </span>
    </p>
   </div>
   <div class='ocr_carea' id='block_1_75' title="bbox 1954 3025 3513 3094">
    <p class='ocr_par' dir='ltr' id='par_1_75' title="bbox 1954 3025 3513 3094">
     <span class='ocr_line' id='line_1_75' title="bbox 1954 3025 3513 3094; baseline 0.001 -15"><span class='ocrx_word' id='word_1_545' title='bbox 1954 3025 2046 3093; x_wconf 90' lang='lat' dir='ltr'><strong>qui</strong></span> <span class='ocrx_word' id='word_1_546' title='bbox 2098 3025 2262 3079; x_wconf 86' lang='lat' dir='ltr'><strong>semel</strong></span> <span class='ocrx_word' id='word_1_547' title='bbox 2304 3040 2400 3093; x_wconf 89' lang='lat' dir='ltr'><strong>pro</strong></span> <span class='ocrx_word' id='word_1_548' title='bbox 2445 3025 2602 3078; x_wconf 86' lang='lat' dir='ltr'><strong>nobis</strong></span> <span class='ocrx_word' id='word_1_549' title='bbox 2655 3025 2947 3077; x_wconf 78' lang='lat' dir='ltr'><strong>cruciﬁxus</strong></span> <span class='ocrx_word' id='word_1_550' title='bbox 2994 3034 3095 3079; x_wconf 91' lang='lat' dir='ltr'><strong>est.</strong></span> <span class='ocrx_word' id='word_1_551' title='bbox 3153 3027 3405 3094; x_wconf 70' lang='lat' dir='ltr'><strong>Alioquin</strong></span> <span class='ocrx_word' id='word_1_552' title='bbox 3458 3036 3513 3081; x_wconf 76' lang='lat' dir='ltr'><strong>ri.</strong></span> 
     </span>
    </p>
   </div>
   <div class='ocr_carea' id='block_1_76' title="bbox 1955 3111 3509 3182">
    <p class='ocr_par' dir='ltr' id='par_1_76' title="bbox 1955 3111 3509 3182">
     <span class='ocr_line' id='line_1_76' title="bbox 1955 3111 3509 3182; baseline 0 -15"><span class='ocrx_word' id='word_1_553' title='bbox 1955 3116 2070 3182; x_wconf 85' lang='lat' dir='ltr'><strong>agri</strong></span> <span class='ocrx_word' id='word_1_554' title='bbox 2102 3124 2154 3167; x_wconf 91' lang='lat' dir='ltr'><strong>et</strong></span> <span class='ocrx_word' id='word_1_555' title='bbox 2185 3127 2377 3166; x_wconf 85' lang='lat' dir='ltr'><strong>manus</strong></span> <span class='ocrx_word' id='word_1_556' title='bbox 2407 3126 2596 3165; x_wconf 89' lang='lat' dir='ltr'><strong>eorum</strong></span> <span class='ocrx_word' id='word_1_557' title='bbox 2618 3151 2633 3176; x_wconf 94' lang='lat'><strong>,</strong></span> <span class='ocrx_word' id='word_1_558' title='bbox 2670 3112 2763 3181; x_wconf 94' lang='lat' dir='ltr'><strong>qui</strong></span> <span class='ocrx_word' id='word_1_559' title='bbox 2795 3112 2893 3166; x_wconf 91' lang='lat' dir='ltr'><strong>hos</strong></span> <span class='ocrx_word' id='word_1_560' title='bbox 2937 3111 3148 3166; x_wconf 76' lang='lat' dir='ltr'><strong>fruetus</strong></span> <span class='ocrx_word' id='word_1_561' title='bbox 3181 3116 3509 3181; x_wconf 81' lang='lat' dir='ltr'><strong>percipiunt,</strong></span> 
     </span>
    </p>
   </div>
   <div class='ocr_carea' id='block_1_77' title="bbox 1864 3185 2629 3258">
    <p class='ocr_par' dir='ltr' id='par_1_77' title="bbox 1864 3185 2629 3258">
     <span class='ocr_line' id='line_1_77' title="bbox 1864 3185 2629 3258; baseline -0.004 -2"><span class='ocrx_word' id='word_1_562' title='bbox 1864 3185 1908 3242; x_wconf 68' lang='grc' dir='ltr'><strong>(ἶ</strong></span> <span class='ocrx_word' id='word_1_563' title='bbox 1953 3201 2241 3258; x_wconf 82' lang='lat' dir='ltr'><strong>Aceldama</strong></span> <span class='ocrx_word' id='word_1_564' title='bbox 2268 3201 2629 3255; x_wconf 87' lang='lat' dir='ltr'><strong>vocabuntur.</strong></span> 
     </span>
    </p>
   </div>
   <div class='ocr_carea' id='block_1_78' title="bbox 2015 3310 3515 3383">
    <p class='ocr_par' dir='ltr' id='par_1_78' title="bbox 2015 3310 3515 3383">
     <span class='ocr_line' id='line_1_78' title="bbox 2015 3310 3515 3383; baseline 0.006 -21"><span class='ocrx_word' id='word_1_565' title='bbox 2015 3310 2207 3365; x_wconf 81' lang='lat' dir='ltr'><strong>BALS.</strong></span> <span class='ocrx_word' id='word_1_566' title='bbox 2260 3310 2536 3377; x_wconf 85' lang='lat' dir='ltr'><strong>Quomodo</strong></span> <span class='ocrx_word' id='word_1_567' title='bbox 2592 3311 2884 3380; x_wconf 85' lang='lat' dir='ltr'><strong>puniuntur</strong></span> <span class='ocrx_word' id='word_1_568' title='bbox 2931 3312 3023 3382; x_wconf 90' lang='lat' dir='ltr'><strong>qui</strong></span> <span class='ocrx_word' id='word_1_569' title='bbox 3069 3315 3309 3383; x_wconf 87' lang='lat' dir='ltr'><strong>pecuniis</strong></span> <span class='ocrx_word' id='word_1_570' title='bbox 3364 3319 3515 3371; x_wconf 87' lang='lat' dir='ltr'><strong>ordi-</strong></span> 
     </span>
    </p>
   </div>
   <div class='ocr_carea' id='block_1_79' title="bbox 1942 3404 3512 3477">
    <p class='ocr_par' dir='ltr' id='par_1_79' title="bbox 1942 3404 3512 3477">
     <span class='ocr_line' id='line_1_79' title="bbox 1942 3404 3512 3477; baseline 0.004 -22"><span class='ocrx_word' id='word_1_571' title='bbox 1942 3413 2073 3455; x_wconf 87' lang='lat' dir='ltr'><strong>nant</strong></span> <span class='ocrx_word' id='word_1_572' title='bbox 2102 3414 2154 3457; x_wconf 90' lang='lat' dir='ltr'><strong>et</strong></span> <span class='ocrx_word' id='word_1_573' title='bbox 2185 3406 2536 3467; x_wconf 89' lang='lat' dir='ltr'><strong>ordinantur,</strong></span> <span class='ocrx_word' id='word_1_574' title='bbox 2564 3404 2618 3458; x_wconf 90' lang='lat' dir='ltr'><strong>in</strong></span> <span class='ocrx_word' id='word_1_575' title='bbox 2653 3418 2775 3458; x_wconf 88' lang='lat' dir='ltr'><strong>can.</strong></span> <span class='ocrx_word' id='word_1_576' title='bbox 2810 3404 2881 3460; x_wconf 73' lang='lat'><strong>29</strong></span> <span class='ocrx_word' id='word_1_577' title='bbox 2925 3414 3234 3460; x_wconf 87' lang='lat' dir='ltr'><strong>sanctorum</strong></span> <span class='ocrx_word' id='word_1_578' title='bbox 3292 3424 3512 3477; x_wconf 77' lang='lat' dir='ltr'><strong>aposto-</strong></span> 
     </span>
    </p>
   </div>
   <div class='ocr_carea' id='block_1_80' title="bbox 1942 3494 3510 3566">
    <p class='ocr_par' dir='ltr' id='par_1_80' title="bbox 1942 3494 3510 3566">
     <span class='ocr_line' id='line_1_80' title="bbox 1942 3494 3510 3566; baseline 0.004 -19"><span class='ocrx_word' id='word_1_579' title='bbox 1942 3496 2112 3548; x_wconf 88' lang='lat' dir='ltr'><strong>lorum</strong></span> <span class='ocrx_word' id='word_1_580' title='bbox 2147 3496 2596 3565; x_wconf 84' lang='lat' dir='ltr'><strong>interpretatione</strong></span> <span class='ocrx_word' id='word_1_581' title='bbox 2626 3494 2798 3551; x_wconf 80' lang='lat' dir='ltr'><strong>fusius</strong></span> <span class='ocrx_word' id='word_1_582' title='bbox 2828 3495 3030 3551; x_wconf 88' lang='lat' dir='ltr'><strong>dictum</strong></span> <span class='ocrx_word' id='word_1_583' title='bbox 3057 3507 3161 3562; x_wconf 83' lang='lat' dir='ltr'><strong>est,</strong></span> <span class='ocrx_word' id='word_1_584' title='bbox 3192 3498 3244 3551; x_wconf 91' lang='lat' dir='ltr'><strong>iu</strong></span> <span class='ocrx_word' id='word_1_585' title='bbox 3282 3514 3402 3553; x_wconf 84' lang='lat' dir='ltr'><strong>ean.</strong></span> <span class='ocrx_word' id='word_1_586' title='bbox 3435 3504 3467 3553; x_wconf 71' lang='lat'><strong>2</strong></span> <span class='ocrx_word' id='word_1_587' title='bbox 3495 3543 3510 3566; x_wconf 94' lang='lat'><strong>,</strong></span> 
     </span>
    </p>
   </div>
   <div class='ocr_carea' id='block_1_81' title="bbox 1936 3585 3513 3659">
    <p class='ocr_par' dir='ltr' id='par_1_81' title="bbox 1936 3585 3513 3659">
     <span class='ocr_line' id='line_1_81' title="bbox 1936 3585 3513 3659; baseline 0.005 -21"><span class='ocrx_word' id='word_1_588' title='bbox 1936 3599 2056 3654; x_wconf 86' lang='lat' dir='ltr'><strong>syn.</strong></span> <span class='ocrx_word' id='word_1_589' title='bbox 2089 3585 2143 3651; x_wconf 79' lang='grc' dir='ltr'><strong>ι,</strong></span> <span class='ocrx_word' id='word_1_590' title='bbox 2183 3586 2233 3639; x_wconf 86' lang='lat' dir='ltr'><strong>in</strong></span> <span class='ocrx_word' id='word_1_591' title='bbox 2265 3585 2500 3648; x_wconf 72' lang='lat' dir='ltr'><strong>ean.22,</strong></span> <span class='ocrx_word' id='word_1_592' title='bbox 2542 3602 2663 3655; x_wconf 85' lang='lat' dir='ltr'><strong>syn.</strong></span> <span class='ocrx_word' id='word_1_593' title='bbox 2706 3587 2739 3639; x_wconf 87' lang='lat'><strong>6</strong></span> <span class='ocrx_word' id='word_1_594' title='bbox 2766 3596 2820 3641; x_wconf 88' lang='lat' dir='ltr'><strong>et</strong></span> <span class='ocrx_word' id='word_1_595' title='bbox 2865 3587 2917 3640; x_wconf 87' lang='lat' dir='ltr'><strong>in</strong></span> <span class='ocrx_word' id='word_1_596' title='bbox 2962 3587 2997 3641; x_wconf 76' lang='grc'><strong>5</strong></span> <span class='ocrx_word' id='word_1_597' title='bbox 3046 3596 3101 3643; x_wconf 84' lang='grc' dir='ltr'><strong>ει</strong></span> <span class='ocrx_word' id='word_1_598' title='bbox 3155 3588 3221 3643; x_wconf 74' lang='grc'>19</span> <span class='ocrx_word' id='word_1_599' title='bbox 3273 3593 3513 3659; x_wconf 78' lang='lat' dir='ltr'><strong>septima:</strong></span> 
     </span>
    </p>
   </div>
   <div class='ocr_carea' id='block_1_82' title="bbox 1937 3676 3513 3750">
    <p class='ocr_par' dir='ltr' id='par_1_82' title="bbox 1937 3676 3513 3750">
     <span class='ocr_line' id='line_1_82' title="bbox 1937 3676 3513 3750; baseline 0.004 -19"><span class='ocrx_word' id='word_1_600' title='bbox 1937 3693 2056 3748; x_wconf 87' lang='lat' dir='ltr'><strong>syn.</strong></span> <span class='ocrx_word' id='word_1_601' title='bbox 2092 3687 2145 3731; x_wconf 90' lang='lat' dir='ltr'><strong>et</strong></span> <span class='ocrx_word' id='word_1_602' title='bbox 2172 3678 2288 3748; x_wconf 85' lang='lat' dir='ltr'><strong>lege</strong></span> <span class='ocrx_word' id='word_1_603' title='bbox 2314 3692 2411 3731; x_wconf 90' lang='lat' dir='ltr'><strong>eos</strong></span> <span class='ocrx_word' id='word_1_604' title='bbox 2447 3693 2745 3747; x_wconf 86' lang='lat' dir='ltr'><strong>eorumque</strong></span> <span class='ocrx_word' id='word_1_605' title='bbox 2802 3676 2963 3750; x_wconf 63' lang='grc' dir='ltr'>ιω</span> <span class='ocrx_word' id='word_1_606' title='bbox 3010 3678 3513 3748; x_wconf 79' lang='lat' dir='ltr'><strong>interpretationes.</strong></span> 
     </span>
    </p>
   </div>
   <div class='ocr_carea' id='block_1_83' title="bbox 1939 3769 3515 3841">
    <p class='ocr_par' dir='ltr' id='par_1_83' title="bbox 1939 3769 3515 3841">
     <span class='ocr_line' id='line_1_83' title="bbox 1939 3769 3515 3841; baseline 0.003 -19"><span class='ocrx_word' id='word_1_607' title='bbox 1939 3769 2203 3835; x_wconf 86' lang='lat' dir='ltr'><strong>Quoniam</strong></span> <span class='ocrx_word' id='word_1_608' title='bbox 2260 3780 2436 3824; x_wconf 86' lang='lat' dir='ltr'><strong>autem</strong></span> <span class='ocrx_word' id='word_1_609' title='bbox 2471 3783 2709 3840; x_wconf 70' lang='lat' dir='ltr'><strong>praesens</strong></span> <span class='ocrx_word' id='word_1_610' title='bbox 2761 3780 2976 3841; x_wconf 88' lang='lat' dir='ltr'><strong>quoque</strong></span> <span class='ocrx_word' id='word_1_611' title='bbox 3020 3772 3286 3840; x_wconf 84' lang='lat' dir='ltr'><strong>epistola,</strong></span> <span class='ocrx_word' id='word_1_612' title='bbox 3347 3785 3404 3826; x_wconf 89' lang='lat' dir='ltr'><strong>ut</strong></span> <span class='ocrx_word' id='word_1_613' title='bbox 3459 3786 3515 3827; x_wconf 87' lang='lat' dir='ltr'><strong>et</strong></span> 
     </span>
    </p>
   </div>
   <div class='ocr_carea' id='block_1_84' title="bbox 1937 3861 3511 3932">
    <p class='ocr_par' dir='ltr' id='par_1_84' title="bbox 1937 3861 3511 3932">
     <span class='ocr_line' id='line_1_84' title="bbox 1937 3861 3511 3932; baseline 0 -17"><span class='ocrx_word' id='word_1_614' title='bbox 1937 3875 2194 3922; x_wconf 82' lang='lat' dir='ltr'><strong>canones.</strong></span> <span class='ocrx_word' id='word_1_615' title='bbox 2228 3862 2547 3930; x_wconf 89' lang='lat' dir='ltr'><strong>depositioni</strong></span> <span class='ocrx_word' id='word_1_616' title='bbox 2581 3861 2823 3930; x_wconf 86' lang='lat' dir='ltr'><strong>subjicit,</strong></span> <span class='ocrx_word' id='word_1_617' title='bbox 2858 3872 2962 3916; x_wconf 90' lang='lat' dir='ltr'><strong>tam</strong></span> <span class='ocrx_word' id='word_1_618' title='bbox 2994 3877 3087 3918; x_wconf 88' lang='lat' dir='ltr'><strong>eos</strong></span> <span class='ocrx_word' id='word_1_619' title='bbox 3112 3866 3202 3932; x_wconf 89' lang='lat' dir='ltr'><strong>qui</strong></span> <span class='ocrx_word' id='word_1_620' title='bbox 3234 3866 3511 3930; x_wconf 86' lang='lat' dir='ltr'><strong>ordinant,</strong></span> 
     </span>
    </p>
   </div>
   <div class='ocr_carea' id='block_1_85' title="bbox 1938 3952 3510 4030">
    <p class='ocr_par' dir='ltr' id='par_1_85' title="bbox 1938 3952 3510 4030">
     <span class='ocr_line' id='line_1_85' title="bbox 1938 3952 3510 4030; baseline 0.001 -25"><span class='ocrx_word' id='word_1_621' title='bbox 1938 3968 2097 4022; x_wconf 87' lang='lat' dir='ltr'><strong>quam</strong></span> <span class='ocrx_word' id='word_1_622' title='bbox 2128 3953 2219 4021; x_wconf 90' lang='lat' dir='ltr'><strong>qui</strong></span> <span class='ocrx_word' id='word_1_623' title='bbox 2250 3956 2589 4017; x_wconf 89' lang='lat' dir='ltr'><strong>ordinantur,</strong></span> <span class='ocrx_word' id='word_1_624' title='bbox 2621 3952 2741 4030; x_wconf 47' lang='lat' dir='ltr'><strong>sive.</strong></span> <span class='ocrx_word' id='word_1_625' title='bbox 2761 3963 2884 4005; x_wconf 85' lang='lat' dir='ltr'><strong>ante</strong></span> <span class='ocrx_word' id='word_1_626' title='bbox 2903 3955 3296 4008; x_wconf 82' lang='lat' dir='ltr'><strong>ordina:ionem</strong></span> <span class='ocrx_word' id='word_1_627' title='bbox 3345 3972 3510 4025; x_wconf 81' lang='lat' dir='ltr'><strong>pecn-</strong></span> 
     </span>
    </p>
   </div>
   <div class='ocr_carea' id='block_1_86' title="bbox 1938 4043 3511 4113">
    <p class='ocr_par' dir='ltr' id='par_1_86' title="bbox 1938 4043 3511 4113">
     <span class='ocr_line' id='line_1_86' title="bbox 1938 4043 3511 4113; baseline 0.001 -14"><span class='ocrx_word' id='word_1_628' title='bbox 1938 4045 2057 4099; x_wconf 87' lang='lat' dir='ltr'><strong>nias</strong></span> <span class='ocrx_word' id='word_1_629' title='bbox 2079 4044 2383 4112; x_wconf 87' lang='lat' dir='ltr'><strong>acceperint</strong></span> <span class='ocrx_word' id='word_1_630' title='bbox 2411 4044 2491 4097; x_wconf 89' lang='lat' dir='ltr'><strong>vel</strong></span> <span class='ocrx_word' id='word_1_631' title='bbox 2511 4043 2752 4097; x_wconf 87' lang='lat' dir='ltr'><strong>dederint</strong></span> <span class='ocrx_word' id='word_1_632' title='bbox 2775 4059 2789 4108; x_wconf 92' lang='lat'><strong>;</strong></span> <span class='ocrx_word' id='word_1_633' title='bbox 2813 4044 2927 4097; x_wconf 88' lang='lat' dir='ltr'><strong>sive</strong></span> <span class='ocrx_word' id='word_1_634' title='bbox 2948 4056 3067 4113; x_wconf 77' lang='lat' dir='ltr'><strong>post</strong></span> <span class='ocrx_word' id='word_1_635' title='bbox 3093 4046 3511 4100; x_wconf 81' lang='lat' dir='ltr'><strong>ordinationem:</strong></span> 
     </span>
    </p>
   </div>
   <div class='ocr_carea' id='block_1_87' title="bbox 1938 4134 3511 4207">
    <p class='ocr_par' dir='ltr' id='par_1_87' title="bbox 1938 4134 3511 4207">
     <span class='ocr_line' id='line_1_87' title="bbox 1938 4134 3511 4207; baseline 0 -16"><span class='ocrx_word' id='word_1_636' title='bbox 1938 4147 1991 4191; x_wconf 90' lang='lat' dir='ltr'><strong>et</strong></span> <span class='ocrx_word' id='word_1_637' title='bbox 2018 4135 2132 4189; x_wconf 80' lang='lat' dir='ltr'><strong>haec</strong></span> <span class='ocrx_word' id='word_1_638' title='bbox 2164 4146 2218 4189; x_wconf 91' lang='lat' dir='ltr'><strong>et</strong></span> <span class='ocrx_word' id='word_1_639' title='bbox 2246 4134 2333 4188; x_wconf 89' lang='lat' dir='ltr'><strong>Illa</strong></span> <span class='ocrx_word' id='word_1_640' title='bbox 2357 4135 2645 4203; x_wconf 86' lang='lat' dir='ltr'><strong>conjunge,</strong></span> <span class='ocrx_word' id='word_1_641' title='bbox 2668 4144 2719 4189; x_wconf 88' lang='lat' dir='ltr'><strong>et</strong></span> <span class='ocrx_word' id='word_1_642' title='bbox 2754 4151 2847 4204; x_wconf 90' lang='lat' dir='ltr'><strong>per</strong></span> <span class='ocrx_word' id='word_1_643' title='bbox 2876 4135 3112 4206; x_wconf 84' lang='lat' dir='ltr'><strong>gladium</strong></span> <span class='ocrx_word' id='word_1_644' title='bbox 3148 4139 3393 4206; x_wconf 82' lang='lat' dir='ltr'><strong>spiritus,</strong></span> <span class='ocrx_word' id='word_1_645' title='bbox 3419 4139 3511 4207; x_wconf 89' lang='lat' dir='ltr'><strong>qui</strong></span> 
     </span>
    </p>
   </div>
   <div class='ocr_carea' id='block_1_88' title="bbox 1941 4225 3517 4297">
    <p class='ocr_par' dir='ltr' id='par_1_88' title="bbox 1941 4225 3517 4297">
     <span class='ocr_line' id='line_1_88' title="bbox 1941 4225 3517 4297; baseline 0.002 -17"><span class='ocrx_word' id='word_1_646' title='bbox 1941 4226 2261 4296; x_wconf 77' lang='lat' dir='ltr'><strong>intelligitur</strong></span> <span class='ocrx_word' id='word_1_647' title='bbox 2289 4266 2304 4292; x_wconf 94' lang='lat'><strong>,</strong></span> <span class='ocrx_word' id='word_1_648' title='bbox 2332 4225 2574 4279; x_wconf 74' lang='lat' dir='ltr'><strong>avaritia:</strong></span> <span class='ocrx_word' id='word_1_649' title='bbox 2614 4226 3074 4295; x_wconf 84' lang='lat' dir='ltr'><strong>perturbationem</strong></span> <span class='ocrx_word' id='word_1_650' title='bbox 3096 4268 3111 4289; x_wconf 97' lang='lat'><strong>,</strong></span> <span class='ocrx_word' id='word_1_651' title='bbox 3168 4229 3343 4297; x_wconf 86' lang='lat' dir='ltr'><strong>quoad</strong></span> <span class='ocrx_word' id='word_1_652' title='bbox 3400 4232 3517 4295; x_wconf 82' lang='lat' dir='ltr'><strong>ejus</strong></span> 
     </span>
    </p>
   </div>
   <div class='ocr_carea' id='block_1_89' title="bbox 1944 4318 3518 4388">
    <p class='ocr_par' dir='ltr' id='par_1_89' title="bbox 1944 4318 3518 4388">
     <span class='ocr_line' id='line_1_89' title="bbox 1944 4318 3518 4388; baseline 0 -16"><span class='ocrx_word' id='word_1_653' title='bbox 1944 4318 2057 4373; x_wconf 90' lang='lat' dir='ltr'><strong>ﬁeri</strong></span> <span class='ocrx_word' id='word_1_654' title='bbox 2085 4328 2278 4388; x_wconf 70' lang='lat' dir='ltr'><strong>potest,</strong></span> <span class='ocrx_word' id='word_1_655' title='bbox 2311 4319 2565 4371; x_wconf 83' lang='lat' dir='ltr'><strong>radicitus</strong></span> <span class='ocrx_word' id='word_1_656' title='bbox 2592 4318 2876 4371; x_wconf 75' lang='lat' dir='ltr'><strong>exscinde.</strong></span> <span class='ocrx_word' id='word_1_657' title='bbox 2921 4318 3125 4372; x_wconf 54' lang='lat' dir='ltr'><strong>Praedia</strong></span> <span class='ocrx_word' id='word_1_658' title='bbox 3155 4328 3359 4383; x_wconf 89' lang='lat' dir='ltr'><strong>autem,</strong></span> <span class='ocrx_word' id='word_1_659' title='bbox 3396 4337 3518 4387; x_wconf 75' lang='lat' dir='ltr'><strong>qua:</strong></span> 
     </span>
    </p>
   </div>
   <div class='ocr_carea' id='block_1_90' title="bbox 261 4378 1933 4485">
    <p class='ocr_par' dir='ltr' id='par_1_90' title="bbox 261 4378 1913 4485">
     <span class='ocr_line' id='line_1_90' title="bbox 261 4378 1913 4485; baseline -0.007 -13"><span class='ocrx_word' id='word_1_660' title='bbox 440 4378 817 4485; x_wconf 68' lang='grc' dir='ltr'>ριζοτόμησον.</span> <span class='ocrx_word' id='word_1_661' title='bbox 838 4378 932 4462; x_wconf 65' lang='grc' dir='ltr'><strong>⁷Τὰ</strong></span> <span class='ocrx_word' id='word_1_662' title='bbox 966 4378 1151 4477; x_wconf 68' lang='grc' dir='ltr'>μέντοι</span> <span class='ocrx_word' id='word_1_663' title='bbox 1177 4378 1520 4477; x_wconf 65' lang='grc' dir='ltr'>ἐξωνούμενα</span> <span class='ocrx_word' id='word_1_664' title='bbox 1550 4378 1726 4476; x_wconf 68' lang='grc' dir='ltr'>χωρία</span> <span class='ocrx_word' id='word_1_665' title='bbox 1751 4378 1837 4461; x_wconf 62' lang='grc' dir='ltr'><strong>δια</strong></span> <span class='ocrx_word' id='word_1_666' title='bbox 1871 4378 1913 4433; x_wconf 76' lang='lat' dir='ltr'><strong>D</strong></span> 
     </span>
    </p>
   </div>
   <div class='ocr_carea' id='block_1_91' title="bbox 1842 4378 3514 4485">
    <p class='ocr_par' dir='ltr' id='par_1_91' title="bbox 1871 4378 3514 4477">
     <span class='ocr_line' id='line_1_91' title="bbox 1871 4378 3514 4477; baseline -0.001 -13"><span class='ocrx_word' id='word_1_667' title='bbox 1871 4378 1913 4433; x_wconf 67' lang='grc' dir='ltr'>θ</span> <span class='ocrx_word' id='word_1_668' title='bbox 1942 4378 2203 4477; x_wconf 73' lang='lat' dir='ltr'><strong>ejusmodi</strong></span> <span class='ocrx_word' id='word_1_669' title='bbox 2231 4378 2475 4477; x_wconf 74' lang='lat' dir='ltr'><strong>pecuniis</strong></span> <span class='ocrx_word' id='word_1_670' title='bbox 2501 4419 2755 4461; x_wconf 88' lang='lat' dir='ltr'><strong>emuntur</strong></span> <span class='ocrx_word' id='word_1_671' title='bbox 2780 4446 2794 4471; x_wconf 96' lang='lat'><strong>,</strong></span> <span class='ocrx_word' id='word_1_672' title='bbox 2826 4409 3237 4477; x_wconf 82' lang='lat' dir='ltr'><strong>appellabuntur</strong></span> <span class='ocrx_word' id='word_1_673' title='bbox 3263 4449 3274 4470; x_wconf 85' lang='lat'><strong>,</strong></span> <span class='ocrx_word' id='word_1_674' title='bbox 3305 4378 3477 4476; x_wconf 71' lang='lat' dir='ltr'><strong>inquit</strong></span> <span class='ocrx_word' id='word_1_675' title='bbox 3499 4448 3514 4470; x_wconf 89' lang='lat'><strong>,</strong></span> 
     </span>
    </p>
   </div>
   <div class='ocr_carea' id='block_1_92' title="bbox 260 4498 1839 4573">
    <p class='ocr_par' dir='ltr' id='par_1_92' title="bbox 260 4498 1839 4573">
     <span class='ocr_line' id='line_1_92' title="bbox 260 4498 1839 4573; baseline -0.013 -9"><span class='ocrx_word' id='word_1_676' title='bbox 260 4511 377 4565; x_wconf 82' lang='grc' dir='ltr'><strong>τῶν</strong></span> <span class='ocrx_word' id='word_1_677' title='bbox 394 4508 650 4561; x_wconf 85' lang='grc' dir='ltr'>τοιούτων</span> <span class='ocrx_word' id='word_1_678' title='bbox 678 4501 978 4573; x_wconf 80' lang='grc' dir='ltr'>χρημάτων</span> <span class='ocrx_word' id='word_1_679' title='bbox 1007 4498 1331 4566; x_wconf 52' lang='lat' dir='ltr'><strong>laetiﬁcum,</strong></span> <span class='ocrx_word' id='word_1_680' title='bbox 1354 4499 1507 4567; x_wconf 66' lang='grc' dir='ltr'>φησι,</span> <span class='ocrx_word' id='word_1_681' title='bbox 1540 4498 1839 4568; x_wconf 80' lang='grc' dir='ltr'>κληθήσον-</span> 
     </span>
    </p>
   </div>
   <div class='ocr_carea' id='block_1_93' title="bbox 259 4591 1833 4669">
    <p class='ocr_par' dir='ltr' id='par_1_93' title="bbox 259 4591 1833 4669">
     <span class='ocr_line' id='line_1_93' title="bbox 259 4591 1833 4669; baseline -0.01 -12"><span class='ocrx_word' id='word_1_682' title='bbox 259 4620 357 4657; x_wconf 81' lang='grc' dir='ltr'><strong>ται</strong></span> <span class='ocrx_word' id='word_1_683' title='bbox 379 4602 517 4669; x_wconf 86' lang='grc' dir='ltr'>δπερ</span> <span class='ocrx_word' id='word_1_684' title='bbox 560 4595 845 4666; x_wconf 79' lang='grc' dir='ltr'>Ἐϐραῖκόν</span> <span class='ocrx_word' id='word_1_685' title='bbox 873 4597 1012 4656; x_wconf 75' lang='grc' dir='ltr'>ιστι,</span> <span class='ocrx_word' id='word_1_686' title='bbox 1045 4592 1139 4646; x_wconf 65' lang='lat' dir='ltr'><strong>sui.</strong></span> <span class='ocrx_word' id='word_1_687' title='bbox 1170 4591 1666 4661; x_wconf 73' lang='grc' dir='ltr'>ὶξελληνιζόμενον,</span> <span class='ocrx_word' id='word_1_688' title='bbox 1702 4591 1833 4661; x_wconf 84' lang='grc' dir='ltr'>τιμὴ</span> 
     </span>
    </p>
   </div>
   <div class='ocr_carea' id='block_1_94' title="bbox 1944 4498 3515 4567">
    <p class='ocr_par' dir='ltr' id='par_1_94' title="bbox 1944 4498 3515 4567">
     <span class='ocr_line' id='line_1_94' title="bbox 1944 4498 3515 4567; baseline -0.002 -11"><span class='ocrx_word' id='word_1_689' title='bbox 1944 4501 2255 4562; x_wconf 80' lang='lat' dir='ltr'><strong>Alteldama,</strong></span> <span class='ocrx_word' id='word_1_690' title='bbox 2282 4500 2424 4567; x_wconf 89' lang='lat' dir='ltr'><strong>quod</strong></span> <span class='ocrx_word' id='word_1_691' title='bbox 2457 4508 2540 4553; x_wconf 87' lang='lat' dir='ltr'><strong>est</strong></span> <span class='ocrx_word' id='word_1_692' title='bbox 2569 4498 2887 4551; x_wconf 85' lang='lat' dir='ltr'><strong>Hebraicutn</strong></span> <span class='ocrx_word' id='word_1_693' title='bbox 2920 4538 2934 4561; x_wconf 92' lang='lat'><strong>,</strong></span> <span class='ocrx_word' id='word_1_694' title='bbox 2972 4509 3026 4552; x_wconf 93' lang='lat' dir='ltr'><strong>et</strong></span> <span class='ocrx_word' id='word_1_695' title='bbox 3075 4500 3262 4553; x_wconf 69' lang='lat' dir='ltr'><strong>(ira-ce</strong></span> <span class='ocrx_word' id='word_1_696' title='bbox 3291 4517 3515 4565; x_wconf 69' lang='lat' dir='ltr'><strong>t&#39;xples-</strong></span> 
     </span>
    </p>
   </div>
   <div class='ocr_carea' id='block_1_95' title="bbox 1944 4588 3513 4662">
    <p class='ocr_par' dir='ltr' id='par_1_95' title="bbox 1944 4588 3513 4662">
     <span class='ocr_line' id='line_1_95' title="bbox 1944 4588 3513 4662; baseline -0.005 -14"><span class='ocrx_word' id='word_1_697' title='bbox 1944 4609 2086 4659; x_wconf 92' lang='lat' dir='ltr'><strong>sum,</strong></span> <span class='ocrx_word' id='word_1_698' title='bbox 2118 4592 2345 4662; x_wconf 88' lang='lat' dir='ltr'><strong>pretium</strong></span> <span class='ocrx_word' id='word_1_699' title='bbox 2377 4599 2430 4642; x_wconf 91' lang='lat' dir='ltr'><strong>et</strong></span> <span class='ocrx_word' id='word_1_700' title='bbox 2483 4588 2740 4657; x_wconf 86' lang='lat' dir='ltr'><strong>pra-dium</strong></span> <span class='ocrx_word' id='word_1_701' title='bbox 2777 4589 3059 4657; x_wconf 82' lang='lat' dir='ltr'><strong>sanguinis</strong></span> <span class='ocrx_word' id='word_1_702' title='bbox 3093 4590 3513 4657; x_wconf 77' lang='lat' dir='ltr'><strong>interpretatur;</strong></span> 
     </span>
    </p>
   </div>
   <div class='ocr_carea' id='block_1_96' title="bbox 262 4680 1934 4762">
    <p class='ocr_par' dir='ltr' id='par_1_96' title="bbox 262 4683 1839 4762">
     <span class='ocr_line' id='line_1_96' title="bbox 262 4683 1839 4762; baseline -0.009 -14"><span class='ocrx_word' id='word_1_703' title='bbox 262 4698 365 4749; x_wconf 67' lang='lat' dir='ltr'><strong>sui</strong></span> <span class='ocrx_word' id='word_1_704' title='bbox 391 4692 586 4762; x_wconf 79' lang='grc' dir='ltr'>χωρίον</span> <span class='ocrx_word' id='word_1_705' title='bbox 608 4689 838 4757; x_wconf 75' lang='grc' dir='ltr'>αἵματος</span> <span class='ocrx_word' id='word_1_706' title='bbox 859 4684 1242 4755; x_wconf 70' lang='grc' dir='ltr'>ἑρμηνεύεται,</span> <span class='ocrx_word' id='word_1_707' title='bbox 1268 4684 1481 4753; x_wconf 71' lang='grc' dir='ltr'>εἴρηται</span> <span class='ocrx_word' id='word_1_708' title='bbox 1505 4684 1562 4737; x_wconf 73' lang='grc' dir='ltr'><strong>ιν</strong></span> <span class='ocrx_word' id='word_1_709' title='bbox 1577 4686 1645 4754; x_wconf 81' lang='grc' dir='ltr'>τῇ</span> <span class='ocrx_word' id='word_1_710' title='bbox 1672 4683 1839 4753; x_wconf 84' lang='grc' dir='ltr'>βίϐλῳ</span> 
     </span>
    </p>
   </div>
   <div class='ocr_carea' id='block_1_97' title="bbox 1844 4680 3516 4762">
    <p class='ocr_par' dir='ltr' id='par_1_97' title="bbox 1936 4680 3516 4747">
     <span class='ocr_line' id='line_1_97' title="bbox 1936 4680 3516 4747; baseline -0.005 -8"><span class='ocrx_word' id='word_1_711' title='bbox 1936 4686 2137 4739; x_wconf 87' lang='lat' dir='ltr'><strong>dictum</strong></span> <span class='ocrx_word' id='word_1_712' title='bbox 2173 4683 2225 4735; x_wconf 88' lang='lat' dir='ltr'><strong>in</strong></span> <span class='ocrx_word' id='word_1_713' title='bbox 2251 4682 2389 4735; x_wconf 89' lang='lat' dir='ltr'><strong>libro</strong></span> <span class='ocrx_word' id='word_1_714' title='bbox 2416 4684 2668 4734; x_wconf 78' lang='lat' dir='ltr'><strong>Actuunt.</strong></span> <span class='ocrx_word' id='word_1_715' title='bbox 2701 4680 2813 4733; x_wconf 79' lang='lat' dir='ltr'><strong>Hoc</strong></span> <span class='ocrx_word' id='word_1_716' title='bbox 2843 4690 2926 4734; x_wconf 88' lang='lat' dir='ltr'><strong>est</strong></span> <span class='ocrx_word' id='word_1_717' title='bbox 2952 4691 3149 4744; x_wconf 85' lang='lat' dir='ltr'><strong>autem,</strong></span> <span class='ocrx_word' id='word_1_718' title='bbox 3186 4681 3325 4747; x_wconf 86' lang='lat' dir='ltr'><strong>quod</strong></span> <span class='ocrx_word' id='word_1_719' title='bbox 3353 4682 3516 4745; x_wconf 88' lang='lat' dir='ltr'><strong>dicit;</strong></span> 
     </span>
    </p>
   </div>
   <div class='ocr_carea' id='block_1_98' title="bbox 265 4774 1839 4851">
    <p class='ocr_par' dir='ltr' id='par_1_98' title="bbox 265 4774 1839 4851">
     <span class='ocr_line' id='line_1_98' title="bbox 265 4774 1839 4851; baseline -0.009 -12"><span class='ocrx_word' id='word_1_720' title='bbox 265 4785 381 4841; x_wconf 83' lang='grc' dir='ltr'>τῶν</span> <span class='ocrx_word' id='word_1_721' title='bbox 414 4780 693 4851; x_wconf 77' lang='grc' dir='ltr'>ηρὰξεων.</span> <span class='ocrx_word' id='word_1_722' title='bbox 727 4777 898 4831; x_wconf 87' lang='grc' dir='ltr'>Τοῦτο</span> <span class='ocrx_word' id='word_1_723' title='bbox 930 4776 986 4829; x_wconf 71' lang='grc' dir='ltr'>δέ</span> <span class='ocrx_word' id='word_1_724' title='bbox 1018 4776 1165 4828; x_wconf 65' lang='grc' dir='ltr'>ἐστιν</span> <span class='ocrx_word' id='word_1_725' title='bbox 1194 4774 1222 4826; x_wconf 80' lang='grc' dir='ltr'><strong>ὃ</strong></span> <span class='ocrx_word' id='word_1_726' title='bbox 1251 4775 1424 4842; x_wconf 70' lang='grc' dir='ltr'>λέγει,</span> <span class='ocrx_word' id='word_1_727' title='bbox 1456 4775 1563 4840; x_wconf 85' lang='grc' dir='ltr'>ὅτι,</span> <span class='ocrx_word' id='word_1_728' title='bbox 1590 4774 1785 4843; x_wconf 83' lang='grc' dir='ltr'>ὥσπερ</span> <span class='ocrx_word' id='word_1_729' title='bbox 1811 4774 1839 4825; x_wconf 88' lang='lat'><strong>6</strong></span> 
     </span>
    </p>
   </div>
   <div class='ocr_carea' id='block_1_99' title="bbox 263 4862 1841 4942">
    <p class='ocr_par' dir='ltr' id='par_1_99' title="bbox 263 4862 1841 4942">
     <span class='ocr_line' id='line_1_99' title="bbox 263 4862 1841 4942; baseline -0.011 -8"><span class='ocrx_word' id='word_1_730' title='bbox 263 4882 357 4934; x_wconf 77' lang='grc' dir='ltr'>διὰ</span> <span class='ocrx_word' id='word_1_731' title='bbox 404 4875 515 4928; x_wconf 76' lang='grc' dir='ltr'><strong>τῶν</strong></span> <span class='ocrx_word' id='word_1_732' title='bbox 568 4871 869 4942; x_wconf 78' lang='grc' dir='ltr'>ἀργυρίων,</span> <span class='ocrx_word' id='word_1_733' title='bbox 919 4862 996 4923; x_wconf 78' lang='grc' dir='ltr'>ὧν</span> <span class='ocrx_word' id='word_1_734' title='bbox 1032 4865 1246 4937; x_wconf 75' lang='grc' dir='ltr'>επρὰθη</span> <span class='ocrx_word' id='word_1_735' title='bbox 1292 4866 1380 4919; x_wconf 79' lang='grc' dir='ltr'>διὰ</span> <span class='ocrx_word' id='word_1_736' title='bbox 1428 4864 1525 4918; x_wconf 86' lang='grc' dir='ltr'><strong>τοῦ</strong></span> <span class='ocrx_word' id='word_1_737' title='bbox 1586 4864 1757 4919; x_wconf 84' lang='grc' dir='ltr'>Ἰούδα</span> <span class='ocrx_word' id='word_1_738' title='bbox 1810 4866 1841 4917; x_wconf 88' lang='lat'><strong>6</strong></span> 
     </span>
    </p>
   </div>
   <div class='ocr_carea' id='block_1_100' title="bbox 268 4954 1832 5039">
    <p class='ocr_par' dir='ltr' id='par_1_100' title="bbox 268 4954 1832 5039">
     <span class='ocr_line' id='line_1_100' title="bbox 268 4954 1832 5039; baseline -0.01 -17"><span class='ocrx_word' id='word_1_739' title='bbox 268 4968 499 5039; x_wconf 78' lang='grc' dir='ltr'>Κύριος,</span> <span class='ocrx_word' id='word_1_740' title='bbox 547 4958 874 5031; x_wconf 75' lang='grc' dir='ltr'>ἁγορασθεὶς</span> <span class='ocrx_word' id='word_1_741' title='bbox 928 4954 1096 5029; x_wconf 56' lang='grc' dir='ltr'>ἁγρδις</span> <span class='ocrx_word' id='word_1_742' title='bbox 1145 4958 1278 5026; x_wconf 77' lang='grc' dir='ltr'>τιμή</span> <span class='ocrx_word' id='word_1_743' title='bbox 1326 4958 1555 5025; x_wconf 72' lang='grc' dir='ltr'>αἵματος</span> <span class='ocrx_word' id='word_1_744' title='bbox 1610 4955 1832 5026; x_wconf 66' lang='grc' dir='ltr'>ἐκλήθη,</span> 
     </span>
    </p>
   </div>
   <div class='ocr_carea' id='block_1_101' title="bbox 265 5046 1838 5118">
    <p class='ocr_par' dir='ltr' id='par_1_101' title="bbox 265 5046 1838 5118">
     <span class='ocr_line' id='line_1_101' title="bbox 265 5046 1838 5118; baseline -0.011 -4"><span class='ocrx_word' id='word_1_745' title='bbox 265 5060 418 5114; x_wconf 80' lang='grc' dir='ltr'>οὕτω</span> <span class='ocrx_word' id='word_1_746' title='bbox 478 5055 572 5110; x_wconf 71' lang='grc' dir='ltr'>καὶ</span> <span class='ocrx_word' id='word_1_747' title='bbox 631 5054 700 5106; x_wconf 79' lang='grc' dir='ltr'>τὰ</span> <span class='ocrx_word' id='word_1_748' title='bbox 766 5047 1153 5118; x_wconf 84' lang='grc' dir='ltr'>λαμϐανόμενα</span> <span class='ocrx_word' id='word_1_749' title='bbox 1218 5048 1459 5117; x_wconf 72' lang='grc' dir='ltr'>ἀργύρια</span> <span class='ocrx_word' id='word_1_750' title='bbox 1520 5050 1671 5116; x_wconf 83' lang='grc' dir='ltr'>παρά</span> <span class='ocrx_word' id='word_1_751' title='bbox 1729 5046 1838 5098; x_wconf 82' lang='grc' dir='ltr'>τῶν</span> 
     </span>
    </p>
   </div>
   <div class='ocr_carea' id='block_1_102' title="bbox 268 5139 1839 5213">
    <p class='ocr_par' dir='ltr' id='par_1_102' title="bbox 268 5139 1839 5213">
     <span class='ocr_line' id='line_1_102' title="bbox 268 5139 1839 5213; baseline -0.01 -8"><span class='ocrx_word' id='word_1_752' title='bbox 268 5151 597 5206; x_wconf 80' lang='grc' dir='ltr'>πωλούντων</span> <span class='ocrx_word' id='word_1_753' title='bbox 615 5144 713 5213; x_wconf 81' lang='grc' dir='ltr'><strong>τήν</strong></span> <span class='ocrx_word' id='word_1_754' title='bbox 738 5140 948 5211; x_wconf 83' lang='grc' dir='ltr'>δωρεὰν</span> <span class='ocrx_word' id='word_1_755' title='bbox 973 5139 1064 5193; x_wconf 88' lang='grc' dir='ltr'><strong>τοῦ</strong></span> <span class='ocrx_word' id='word_1_756' title='bbox 1093 5140 1251 5202; x_wconf 84' lang='grc' dir='ltr'>Θεοῦ,</span> <span class='ocrx_word' id='word_1_757' title='bbox 1282 5140 1375 5192; x_wconf 72' lang='grc' dir='ltr'>καὶ</span> <span class='ocrx_word' id='word_1_758' title='bbox 1402 5139 1457 5191; x_wconf 80' lang='lat' dir='ltr'><strong>ai</strong></span> <span class='ocrx_word' id='word_1_759' title='bbox 1484 5140 1714 5207; x_wconf 71' lang='grc' dir='ltr'>ἑνορίαι,</span> <span class='ocrx_word' id='word_1_760' title='bbox 1744 5140 1839 5190; x_wconf 67' lang='grc' dir='ltr'>καὶ</span> 
     </span>
    </p>
   </div>
   <div class='ocr_carea' id='block_1_103' title="bbox 268 5228 1842 5308">
    <p class='ocr_par' dir='ltr' id='par_1_103' title="bbox 268 5228 1842 5308">
     <span class='ocr_line' id='line_1_103' title="bbox 268 5228 1842 5308; baseline -0.011 -10"><span class='ocrx_word' id='word_1_761' title='bbox 268 5245 328 5298; x_wconf 75' lang='grc' dir='ltr'>αἱ</span> <span class='ocrx_word' id='word_1_762' title='bbox 349 5240 534 5308; x_wconf 83' lang='grc' dir='ltr'>κῶμαι</span> <span class='ocrx_word' id='word_1_763' title='bbox 552 5240 610 5289; x_wconf 72' lang='grc' dir='ltr'><strong>ιν</strong></span> <span class='ocrx_word' id='word_1_764' title='bbox 626 5231 714 5299; x_wconf 79' lang='grc' dir='ltr'><strong>αῖς</strong></span> <span class='ocrx_word' id='word_1_765' title='bbox 737 5234 787 5289; x_wconf 76' lang='grc' dir='ltr'>οἱ</span> <span class='ocrx_word' id='word_1_766' title='bbox 802 5231 1034 5294; x_wconf 84' lang='grc' dir='ltr'>διδόντες</span> <span class='ocrx_word' id='word_1_767' title='bbox 1050 5230 1503 5301; x_wconf 82' lang='grc' dir='ltr'>χειροτονοῦνται,</span> <span class='ocrx_word' id='word_1_768' title='bbox 1522 5248 1573 5283; x_wconf 88' lang='grc' dir='ltr'><strong>τι</strong></span> <span class='ocrx_word' id='word_1_769' title='bbox 1581 5228 1657 5300; x_wconf 84' lang='grc' dir='ltr'><strong>μή</strong></span> <span class='ocrx_word' id='word_1_770' title='bbox 1674 5230 1842 5298; x_wconf 79' lang='grc' dir='ltr'>αἵμα-</span> 
     </span>
    </p>
   </div>
   <div class='ocr_carea' id='block_1_104' title="bbox 265 5324 1160 5394">
    <p class='ocr_par' dir='ltr' id='par_1_104' title="bbox 265 5324 1160 5394">
     <span class='ocr_line' id='line_1_104' title="bbox 265 5324 1160 5394; baseline -0.015 -7"><span class='ocrx_word' id='word_1_771' title='bbox 265 5351 359 5394; x_wconf 84' lang='grc' dir='ltr'><strong>τος</strong></span> <span class='ocrx_word' id='word_1_772' title='bbox 399 5331 613 5384; x_wconf 74' lang='grc' dir='ltr'>ισονται</span> <span class='ocrx_word' id='word_1_773' title='bbox 643 5328 737 5381; x_wconf 78' lang='grc' dir='ltr'>καὶ</span> <span class='ocrx_word' id='word_1_774' title='bbox 769 5324 1160 5394; x_wconf 80' lang='grc' dir='ltr'>κληθήσονται.</span> 
     </span>
    </p>
   </div>
   <div class='ocr_carea' id='block_1_105' title="bbox 339 5411 1843 5487">
    <p class='ocr_par' dir='ltr' id='par_1_105' title="bbox 339 5411 1843 5487">
     <span class='ocr_line' id='line_1_105' title="bbox 339 5411 1843 5487; baseline -0.01 -10"><span class='ocrx_word' id='word_1_775' title='bbox 339 5421 586 5477; x_wconf 82' lang='grc' dir='ltr'><strong>ΖΩΝΔΡ.</strong></span> <span class='ocrx_word' id='word_1_776' title='bbox 632 5417 772 5487; x_wconf 74' lang='grc' dir='ltr'>Πρὸς</span> <span class='ocrx_word' id='word_1_777' title='bbox 812 5416 937 5479; x_wconf 76' lang='grc' dir='ltr'>τοὺς</span> <span class='ocrx_word' id='word_1_778' title='bbox 983 5415 1214 5478; x_wconf 82' lang='grc' dir='ltr'>οίκείους</span> <span class='ocrx_word' id='word_1_779' title='bbox 1256 5415 1330 5484; x_wconf 85' lang='grc' dir='ltr'><strong>(α)</strong></span> <span class='ocrx_word' id='word_1_780' title='bbox 1376 5413 1714 5477; x_wconf 80' lang='grc' dir='ltr'>ἐπισκόπους</span> <span class='ocrx_word' id='word_1_781' title='bbox 1754 5411 1843 5481; x_wconf 71' lang='grc' dir='ltr'><strong>ἔγ-</strong></span> 
     </span>
    </p>
   </div>
   <div class='ocr_carea' id='block_1_106' title="bbox 397 5652 788 5715">
    <p class='ocr_par' dir='ltr' id='par_1_106' title="bbox 397 5652 788 5715">
     <span class='ocr_line' id='line_1_106' title="bbox 397 5652 788 5715; baseline -0.01 -6"><span class='ocrx_word' id='word_1_782' title='bbox 397 5655 521 5709; x_wconf 80' lang='lat' dir='ltr'><strong>Act.</strong></span> <span class='ocrx_word' id='word_1_783' title='bbox 557 5667 669 5715; x_wconf 74' lang='lat' dir='ltr'><strong>\‘lll.</strong></span> <span class='ocrx_word' id='word_1_784' title='bbox 696 5652 788 5707; x_wconf 75' lang='lat'><strong>20.</strong></span> 
     </span>
    </p>
   </div>
   <div class='ocr_carea' id='block_1_107' title="bbox 330 5761 1670 5835">
    <p class='ocr_par' dir='ltr' id='par_1_107' title="bbox 330 5761 1670 5835">
     <span class='ocr_line' id='line_1_107' title="bbox 330 5761 1670 5835; baseline -0.004 -15"><span class='ocrx_word' id='word_1_785' title='bbox 330 5773 405 5835; x_wconf 78' lang='grc' dir='ltr'><strong>(α)</strong></span> <span class='ocrx_word' id='word_1_786' title='bbox 436 5771 498 5819; x_wconf 69' lang='lat' dir='ltr'><strong>lix</strong></span> <span class='ocrx_word' id='word_1_787' title='bbox 525 5768 691 5817; x_wconf 87' lang='lat' dir='ltr'><strong>codice</strong></span> <span class='ocrx_word' id='word_1_788' title='bbox 715 5763 1199 5826; x_wconf 74' lang='lat' dir='ltr'><strong>Amerbacbiano,.in</strong></span> <span class='ocrx_word' id='word_1_789' title='bbox 1230 5761 1359 5814; x_wconf 89' lang='lat' dir='ltr'><strong>notis</strong></span> <span class='ocrx_word' id='word_1_790' title='bbox 1385 5763 1670 5827; x_wconf 77' lang='lat' dir='ltr'><strong>Beveregli.</strong></span> 
     </span>
    </p>
   </div>
   <div class='ocr_carea' id='block_1_108' title="bbox 1944 4771 3518 4843">
    <p class='ocr_par' dir='ltr' id='par_1_108' title="bbox 1944 4771 3518 4843">
     <span class='ocr_line' id='line_1_108' title="bbox 1944 4771 3518 4843; baseline -0.003 -17"><span class='ocrx_word' id='word_1_791' title='bbox 1944 4776 2084 4843; x_wconf 87' lang='lat' dir='ltr'><strong>quod</strong></span> <span class='ocrx_word' id='word_1_792' title='bbox 2115 4774 2565 4841; x_wconf 74' lang='lat' dir='ltr'><strong>quetnatlmmlum</strong></span> <span class='ocrx_word' id='word_1_793' title='bbox 2597 4786 2744 4840; x_wconf 81' lang='lat' dir='ltr'><strong>ager,</strong></span> <span class='ocrx_word' id='word_1_794' title='bbox 2776 4771 2866 4838; x_wconf 91' lang='lat' dir='ltr'><strong>qui</strong></span> <span class='ocrx_word' id='word_1_795' title='bbox 2894 4772 3117 4838; x_wconf 81' lang='lat' dir='ltr'><strong>emptus</strong></span> <span class='ocrx_word' id='word_1_796' title='bbox 3137 4783 3219 4825; x_wconf 79' lang='lat' dir='ltr'><strong>est</strong></span> <span class='ocrx_word' id='word_1_797' title='bbox 3262 4772 3518 4840; x_wconf 80' lang='lat' dir='ltr'><strong>pecunia,</strong></span> 
     </span>
    </p>
   </div>
   <div class='ocr_carea' id='block_1_109' title="bbox 1944 4862 3517 4936">
    <p class='ocr_par' dir='ltr' id='par_1_109' title="bbox 1944 4862 3517 4936">
     <span class='ocr_line' id='line_1_109' title="bbox 1944 4862 3517 4936; baseline -0.003 -17"><span class='ocrx_word' id='word_1_798' title='bbox 1944 4881 2048 4936; x_wconf 90' lang='lat' dir='ltr'><strong>qua</strong></span> <span class='ocrx_word' id='word_1_799' title='bbox 2083 4865 2333 4919; x_wconf 84' lang='lat' dir='ltr'><strong>venditus</strong></span> <span class='ocrx_word' id='word_1_800' title='bbox 2354 4873 2437 4918; x_wconf 84' lang='lat' dir='ltr'><strong>est</strong></span> <span class='ocrx_word' id='word_1_801' title='bbox 2463 4880 2493 4916; x_wconf 92' lang='lat' dir='ltr'><strong>a</strong></span> <span class='ocrx_word' id='word_1_802' title='bbox 2525 4862 2664 4917; x_wconf 73' lang='lat' dir='ltr'><strong>Juda</strong></span> <span class='ocrx_word' id='word_1_803' title='bbox 2695 4862 2982 4926; x_wconf 84' lang='lat' dir='ltr'><strong>Dominus,</strong></span> <span class='ocrx_word' id='word_1_804' title='bbox 3014 4863 3244 4933; x_wconf 86' lang='lat' dir='ltr'><strong>pretium</strong></span> <span class='ocrx_word' id='word_1_805' title='bbox 3294 4866 3517 4933; x_wconf 79' lang='lat' dir='ltr'><strong>sangui-</strong></span> 
     </span>
    </p>
   </div>
   <div class='ocr_carea' id='block_1_110' title="bbox 1946 4952 3517 5025">
    <p class='ocr_par' dir='ltr' id='par_1_110' title="bbox 1946 4952 3517 5025">
     <span class='ocr_line' id='line_1_110' title="bbox 1946 4952 3517 5025; baseline -0.004 -14"><span class='ocrx_word' id='word_1_806' title='bbox 1946 4958 2030 5011; x_wconf 88' lang='lat' dir='ltr'><strong>nis</strong></span> <span class='ocrx_word' id='word_1_807' title='bbox 2060 4965 2142 5011; x_wconf 85' lang='lat' dir='ltr'><strong>est</strong></span> <span class='ocrx_word' id='word_1_808' title='bbox 2172 4954 2468 5025; x_wconf 77' lang='lat' dir='ltr'><strong>appellatus</strong></span> <span class='ocrx_word' id='word_1_809' title='bbox 2503 4972 2517 5007; x_wconf 91' lang='lat'><strong>:</strong></span> <span class='ocrx_word' id='word_1_810' title='bbox 2555 4953 2628 5006; x_wconf 92' lang='lat' dir='ltr'><strong>ita</strong></span> <span class='ocrx_word' id='word_1_811' title='bbox 2660 4959 2714 5007; x_wconf 92' lang='lat' dir='ltr'><strong>et</strong></span> <span class='ocrx_word' id='word_1_812' title='bbox 2748 4953 3009 5020; x_wconf 64' lang='lat' dir='ltr'><strong>pecunia,</strong></span> <span class='ocrx_word' id='word_1_813' title='bbox 3045 4967 3165 5022; x_wconf 79' lang='lat' dir='ltr'><strong>qua:</strong></span> <span class='ocrx_word' id='word_1_814' title='bbox 3209 4952 3282 5006; x_wconf 70' lang='lat' dir='ltr'><strong>ab</strong></span> <span class='ocrx_word' id='word_1_815' title='bbox 3327 4954 3393 5005; x_wconf 74' lang='lat' dir='ltr'><strong>iis</strong></span> <span class='ocrx_word' id='word_1_816' title='bbox 3427 4968 3517 5005; x_wconf 78' lang='lat' dir='ltr'><strong>ac-</strong></span> 
     </span>
    </p>
   </div>
   <div class='ocr_carea' id='block_1_111' title="bbox 1946 5043 3519 5117">
    <p class='ocr_par' dir='ltr' id='par_1_111' title="bbox 1946 5043 3519 5117">
     <span class='ocr_line' id='line_1_111' title="bbox 1946 5043 3519 5117; baseline -0.003 -15"><span class='ocrx_word' id='word_1_817' title='bbox 1946 5048 2239 5117; x_wconf 89' lang='lat' dir='ltr'><strong>cipiuntur,</strong></span> <span class='ocrx_word' id='word_1_818' title='bbox 2268 5047 2358 5114; x_wconf 89' lang='lat' dir='ltr'><strong>qui</strong></span> <span class='ocrx_word' id='word_1_819' title='bbox 2392 5043 2607 5097; x_wconf 89' lang='lat' dir='ltr'><strong>Domini</strong></span> <span class='ocrx_word' id='word_1_820' title='bbox 2646 5043 2865 5097; x_wconf 89' lang='lat' dir='ltr'><strong>domum</strong></span> <span class='ocrx_word' id='word_1_821' title='bbox 2891 5043 3129 5098; x_wconf 84' lang='lat' dir='ltr'><strong>vendunt</strong></span> <span class='ocrx_word' id='word_1_822' title='bbox 3160 5083 3175 5107; x_wconf 82' lang='grc'><strong>,</strong></span> <span class='ocrx_word' id='word_1_823' title='bbox 3222 5054 3279 5096; x_wconf 88' lang='lat' dir='ltr'><strong>et</strong></span> <span class='ocrx_word' id='word_1_824' title='bbox 3318 5044 3519 5098; x_wconf 60' lang='lat' dir='ltr'><strong>diceet:-</strong></span> 
     </span>
    </p>
   </div>
   <div class='ocr_carea' id='block_1_112' title="bbox 1945 5133 3520 5205">
    <p class='ocr_par' dir='ltr' id='par_1_112' title="bbox 1945 5133 3520 5205">
     <span class='ocr_line' id='line_1_112' title="bbox 1945 5133 3520 5205; baseline -0.006 -10"><span class='ocrx_word' id='word_1_825' title='bbox 1945 5154 2052 5204; x_wconf 69' lang='grc' dir='ltr'><strong>κδ,</strong></span> <span class='ocrx_word' id='word_1_826' title='bbox 2085 5149 2138 5194; x_wconf 83' lang='lat' dir='ltr'><strong>et</strong></span> <span class='ocrx_word' id='word_1_827' title='bbox 2168 5137 2296 5203; x_wconf 87' lang='lat' dir='ltr'><strong>vici,</strong></span> <span class='ocrx_word' id='word_1_828' title='bbox 2331 5137 2383 5189; x_wconf 88' lang='lat' dir='ltr'><strong>in</strong></span> <span class='ocrx_word' id='word_1_829' title='bbox 2417 5134 2613 5205; x_wconf 81' lang='lat' dir='ltr'><strong>quibus</strong></span> <span class='ocrx_word' id='word_1_830' title='bbox 2642 5133 2719 5188; x_wconf 92' lang='lat' dir='ltr'><strong>illi</strong></span> <span class='ocrx_word' id='word_1_831' title='bbox 2754 5134 2844 5201; x_wconf 91' lang='lat' dir='ltr'><strong>qui</strong></span> <span class='ocrx_word' id='word_1_832' title='bbox 2870 5136 2999 5187; x_wconf 86' lang='lat' dir='ltr'><strong>dant</strong></span> <span class='ocrx_word' id='word_1_833' title='bbox 3021 5134 3361 5199; x_wconf 80' lang='lat' dir='ltr'><strong>ordinantur,</strong></span> <span class='ocrx_word' id='word_1_834' title='bbox 3396 5150 3520 5204; x_wconf 83' lang='lat' dir='ltr'><strong>prc-</strong></span> 
     </span>
    </p>
   </div>
   <div class='ocr_carea' id='block_1_113' title="bbox 1948 5224 3122 5299">
    <p class='ocr_par' dir='ltr' id='par_1_113' title="bbox 1948 5224 3122 5299">
     <span class='ocr_line' id='line_1_113' title="bbox 1948 5224 3122 5299; baseline -0.004 -14"><span class='ocrx_word' id='word_1_835' title='bbox 1948 5232 2079 5285; x_wconf 89' lang='lat' dir='ltr'><strong>tium</strong></span> <span class='ocrx_word' id='word_1_836' title='bbox 2113 5226 2389 5299; x_wconf 82' lang='lat' dir='ltr'><strong>sanguinis</strong></span> <span class='ocrx_word' id='word_1_837' title='bbox 2419 5236 2581 5282; x_wconf 86' lang='lat' dir='ltr'><strong>erunt</strong></span> <span class='ocrx_word' id='word_1_838' title='bbox 2612 5236 2665 5281; x_wconf 87' lang='lat' dir='ltr'><strong>et</strong></span> <span class='ocrx_word' id='word_1_839' title='bbox 2694 5224 3122 5295; x_wconf 78' lang='lat' dir='ltr'><strong>appeilahttntur.</strong></span> 
     </span>
    </p>
   </div>
   <div class='ocr_carea' id='block_1_114' title="bbox 2023 5406 3519 5479">
    <p class='ocr_par' dir='ltr' id='par_1_114' title="bbox 2023 5406 3519 5479">
     <span class='ocr_line' id='line_1_114' title="bbox 2023 5406 3519 5479; baseline -0.003 -17"><span class='ocrx_word' id='word_1_840' title='bbox 2023 5408 2275 5465; x_wconf 78' lang='lat' dir='ltr'><strong>ZONAR.</strong></span> <span class='ocrx_word' id='word_1_841' title='bbox 2334 5411 2413 5463; x_wconf 79' lang='lat' dir='ltr'><strong>Ad</strong></span> <span class='ocrx_word' id='word_1_842' title='bbox 2464 5409 2749 5479; x_wconf 81' lang='lat' dir='ltr'><strong>episcOpos</strong></span> <span class='ocrx_word' id='word_1_843' title='bbox 2822 5421 2950 5464; x_wconf 84' lang='lat' dir='ltr'><strong>suos</strong></span> <span class='ocrx_word' id='word_1_844' title='bbox 3014 5406 3239 5477; x_wconf 76' lang='lat' dir='ltr'><strong>scripsit</strong></span> <span class='ocrx_word' id='word_1_845' title='bbox 3293 5418 3519 5459; x_wconf 80' lang='lat' dir='ltr'><strong>sanctus</strong></span> 
     </span>
    </p>
   </div>
  </div>
