4234 6450
810 401 913 462 835

2050 386 2322 462 'luson.
2364 392 2762 455 BALSAMON

3923 393 4024 456 836

812 508 1037 581 [Pater]
1068 526 1187 566 cum
1215 510 1469 566 audiisset
1502 512 1633 566 istos
1663 510 1728 567 ab
1760 515 1844 579 iis,
1870 529 2002 583 quos
2027 514 2362 575 ordinarant,
2394 528 2407 568 Δ

2394 512 2437 568 Α
2467 507 2677 577 γραψεν
2706 509 2733 559 ὁ
2764 506 2939 575 άγιος,
2967 503 3205 569 άκούσας
3233 505 3317 558 ὅτι
3346 503 3452 557 ἀπὸ
3477 502 3591 556 τῶν
3617 503 4017 573 χειροτονουμε·

809 599 1063 662 pecunias
1097 602 1389 667 accepisse.
1423 601 1487 654 Et
1519 618 1626 654 rem
1660 605 1897 671 quidem,
1935 605 2147 673 inquit,
2185 604 2362 657 incre-

806 686 1020 739 diui'em
1041 702 1161 741 esse
1189 690 1512 742 existimavi.
1547 690 1621 745 Eo
1642 704 1843 757 autem,
1871 694 2011 763 quod
2058 704 2111 747 et
2158 691 2213 747 in
2266 708 2361 747 su-

806 777 1090 841 spicionem
1121 788 1328 831 tantum
1357 785 1581 844 venerit,
1619 784 1799 837 dolore
1846 798 1930 837 me
1958 782 2135 837 aﬂ'ecit
2174 800 2188 838 :
2234 782 2359 835 illud

807 875 1011 917 tantum
1039 883 1144 920 non
1178 870 1384 931 dicens,
1416 874 1556 937 quod
1591 872 1744 925 dolor
1787 876 1915 928 mihi
1970 884 2051 929 est
2089 889 2185 928 vos
2227 874 2361 927 tales

805 966 946 1014 esse,
976 964 1031 1006 ut
1055 955 1357 1023 huiusmodi
1380 958 1638 1013 adversus
1665 976 1757 1015 vos
1784 964 2049 1016 dicantur.
2080 963 2359 1017 Contraria

804 1043 945 1093 enim
982 1056 1191 1108 natura,
1216 1049 1365 1112 juxta
1395 1051 1680 1116 quemdam
1708 1054 2025 1120 sapientem,
2054 1055 2361 1107 accosatio-

805 1132 887 1181 nis
908 1134 1201 1199 t‘ujttspiam
1227 1152 1329 1190 non
1358 1152 1524 1206 capax
1569 1149 1647 1193 est
1679 1158 1692 1193 :
1725 1152 1784 1194 ut
1835 1143 1879 1195 si
1926 1144 2048 1211 quis
2074 1183 2088 1197 .
2141 1143 2315 1211 inquit
2340 1179 2357 1205 ε

803 1221 1020 1286 Ajacem
1077 1228 1423 1279 scortationis
1488 1240 1785 1283 accusaret.
1844 1230 1965 1284 Haec
2017 1244 2191 1284 autem
2242 1245 2361 1299 qua:

802 1311 1003 1373 scribo,
1030 1312 1224 1379 inquit,
1264 1316 1331 1377 is,
1365 1318 1453 1382 qui
1487 1320 1605 1370 talis
1638 1320 1910 1386 cujusdam
1945 1319 2021 1373 rei
2076 1322 2174 1373 sibi
2229 1335 2359 1373 con-

803 1402 945 1451 scius
975 1413 1075 1463 est,
1108 1413 1163 1453 ut
1193 1405 1315 1455 mali
1366 1410 1665 1460 remedium
1721 1412 1953 1476 accipiat
1992 1430 2003 1463 :
2034 1412 2125 1478 qui
2179 1420 2355 1463 autem

800 1502 863 1539 ea
895 1504 1056 1556 purus
1083 1503 1206 1555 est,
1252 1504 1309 1545 ut
1346 1498 1644 1550 antidotum
1685 1500 1750 1551 ad
1798 1515 1856 1553 se
1892 1503 2163 1556 tuendum.
2193 1499 2358 1553 Phar-

802 1592 951 1631 maca
984 1580 1123 1632 enim
1158 1596 1185 1634 a
1229 1584 1448 1637 medicis
1474 1586 1537 1639 iis
1568 1587 1783 1654 quidem
1812 1626 1827 1651 ,
1862 1590 1956 1655 qui
2001 1591 2053 1639 in
2111 1590 2354 1642 morbum

802 1663 1127 1732 inciderunt,
1162 1671 1225 1721 ad
1273 1674 1606 1727 curatiOnem
1641 1679 1857 1739 dantur,
1900 1686 1953 1729 et
1982 1677 2045 1729 ad
2084 1677 2357 1731 liberatio-

801 1770 918 1807 nem
950 1770 978 1807 a
1012 1758 1196 1810 morbo
1227 1776 1240 1811 :
1278 1760 1343 1812 iis
1369 1774 1569 1824 autem,
1590 1765 1682 1830 qui
1716 1766 1902 1818 morbo
1948 1767 2177 1818 nomium
2212 1767 2357 1821 labo-
2396 1752 2407 1759 ’

2465 609 2570 645 νων
2602 594 2733 661 παρ’
2768 594 2947 647 αὐτῶν
2972 592 3314 663 λαμϐάνουσι
3347 594 3635 661 χρήματα,
3668 592 3765 645 καὶ
3798 593 4027 645 ἄπιστον

2465 683 2586 753 μὲν,
2646 685 2831 752 φησιν.
2879 685 3171 754 ἡγησάμην
3221 683 3283 736 τὸ
3345 684 3616 753 πράγμαο
3674 684 3758 735 ὅτι
3816 682 3881 734 δὲ
3941 682 4023 732 καὶ

2464 772 2776 843 ύποπτεύθη
2837 775 3021 844 μόνον,
3085 775 3262 843 λύπην
3320 790 3412 844 μοι
3472 774 3809 842 προεξένισε,
3874 773 4028 839 μένον

2461 864 2581 931 οὐχὶ
2622 864 2777 916 τοῦτο
2814 865 3009 932 λέγων,
3053 866 3134 917 ὅτι
3177 865 3320 937 λύπη
3366 882 3457 933 μοι
3494 866 3608 917 ἐστὶ
3646 865 3708 916 τὸ
3751 863 4030 922 τοιούτους

2462 951 2598 1008 εἶναι
2627 956 2789 1022 ὑμᾶς,
2821 954 2965 1007 ὥστε
2992 956 3214 1008 τοιαῦτα
3244 955 3491 1021 λέγεσθαι
3516 954 3635 1006 καθ’
3658 953 3837 1022 ὑμῶν.
3876 955 4031 1006 Ἐστι

2462 1047 2570 1115 γάρ
2603 1044 2731 1116 ἦθος
2766 1047 2907 1099 κατά
2939 1064 3058 1098 τινα
3096 1046 3257 1113 σοφὸν
3291 1047 3476 1113 ἕτερον
3506 1046 3646 1106 τινὸς
3685 1046 4030 1111 κατηγορίας

2462 1132 2798 1194 ἁνένδεκτον,
2826 1130 2899 1193 ὡς
2931 1132 2983 1183 εἰ
3008 1132 3113 1195 τίς,
3142 1146 3326 1199 φησιν,
3354 1130 3687 1200 ἑταιρήσεως
3720 1130 3919 1181 διώκει
3945 1130 4030 1180 τὸν

2462 1223 2684 1276 Δίαντα.
2718 1222 2901 1274 Ταῦτα
2932 1222 3013 1285 δὲ,
3044 1220 3079 1274 ἃ
3108 1220 3321 1288 γράφω,
3355 1220 3539 1289 φησιν,
3570 1222 3598 1270 ό
3637 1219 3740 1287 μὲν
3769 1218 4029 1279 συνειδὼς

2461 1311 2636 1381 ἑαυτῴ
2684 1312 2921 1366 τοιοῦτόν
2968 1320 3019 1364 τι
3063 1311 3300 1375 δεξάσθω
3338 1311 3412 1372 ὡς
3460 1312 3595 1380 ἴαμα
3638 1310 3738 1377 τῆς
3786 1310 3989 1370 κακίας
4017 1325 4028 1335 ·

2459 1405 2487 1455 ὁ
2511 1403 2565 1455 δὲ
2596 1402 2833 1473 καθαρὸς
2868 1404 2926 1468 ἐξ
2954 1403 3142 1471 αὐτῆς,
3168 1402 3243 1464 ὡς
3273 1402 3751 1470 προφυλακτήριον
3776 1415 3792 1430 ο
3824 1401 3898 1451 τά
3928 1400 4027 1467 γὰρ

2461 1494 2728 1561 φάρμακα
2765 1492 2916 1557 παρὰ
2943 1492 3050 1546 τῶν
3082 1493 3280 1561 ίατρῶν
3309 1494 3419 1552 τοῖς
3448 1492 3545 1559 μὶν
3574 1490 3917 1559 ἑμπεσοῦσιν
3958 1493 4027 1551 είς

2457 1584 2612 1636 νόσον
2640 1583 2731 1636 διὰ
2764 1583 2906 1635 ῐασιν
2934 1584 3163 1636 δίδονται
3180 1622 3196 1647 ,
3224 1584 3322 1634 καὶ
3351 1584 3447 1650 τῆς
3472 1582 3626 1633 νόσου
3667 1582 3998 1648 ἀπαλλαγὴν
4015 1621 4027 1642 ,

2456 1676 2570 1736 τοῖς
2612 1674 2669 1726 δὲ
2710 1674 2878 1742 μήπω
2910 1672 3163 1736 νοσοῦσι,
3198 1672 3526 1742 παρέχονται
3568 1671 4027 1738 προφυλακτικά,

2458 1762 2598 1815 ὥστε
2634 1764 2708 1832 μὴ
2736 1765 2979 1833 νοσῆσαι.
3010 1761 3195 1824 Ὅστις
3223 1760 3299 1825 δὶ,
3325 1766 3510 1831 φησιν,
3538 1761 3833 1827 ἁδιάρορύς
3859 1761 4027 1819 ἑστιν,

801 1854 943 1906 rant,
974 1845 1214 1898 antidota
1239 1849 1583 1911 exhibentur,
1620 1862 1677 1903 ut
1713 1854 1900 1907 morbo
1930 1869 2031 1906 non
2061 1856 2354 1924 corripian-
2388 1849 2407 1903 1

2388 1849 2429 1903 Β
2458 1854 2623 1923 ἡγουν
2653 1855 2803 1916 ὅστις
2830 1853 2952 1906 οὐδὲ
2980 1851 3191 1921 νομίζει
3223 1852 3390 1904 κακόν
3421 1868 3473 1903 τι
3502 1853 3696 1914 ποιεῖν,
3728 1850 4027 1916 λαμσάνων

800 1942 905 1987 tur.
934 1934 1245 2005 Quicunque
1289 1949 1466 1991 autem
1505 1940 1815 1997 indili‘erens
1857 1954 1959 2008 est,
2009 1947 2098 2012 qui
2152 1948 2355 2001 scilicet

797 2034 898 2073 nec
928 2023 1055 2089 quid
1088 2025 1207 2076 mali
1236 2040 1294 2079 se
1321 2025 1499 2081 facere
1532 2039 1679 2096 putat
1706 2070 1723 2094 ,
1759 2046 1880 2084 cum
1910 2033 2035 2100 quid
2067 2035 2135 2087 ab
2174 2036 2237 2089 iis
2264 2051 2354 2089 ac-

796 2108 924 2175 cipit
959 2124 1095 2178 quos
1118 2114 1353 2177 ordinat,
1395 2118 1537 2187 quod
1577 2120 1948 2175 indiﬂet'entia:
1986 2124 2239 2178 nimirum
2264 2141 2355 2195 ge-

797 2201 917 2261 nu's,
953 2204 1211 2267 deprecor
1244 2220 1311 2259 ne
1351 2208 1403 2260 in
1436 2208 1586 2263 vobis
1610 2211 1938 2278 inveniatur,
1972 2213 2017 2267 is
2046 2230 2165 2283 qua
2213 2218 2351 2269 scri-

795 2295 881 2352 pta
906 2299 1051 2355 sunt,
1083 2293 1308 2362 accipiat
1333 2306 1390 2349 ut
1414 2300 1779 2354 testimonium
1802 2309 1918 2357 slve
1940 2314 1998 2356 ιιι
2028 2305 2353 2360 admonitio-

795 2390 940 2443 nem,
972 2382 1421 2450 utepiphonema.
1453 2387 1867 2447 lndilerentiatn
1920 2402 2100 2448 autem
2156 2398 2352 2452 merito

791 2466 1111 2537 deprecatus
1140 2482 1246 2529 est.
1278 2475 1379 2541 Qui
1412 2490 1605 2547 peccat
1636 2482 1778 2535 enim
1808 2521 1825 2547 ,
1855 2498 2020 2553 seque
2047 2487 2242 2540 malum
2270 2488 2353 2541 la-

790 2572 915 2611 cere
937 2565 1230 2630 cognoscit,
1260 2581 1383 2636 spes
1403 2578 1485 2624 est
1507 2582 1565 2624 ut
1592 2586 1620 2625 a
1647 2575 1786 2628 malo
1811 2574 2037 2631 forsitan
2061 2579 2346 2634 abstineat:

791 2647 881 2715 qui
906 2660 1103 2706 autem.
1125 2656 1321 2709 malum
1353 2671 1663 2728 perpetrat,
1714 2679 1879 2733 seque
1911 2684 2011 2722 nec
2043 2671 2238 2723 malum
2274 2672 2353 2724 ia-

788 2750 911 2790 cere
936 2741 1227 2811 existimat,
1277 2750 1342 2801 ad
1384 2751 1810 2819 resipisccntiam
1864 2773 2132 2826 nunquam
2171 2776 2349 2815 rever-

790 2834 962 2894 tetur,
1028 2847 1198 2903 neque
1247 2852 1276 2890 a
1329 2852 1549 2907 peccato
1608 2846 1913 2901 abstinebit.
1965 2849 2113 2913 Quod
2171 2865 2345 2907 autem

788 2917 907 2972 dico
934 2959 950 2984 ,
986 2921 1193 2991 inquit,
1246 2936 1359 2994 est,
1414 2934 1698 2987 nonnullos
1747 2934 2020 2992 allirmare
2045 2980 2057 3003 ,
2090 2943 2227 3007 quod
2257 2957 2348 2996 vos

786 3011 1040 3074 acceptis.
1084 3016 1325 3078 pecuniis
1371 3021 1742 3078 ordinationes
1797 3028 2123 3081 celebratis:
2160 3032 2348 3083 obum-

785 3094 951 3150 bratis
977 3108 1175 3163 autem,
1238 3106 1339 3158 hnc
1367 3119 1450 3160 est
1496 3113 1820 3175 OcCultatis,
1886 3118 2077 3168 malum
2131 3124 2347 3171 nomine

783 3187 1017 3251 pictatis.
1054 3188 1162 3243 Hoc
1190 3202 1368 3245 autem
1409 3198 1560 3264 pejus
1604 3210 1703 3255 est.
1762 3202 1860 3265 Qui
1917 3204 2057 3256 enim
2102 3208 2295 3258 malum
2328 3248 2341 3270 ,

782 3278 953 3343 inquit
977 3317 992 3342 ,
1025 3292 1335 3349 perpetrat,
1388 3301 1551 3354 seque
1584 3291 1706 3342 boni
1739 3294 1862 3358 quid
1891 3294 2066 3347 facere
2105 3299 2339 3358 simulat,

779 3364 976 3432 duplici
1001 3370 1258 3438 supplicio
1320 3373 1513 3442 dignus
1541 3390 1642 3441 est,
1674 3389 1725 3433 ct
1754 3386 1894 3449 quod
1928 3386 2121 3437 malum
2150 3404 2339 3457 perpe-

780 3464 906 3519 trat,
947 3468 998 3510 et
1026 3463 1167 3525 quod
1199 3463 1263 3514 ad
1293 3465 1417 3515 mali
1459 3473 1911 3533 perpetratiouem
1957 3480 2096 3526 bono
2129 3482 2335 3542 utitur,

780 3546 881 3597 hoc
934 3556 1015 3601 est
1045 3588 1060 3611 ,
1119 3553 1239 3605 boni
1288 3556 1539 3619 nomine;
1589 3573 1759 3626 neque
1807 3564 1951 3614 enim
2020 3568 2135 3631 ipso
2200 3572 2335 3623 hoino

779 3632 1048 3701 [utitur.i
1079 3636 1201 3692 [Lee
1234 3651 1432 3707 autem,
1484 3646 1527 3696 si
1565 3646 1643 3698 sic
1681 3662 1737 3700 se
1784 3649 2033 3716 habeant,
2088 3657 2334 3709 nimirum

778 3726 819 3775 si
853 3741 974 3778 vera
1005 3730 1108 3780 sint
1138 3769 1153 3791 ,
1184 3734 1545 3800 corrigantur.
1572 3735 1800 3791 Necesse
1839 3745 1979 3794 enim
2023 3755 2105 3797 est
2127 3785 2141 3808 ,
2190 3758 2245 3799 ut
2272 3752 2335 3799 ml

779 3814 929 3879 istos,
958 3820 1045 3885 qui
1078 3835 1172 3886 pro
1201 3826 1442 3889 pecuniis
1468 3829 1740 3892 ordinant,
1776 3832 1904 3884 illud
1958 3838 2131 3887 saneti
2195 3837 2333 3911 Petri

779 3908 994 3960 tethnnt
1024 3910 1253 3975 dicatur,
1290 3920 1429 3980 quod
1459 3918 1504 3968 is
1533 3921 1596 3970 :ttl
1631 3918 1902 3975 Simonem
1932 3927 2183 3991 pecunias
2215 3943 2336 3996 pro-

776 3999 1052 4060 terentem.
1082 4014 1132 4054 et
1162 3991 1388 4070 gratiam
1418 4006 1651 4073 Spiritus
1674 4013 1787 4062 dari
1838 4015 1935 4064 sibi
1970 4028 2293 4082 quzerentem
2317 4058 2331 4083 ,

773 4091 1157 4152 pronuntiavit,
1188 4093 1325 4157 quod
1352 4106 1455 4159 est,
1496 4095 1659 4148 Tuum
1690 4110 1850 4150 tecum
1875 4102 1938 4153 sit
1977 4116 2248 4172 argentum
2277 4109 2327 4159 in

772 4179 1112 4241 perditionem
1147 4182 1185 4233 ¹.
1258 4182 1459 4238 Deinde
1486 4198 1538 4239 et
1573 4201 1844 4253 peccatum
1890 4206 2081 4261 auget,
2126 4199 2329 4262 dicens,

772 4272 915 4337 quod
945 4273 1034 4338 qui
1069 4272 1286 4325 ordines
1318 4290 1524 4341 emunt,
1560 4280 1726 4333 levius
1771 4281 2155 4349 aliquantulum
2205 4304 2330 4355 pec-

770 4370 915 4422 cant,
951 4376 1110 4429 quam
1150 4362 1183 4414 ii
1213 4366 1301 4430 qui
1339 4366 1592 4421 vendunt.
1632 4369 1705 4421 llli
1735 4372 1876 4423 enim
1914 4375 1966 4425 id
2021 4392 2113 4441 per
2158 4379 2327 4445 impc-

2456 1947 2521 1997 ἐκ
2570 1945 2679 1999 τῶν
2719 1943 2848 2014 παρ’
2893 1942 3058 1996 αὐτοῦ
3096 1943 3603 2012 χειροτονουμένων,
3641 1943 3781 2010 ὅπερ
3827 1941 3893 1991 τὸ
3935 1940 4025 2007 τῆς

2454 2034 2771 2102 ἀδιαφορίας
2816 2033 3018 2104 δηλαδὴ
3064 2032 3372 2101 ἀπεύχομαι
3424 2034 3482 2084 ιν
3529 2031 3657 2100 ὑμῖν
3703 2029 4022 2098 εὑρεθῆναι,

2453 2125 2696 2188 δεξάσοω
2733 2125 2801 2177 τὰ
2835 2124 3157 2193 γραφόμενα
3187 2124 3262 2185 ὡς
3291 2122 3615 2192 μαρτυρίαν,
3654 2121 3779 2186 ητοι
3808 2120 3889 2181 ὡς
3926 2137 4023 2170 πα-

2454 2216 2766 2284 ραγγελίαν,
2801 2214 2876 2278 ὡς
2904 2214 3256 2285 ἐπιφώνημα.
3300 2214 3609 2284 ’Δπηύξατο
3641 2212 3699 2263 δι
3728 2210 3835 2281 τὴν
3876 2211 4022 2263 άδια·

2453 2306 2647 2377 φορίαν
2679 2308 2927 2367 εἰκότως.
2975 2307 3033 2359 '0
3068 2306 3177 2375 γὰρ
3205 2305 3565 2376 ἁμαρτάνων,
3598 2302 3696 2357 καὶ
3728 2301 3893 2365 είδὼς
3931 2316 4021 2355 κα-

2451 2399 2549 2452 κδν
2578 2401 2769 2459 ποιεῖν,
2810 2398 3083 2462 ιλπίζεται
3116 2399 3247 2461 ἴσως
3280 2398 3373 2450 καὶ
3409 2395 3745 2465 ἀποσχέσθαι
3777 2395 3893 2447 ἀπὸ
3933 2389 4022 2446 τοῦ

2451 2490 2622 2541 κακοῦ
2649 2505 2663 2520 ο
2696 2491 2723 2540 ὁ
2748 2490 2803 2541 δι
2834 2491 2896 2541 τὸ
2922 2489 3092 2541 κακὸν
3124 2489 3407 2557 πράσσων,
3440 2488 3530 2540 καὶ
3567 2486 3703 2554 μηδέ
3733 2486 4018 2553 λογιζόμε-

2451 2596 2537 2642 νος
2574 2582 2742 2632 κικὸν
2774 2583 2987 2646 ποιεῖν,
3020 2581 3117 2633 ούκ
3152 2580 3219 2633 ἂν
3255 2595 3383 2631 ποτε
3415 2578 3544 2647 ἔλθῃ
3574 2581 3651 2638 εἰς
3689 2577 4019 2643 μετάνοιαν,

2449 2671 2569 2722 οὐδὲ
2609 2672 2705 2739 τῆς
2753 2671 3027 2740 ἁμαρτίας
3074 2670 3350 2739 ἀφέξεται.
3401 2670 3465 2720 Ὅ
3509 2668 3567 2720 δι
3612 2667 3779 2731 λέγω,
3814 2668 4017 2735 ,φησὶη

2449 2762 2585 2822 ἐστὶ,
2616 2761 2676 2813 τὸ
2711 2762 2887 2828 λέγειν
2918 2761 3089 2823 τινὰς,
3124 2762 3203 2812 ὅτι
3232 2766 3488 2829 χρήματα
3518 2758 3895 2825 λαμσάνοντες
3924 2759 4019 2818 τάς

2449 2852 2783 2920 χειροτονίας
2820 2854 3021 2903 ποιεῖτε
3050 2868 3065 2883 ο
3102 2852 3447 2913 ἑπισκιάζετε
3483 2852 3561 2913 δὲ,
3606 2852 3725 2903 ἀντὶ
3759 2849 3855 2901 τοῦ
3896 2854 4019 2899 ἐτει-

2448 2944 2752 3009 κρύπτετε,
2814 2944 2875 2995 τὸ
2943 2943 3109 2995 κακὸν
3175 2943 3457 3004 εὐσεϐείας
3523 2943 3769 3009 ὀνόματι,
3847 2941 4016 2992 Τοῦτο

2446 3033 2500 3082 δὲ
2528 3035 2705 3099 χ.ῖρον
2735 3033 2900 3083 ἐστίν.
2943 3033 2999 3081 ὐ
3030 3031 3137 3097 γὰρ
3168 3032 3335 3081 ποιῶν
3359 3071 3371 3090 ,
3406 3031 3534 3096 φησι
3558 3072 3571 3091 ,
3600 3030 3658 3080 τὸ
3688 3034 3858 3081 κακῶν
3878 3072 3891 3093 ,
3928 3032 4015 3082 κι“ι

2371 3156 2417 3217 C
2452 3122 2919 3189 σχηματιζόμενος
2952 3121 3114 3173 καλόν
3145 3138 3193 3171 τι
3226 3123 3431 3183 ποιεῖν,
3459 3122 3651 3186 διπλῆς
3683 3123 3832 3172 ἐστιν
3869 3122 4016 3183 ἄξιος

2448 3214 2717 3279 τιμωρίας
2740 3254 2753 3273 ,
2795 3214 2876 3263 ὃτι
2908 3229 2961 3263 τε
2995 3212 3053 3263 τὸ
3086 3211 3253 3262 καλὸν
3292 3215 3435 3264 ποιεῖ
3462 3251 3475 3273 ,
3508 3230 3598 3263 και
3629 3214 3711 3262 ὅτι
3750 3215 4014 3280 κέχρηται

2444 3306 2521 3363 εὶς
2554 3305 2843 3370 συνεργίαν
2866 3304 2961 3371 τῆς
2986 3304 3179 3355 κακία;
3206 3304 3282 3370 τῷ
3304 3302 3509 3370 άγαοῷ,
3539 3305 3652 3371 ἦτοι
3677 3304 3753 3371 τῷ
3785 3304 4010 3369 ὀνόματι

2444 3394 2533 3445 τοῦ
2572 3395 2734 3446 καὶ.οὖ
2759 3434 2771 3455 ,
2812 3396 2871 3445 οὐ
2910 3396 3018 3463 γὰρ
3051 3395 3199 3463 αὐτῷ
3232 3395 3310 3463 τῷ
3335 3395 3502 3462 καλῷ.
3533 3395 3719 3447 Ταῦτα
3757 3400 3809 3447 εί
3842 3398 4011 3457 οὕτως

2442 3484 2575 3549 ἔχει,
2628 3487 2793 3553 ἤγουν
2847 3490 2893 3534 εἰ
2935 3484 3106 3553 άληοῆ
3169 3486 3294 3550 εισι,
3344 3486 3705 3567 διορθ-ωθήτω.
3770 3488 4009 3554 ’Δνάγκη

2442 3579 2546 3643 γὰρ
2571 3576 2823 3641 λέγεσθαι
2854 3577 2989 3644 πρὸς
3017 3578 3140 3636 τοὺς
3170 3576 3264 3628 επὶ
3295 3578 3538 3645 χρήμασι
3565 3579 4011 3646 χειροτονοῦντας

2439 3669 2498 3715 τῖ)
2535 3667 2625 3717 τοῦ
2655 3652 2813 3732 ἁγίου
2846 3669 3073 3736 Πέτρου,
3112 3667 3139 3718 ὃ
3175 3668 3308 3735 πρὸς
3342 3670 3429 3720 τὸν
3461 3669 3675 3735 Σίμωνα
3707 3670 3841 3735 ἔφη,
3878 3673 4011 3737 χρή.

2443 3774 2585 3824 ματα
2618 3761 3057 3827 προσαγαγόντα,
3088 3761 3178 3810 καὶ
3204 3759 3468 3825 ζητοῦντα
3492 3759 3712 3824 δοθῆναι
3738 3760 3892 3826 αὐτῷ
3913 3765 4009 3826 τὴν

2436 3851 2595 3914 χάριν
2622 3849 2713 3899 τοῦ
2747 3848 3081 3917 Πνεύματος,
3114 3850 3249 3919 ὅπερ
3277 3851 3449 3911 ἐστὶν,
3484 3852 3592 3914 Ειη
3624 3853 3689 3901 τὸ
3724 3852 4009 3917 ἀργύριόν

2435 3950 2549 3986 σου
2587 3937 2707 3988 σύν
2742 3953 2841 3989 σοι
2884 3941 2969 4001 εἰς
3010 3936 3329 3991 ἀπώλειαν.
3385 3936 3512 3992 Εἶτα
3564 3943 3658 3993 καὶ
3700 3943 3861 4006 αὒξει
3912 3947 4007 4013 τὴν

2436 4024 2731 4093 ἁμαρτίαν,
2763 4027 2955 4093 λέγων,
2990 4032 3069 4078 ὅτι
3104 4031 3152 4079 οἱ
3187 4030 3281 4087 τὰς
3311 4031 3643 4099 χειροτονίας
3674 4034 4002 4101 ὠνούμενοι,

2436 4116 2795 4185 ἐλαᾳρὸτερνίν
2829 4136 2879 4169 τι
2914 4120 3286 4187 ἁμαρτάνουσι
3316 4124 3422 4172 τῶν
3459 4124 3886 4188 πιπρασκόντων
3916 4128 4005 4178 αὺ-

2432 4206 2558 4266 τάς·
2596 4208 2642 4256 oi
2683 4208 2778 4273 μὲν
2818 4211 2924 4275 γὰρ
2964 4210 3031 4261 δι’
3066 4211 3322 4278 ἀπειρίαν
3353 4211 3613 4264 ὠνοῦνται
3650 4214 3677 4265 ὃ
3711 4218 3813 4266 οὐκ
3854 4216 4005 4284 ἐχου-

2434 4314 2547 4347 σιν·
2596 4303 2622 4349 ὁ
2663 4300 2719 4349 δὲ
2760 4302 3089 4367 πιπράσκων
3136 4302 3305 4351 πωλεῖ
3350 4301 3378 4351 ὃ
3423 4303 3579 4355 ἔλαϐε
3623 4305 3878 4373 δωρεάν·
3930 4310 4001 4369 ὡς

2430 4392 2819 4455 πεπραμμένος
2852 4389 2927 4456 τῷ
2960 4390 3205 4459 Eat-Atti,
3237 4392 3401 4459 ἡγουν
3434 4393 3505 4453 ὡς
3556 4393 3745 4453 δοῦλος
3795 4396 3999 4463 ὠνητὸς

774 4452 947 4501 titiam
985 4463 1167 4504 emunt
1197 4456 1335 4519 quod
1370 4472 1472 4507 non
1505 4457 1699 4510 habent
1738 4476 1750 4510 :
1782 4463 1868 4527 qui
1902 4465 2081 4517 vendit
2126 4477 2323 4529 autem,
2362 4485 2400 4536 ῃ

2371 4485 2400 4536 D
2432 4478 2505 4544 τῷ
2540 4478 2767 4544 διαϐόλῳ
2807 4480 3117 4546 γενόμενος,
3153 4482 3244 4531 καὶ
3284 4484 3361 4541 είς
3394 4482 3714 4549 καπηλείαν,
3753 4486 3877 4536 ἀντὶ
3908 4486 3997 4536 τοῦ

772 4542 824 4590 i.l
871 4542 1045 4592 vendit
1070 4544 1210 4608 quod
1244 4544 1410 4611 gratis
1452 4548 1659 4614 accepit
1690 4564 1704 4612 ;
1739 4561 1796 4603 ut
1820 4568 1847 4601 ιι
1892 4552 2090 4607 Satana
2116 4569 2326 4626 emptus

770 4627 881 4677 sive
912 4629 1274 4682 mercenarius
1314 4645 1502 4685 servus
1536 4634 1745 4716 diabolo
1776 4636 1945 4693 factus
1970 4678 1986 4704 ,
2018 4653 2069 4694 et
2103 4646 2166 4696 ad
2200 4662 2329 4699 cau-

767 4717 1135 4783 ponationem,
1169 4718 1270 4772 hoc
1294 4730 1374 4773 est
1396 4725 1808 4791 negotiationem
1836 4767 1850 4793 ,
1888 4733 2113 4798 gratiam
2158 4736 2326 4803 Spiri-

769 4817 854 4858 tus
901 4806 1137 4861 deducit.
1192 4807 1525 4877 Cauponatio
1558 4818 1700 4869 enim
1752 4821 2042 4887 negotiatio
2089 4824 2321 4891 dicitur,

762 4912 941 4964 caque
972 4914 1181 4952 summe
1214 4902 1433 4955 sordida
1455 4941 1471 4967 ,
1505 4920 1663 4973 quam
1688 4910 1816 4963 dicit
1843 4915 2112 4967 sordidam
2146 4918 2193 4968 iu
2232 4916 2332 4971 Ec-

762 4986 986 5039 clesium
1021 4990 1359 5046 introducere
1398 4998 1846 5069 negotiationem;
1899 5006 1990 5060 ubi
2051 5013 2329 5077 pretiosis-

763 5079 901 5129 sima
948 5081 1101 5132 nobis
1146 5085 1450 5138 concredita
1497 5088 1797 5156 habemus,
1845 5096 1927 5149 vel
1984 5100 2161 5166 potius
2210 5118 2329 5171 quae

763 5184 925 5219 mune
950 5172 1178 5235 pretium
1214 5177 1500 5243 excedunt,
1524 5194 1642 5247 quas
1667 5194 1792 5235 sunt
1810 5198 2002 5253 corpus
2031 5201 2087 5243 et
2111 5194 2324 5262 sanguis

764 5262 992 5314 Christi.
1023 5264 1153 5316 Cum
1187 5276 1342 5320 antea
1386 5272 1606 5327 dixisset
1635 5313 1648 5339 ,
1686 5274 2032 5334 Obutnbratis
2080 5286 2273 5337 malum
2304 5324 2319 5349 ,

768 5367 909 5403 nunc
938 5353 1098 5407 etiam
1136 5356 1264 5410 dicit
1287 5364 1550 5426 quomodo
1582 5365 1928 5422 obumbrant.
1962 5370 2276 5428 Existimant
2306 5415 2321 5439 ,

764 5439 961 5503 inquit,
993 5456 1052 5492 se
1091 5453 1457 5510 uoupeccare,
1498 5454 1751 5518 quoniam
1805 5457 1962 5509 simu1
2008 5473 2126 5512 cum
2177 5463 2322 5515 ordi-

757 5532 980 5583 natione
1009 5546 1110 5585 non
1136 5537 1427 5605 accipiunt,
1460 5542 1553 5595 sed
1581 5552 1791 5612 postea.
1839 5547 2096 5617 Accipere
2139 5561 2315 5606 autem

839 5716 851 5747 ³
890 5718 1006 5768 Act.
1047 5731 1162 5784 rm,
1198 5720 1280 5774 l0.

2430 4565 2505 4625 εἰς
2534 4568 2931 4632 πραγματείαν,
2967 4567 3197 4632 κατάγει
3221 4568 3319 4636 τὴν
3344 4570 3499 4638 χάριν
3530 4569 3623 4621 τοῦ
3654 4571 3995 4641 Πνεύματος.

2429 4653 2713 4721 Καπηλεία
2753 4657 2857 4725 γὰρ
2912 4656 2943 4725 ή
2977 4659 3328 4735 πραγματεία
3362 4659 3596 4723 λέγεται,
3630 4670 3726 4711 και
3760 4664 3999 4727 μάλιστά

2427 4760 2489 4810 γε
2521 4746 2551 4811 ὴ
2582 4746 2801 4815 ῥυπαρὰ
2822 4786 2836 4810 ,
2865 4749 2963 4815 ἢν,
2998 4748 3165 4817 φησὶ,
3198 4748 3295 4818 τὴν
3324 4750 3574 4818 ῥυπαράν
3600 4754 3996 4819 πραγματείαν

2429 4837 2709 4903 ἐπεισάγει
2738 4842 2801 4906 τῇ
2854 4838 3175 4910 Ἐκκλησία,
3213 4842 3347 4893 ὅπου
3371 4843 3787 4911 πεπιστεύμεθα
3817 4846 3889 4896 τὰ
3916 4862 3996 4897 τι-

2432 4926 2699 4994 μιώτατα,
2737 4928 2934 4998 μᾶλλον
2964 4930 3018 4981 δὲ
3044 4931 3109 4982 τά
3139 4932 3279 5001 ὑπὲρ
3308 4936 3487 4985 πᾶσαν
3512 4934 3703 5002 τιμὴν,
3743 4935 3779 4986 ἆ
3806 4939 3915 4988 εἰσι
3941 4937 3995 4988 τὸ

2432 5018 2590 5081 σῶμα
2636 5021 2730 5073 καὶ
2771 5020 2831 5071 τὸ
2870 5016 3007 5088 αἷμα
3044 5021 3139 5072 τοῦ
3189 5023 3451 5092 Χριστοῦ.
3502 5024 3685 5075 Εἰπὼν
3733 5028 3871 5091 ἀνω,
3917 5030 3993 5079 ὅτι

2440 5109 2816 5174 Ἑπισκιάζετε
2848 5112 2907 5163 τὸ
2937 5113 3103 5165 κακὴν
3126 5148 3142 5175 ,
3174 5114 3268 5164 νῦν
3300 5115 3392 5167 καὶ
3427 5115 3540 5174 πῶς
3570 5118 3991 5187 ἐπισκιάζουσι,

2428 5198 2617 5266 λέγει’
2667 5201 2986 5268 Νομίξουσι,
3043 5204 3196 5272 φησι,
3258 5205 3333 5273 μὴ
3385 5205 3745 5276 ἁμαρτάνειν,
3798 5212 3882 5263 ὅτι
3932 5215 3988 5264 ού

2426 5290 2791 5358 λαμὸἀνςιυσιν
2828 5298 2941 5361 ἃμα
2971 5296 3031 5362 τῇ
3070 5299 3403 5365 χειροτονίᾳ,
3434 5296 3571 5349 ἀλλὰ
3604 5300 3748 5365 μετά
3780 5303 3951 5354 ταῦτα
3973 5319 3987 5332 ·

2426 5376 2609 5430 λαϐεῖν
2659 5380 2714 5431 δέ
2772 5382 2940 5444 ἐστιν,
2994 5383 3281 5447 ὀτεδήποτε
3340 5386 3396 5437 τὸ
3450 5385 3654 5439 λαϐεῖν.
3711 5390 3833 5442 Κᾶν
3884 5394 3989 5459 γὰρ

2428 5470 2501 5537 μὴ
2534 5470 2798 5538 πρότερόν
2826 5489 2908 5534 τις
2938 5474 3097 5543 λάόῃ,
3135 5475 3165 5541 ἦ
3204 5475 3292 5525 ὅτε
3328 5480 3646 5544 χειροτονεῖ,
3676 5481 3813 5533 ἀλλὰ
3850 5490 3989 5549 μετά

2426 5559 2633 5629 καιρὸν,
2658 5562 2742 5613 διά
2764 5564 2858 5632 τὴν
2881 5564 3232 5635 χειροτονίαν,
3258 5566 3316 5618 τὸ
3338 5568 3466 5620 αὐτό
3490 5570 3634 5623 ἐστιν
3658 5570 3985 5639 ἁμάῇμσ.
