4234 6450
254 406 359 482 83⁸1

1195 417 1275 483 ΙΝ
1306 418 1549 484 EPIST.
1580 422 1642 483 S.
1675 418 1963 483 BASlLlI
1997 422 2101 484 AD
2138 423 2573 489 EPISCOPOS.

3411 431 3518 497 838

255 527 563 600 Παρακαλῶ
588 528 704 596 οὖν,
730 529 997 584 ἀπόθεσθε
1023 530 1227 603 ταύτην
1252 534 1354 603 τήν
1382 534 1670 603 πρόσοδον,
1702 536 1840 605 μᾶλ-

1954 546 2029 618 ιει
2048 538 2477 607 quandoeunque
2492 539 2759 609 accipere.
2780 536 3039 605 Quamvis
3058 536 3202 594 enim
3227 541 3351 608 quis
3370 543 3522 610 prius

249 622 339 677 λον
370 624 428 679 δὲ
458 624 556 694 τήν
587 624 956 695 προσαγωγὴν
989 624 1089 695 τήν
1119 625 1214 678 επὶ
1245 628 1475 694 γέενναν
1496 642 1515 660 ο
1550 631 1583 697 ή
1620 628 1732 697 γὰρ
1765 630 1832 682 ἑκ

247 713 506 783 τοιαύτης
554 714 731 779 αἰτίας
778 715 1043 785 πρόσοδος
1083 718 1351 788 προσάγει
1381 722 1447 789 τῇ
1496 722 1689 791 γεέννῃ
1740 720 1831 773 τὸν

249 804 529 875 χρώμενον
548 808 706 879 αὐτῇ.
726 807 833 862 Καὶ
861 809 935 880 μή
955 809 1055 873 τὰς
1075 813 1261 879 χεῖρας
1280 812 1599 880 μολύνοντας
1616 811 1724 866 ἀπὸ
1737 812 1833 865 τοῦ

250 896 553 965 λαμϐάνειν
573 939 587 959 ,
616 898 725 951 ἀπὸ
772 901 957 969 πόρων
987 902 1249 955 τοιούτων
1282 903 1538 969 ἀναξίους
1568 906 1834 975 ποιήσητε

249 984 479 1048 ἑαυτοὺς
502 986 592 1039 τοῦ
614 990 1170 1058 μεταχειρίζεσθαιτὰ
1190 992 1323 1061 ἅγια
1355 995 1647 1065 μυστήρια,
1666 997 1834 1069 ήγουν

247 1077 343 1130 τοῦ
396 1080 700 1149 ἱερουργεῖν
746 1081 840 1133 καὶ
886 1082 1035 1135 θύειν
1080 1084 1142 1136 τὸ
1189 1085 1349 1154 σῶμα
1400 1088 1496 1139 xal
1548 1087 1686 1156 αίμα
1737 1088 1833 1141 τοῦ

246 1169 509 1237 Χριστοῦ.
546 1170 669 1222 Ὅτι
702 1168 758 1223 δὲ
795 1172 874 1233 ei;
924 1172 1153 1242 ἀπειλήν
1185 1176 1512 1246 περιέστησε
1547 1175 1640 1229 τδν
1675 1177 1834 1243 λόγον

256 1262 285 1313 ὁ
314 1260 492 1326 ἅγιος,
531 1261 703 1313 εἰπὼν
753 1263 810 1313 ἐν
840 1263 981 1332 ἀρχῇ
1010 1266 1107 1333 τῆς
1137 1267 1453 1336 ἐπιστολῆς,
1486 1268 1569 1321 ὃτι
1602 1268 1835 1322 ἄπιστον

247 1352 549 1421 ἡγησάμην
570 1352 628 1404 τὸ
645 1355 898 1422 πρᾶγμα,
930 1354 1265 1425 συγγνώμην
1283 1358 1445 1411 αἰτεῖ.
1478 1357 1539 1409 Ἦ
1558 1358 1615 1411 δὲ
1638 1361 1834 1429 ἀπειλή

249 1444 372 1495 ἐστι
424 1445 482 1494 τὸ
534 1445 733 1513 μηκέτι
784 1446 1017 1514 ὲαθῆναι
1068 1447 1159 1498 τὸν
1207 1448 1344 1516 μετὰ
1390 1449 1490 1518 τὴν
1544 1450 1836 1520 επιστολὴν

247 1532 494 1586 τοιοῦτόν
534 1550 585 1585 τι
630 1536 929 1604 ποιήσαντα
966 1538 1046 1600 εἰς
1086 1537 1475 1609 θυσιαστήριον
1512 1543 1833 1613 ἐνεργῆσαι.

260 1621 637 1694 Ἀναχωρήσει
686 1628 819 1697 γὰρ,
869 1629 1054 1696 φησιν,
1097 1631 1124 1682 ὁ
1165 1629 1407 1693 τοιοῦτος
1454 1632 1563 1685 τῶν
1602 1634 1838 1688 ἐνταῦθα

247 1713 678 1791 Ουσιαστηρξων,
710 1720 833 1771 ἀντὶ
858 1718 949 1771 τοῦ
974 1720 1356 1789 κωλυθήσεται
1382 1714 1482 1789 (pa:
1513 1726 1835 1792 ίερατεύειν,

247 1800 347 1851 καὶ
368 1800 553 1854 λοιπὸν
573 1803 739 1872 ἄλλην
760 1806 945 1874 χώραν
976 1808 1216 1877 αἰτήσει.
1239 1812 1297 1862 ὲν
1392 1812 1713 1876 εξωνέσεται
1737 1815 1837 1883 τὴν

245 1891 465 1961 δωρεὰν
498 1894 592 1945 τοῦ
623 1895 757 1948 Θεοῦ
779 1937 793 1959 ,
825 1898 921 1948 καὶ
955 1899 1341 1969 μεταπωλήσει
1376 1903 1567 1971 αὐτὴν.
1604 1906 1712 1957 Καὶ
1748 1909 1839 1957 ἐπὶ
1871 1886 1915 1945 Β

245 1982 463 2048 τούτοις
493 1985 561 2037 τὰ
586 1989 923 2040 ἀποστολικὰ
950 1989 1145 2057 ἐπάγει
1170 1993 1313 2060 ῥητά
1332 2008 1344 2022 ο
1385 1994 1574 2061 Ἡμεῖς
1602 1998 1711 2063 γὰρ
1742 1997 1841 2049 καί

245 2080 315 2131 αἱ
360 2078 713 2146 Ἐκκλησίαι
738 2082 844 2136 τοῦ
873 2082 1023 2137 Θεοῦ
1055 2084 1341 2149 τοιαύτην
1361 2086 1697 2153 συνήθειαν
1730 2090 1841 2141 οὐκ

244 2169 493 2238 ἔχομεν.
535 2167 680 2234 Είτὰ,
714 2190 902 2242 φησιν,
946 2175 1030 2227 ὅτι
1062 2174 1122 2227 τδ
1165 2174 1368 2230 πωλεῖν
1406 2176 1504 2247 τήν
1545 2178 1707 2247 χάριν
1745 2179 1841 2231 τοῦ

244 2258 599 2329 Πνεύματος,
650 2262 739 2317 διὰ
792 2264 1168 2336 φιλαργυρίαν
1226 2272 1479 2336 γίνεται,
1539 2270 1661 2340 ἥτις
1716 2273 1843 2338 ῥίζα

248 2350 481 2405 πάντων
513 2354 623 2407 τῶν
650 2355 840 2408 κακῶν
869 2358 987 2410 ἐστὶ
1008 2398 1024 2424 ,
1057 2358 1155 2411 καὶ
1184 2359 1523 2427 ὀνομάζεται
1556 2362 1843 2415 είδωλολα-

248 2443 405 2515 τρία.
452 2444 545 2516 Μὴ
577 2445 671 2501 οὖν
704 2450 1093 2521 προτιμήσητε
1129 2451 1200 2506 τὰ
1230 2452 1430 2507 εἴδωλα
1474 2453 1573 2509 τοῦ
1602 2452 1855 2527 Χριστιί

248 2536 343 2591 διὰ
378 2538 577 2609 μικρὸν
605 2539 895 2611 ἀργύριον.
938 2541 1093 2597 Ἐπεὶ
1119 2544 1230 2616 γὰρ
1263 2546 1297 2616 ή
1324 2545 1662 2619 φιλαργυρία
1692 2549 1847 2603 είδω-

246 2628 515 2700 λολιτρία
570 2633 758 2698 ιστὶν,
818 2636 846 2686 6
901 2633 993 2687 διὰ
1055 2636 1429 2707 φιλαργυρίαν
1490 2639 1690 2693 πωλῶν
1746 2642 1845 2712 τήν

247 2724 466 2793 δωρεὰν
504 2723 597 2776 τοῦ
634 2723 768 2777 Θεοῦ
815 2729 1155 2797 προτιμᾶται
1192 2730 1261 2783 τὰ
1306 2730 1503 2785 εῐδωλα
1545 2733 1639 2786 τοῦ
1683 2733 1843 2797 Θεοῦ,

245 2813 356 2867 καὶ
410 2818 664 2886 μιμεῖται
700 2819 791 2870 τὸν
846 2820 1068 2874 Ἰούδαν.
1127 2822 1214 2884 Ὠς
1258 2825 1365 2893 γὰρ
1414 2826 1623 2887 ἐκεῖνος
1662 2826 1747 2878 διὰ
1789 2828 1846 2877 τὸ

256 2908 526 2980 κερδῆσαι
562 2908 630 2963 τὰ
672 2910 909 2982 ἀργύρια
956 2912 1243 2983 παρέδωκε
1282 2915 1373 2968 τὸν
1406 2917 1659 2986 Χριστὸν,
1708 2917 1847 2970 οὖτω

256 3007 354 3054 καί
381 2998 525 3057 οὗτοι
553 3003 895 3071 προδιδόασιν
929 3005 1147 3069 ἑκόντες
1167 3006 1425 3077 δευτέραν
1454 3009 1533 3070 είς
1556 3009 1848 3079 προδοσίαν

249 3094 348 3145 τὸν
376 3095 630 3163 Χριστὸν,
662 3094 719 3158 ὃς
749 3095 897 3160 ἅπαξ
927 3096 1069 3165 ὑπὲρ
1091 3097 1249 3167 ήμῶν
1277 3098 1618 3168 ἐσταυρώθη.
1649 3100 1849 3153 Τοσοῦ-

1939 644 2046 683 non
2075 632 2369 699 acceperit,
2398 630 2483 686 vel
2511 629 2730 700 quando
2760 628 2995 696 ordinat,
3030 630 3129 685 sed
3172 631 3355 699 aliquo
3400 643 3523 703 post

1940 727 2205 788 tempore,
2233 728 2459 791 propter
2487 719 2709 775 ordines
2750 733 2780 774 a
2834 733 2895 773 se
2942 716 3191 783 collatos,
3246 718 3387 773 idem
3436 729 3522 774 est

1943 820 2249 879 peccatum.
2278 810 2558 865 Adhortor
2592 809 2777 879 igitur,
2813 819 2871 863 ut
2903 809 3045 863 hunc
3070 809 3351 877 deponatis
3382 810 3521 863 redi-

1937 910 2070 966 tum,
2098 902 2181 955 vel
2214 903 2394 970 potius
2423 900 2490 956 ad
2529 902 2832 971 gehennam
2864 901 3066 954 aditum
3093 917 3116 965 ς
3143 900 3349 954 reditus
3371 900 3518 953 enim

1938 991 2040 1046 hoe
2069 992 2230 1047 modo
2261 992 2562 1063 acquisitus
2608 1005 2673 1045 eo
2704 998 2941 1043 utentem
2982 989 3047 1042 ad
3093 992 3393 1057 gehennam
3425 993 3524 1043 du-

1935 1084 2010 1137 cit
2056 1102 2071 1140 :
2113 1094 2167 1139 et
2203 1099 2273 1138 ne
2322 1100 2513 1138 manus
2559 1094 2767 1137 vestras
2823 1080 3136 1151 accipiendo
3180 1081 3521 1149 polluentes,

1943 1188 2039 1239 per
2069 1175 2377 1241 huiusmodi
2413 1183 2651 1243 quaestus
2700 1183 2911 1227 vosmet
2954 1173 3203 1242 indignos
3251 1172 3522 1239 reddatis,

1936 1265 2028 1333 qui
2057 1276 2244 1319 sancta
2278 1266 2530 1335 mysteria
2560 1266 2908 1321 contrectetis
2937 1281 2951 1329 ;
2983 1264 3238 1317 nimirum
3299 1266 3389 1333 qui
3436 1280 3525 1318 sa-

1936 1370 2027 1409 cra
2067 1358 2350 1410 celebretis
2384 1365 2438 1410 et
2481 1372 2674 1423 corpus
2701 1366 2755 1409 et
2793 1355 3110 1423 sanguinem
3142 1354 3340 1409 Christi
3384 1355 3521 1410 om:-

1940 1446 2091 1501 ratis.
2125 1448 2391 1511 Quoniam
2428 1459 2607 1500 autem
2638 1447 2939 1499 orationem
2996 1454 3218 1499 sam-tus
3250 1446 3315 1498 ad
3353 1447 3525 1498 minas

1939 1550 2299 1602 converterat,
2336 1541 2488 1593 initio
2522 1538 2774 1607 Epistolas
2805 1540 2989 1591 dicens
3016 1574 3031 1599 ,
3068 1538 3207 1604 quod
3273 1552 3383 1589 rem
3439 1538 3520 1588 in-

1940 1628 2250 1682 credibilem
2310 1630 2657 1692 existimavi,
2714 1630 2924 1682 veniam
2984 1628 3137 1696 petit.
3164 1627 3528 1681 Commiuatio

1939 1729 2043 1783 est,
2070 1720 2209 1785 quod
2231 1720 2323 1789 qui
2356 1731 2478 1789 post
2505 1723 2645 1773 hanc
2674 1720 2963 1786 Epistolam
2992 1719 3198 1784 aliquid
3224 1718 3528 1773 istiu~nwdi

1942 1814 2351 1881 perpetraverit,
2385 1812 2450 1865 ad
2479 1812 2649 1864 altare
2679 1810 2909 1879 amplius
2942 1810 3222 1863 celebrare
3255 1826 3357 1862 non
3390 1825 3518 1877 per—

1946 1912 2205 1957 mittetur.
2240 1901 2388 1959 Talis
2415 1906 2558 1957 enim
2597 1905 2662 1956 ab
2700 1902 2985 1964 altaribus,
3022 1903 3193 1971 inquit
3224 1941 3237 1963 ,
3273 1918 3391 1969 qua
3445 1905 3533 1956 hic

1946 2001 2093 2057 sunt,
2130 1995 2376 2058 recedet;
2410 1996 2511 2046 hoc
2543 2001 2645 2055 est,
2676 2005 2833 2045 sacra
2871 1991 2973 2045 hoc
3003 1990 3054 2044 in
3098 1992 3218 2043 loco
3257 1992 3534 2045 erlebrure

1947 2078 2347 2152 prohibebitur,
2366 2092 2419 2137 et
2441 2083 2602 2135 aliam
2630 2084 2680 2135 in
2718 2092 2991 2148 posterum
3012 2082 3285 2151 regionem
3307 2097 3532 2149 quaaret,

1946 2173 2002 2228 in
2036 2188 2142 2243 qua
2172 2173 2373 2228 donum
2403 2171 2497 2227 Dei
2525 2175 2775 2236 redimat,
2803 2174 3055 2240 idemque
3083 2173 3302 2233 vendat.
3336 2175 3535 2228 Aulha-c

1948 2264 2241 2333 apostolica
2272 2265 2519 2333 producit
2552 2265 2716 2319 verba
2746 2280 2762 2328 ;
2794 2262 2909 2317 Nos
2936 2264 3071 2317 enim
3094 2258 3418 2318 et’ﬁcclesim
3445 2263 3538 2317 Dei

1947 2357 2104 2412 tuleut
2132 2374 2234 2411 non
2271 2357 2523 2411 habemus
2575 2357 3012 2411 consuetudinem
3043 2359 3086 2411 '.
3148 2352 3342 2411 Postea
3386 2357 3537 2422 dicit,

1948 2449 2095 2520 quod
2142 2450 2382 2505 venditio
2449 2449 2637 2521 gratia
2686 2449 2921 2521 Spiritus
2975 2456 3199 2519 propter
3250 2450 3535 2505 avaritiam

1950 2539 2091 2597 facta
2108 2550 2209 2607 est,
2247 2557 2367 2611 qua
2398 2542 2548 2597 radix
2581 2550 2665 2597 est
2691 2542 2934 2596 omnium
2969 2541 3235 2595 malorum
3263 2580 3281 2606 ,
3311 2550 3367 2595 et
3429 2542 3543 2595 ido-

1951 2632 2157 2689 lolatria
2181 2634 2512 2688 nominatur.
2545 2632 2688 2689 Idola
2719 2635 2898 2704 itaque
2915 2634 3132 2687 Christo
3156 2641 3378 2703 propter
3403 2647 3536 2701 pau-

1951 2727 2117 2782 luluin
2149 2729 2398 2797 pecuniae
2459 2743 2525 2782 ne
2578 2726 2900 2798 praferatis.
2929 2716 3066 2781 Cum
3117 2724 3261 2779 enim
3316 2726 3543 2779 avaritia

1952 2819 2255 2873 idololatria
2290 2820 2405 2883 sit,
2438 2820 2528 2889 qui
2577 2827 2801 2888 propter
2858 2818 3145 2872 avaritiam
3199 2818 3399 2871 donum
3450 2817 3542 2870 Dei

1955 2912 2176 2979 vendit,
2236 2913 2376 2967 idola
2432 2911 2541 2967 Deo
2598 2911 2838 2980 pmiert,
2902 2921 2956 2963 et
3024 2910 3216 2963 ludam
3279 2910 3543 2965 imitatur.

1953 3004 2415 3070 Quemadmodum
2449 3002 2595 3058 enim
2627 3001 2714 3056 ille
2740 3000 3022 3055 Christum
3067 3000 3323 3069 prodidit,
3363 3011 3423 3055 ut
3453 3015 3549 3053 ar-

1959 3108 2177 3167 gentum
2212 3096 2515 3150 lucraretur
2550 3094 2667 3149 :sie
2702 3095 2753 3148 hi
2788 3095 3024 3148 secunda
3059 3092 3542 3162 proditioueChri-

249 3198 349 3235 τον
377 3181 431 3234 δὲ
463 3189 618 3251 φησὶ,
652 3186 743 3237 τὸν
784 3184 987 3238 Ἰούδαν
1024 3187 1317 3255 μιμοῦνται
1344 3188 1394 3241 oi
1423 3189 1522 3258 τὴν
1548 3190 1707 3260 χάριν
1734 3207 1848 3244 πω·

1963 3203 2108 3243 ειυηι
2146 3198 2337 3258 sponte
2368 3190 2625 3258 produnt,
2648 3189 2737 3257 qui
2761 3186 2927 3242 semel
2955 3200 3052 3256 pro
3084 3186 3239 3239 nobis
3260 3188 3549 3240 cruciﬁxus

252 3273 476 3337 λοῦντες
502 3276 593 3328 τοῦ
623 3278 961 3346 Πνεύματος,
987 3279 1069 3331 ὅτι
1100 3280 1194 3332 καὶ
1219 3279 1288 3331 τὰ
1310 3280 1505 3349 χωρία,
1534 3282 1601 3334 τὰ
1622 3283 1708 3335 διὰ
1739 3284 1846 3337 τῶν

253 3367 541 3437 ἀργυρίων
564 3368 770 3421 τούτων
800 3368 1108 3438 ὼνούμενα,
1138 3371 1305 3439 ήγουν
1333 3373 1389 3423 ai
1415 3373 1644 3443 ὲνορίαι,
1672 3376 1765 3427 καὶ
1793 3378 1849 3428 αἱ

252 3460 447 3527 κῶμαι
484 3460 539 3511 ὲν
574 3456 661 3522 αἷς
699 3463 1154 3531 ἐπικηρύττονται
1188 3465 1239 3515 oi
1268 3462 1410 3517 οὕτω
1440 3467 1851 3537 χειροτονούμε·

255 3565 369 3612 vos,
404 3550 500 3602 καὶ
530 3552 585 3603 ai
616 3552 815 3619 χεῖρες,
850 3553 905 3604 al
938 3553 1064 3614 τοὺς
1104 3554 1349 3623 καρποὺς
1380 3557 1602 3619 τούτους
1630 3557 1851 3626 δεχόμε-

255 3654 372 3703 ναι,
423 3636 730 3707 Ἀκελδαμα
766 3640 1133 3711 κληθήσονται
1156 3658 1171 3673 ο
1214 3644 1352 3712 ὅπερ
1385 3641 1674 3712 Ἐὅραῖκόν
1708 3647 1845 3711 ἐστι,

254 3730 735 3801 ἐξιλληνιζόμενον
768 3732 823 3785 δὲ
854 3734 1022 3803 τιμὴν
1052 3738 1142 3787 καὶ
1181 3738 1380 3805 χωρίον
1410 3736 1645 3803 αἵματος
1675 3738 1851 3808 ἑρμη-

257 3821 500 3877 νεύεται.
562 3823 789 3894 Εἴρηται
841 3825 896 3877 δὲ
952 3828 1011 3877 ἐν
1067 3830 1132 3896 τῇ
1186 3828 1353 3896 βίϐλῳ
1408 3828 1516 3882 τῶν
1567 3829 1848 3900 Πράξεων.

260 3912 437 3966 Τοῦτο
466 3913 554 3967 οὖν
587 3916 734 3968 ἐστιν
764 3916 791 3966 ὃ
818 3916 963 3983 λέγει
989 3932 1005 3947 ο
1040 3919 1123 3969 ὅτι
1153 3917 1343 3988 ὥσπερ
1372 3920 1399 3971 ὁ
1425 3920 1511 3972 διὰ
1546 3922 1653 3973 τῶν
1682 3923 1853 3990 ἀργυ-

262 4006 425 4077 ρίων,
475 4008 539 4059 δι’
582 4004 657 4061 ὢν
700 4011 913 4080 ἐπράθη
970 4012 1123 4079 παρὰ
1163 4010 1258 4063 τοῦ
1319 4013 1491 4068 Ἰούδα
1545 4014 1574 4064 ὁ
1626 4015 1850 4086 Κύριος,

261 4101 596 4170 ἀγορασθεὶς
629 4102 797 4171 ἀγρὸς
842 4100 977 4173 τιμὴ
1022 4103 1255 4173 αἵματος
1296 4105 1549 4175 ἐλογίσθη
1594 4108 1689 4159 καὶ
1723 4108 1856 4161 ὠνο-

264 4191 477 4263 μάσθη,
537 4193 678 4247 οὕτω
725 4196 818 4246 καὶ
866 4195 935 4247 τὰ
978 4195 1366 4265 λαμϐανόμενα
1412 4198 1654 4268 ἀργύρια
1705 4203 1857 4272 παρα

263 4285 381 4338 τῶν
412 4285 738 4340 πωλούντων
768 4286 867 4358 τήν
887 4288 1096 4357 δωρεὰν
1123 4289 1217 4341 τοῦ
1241 4289 1401 4357 Θεοῦ,
1430 4291 1525 4343 καὶ
1545 4291 1604 4343 αί
1627 4291 1857 4362 ίνορίαι,

263 4376 367 4430 καὶ
416 4379 474 4432 al
521 4378 725 4447 κῶμαι,
779 4380 838 4433 ἐν
882 4376 971 4443 αἷς
1022 4383 1071 4433 οἱ
1121 4381 1351 4446 διδόντες
1398 4387 1856 4454 χειροτονοῦνται,

264 4470 406 4540 τιμὴ
438 4472 667 4541 αἵματος
702 4475 915 4528 ἔσονται
949 4478 1043 4529 καὶ
1076 4476 1459 4546 κληθήσονται.

349 4656 565 4709 ³ί(ἶητ.
605 4672 678 4723 ιι,
716 4658 804 4712 16.

1958 3291 2060 3335 est.
2084 3279 2183 3346 Qui
2209 3280 2436 3349 gratiam
2456 3288 2638 3333 autem
2660 3279 2895 3346 Spiritus
2915 3279 3177 3336 vendunt,
3194 3291 3367 3344 usque
3390 3280 3547 3344 adeo,

1960 3367 2369 3440 inquitJudam
2402 3369 2706 3432 imitantur,
2732 3376 2791 3421 ut
2827 3368 3030 3431 prandia
3068 3366 3160 3420 tali
3194 3378 3417 3437 argento
3438 3382 3551 3422 em-

1960 3473 2074 3531 pta,
2106 3461 2221 3516 sive
2254 3458 2521 3530 regiones,
2557 3470 2610 3514 et
2641 3461 2769 3524 vici,
2806 3460 2858 3513 in
2894 3460 3091 3528 quibus
3121 3461 3548 3526 constituuntur,

1962 3555 2053 3623 qui
2092 3556 2269 3608 isthoc
2300 3555 2458 3609 modo
2508 3555 2729 3608 ordines
2780 3554 2882 3608 sibi
2932 3553 3163 3607 collatos
3222 3553 3460 3616 habent,
3501 3563 3557 3607 ct

1962 3661 2176 3710 manus,
2211 3662 2331 3715 qua:
2363 3648 2493 3701 istos
2536 3645 2743 3699 fructus
2770 3645 3044 3713 accipiunt
3069 3685 3084 3709 ,
3117 3643 3410 3697 Akeidama
3459 3661 3554 3698 vo-

1961 3742 2264 3805 cabuntur;
2302 3740 2446 3809 quod
2476 3736 2801 3792 llebraicum
2832 3746 2938 3800 est,
2972 3736 3161 3789 Graece
3194 3748 3375 3789 autem
3423 3734 3553 3788 Pre-

1960 3833 2094 3886 tium
2125 3842 2179 3885 et
2208 3846 2394 3901 agrum
2429 3830 2711 3899 sanguinis
2734 3829 3022 3898 siguilieat.
3051 3826 3336 3882 lieieretnr
3366 3838 3552 3880 autem

1961 3924 2014 3977 in
2042 3924 2181 3976 libro
2214 3923 2491 3977 Actorum.
2526 3920 2638 3975 Hoc
2674 3922 2839 3989 igitur
2886 3932 2970 3975 est
2995 3921 3139 3989 quod
3191 3920 3321 3974 dicit
3356 3938 3369 3973 :
3413 3918 3551 3988 quod

1962 4017 2100 4071 sicut
2129 4029 2280 4084 ager,
2310 4014 2399 4082 qui
2434 4013 2673 4067 nummis
2704 4014 3001 4081 argenteis,
3032 4026 3129 4079 pro
3158 4012 3360 4080 quibus
3424 4026 3552 4064 vcn-

1961 4108 2106 4162 ditus
2130 4115 2213 4160 est
2246 4105 2508 4159 Dominus
2528 4144 2543 4169 ,
2578 4114 2794 4173 emptus
2822 4111 2906 4157 est
2936 4140 2951 4167 ,
2986 4103 3222 4171 pretium
3274 4103 3558 4173 sanguinis

1962 4212 2240 4273 reputatus
2270 4211 2353 4256 est
2388 4211 2441 4257 et
2467 4201 2811 4267 nominatus;
2853 4200 2937 4256 sic
2964 4201 3128 4255 etiam
3163 4212 3447 4268 argentum
3487 4204 3556 4253 ob

1964 4298 2052 4361 iis,
2085 4296 2175 4365 qui
2201 4296 2399 4350 donum
2426 4293 2520 4348 Dei
2558 4296 2834 4360 vendunt,
2870 4303 3151 4363 acceptum
3178 4334 3193 4359 ,
3216 4304 3271 4348 et
3309 4294 3557 4363 regiones

1963 4399 2017 4446 et
2045 4390 2167 4453 vici,
2206 4390 2259 4443 in
2289 4387 2485 4459 quibus
2506 4386 2831 4441 ordinantur
2859 4386 2934 4441 illi
2963 4388 3054 4456 qui
3103 4386 3399 4452 dederunt,
3435 4399 3557 4456 pre-

1966 4485 2099 4535 tium
2132 4481 2412 4549 sanguinis
2444 4487 2605 4534 erunt
2634 4488 2688 4532 et
2717 4478 3155 4548 appellabuntur.
