4234 6450
256 413 369 475 869

931 412 1004 470 IN
1048 413 1294 474 EPIST.
1347 419 1402 473 Β.
1449 416 1825 475 (ιίὲΕΟΟΙίΙΙ
1878 416 2200 477 NYSSENI
2241 420 2341 478 AD
2384 422 2752 482 LETOIUM.

3363 432 3470 493 870

258 528 502 597 τοιαύτη.
547 528 603 580 '0
656 530 752 597 μὲν
788 520 905 600 νγὲρ
957 532 1047 597 dp‘
1094 534 1286 585 ἑαυτοῦ
1326 534 1459 602 πρὸς
1498 534 1594 603 τὴν
1632 536 1816 600 ἑξαγόο
1846 541 1886 593 Α
1920 555 1930 586 ι

1796 564 1816 573 -
1846 541 1886 593 Α
1920 536 2220 591 dill‘erentia
2257 542 2308 593 in
2335 541 2541 593 ratione
2566 543 2897 608 pmnitnntiie
2924 544 2975 595 in
3004 546 3069 595 iis
3095 546 3185 611 qui
3226 546 3276 597 iu
3317 551 3468 600 voln-

259 636 443 687 ρευσιν
491 619 588 685 τῆς
636 622 905 689 ἁμαρτίας
947 624 1189 691 ὁρμήσας
1219 664 1233 684 ,
1265 624 1409 692 αὐτῷ
1443 626 1501 676 τὸ
1530 625 1817 689 καταδέξα-

260 709 385 759 σθαι
413 707 478 759 δι’
505 710 707 771 οἰκείας
749 712 920 779 ὁρμῆς
957 711 1204 778 γενέσθαι
1244 714 1347 763 τῶν
1397 715 1639 782 κρυφίων
1684 731 1814 765 κατ-

256 802 459 864 ήγορος
483 814 494 827 ·
526 797 598 857 ὡς
638 798 733 866 ἤδη
780 800 877 867 τῆς
913 800 1203 869 θεραπείας
1232 800 1325 852 τοῦ
1358 801 1558 862 πάθους
1582 801 1815 867 ἀρξάμε-

260 902 347 944 νος
371 927 383 943 ,
430 888 519 937 καὶ
569 890 786 954 σημεῖον
824 892 919 957 τῆς
967 890 1099 957 πρὸς
1135 892 1195 941 τὸ
1243 894 1486 958 γρεῖττον
1518 892 1813 959 μεταϐολῆς

256 976 659 1043 ἐπιδειξάμενος
693 1016 706 1037 ,
758 981 815 1028 ὲν
872 978 1389 1047 φιλανίίριοποτέροις
1449 983 1652 1045 γίνεται
1704 984 1813 1042 τοῖς

258 1066 567 1131 ἐπιτιμίοις.
606 1066 659 1117 '0
685 1066 739 1118 δὲ
772 1068 1039 1134 φωραθεὶς
1072 1070 1161 1118 ἐπὶ
1194 1069 1269 1137 τῷ
1300 1069 1469 1137 κακῷ,
1497 1069 1527 1138 ἦ
1556 1070 1641 1122 διά
1674 1087 1811 1131 τινος

260 1152 493 1219 ὑποψίας
574 1157 606 1224 ἢ
647 1157 970 1224 κατηγορίας
1021 1158 1287 1219 ἀκουσίως
1333 1159 1720 1226 ἀπελεγχθεὶς,
1756 1162 1813 1211 ὲν

257 1242 622 1314 ἐπιτεταμένῃ
670 1244 873 1309 γίνεται
918 1248 980 1313 τῇ
1032 1248 1365 1316 ἐπιστροφῇ·
1393 1247 1528 1299 ὥστε
1585 1249 1811 1319 καθαρι-

261 1328 451 1381 τθέντα
478 1332 543 1382 δι’
573 1332 854 1401 ἀκριϐείας
883 1335 1062 1394 αὑτὸν,
1092 1333 1260 1397 οὕτως
1292 1337 1381 1386 ἐπὶ
1406 1338 1501 1405 τὴν
1533 1339 1635 1387 τῶν
1659 1339 1813 1403 ἁγια-

258 1420 479 1483 σμὰτων
507 1423 784 1473 κοινωνίαν
816 1423 1231 1491 παραδεχθῖγιαι.
1263 1426 1414 1477 Ἔστι
1442 1428 1616 1479 τοίνυν
1648 1429 1674 1478 ὁ
1711 1446 1810 1479 και

258 1504 364 1557 νὼν
393 1507 624 1567 τοιοῦτος
653 1548 666 1569 ,
696 1509 832 1561 ὥστε
860 1513 979 1572 τοὺς
1010 1512 1067 1561 ἑν
1105 1513 1323 1579 πορνείᾳ
1351 1515 1723 1582 μολυνθέντας,
1752 1518 1809 1566 ὲν

252 1596 402 1664 τρισὶ
434 1596 531 1663 μὲν
556 1597 695 1649 ἔτεσι
728 1598 950 1651 καθόλου
971 1599 1070 1667 τῆς
1092 1601 1251 1669 εὐχῆς
1293 1603 1625 1674 ἀποδλήτους
1652 1601 1809 1658 εἶναι·

254 1685 311 1735 ὲν
333 1688 474 1751 τρισὶ
502 1687 555 1737 δὲ
586 1690 680 1755 τῆς
711 1691 1017 1760 ἀκροάσεως
1058 1696 1305 1764 μετέχειν
1335 1695 1518 1763 μόνης,
1548 1698 1604 1746 ὲν
1634 1695 1810 1757 ἀλλοις

251 1772 305 1823 δὲ
336 1776 513 1840 τρισὶν
554 1777 693 1829 ἔτεσι
745 1781 878 1847 μετὰ
917 1782 1022 1833 τῶν
1063 1785 1119 1834 ὲν
1146 1788 1211 1853 τῇ
1262 1787 1559 1853 ἐπιστροφῇ
1613 1786 1807 1836 ὑποπι-

253 1862 491 1913 πτόντων
521 1866 928 1933 προσεύχεσθαι,
962 1870 1052 1919 καὶ
1083 1870 1200 1922 τότε
1234 1871 1478 1939 μετέχειν
1514 1872 1622 1923 τῶν
1650 1872 1805 1936 ἀγια-

256 1954 493 2016 ιτμάτων.
542 1954 662 2006 Ἐπὶ
693 1956 748 2007 δὲ
791 1958 897 2009 τῶν
932 1961 1336 2029 σπουδαιότερον
1368 1962 1715 2031 κεχρημένων
1740 1965 1805 2032 τῇ

249 2042 585 2113 ἐπιστροφῇ,
640 2049 729 2099 καὶ
779 2048 853 2115 τῷ
903 2049 1000 2118 βίῳ
1058 2050 1374 2103 δεικνύντων
1412 2054 1508 2121 τὴν
1565 2052 1699 2120 πρὸς
1747 2054 1808 2106 τὸ

250 2129 452 2193 ἀγαθὸν
499 2132 784 2194 ἐπάνοδον,
833 2134 1004 2198 ἔξεστι
1052 2135 1127 2203 τῷ
1158 2136 1519 2205 οίκονομοῦντι
1564 2137 1697 2206 πρὸς
1746 2137 1806 2188 τδ

252 2220 526 2289 συμφέρον
545 2223 642 2292 τὴν
675 2223 1123 2292 ἑκκλησιαστικὴν
1159 2226 1464 2293 οἰκονομίαν
1487 2266 1499 2287 ,
1526 2230 1804 2294 συντεμεϊν

250 2308 338 2360 τὸν
375 2310 559 2377 χρόνον
599 2311 698 2378 τῆς
726 2312 1033 2379 ἀκροάσεως
1053 2352 1066 2375 ,
1096 2312 1186 2364 καὶ
1227 2314 1412 2381 τάχιον
1447 2315 1525 2376 είς
1555 2316 1806 2384 ἐπιστρο-

249 2396 355 2463 φὴν
384 2397 605 2461 ἀγαγεῖν
630 2437 642 2458 ,
695 2398 785 2448 καὶ
836 2398 992 2450 πάλιν
1040 2399 1130 2450 καὶ
1161 2398 1344 2451 τοῦτον
1391 2405 1672 2470 συντεμεῖν
1714 2403 1804 2454 τὸν

248 2486 438 2553 χρόνον
462 2524 476 2545 ,
516 2487 605 2537 καὶ
648 2488 827 2553 τάχιον
863 2488 1148 2541 ἀποδοῦναι
1178 2490 1274 2558 τὴν
1302 2494 1580 2545 κοινωνίαν
1607 2536 1620 2557 ,
1658 2496 1805 2558 ὅπως

249 2573 315 2625 ἂν
345 2577 407 2642 τῇ
443 2574 633 2627 ἑαυτοῦ
664 2575 949 2646 δοκιμασίᾳ
994 2580 1213 2647 ὲκκρίνῃ
1248 2581 1345 2650 τὴν
1390 2581 1482 2633 τοῦ
1512 2582 1804 2649 θεραπευο-

249 2662 410 2726 μένου
442 2663 1000 2733 κατάστασιν.Ὤσπερ
1020 2666 1125 2735 γὰρ
1144 2666 1204 2718 τὸ
1234 2672 1343 2730 τοῖς
1367 2669 1564 2738 χοίροις
1592 2674 1803 2739 ῥίπτειν

247 2748 335 2801 τὸν
370 2751 705 2820 μαργαρίτην
734 2754 1025 2822 ἀπείρηται
1051 2793 1064 2818 ,
1097 2755 1237 2809 οὕτω
1258 2758 1318 2811 τὸ
1352 2762 1670 2831 ἀποστερεῖν
1711 2765 1801 2817 τοῦ

246 2838 428 2904 τιμίου
474 2840 807 2908 μαργαρίτου
840 2842 931 2893 τὸν
979 2842 1079 2911 ἢδη
1118 2843 1399 2912 ἄνθρωπον
1442 2850 1527 2901 διά
1570 2852 1667 2919 τῆς
1703 2870 1801 2904 κα-

248 2924 540 2993 θαρότητός
568 2943 623 2976 τε
655 2927 747 2980 καὶ
799 2928 1061 2991 ἀπαθείας
1105 2933 1388 3002 γενόμενον
1412 2976 1427 3001 ,
1453 2938 1557 2990 τῶν
1588 2941 1801 2994 ἀτόπων

248 3014 412 3065 ἐστίν.
462 3015 524 3066 Ἦ
564 3015 619 3067 δὲ
651 3018 790 3069 κατά
840 3021 1081 3087 μοιχείαν
1112 3023 1225 3090 ἦτοι
1260 3025 1349 3075 καὶ
1380 3026 1448 3078 τὰ
1478 3028 1639 3081 λοιπά
1685 3031 1799 3100 είδη

245 3103 343 3171 τῆς
379 3104 716 3175 ἀκαθαρσίας
749 3110 1009 3179 γενομένη
1031 3114 1341 3181 παρανομία
1360 3154 1373 3174 ,
1402 3117 1581 3180 καθὼς
1620 3122 1798 3189 προεί-

248 3210 430 3262 ρηται,
468 3195 606 3283 κατὰ
639 3197 811 3249 πάντα
845 3200 901 3249 εν
934 3199 1009 3268 τῷ
1038 3200 1184 3269 αὐτῷ
1213 3204 1435 3272 κρίματι
1468 3207 1800 3283 θεραπευθήο

247 3298 418 3345 σεται,
454 3284 511 3335 ἐν
540 3277 584 3349 ᾧ
608 3285 701 3336 καὶ
724 3286 783 3337 τὸ
813 3286 910 3355 τῆς
945 3289 1195 3356 πορνείας
1232 3292 1361 3358 ἄγος
1386 3311 1399 3324 ⁸
1440 3296 1515 3365 τῷ
1538 3277 1605 3350 δὲ
1627 3277 1801 3372 χρόνῴ

243 3371 670 3434 διπλασιάζεται.
707 3375 1225 3446 Παρατηρηθήσεται
1259 3380 1313 3431 δὲ
1344 3385 1437 3434 καὶ
1474 3387 1557 3436 ἐπ’
1586 3390 1731 3456 αὐτῷ
1766 3393 1798 3459 ἡ

244 3458 335 3510 τοῦ
358 3461 788 3531 θεραπευομένου
821 3463 1087 3529 διάθεσις,
1122 3466 1181 3517 δν
1217 3471 1413 3539 τρόπον
1441 3473 1534 3522 καὶ
1569 3476 1659 3526 ἐπὶ
1692 3458 1798 3529 τῶν

243 3544 319 3614 τῷ
352 3548 606 3619 μολυσμῷ
648 3551 747 3620 τῆς
789 3554 1040 3622 πορνείας
1088 3557 1540 3626 συνενεχθέντων,
1572 3562 1711 3617 ὥστε
1764 3569 1796 3639 ἢ

244 3636 435 3689 θᾶττον
467 3637 500 3708 ἢ
526 3640 843 3712 βραδύτερον
869 3644 1112 3703 γενέσθαι
1141 3649 1321 3710 αὐτοῖς
1354 3650 1451 3719 τὴν
1474 3652 1564 3705 τοῦ
1594 3636 1798 3724 ἀγαθοῧ

244 3730 549 3793 μετουσίαν.

266 3832 465 3887 ΒΔΛΣ.
513 3828 626 3883 Νῦν
668 3826 943 3898 περὶτῶν
982 3829 1040 3879 ἐν
1078 3828 1154 3894 τῷ
1199 3825 1584 3895 ἐπιθυμητικῷ
1632 3826 1787 3896 μέρει

217 3925 315 3987 τῆς
362 3920 540 3990 ψυχῆς
593 3919 879 3987 φυομένων
932 3915 1349 3986 ἁμαρτημάτων
1398 3916 1713 3982 διαλέγεται
1762 3918 1791 3969 ὁ

216 4010 406 4080 Πατὴρ
426 4047 440 4068 .
472 4009 594 4060 ὅθεν
624 4009 790 4075 φησὶν
820 4001 960 4058 εἶναι
993 4006 1093 4074 τὴν
1124 4006 1382 4074 πορνείαν
1413 4005 1507 4057 καὶ⁵
1538 4004 1637 4075 τὴν
1670 4022 1785 4075 μοι-

213 4103 387 4173 χείαν.
419 4101 513 4151 καὶ
544 4100 762 4166 ἐπάγει,
792 4100 874 4150 ὅτι
904 4098 1015 4149 τῶν
1046 4097 1457 4167 ἀκριϐεστέρων
1485 4098 1599 4149 τισὶ
1630 4098 1721 4149 καὶ
1754 4098 1787 4165 ή

1919 633 2060 692 ptate
2091 637 2404 691 peccaram,
2446 629 2733 696 ejusmodi.
2772 630 2870 693 Qui
2906 634 3048 683 enim
3068 648 3129 684 ex
3158 650 3215 684 se
3254 636 3374 701 ipso
3402 638 3465 688 ad

1916 729 2011 763 sua
2038 713 2354 781 proferenda
2386 727 2603 782 peccata
2634 719 2899 786 impulsus
2940 729 3041 780 est,
3086 737 3149 773 eo
3181 724 3321 789 quod
3367 740 3464 777 sna

1915 814 2105 870 sponte
2135 806 2468 859 occultorum
2512 818 2790 861 accusator
2825 825 2944 864 esse
2973 813 3224 887 voluerit,
3280 823 3332 866 ut
3375 818 3467 883 qui

1912 894 2018 959 jam
2079 895 2348 947 allertioui
2425 898 2743 950 medicinam
2809 900 3063 952 adbibere
3113 904 3357 968 ra‘perit,
3416 914 3468 954 et

1916 980 2123 1046 signum
2180 982 2493 1035 mutationis
2533 986 2583 1035 in
2638 986 2690 1036 id
2742 988 2990 1053 quodest
3038 990 3231 1041 melius
3286 999 3470 1043 osten-

1917 1069 2077 1133 derit,
2112 1070 2163 1122 in
2202 1072 2505 1125 mitioribus
2551 1076 2724 1140 poenis
2766 1086 3028 1129 versatur.
3068 1078 3167 1141 Qui
3199 1090 3375 1132 autent
3413 1082 3467 1134 in

1916 1161 2055 1210 malo
2090 1161 2453 1227 deprehensus
2498 1170 2599 1224 est,
2641 1165 2721 1216 vel
2757 1174 2972 1233 propter
3020 1168 3252 1233 aliquam
3290 1173 3469 1237 suspi-

1912 1248 2121 1300 cioncm
2180 1250 2259 1301 ra-l
2302 1253 2700 1304 accusationem
2742 1255 2988 1321 ingratiis
3033 1258 3317 1311 convictus
3361 1273 3468 1322 est,

1915 1338 2126 1405 longius
2182 1340 2255 1391 illi
2299 1343 2671 1397 conversionis
2721 1355 2932 1411 tempus
2982 1346 3179 1412 datur;
3238 1358 3295 1399 ut
3354 1351 3470 1416 ipse

1913 1431 2147 1494 perferte
2176 1440 2453 1495 purgatus,
2504 1431 2581 1483 sic
2614 1433 2677 1483 ad
2727 1444 3189 1487 sacramentorum
3229 1452 3471 1490 commu-

1912 1518 2125 1573 nionem
2182 1521 2514 1574 admittatur.
2566 1521 2657 1575 Est
2705 1538 2830 1590 ergo
2865 1525 3046 1578 Canon
3076 1528 3367 1597 ejusmodi,
3410 1544 3468 1587 ut

1911 1610 1999 1675 qui
2033 1609 2084 1661 in
2134 1608 2489 1664 fornicatione
2528 1616 2715 1679 polluti
2746 1625 2891 1674 sunt,
2944 1616 2996 1667 in
3042 1620 3215 1673 tribus
3249 1602 3472 1688 quidem

1911 1701 2068 1750 annis
2128 1701 2193 1751 ab
2229 1702 2470 1753 oratione
2515 1705 2735 1757 omnino
2783 1706 3153 1773 expellantur;
3209 1709 3260 1761 in
3295 1714 3467 1767 tribus

1912 1797 2088 1842 autem
2122 1791 2231 1844 sint
2285 1794 2454 1846 solius
2494 1794 2787 1847 auditionis
2822 1799 3131 1865 participes,
3186 1798 3240 1851 in
3291 1803 3467 1856 tribus

1910 1887 2084 1930 autem
2127 1880 2265 1941 aliis,
2310 1893 2430 1930 cum
2485 1882 2551 1934 iis
2585 1884 2675 1949 qui
2732 1884 2783 1935 in
2830 1888 3186 1941 conversione
3225 1892 3468 1943 subster-

1911 1978 2135 2031 nuntur,
2193 1977 2502 2036 precentur,
2557 1982 2609 2023 ct
2659 1981 2787 2025 tunc
2836 1976 2943 2027 siut
2997 1990 3463 2033 sacramentorum

1910 2059 2222 2127 participes.
2258 2062 2310 2111 ln
2344 2062 2410 2113 iis
2434 2069 2609 2114 autem
2636 2065 2725 2130 qui
2748 2065 3074 2135 diligentiori
3110 2073 3467 2124 conversione

1911 2150 1993 2200 usi
2024 2147 2238 2210 fui-rint,
2275 2161 2325 2202 et
2352 2154 2458 2202 vita
2480 2191 2491 2209 .
2518 2153 2580 2205 ad
2612 2154 2661 2205 id
2686 2157 2827 2222 quod
2862 2157 3060 2209 bonum
3088 2169 3191 2221 est,
3231 2162 3462 2213 redituon

1907 2240 2262 2302 ostenderint,
2320 2241 2442 2294 licet
2479 2243 2527 2295 ei
2577 2244 2666 2311 qui
2721 2246 3018 2312 dispensat,
3076 2264 3171 2315 pro
3211 2252 3465 2304 ecclesia-

1906 2334 2053 2385 stica:
2084 2335 2398 2387 (nconomia:
2436 2336 2682 2400 utilitate,
2726 2346 2937 2405 tempus
2985 2341 3278 2395 andition's
3331 2360 3466 2396 cun-

1904 2424 2137 2488 trahere,
2181 2433 2233 2476 et
2263 2425 2492 2479 celerius
2531 2425 2595 2479 ad
2631 2429 3037 2483 conversionem
3068 2432 3369 2487 deducere:
3411 2443 3465 2488 et

1905 2527 2097 2565 rursus
2124 2512 2225 2565 hoc
2251 2528 2467 2583 quoque
2500 2525 2711 2585 tempus
2743 2520 3080 2583 contrahere,
3134 2534 3187 2574 et
3230 2525 3462 2577 celerius

1904 2605 2341 2656 communionem
2386 2605 2626 2666 reddere.
2658 2618 2714 2660 ut
2737 2624 2831 2661 sua
2860 2610 3194 2677 probatione.
3230 2614 3349 2678 ejus
3375 2618 3461 2668 cui

1905 2694 2111 2748 medela
2154 2695 2459 2759 adhibetur,
2489 2699 2933 2752 constitutionem
2970 2700 3460 2767 dijudicet.Quem-

1905 2784 2192 2838 admodum
2224 2789 2366 2840 enim
2400 2789 2579 2854 porcis
2606 2790 2925 2857 margaritas
2958 2792 3223 2858 projicere
3255 2804 3336 2846 est
3366 2811 3460 2849 ve-

1904 2873 2085 2935 titum,
2142 2875 2214 2943 ita
2262 2885 2313 2928 et
2358 2878 2589 2944 pretiosa
2633 2879 2919 2942 margarita
2955 2880 3165 2945 privare
3198 2898 3318 2933 eum
3369 2886 3458 2950 qui

1898 2962 2007 3028 jam
2038 2976 2136 3029 per
2160 2964 2537 3016 alienationem
2575 2980 2604 3015 a
2639 2967 2767 3017 vitio
2790 2974 2841 3018 et
2869 2969 3239 3035 purgationem
3300 2970 3461 3023 homo

1904 3048 1972 3101 sit
2007 3047 2203 3113 factus,
2236 3049 2530 3103 absurdum
2564 3060 2663 3104 est.
2699 3052 2827 3115 Qua:
2865 3062 3044 3106 autem
3085 3055 3137 3107 in
3191 3056 3461 3109 adulterio

1828 3149 1869 3205 ο
1903 3149 1955 3192 et
1991 3141 2042 3190 in
2090 3141 2309 3207 reliquis
2359 3141 2712 3195 immunditiae
2750 3145 3037 3211 generibus
3079 3145 3134 3197 fit
3176 3145 3460 3209 iniquitas,

1902 3238 1959 3281 ut
1993 3230 2194 3281 dictum
2231 3238 2334 3292 est,
2361 3231 2548 3283 eodem
2594 3231 2803 3298 judicio
2838 3236 3090 3301 punietur
3118 3251 3226 3303 quo
3262 3248 3312 3290 et
3346 3236 3459 3289 iar-

1902 3321 2190 3371 nicationis
2224 3321 2421 3382 scelus,
2463 3321 2555 3374 sed
2598 3330 2837 3388 tempore
2889 3323 3271 3390 duplicabitur.
3304 3327 3359 3378 ln
3394 3343 3458 3380 eo

1901 3419 2100 3465 autem.
2143 3409 2260 3474 ejus
2291 3409 2451 3460 etiam
2503 3410 2590 3462 cui
2642 3410 2845 3464 medela
2898 3412 3203 3475 adhibetur,
3246 3415 3458 3470 aﬂ‘ectio

1905 3495 2356 3557 considerabitur,
2384 3514 2490 3565 quo
2512 3500 2669 3552 modo
2698 3508 2751 3551 et
2787 3499 2839 3552 in
2876 3500 2942 3553 iis
2964 3502 3054 3569 qui
3084 3501 3459 3559 fornicationis

1905 3584 2312 3650 inquinamento
2348 3586 2621 3655 illaqueati
2668 3599 2815 3651 sunt,
2863 3598 2920 3642 ut
2949 3593 3025 3644 vel
3057 3593 3217 3647 citius
3246 3592 3327 3647 vel
3351 3602 3458 3649 tar-

1907 3673 2031 3729 dius
2048 3673 2128 3730 eis
2148 3677 2219 3728 sit
2243 3678 2365 3731 boni
2394 3678 2747 3745 participatio.

1978 3826 2141 3897 158
2172 3825 2368 3881 BALS.
2406 3827 2561 3883 Nunc
2589 3830 2654 3883 de
2686 3831 2941 3899 peccatis,
2972 3849 3093 3901 qua:
3142 3834 3195 3887 in
3235 3842 3476 3906 concupi.

1898 3918 2074 3970 scihili
2100 3921 2294 3973 anima:
2318 3920 2571 3974 facultate
2598 3932 2919 3987 nascuntur,
2951 3924 3169 3980 disserit
3203 3925 3388 3997 Pater,
3418 3946 3481 3982 ex

1895 4009 2093 4074 quibus
2145 4009 2276 4063 dicit
2328 4024 2450 4065 esse
2500 4012 2822 4066 adulterium
2871 4026 2922 4068 et
2952 4014 3389 4083 fornicationem,
3423 4034 3479 4074 et

1898 4100 2201 4169 Snbjungit,
2238 4104 2381 4170 quod
2411 4103 2733 4171 quibusdam
2769 4106 3146 4160 subtilioribus
3194 4108 3482 4163 fornicatin

200 4192 436 4262 πορνεία
471 4190 685 4259 μοιχεία
717 4190 999 4242 καλεῖται·
1032 4188 1165 4239 διότι
1197 4190 1229 4257 ἡ
1261 4188 1490 4285 νόμιμος
1525 4188 1668 4257 μίξις
1699 4189 1790 4285 ἀνῗ
1819 4226 1871 4285 D

1819 4226 1871 4285 Β
1897 4202 2111 4255 quoque
2147 4202 2372 4244 vocatur
2397 4193 2722 4247 adulterium
2753 4211 2766 4248 :
2800 4198 2927 4263 quia
2982 4199 3158 4251 mariti
3196 4210 3250 4252 et
3297 4206 3481 4255 uxoris

210 4283 331 4353 δρὸς
371 4283 463 4334 καὶ
501 4281 757 4346 γυναικὸς
801 4279 902 4348 μέν
936 4282 1114 4343 ἐστιν,
1152 4280 1201 4331 εί
1230 4294 1282 4331 τι
1320 4278 1377 4331 δὲ
1416 4278 1603 4348 ἕτερον
1638 4278 1791 4347 παρὰ
1819 4278 1860 4285 ”

1819 4278 1860 4285 ”
1897 4281 2366 4349 coituslegitimus
2394 4296 2517 4344 est;
2573 4284 2666 4337 sed
2699 4286 2741 4338 si
2774 4286 2903 4352 quid
2955 4287 3047 4341 fiat
3083 4290 3226 4343 aliud
3283 4307 3482 4360 praeter

209 4378 414 4445 ταύτην
448 4375 712 4441 γένηται,
750 4372 1072 4441 παράνομον
1106 4372 1165 4420 τε·
1198 4370 1443 4424 τοιοῦτον
1466 4410 1480 4434 ,
1517 4371 1609 4423 καὶ
1643 4371 1792 4431 ὅστις

213 4465 286 4535 μὴ
311 4466 389 4534 τῷ
420 4465 533 4533 ίδίῳ
559 4465 842 4533 κέχρηται,
873 4462 1142 4530 ἀλλοτρίῳ
1168 4461 1390 4529 χρῆται.
1420 4461 1536 4514 Πᾶν
1560 4461 1615 4513 δὲ
1640 4461 1668 4512 δ
1693 4460 1791 4512 οὐκ

211 4556 343 4610 ίδιόν
370 4554 486 4607 ἐστί
514 4571 642 4617 τινι,
675 4552 834 4606 τοῦτο
864 4552 1164 4622 ἀλλότριον,
1199 4551 1302 4604 κᾶν
1339 4554 1415 4622 μὴ
1445 4553 1542 4623 ἔχῃ
1572 4553 1665 4603 τὸν
1693 4569 1791 4604 κυ-

213 4645 481 4716 ριεύοντα.
508 4642 618 4695 Καὶ
640 4642 727 4695 διὰ
754 4639 913 4694 τοῦτο
938 4642 1007 4709 οὐ,
1027 4642 1217 4711 πόρρω
1244 4641 1391 4704 εδοξε
1417 4644 1517 4710 τῆς
1547 4641 1791 4711 μοιχείας

209 4739 300 4790 καὶ
347 4737 381 4803 ἠ
428 4736 677 4805 πορνεία.
718 4734 906 4786 Ταῦτά
945 4748 1112 4801 φησιν
1155 4734 1183 4783 ὁ
1230 4732 1383 4799 ἆγιος
1428 4732 1574 4785 οὕτω
1621 4750 1791 4786 κατα-

211 4827 575 4890 σκευάζεσθαι
610 4825 762 4895 παρά
795 4824 905 4876 τῶν
938 4825 1033 4875 καὶ
1066 4822 1164 4892 τὴν
1198 4823 1456 4893 πορνείαν
1488 4827 1567 4886 εἰς
1597 4823 1659 4876 τὸ
1690 4825 1790 4893 τῆς

212 4918 455 4987 μοιχείας
482 4918 868 4983 ἀναγαγόντων
891 4916 1195 4984 ἁμάρτημα.
1216 4932 1231 4945 ο
1260 4917 1373 4977 τοῖς
1395 4914 1450 4967 δὲ
1474 4915 1791 4968 ἀσθενεστέ-

211 5028 323 5080 ροις
349 5010 456 5062 τῶν
483 5010 908 5080 ἁμαρτανόντων
933 5007 1186 5074 γενέσθαι
1212 5008 1334 5059 τινὰ
1365 5010 1515 5079 παρά
1542 5008 1650 5059 τῶν
1681 5010 1789 5060 ηα-

207 5104 384 5171 τέρων
408 5101 554 5167 λέγει.
584 5100 1027 5169 συμπεριφορὰν,
1052 5099 1219 5168 ἢγουν
1241 5099 1556 5169 οίκονομίας
1583 5115 1790 5166 συγκα-

204 5170 452 5248 τάϐασιν.
497 5192 769 5260 Είληπται
815 5192 871 5244 δὲ
920 5193 952 5260 ὴ
997 5190 1145 5257 λέξις
1187 5193 1250 5242 ἐκ
1293 5190 1402 5243 τῶν
1442 5191 1784 5260 Παροιμιῶν.

204 5289 339 5353 Φησὶ
372 5288 481 5355 γάρ
509 5286 536 5336 ὁ
570 5284 828 5353 Σαλομῶν
861 5286 917 5335 ιν
947 5284 1137 5345 αὑταῖς
1162 5301 1175 5313 '
1218 5283 1274 5337 ’0
1302 5282 1388 5351 μὴ
1421 5298 1786 5352 συμπεριφε-

199 5379 454 5447 ρόμενος
479 5375 558 5441 τῷ
583 5376 801 5430 ἑαυτοῦ
831 5376 976 5442 οῖκῳ
1003 5376 1451 5444 κληρονομήσει
1480 5377 1742 5444 ἀνέμους
1767 5397 1781 5408 ·

206 5472 295 5522 xxi.
323 5469 690 5537 διακριθῆναι,
723 5470 846 5521 ἀντὶ
874 5467 965 5520 τοῦ
998 5468 1356 5538 διαιρεθῆναι,
1389 5468 1448 5522 τὸ
1480 5470 1783 5538 ἁμάρτημα

206 5561 299 5625 1",;
329 5557 570 5625 ἀθέσμου
605 5560 798 5626 μὲξεως
822 5575 833 5587 ·
871 5560 962 5610 καὶ
995 5560 1250 5626 πορνείαν
1287 5560 1384 5628 μὲν
1415 5558 1783 5627 ὀνομασθῆναι

281 5739 295 5768 ι
320 5735 480 5790 Prov.
519 5752 591 5803 τι,
630 5737 719 5792 '29.

1893 4370 2113 4433 eum,id
2158 4372 2527 4441 estinjustum
2569 4384 2623 4428 et
2646 4374 2858 4445 legibus
2896 4380 3475 4453 contrarium,etqui-

1891 4473 2107 4525 cunque
2136 4474 2243 4513 non
2273 4462 2442 4513 utitur
2486 4466 2727 4531 proprio,
2753 4465 2926 4518 utitur
2950 4468 3153 4522 alieno.
3185 4470 3480 4533 Quodcun-

1892 4567 2001 4619 que
2030 4567 2156 4605 vero
2182 4553 2355 4607 cuivis
2380 4569 2484 4606 non
2522 4566 2603 4608 est
2630 4558 2933 4625 proprium,
2958 4559 3087 4613 illud
3110 4562 3346 4614 alienum
3371 4576 3477 4628 est,

1893 4644 2105 4697 etiamsi
2137 4644 2413 4697 dominum
2451 4660 2556 4698 non
2600 4648 2815 4701 haheat.
2856 4647 2921 4703 Et
2964 4662 3250 4719 propterea
3304 4652 3475 4709 forni-

1890 4736 2033 4787 catio
2071 4749 2173 4786 non
2211 4734 2368 4803 longe
2417 4736 2604 4790 abesse
2636 4739 2747 4791 visa
2779 4748 2862 4791 est
2905 4742 2971 4793 ab
3009 4746 3295 4798 adulterio.
3349 4743 3474 4801 Haec

1891 4826 2019 4876 dicit
2055 4822 2274 4879 saucius
2322 4828 2391 4879 ita
2446 4829 2613 4882 aetrui
2666 4830 2732 4881 ab
2778 4830 2866 4893 iis,
2919 4833 3008 4899 qui
3064 4832 3485 4891 fcrnicationcnr

1890 4917 1957 4968 ad
1986 4916 2231 4969 adulterii
2262 4930 2539 4984 peccatum
2576 4920 2836 4974 reducunt
2864 4938 2878 4973 :
2936 4923 3347 4980 imliecillinrum
3385 4943 3480 4979 au-

1892 5018 1994 5059 tem
2050 5017 2395 5074 peccatorum
2454 5007 2623 5062 fuisse
2667 5010 2899 5079 aliquam
2957 5010 3209 5067 Patribus
3265 5032 3476 5085 συμπε-·

1892 5098 2149 5183 ριφορὰν,
2206 5097 2320 5150 sive
2373 5100 2690 5151 ceconomhe
2739 5103 3259 5158 condescensionem
3315 5110 3469 5160 dicit.

1891 5185 2134 5240 Sumitur
2164 5196 2342 5241 autem
2396 5190 2561 5241 dictio
2591 5205 2654 5241 ex
2707 5188 3035 5247 Provcrrliiis.
3077 5194 3211 5247 Dicit
3244 5198 3386 5248 enim
3421 5198 3470 5249 ia

1889 5282 1967 5335 cis
2018 5281 2295 5343 Salomon,
2354 5284 2381 5333 ό
2436 5282 2510 5350 μὴ
2556 5284 3098 5352 συμπεριφερόμενος
3152 5284 3229 5354 τῷ
3274 5287 3483 5340 ἑαυτοῦ⁸

1887 5376 2041 5442 οῐκῳ,
2079 5376 2177 5427 hoc
2204 5386 2307 5434 est,
2344 5374 2448 5437 Qui
2486 5379 2669 5426 domus
2698 5391 2810 5428 ειιω
2835 5392 3017 5427 curam
3049 5393 3150 5429 non
3182 5381 3335 5446 gerit,
3367 5380 3479 5433 lue-

1889 5468 2129 5517 rediruvit
2164 5478 2336 5519 remos
2364 5466 2405 5529 ';
2442 5474 2494 5519 et
2530 5476 2810 5534 peccatum
2848 5468 3106 5539 illegitimi
3140 5470 3313 5525 coitus
3353 5475 3471 5525 esse

1892 5558 2203 5610 distinctum
2258 5573 2350 5610 seu
2408 5556 2678 5621 divisum;
2716 5568 2764 5611 ct
2802 5560 3213 5613 lurnicationem
3249 5561 3467 5625 qmdem
