4234 6450
191 465 294 531 873

926 466 1005 531 ΙΝ
1039 466 1281 528 EPIST.
1315 466 1377 526 S.
1416 464 1797 526 GREGORII
1839 464 2163 529 NYSSENI
2193 471 2291 529 AI)
2326 469 2692 530 LETOIUM.

3326 469 3430 527 874

192 586 421 652 ὥρισται
444 600 457 615 ·
494 583 769 638 κάνταῦθα
804 584 860 637 δὲ
894 584 953 637 τδ
988 585 1276 653 συπιτιμεῖν
1309 580 1400 634 τὸν
1435 584 1624 652 χρόνον
1657 581 1753 633 τοῦ
1791 598 1835 651 Α
1863 616 1864 625 η

1791 598 1835 651 Α
1863 583 2149 639 deiinitum
2191 584 2245 637 in
2294 584 2682 647 fornicatione,
2714 584 3041 639 sexennium
3075 584 3128 638 in
3171 583 3434 638 adultenu

193 675 498 743 ἐπιτιμίου,
530 673 563 743 ἢ
595 674 852 742 αὐξῆσαι,
879 674 975 727 τοῦ
1003 674 1512 753 οίκονομοῦντοςῐτῇ
1543 672 1756 738 διακρί-

196 778 275 814 σει
304 765 430 826 τοὺς
460 765 516 816 tv
549 764 805 833 μετανοίᾳ
832 762 1059 817 δίδωσιν.

802 972 1043 1027 ΚΑΝΩΝ
1072 973 1147 1025 E'.

269 1079 524 1131 Δείπεται
550 1076 683 1145 πρὸς
706 1072 912 1135 τούτοις
932 1070 1283 1142 τδθυμοειδὲς
1310 1071 1405 1141 τῆς
1422 1072 1598 1143 ψυχῆς
1624 1090 1757 1146 προ-

202 1168 371 1221 θείναι
403 1168 482 1225 είς
525 1165 785 1229 ἐξέτασιν,
830 1163 957 1215 ὅταν
982 1159 1393 1231 παρασφαλεῖσα
1421 1160 1517 1229 τῆς
1552 1161 1760 1230 ἀγαθῆς

200 1253 295 1307 τοῦ
339 1254 509 1323 θυμοῦ
548 1255 821 1324 χρήσεως,
856 1254 935 1312 είς
968 1248 1237 1318 ἁμαρτίαν
1264 1249 1488 1319 ἐκπέσῃ.
1548 1250 1761 1303 Πολλῶν

200 1357 260 1393 τε
289 1341 455 1395 ὅντων
487 1340 627 1394 κατὰ
641 1340 809 1409 θυμὸν
826 1341 904 1402 είς
928 1339 1195 1408 ἁμαρτίαν
1221 1337 1645 1406 ἐνεργουμένων,
1667 1343 1760 1393 καὶ

203 1432 419 1486 πάντων
445 1431 649 1497 κακῶν,
692 1429 855 1500 ἠρεσέ
884 1446 997 1492 πως
1038 1431 1149 1491 τοῖς
1194 1427 1467 1497 Ῑίατράσιν
1497 1428 1669 1497 ἡμῶν,
1702 1432 1759 1483 ὲν

201 1525 314 1583 τοῖς
355 1522 532 1583 ἄλλοις
569 1520 642 1591 μὴ
692 1520 810 1573 λίαν
852 1516 1340 1588 ἀκριϐολογεῖσθαι,
1389 1516 1523 1586 μηδὲ
1566 1518 1762 1589 πολλῆς

203 1614 351 1677 ἀξιον
383 1613 627 1683 ἡγεῖσθαι
658 1610 909 1679 σπουδῆς,
942 1610 1004 1663 τὸ
1040 1608 1359 1677 θεραπεύειν
1395 1607 1572 1661 πάντα
1601 1608 1669 1661 τὰ
1700 1612 1764 1662 ἐκ

204 1703 377 1772 θυμοῦ
402 1702 818 1771 παραπτώματα
837 1715 849 1728 ’
889 1699 981 1752 καί
1009 1698 1090 1752 τοί
1121 1715 1188 1766 γε
1207 1699 1301 1767 τῆς
1327 1698 1564 1767 Γραφῆς,
1590 1697 1651 1751 οὑ
1680 1701 1770 1769 μό-

203 1807 293 1844 νον
333 1789 656 1861 τὴν⁶ψυχὴν
694 1786 1138 1856 ἀπαγορευούσης
1188 1785 1397 1854 πληγήν
1425 1801 1439 1814 ·
1486 1779 1622 1838 ἀλλὰ
1673 1789 1767 1841 καὶ

204 1882 386 1933 πᾶσαν
416 1880 701 1948 λοιδορίαν,
746 1876 778 1947 ἢ
812 1877 1174 1946 βλασφημίαν,
1213 1874 1307 1927 καὶ
1334 1875 1387 1926 εί
1417 1891 1470 1926 τι
1498 1874 1624 1929 ἄλλο
1655 1894 1767 1931 τοι-

202 1969 360 2023 οὖτον
386 1972 414 2022 ὁ
448 1968 614 2037 θυμὸς
650 1965 1049 2035 ἀπεργάζεταιο
1098 1965 1253 2034 μόνον
1278 1965 1334 2017 δὲ
1372 1966 1464 2018 τοῦ
1498 1967 1637 2020 κατὰ
1678 1968 1801 2021 τὸν’

206 2063 367 2132 φόνον
393 2062 555 2128 ἄγους
593 2060 691 2128 τὴν
720 2056 1112 2128 παραφυλακὴν
1154 2057 1494 2126 ἐποιήσαντο,
1540 2058 1628 2111 διὰ
1661 2058 1768 2110 τῶν

206 2150 514 2220 απιτιμίων.
547 2148 804 2220 Διῄρηται
830 2146 885 2200 δὲ
914 2148 975 2199 τὸ
1007 2146 1241 2199 τοιοῦτον
1266 2147 1431 2200 κακὸν
1454 2152 1519 2218 τῇ
1540 2148 1768 2219 διαφορᾷ

206 2241 302 2295 τοῦ
335 2240 581 2295 ἑκουσίου
621 2257 681 2292 τε
726 2240 820 2292 καὶ
860 2239 1136 2302 ἀκουσίου,
1169 2238 1227 2291 ὲν
1253 2233 1333 2300 οἷς
1381 2239 1623 2301 ἑκούσιος
1674 2240 1770 2307 μέν

208 2334 324 2386 ἔστι
353 2333 526 2400 φόνος.
564 2330 784 2402 Πρῶτον
808 2330 924 2399 μὲν,
966 2332 995 2382 δ
1029 2330 1093 2382 ὲκ
1125 2328 1472 2399 παρασκευῆς
1503 2329 1769 2398 τετολμηει

213 2424 373 2493 μένος
398 2422 489 2475 τοῦ
513 2423 591 2485 είς
616 2421 745 2475 αὐτὸ
772 2421 926 2474 τοῦτο
952 2419 1429 2491 εὐτρεπισαμένου,
1456 2420 1602 2483 ὅπως
1621 2419 1686 2472 ἂν
1711 2420 1772 2472 τὸ

210 2516 341 2580 ἄγος
361 2514 676 2584 ἐργάσηται.
699 2513 924 2565 Ἔπειτα
940 2511 995 2564 δὲ
1019 2513 1266 2574 κάκεῖνος
1298 2513 1354 2563 ὲν
1375 2514 1485 2573 τοῖς
1507 2511 1771 2573 ἑκουσίοις

212 2603 491 2673 ἐνομίσθη,
512 2603 637 2655 ὅταν
656 2620 739 2664 τις
770 2604 826 2655 εν
846 2602 1125 2671 συμπλοκῇ
1162 2603 1253 2654 καὶ
1280 2603 1446 2671 μάχῃ,
1469 2602 1681 2654 τύπτων
1714 2619 1770 2653 τε

213 2693 310 2745 καὶ
334 2692 682 2761 τυπτόμενος,
698 2692 893 2761 ἐνέγκῃ
914 2691 1051 2743 κατά
1068 2707 1212 2753 τινος
1234 2691 1446 2759 καιρίου
1462 2692 1558 2760 τὴν
1574 2691 1662 2743 διὰ
1677 2692 1773 2759 τῆς

214 2779 395 2852 χειρὸς
424 2780 657 2850 πληγήν.
690 2780 750 2832 '0
770 2780 876 2851 γὰρ
898 2779 1041 2843 ἃπαξ
1066 2779 1142 2849 τῷ
1162 2778 1317 2847 θυμῷ
1346 2780 1654 2850 κρατηθεὶς,
1683 2780 1774 2831 καὶ

216 2871 285 2939 τῇ
311 2872 453 2939 ὁρμῇ
494 2869 592 2938 τῆς
630 2871 794 2940 ὀργῆς
823 2869 1191 2941 χαριζόμενος,
1226 2868 1375 2920 οὐδὲν
1412 2867 1477 2919 ἂν
1508 2867 1657 2937 παρὰ
1688 2868 1776 2918 τὸν
1842 2882 1847 2885 λ

223 2956 408 3025 natpr
437 2955 532 3008 τοῦ
553 2957 754 3020 πάθους
774 2958 881 3009 τῶν
905 2957 1168 3025 ἀνακόψαι
1198 2954 1259 3007 τὸ
1283 2954 1447 3007 κακὸν
1470 2953 1778 3022 δυναμένων

221 3044 317 3096 ἐπὶ
342 3042 465 3096 νοῦν
491 3041 665 3093 λάθοι.
712 3040 867 3091 Ὥστε
899 3038 991 3092 καὶ
1010 3040 1085 3090 τὸν
1098 3039 1160 3090 ὲκ
1185 3038 1281 3105 τῆς
1292 3054 1456 3107 ,συμπ
1486 3037 1619 3106 οκῆς
1651 3038 1778 3087 ἀπο-

226 3129 465 3198 τέλεσμα
490 3126 584 3180 τοῦ
621 3128 801 3195 φόνου,
842 3128 920 3189 είς
945 3126 1102 3196 ἔργον
1137 3126 1523 3195 προαιρέσεως,
1562 3126 1653 3179 καὶ
1686 3126 1786 3178 οὐκ

228 3220 309 3281 είς
330 3218 627 3286 ἀποτυχίαν
650 3217 928 3284 ἀνάγεται.
956 3217 1017 3268 Oi
1040 3216 1096 3267 δὲ
1119 3214 1357 3268 ἀκούσιοι
1380 3215 1585 3286 φανερὰ
1606 3214 1785 3284 ἔχουσι

1876 690 1932 734 et
1965 678 2193 749 reliquis
2225 679 2514 733 delinitutn
2548 688 2655 733 est.
2692 677 2864 733 Porro
2902 677 2990 732 bic
3020 690 3233 745 quoque
3264 690 3437 746 pana:

1876 783 2088 838 tempus
2130 772 2473 835 contrahere,
2503 770 2584 824 vel
2618 783 2837 840 augere,
2882 769 3020 839 ejus,
3048 768 3139 838 qui
3168 768 3440 836 pmniteu-

1877 864 2004 917 tiam
2053 872 2277 932 agentes
2309 864 2607 933 dispensat,
2638 862 2843 927 judicio
2872 861 3142 931 relinquit.

2488 977 2714 1033 CANON
2758 979 2816 1032 V.

1947 1068 2131 1125 Restat
2186 1071 2252 1125 ad
2296 1072 2410 1126 haec
2472 1082 2527 1124 ut
2587 1074 2912 1126 irascentem
2972 1073 3167 1125 animae
3227 1080 3432 1140 partem

1879 1164 2289 1217 examinandam
2327 1178 2716 1232 propellamus,
2752 1166 2969 1233 quando
3017 1166 3163 1234 lapsa
3216 1181 3245 1218 a
3302 1166 3441 1217 bono

1874 1255 1968 1306 itte
2050 1269 2148 1308 usu
2236 1254 2291 1307 in
2379 1265 2659 1325 peccatum
2745 1256 3025 1311 ceciderit.
3120 1254 3255 1311 Cum
3345 1270 3443 1308 au-

1885 1352 1992 1397 tem
2034 1346 2205 1398 multa
2264 1344 2373 1394 sint
2424 1356 2544 1409 quae
2591 1355 2685 1409 per
2735 1342 2871 1393 iram
2934 1339 3068 1393 fiunt
3122 1347 3341 1407 peccata
3391 1348 3443 1392 et

1889 1434 2066 1489 omnis
2104 1432 2315 1501 generis
2352 1432 2514 1489 mala.
2559 1430 2763 1498 placuit
2793 1430 3047 1483 omnibus
3095 1428 3296 1482 nostris
3344 1426 3446 1479 Pa-

1890 1525 2065 1578 trihus
2138 1524 2190 1576 in
2254 1521 2373 1575 aliis
2445 1520 2664 1589 quidem
2718 1534 2822 1572 non
2888 1519 3112 1571 nimium
3177 1518 3444 1573 subtiliter

1890 1628 2069 1685 agere.
2106 1627 2207 1667 nec
2240 1611 2468 1665 nimium
2505 1612 2557 1664 in
2590 1626 2655 1664 eo
2703 1611 2867 1663 studii
2901 1623 3183 1678 operteque
3224 1622 3443 1677 ponere,

1902 1713 1960 1759 ut
1984 1704 2162 1758 omnia
2195 1717 2315 1771 qua:
2339 1718 2405 1757 ex
2440 1701 2518 1754 ira
2551 1708 2902 1754 nascerentur
2931 1698 3124 1753 delicta
3156 1706 3444 1762 curarent;

1894 1793 2143 1865 quamvis
2180 1790 2460 1859 Scriptura
2515 1805 2623 1843 non
2670 1790 2841 1842 solum
2896 1788 3094 1841 vulnus
3143 1787 3445 1855 prohibeat,

1895 1884 1990 1939 sed
2018 1884 2181 1937 etiam
2207 1897 2368 1936 omne
2408 1880 2713 1935 convicium
2752 1879 2828 1930 vel
2864 1878 3230 1938 maledictum,
3292 1883 3343 1929 et
3402 1878 3448 1929 si

1894 1971 2021 2040 quid
2056 1970 2198 2023 aliud
2246 1968 2509 2038 ejusmodi
2544 1969 2616 2020 ita
2668 1966 2873 2032 eiiicrt;
2911 1964 3003 2020 sed
3060 1966 3228 2019 solam
3287 1965 3451 2017 caedis

1895 2060 2202 2113 cautionem
2261 2059 2376 2113 suis
2432 2058 2613 2127 pmnis
2686 2056 3124 2110 introduxerunt.
3184 2053 3452 2107 Dividitur

1895 2157 2073 2203 autem
2108 2148 2209 2201 hoc
2238 2148 2472 2213 malum,
2502 2146 2799 2200 diil‘erentia
2834 2145 3150 2199 voluntaria
3204 2154 3255 2198 et
3295 2144 3449 2196 invo-

1896 2242 2180 2295 luntarim:
2238 2247 2293 2294 ct
2346 2247 2432 2293 est
2487 2239 2661 2292 caedes
2695 2236 2912 2306 quidem
2949 2234 3280 2296 voluntaria,
3329 2247 3452 2300 qua:

1897 2331 2265 2403 praemeditate
2325 2337 2580 2399 suscepta
2635 2337 2718 2381 est
2755 2328 2823 2381 ab
2880 2341 2946 2381 eo
2975 2326 3066 2395 qui
3130 2340 3188 2380 se
3221 2324 3288 2377 ad
3349 2323 3452 2377 hoc

1895 2430 2302 2491 comparaverat
2331 2430 2390 2474 ut
2452 2422 2556 2473 hoc
2584 2420 2798 2474 facinus
2835 2426 3189 2487 perpetraret.
3250 2416 3453 2470 Deinde

1897 2513 2027 2566 illud
2058 2526 2276 2581 quoque
2308 2510 2362 2564 in
2392 2510 2713 2563 voluntariis
2742 2508 3111 2563 existimatum
3140 2514 3245 2569 est,
3275 2520 3452 2575 quan-

1897 2603 2123 2672 d0‘quis
2164 2604 2220 2655 in
2279 2616 2573 2670 congressu
2636 2599 2929 2656 verberans
2993 2607 3047 2653 et
3106 2598 3449 2659 verberatus,

1898 2708 2059 2745 manu
2110 2691 2321 2760 plagam
2353 2688 2682 2743 mortiferam
2744 2688 3009 2742 intulerit.
3046 2688 3148 2752 Qui
3187 2686 3332 2741 enim
3372 2686 3453 2739 ira

1900 2780 2269 2835 semelvictus
2318 2786 2489 2839 est,et
2536 2778 2703 2831 animi
2752 2778 3071 2846 appetitioni
3118 2776 3283 2840 cedit,
3303 2775 3452 2829 onihil

1898 2883 2084 2924 eorum
2116 2884 2235 2936 quae
2271 2868 2469 2920 malum
2518 2875 2739 2934 possent
2789 2875 3091 2937 amputare,
3125 2866 3174 2921 ei
3207 2869 3264 2921 in
3299 2880 3449 2919 men—

1898 2962 2006 3028 tem
2035 2955 2199 3008 venit.
2232 2954 2410 3023 Quare
2435 2966 2486 3009 et
2519 2956 2630 3009 illic
2660 2971 2873 3026 quoque
2909 2961 2998 3028 qui
3052 2975 3118 3014 ex
3169 2962 3445 3011 concerta-

1894 3027 2046 3081 tione
2080 3029 2355 3097 prul‘ectus
2377 3037 2481 3095 est,
2523 3030 2690 3086 caedis
2714 3027 2962 3096 eventus,
3006 3035 3061 3087 iu
3109 3036 3308 3088 factum
3355 3052 3445 3089 vo-

1898 3118 2216 3178 luntarium,
2247 3132 2353 3170 non
2410 3119 2463 3172 in
2497 3134 2685 3173 casum
2721 3122 3023 3177 confertur.
3073 3122 3450 3178 lnvoluntaria:

1898 3215 2078 3260 autem
2112 3208 2312 3261 habent
2351 3209 2636 3263 manifesta
2691 3210 2913 3275 indicia,
2945 3212 3166 3281 quando
3195 3214 3317 3281 quis
3348 3214 3449 3266 ali-

227 3306 300 3359 τὰ
326 3306 709 3375 γνωρίσματα·
749 3305 877 3357 ὅταν
920 3320 1001 3365 τις
1032 3302 1165 3372 πρὸς
1196 3301 1378 3372 ιτερόν
1406 3318 1457 3354 τι
1485 3301 1582 3371 τὴν
1620 3317 1785 3353 σπουι
1823 3322 1866 3379 c

1776 3326 1785 3340 ι
1823 3322 1866 3379 c
1899 3296 1985 3349 cui
2018 3297 2171 3351 alteri
2199 3298 2273 3351 rei
2303 3299 2541 3353 studium
2576 3302 2873 3369 applicans,
2905 3316 3036 3359 casu
3067 3304 3448 3373 gravissimum

228 3394 331 3465 δὴν
370 3395 540 3465 ἔχων,
578 3394 639 3458 ιε
670 3392 963 3462 ἀποτυχίας
992 3408 1045 3444 τι
1091 3390 1197 3443 τῶν
1236 3390 1543 3461 ἀνηκέστων
1590 3388 1781 3459 δράσῃ.

243 3483 365 3535 Ἐπὶ
404 3481 605 3535 τούτων
650 3481 828 3533 τοίνυν
871 3482 899 3533 ὀ
947 3479 1044 3548 μιν
1088 3478 1264 3547 φόνος,
1306 3479 1384 3540 είς
1433 3476 1784 3547 τριπλασίονα

231 3572 419 3642 χρόνον
456 3571 852 3641 παρατείνεται.
886 3572 997 3630 τοῖς
1029 3567 1094 3620 δι’
1126 3569 1455 3636 ἑπιστροφῆς
1487 3566 1784 3635 θεραπευο-

235 3662 417 3731 μένοις
442 3660 500 3712 τὸ
529 3659 770 3712 ἑκούσιον
794 3658 945 3724 ἄγος.
989 3656 1278 3723 Τρισεννέα
1310 3656 1417 3722 γάρ
1445 3657 1577 3706 είσιν
1609 3656 1777 3705 ἐνιαυ-

232 3751 337 3813 τοὶ,
370 3749 488 3801 καθ’
516 3748 743 3801 ἕκαστον
790 3745 989 3815 βαθμὸν
1017 3745 1113 3812 τῆς
1139 3744 1351 3804 ὲννάδος
1378 3743 1484 3793 τῶν
1514 3741 1647 3793 ἑτῶν
1677 3744 1789 3810 69'.-

234 3839 474 3908 σθείσης,
499 3837 638 3890 ὥστε
666 3838 723 3889 ὲν
756 3837 851 3905 μὲν
878 3836 954 3904 τῷ
984 3834 1230 3886 παντελεῖ
1247 3832 1551 3903 ἀφορισμῷ,
1568 3834 1787 3902 ἐνναετῆ

234 3929 425 3999 χρόνον
469 3925 805 3994 διαγενέσθαι
850 3922 1240 3993 ἀπειργόμενον
1281 3922 1378 3990 τῆς
1437 3920 1785 3990 Ἐκκλησίας·

218 4016 369 4076 ἄλλα
410 4020 466 4072 δὲ
513 4017 748 4072 τοσαῦτα
788 4015 882 4085 ἔτη
930 4017 986 4066 tv
1017 4016 1083 4084 τῇ
1130 4012 1386 4083 ἀκροάσει
1438 4014 1785 4083 παραμεῖναι,

237 4111 406 4181 μόνης
424 4109 530 4161 τῶν
555 4106 884 4160 διδασκάλων
915 4105 1008 4157 καὶ
1046 4105 1142 4173 τῆς
1173 4104 1280 4156 τῶν
1320 4102 1551 4173 Γραφῶν
1589 4100 1792 4171 ἀκροά-

237 4217 397 4263 σεως,
453 4198 545 4250 καὶ
577 4194 714 4267 μετὰ
746 4198 844 4263 τῆς
874 4191 969 4246 τοῦ
1018 4193 1148 4246 λαοῦ
1178 4192 1481 4253 συστάσεως
1540 4190 1790 4258 ἀξιούμε-

236 4307 356 4351 νον,
407 4288 465 4341 ἑν
494 4288 549 4340 δὲ
591 4285 748 4357 τρίτῃ
792 4284 1005 4349 ὲννάδι,
1067 4281 1202 4352 μετὰ
1239 4282 1344 4335 τῶν
1386 4280 1794 4345 ὑποπιπτόντων

241 4381 299 4435 ιν
356 4379 421 4447 τῇ
494 4379 789 4446 ἐπιστροςῇ
863 4370 1290 4444 προσευχόμενον
1314 4412 1328 4435 ,
1383 4370 1553 4433 οὕτως
1622 4370 1794 4423 ἐλθεῖν

241 4470 336 4523 ἐπὶ
389 4468 488 4538 τὴν
551 4464 835 4537 μετουσίαν
875 4464 968 4517 τοῦ
1022 4465 1356 4532 ἀγιάσματος
1384 4480 1400 4494 ’
1461 4459 1659 4532 δηλαδὴ
1703 4462 1797 4515 καὶ

245 4558 340 4611 ἐπὶ
376 4555 469 4609 τοῦ
504 4551 761 4615 τοιούτου,
804 4553 837 4621 ἡ
875 4550 1011 4619 αὐτῆ
1058 4550 1425 4619 προστήρησις
1458 4549 1605 4601 ἔσται
1648 4548 1797 4618 παρὰ

242 4648 339 4703 τοῦ
373 4646 772 4718 οίκονομοῧντος
814 4644 909 4714 τὴν
953 4642 1295 4712 Ἐκκλησίαν,
1337 4642 1430 4693 καὶ
1484 4640 1617 4709 πρὸς
1645 4638 1799 4705 λόγον

243 4738 343 4809 τῆς
371 4735 699 4807 επιστροφῆς
753 4734 1182 4804 συν-τμηθήσεται
1211 4732 1357 4801 αὐτῷ
1383 4732 1474 4784 καὶ
1502 4733 1533 4798 ὴ
1559 4728 1650 4782 τοῦ
1685 4729 1800 4781 trct-

244 4831 425 4901 τιμίου
463 4830 785 4898 παράτασις,
818 4822 957 4879 ὥστε
981 4826 1101 4878 ἀντὶ
1122 4825 1278 4877 ἐννέα
1302 4824 1457 4885 ἑτῶν,
1483 4824 1566 4889 ἐφ’
1593 4821 1802 4890 ἑκάστῳ

248 4922 443 4993 βαθμῷ
473 4919 614 4973 ὀκτὼ
648 4919 681 4989 ἢ
713 4917 850 4971 ἑπτὰ
882 4918 916 4987 ἢ
952 4917 1029 4983 ἐξ,
1080 4915 1114 4985 ἢ
1150 4917 1240 4968 καὶ
1285 4913 1442 4968 πέντε
1492 4913 1624 4982 μόνα
1655 4911 1803 4979 γενέ-

249 5015 404 5067 σθαι·
441 5014 595 5083 εἰπερ
636 5010 697 5062 τὸ
725 5008 973 5079 μέγεθοςι
996 5008 1097 5076 τῆς
1139 5005 1469 5076 ἐπιστροφῆς
1509 5002 1678 5071 νικοίη
1715 5000 1805 5054 τὸν

246 5103 455 5173 χρόνον,
486 5100 580 5152 καὶ
597 5096 981 5167 ὑπερϐάλλοιτο
1007 5098 1072 5166 τῇ
1112 5094 1309 5164 σπουδῇ
1331 5092 1426 5162 τῆς
1467 5085 1804 5155 διορθώσεως

244 5191 371 5250 τοὺς
401 5188 458 5238 tv
494 5188 561 5255 τῇ
597 5185 780 5255 μακρᾷ
810 5182 1115 5255 προθεσμίᾳ
1143 5178 1507 5254 ῥᾳθυμότερόν
1537 5194 1654 5240 πως
1683 5178 1808 5230 ἑαυ-

246 5282 375 5338 τοὺς
402 5275 508 5328 ἀπὸ
542 5274 641 5342 τῆς
683 5272 895 5341 κηλίδος
925 5271 1295 5340 καθαίροντας.
1353 5267 1426 5320 Th
1451 5267 1507 5319 δὲ
1529 5265 1805 5327 ἀκούσιον,

249 5364 589 5434 συγγνωστὸν
618 5362 731 5433 μὲν,
764 5362 823 5414 οὒ
858 5362 962 5432 μὴν
993 5358 1272 5413 ιπαινετδν
1302 5356 1515 5426 ἐκρίθη.
1553 5354 1720 5408 Τοῦτο
1751 5355 1808 5408 δὲ

247 5456 432 5518 εἷπον,
483 5454 622 5507 ὥστε
668 5453 823 5522 δῆλον
853 5450 1135 5518 γενέσθαι,
1193 5449 1273 5501 ὅτι
1304 5447 1403 5500 κᾶν
1436 5445 1701 5507 ἀκουσίως
1726 5463 1807 5507 τις

246 5541 472 5609 γένηται
508 5541 566 5591 ἑν
600 5536 676 5607 τῷ
703 5537 797 5590 τοῦ
830 5536 988 5605 φόνου
1035 5535 1321 5604 μιάσμασι,
1360 5534 1559 5604 ὼςήδη
1590 5532 1811 5603 βέϐηλον

250 5632 413 5686 αὑτὸν
435 5630 543 5683 ἀπὸ
569 5628 662 5681 τοῦ
691 5628 855 5697 ἄγους
888 5626 1190 5695 γενόμενον.
1213 5624 1513 5695 ἀπόϐλητον
1538 5623 1812 5695 ἱερατικῆς

253 5723 473 5792 χάριτος
508 5721 537 5772 ὁ
576 5718 749 5770 κανὼν
796 5716 1109 5784 ἀπεφήνατο
1134 5730 1147 5744 °
1199 5714 1321 5776 ὅσος
1360 5714 1413 5766 δέ
1444 5715 1589 5766 ἐστιν
1628 5713 1719 5766 ἐπὶ
1745 5715 1812 5782 τῇ

240 5816 380 5879 «cur,
413 5809 629 5875 πορνεία
668 5807 759 5860 τοῦ
785 5805 1084 5890 καθαρσίου
1123 5806 1151 5855 ὁ
1185 5806 1391 5874 χρόνος,
1438 5804 1685 5867 τοσοῦτος
1722 5803 1814 5856 καὶ

570 5904 815 5964 ΡΑτῐιωι.
880 5906 969 5966 GR
1050 5907 1138 5966 {3X
1159 5906 1418 5972 \XVIII.

1898 3385 2116 3453 aliquod
2143 3387 2341 3441 malum
2374 3391 2687 3458 patraverit.
2719 3390 2774 3444 In
2821 3392 2905 3446 bis
2945 3407 3094 3462 ergo,
3120 3393 3296 3448 credes
3330 3395 3453 3463 qui-

1897 3472 2020 3527 dem
2054 3475 2107 3527 in
2139 3476 2335 3545 triplex
2368 3484 2579 3547 tempus
2607 3481 2918 3535 extenditur
2966 3482 3033 3537 iis
3082 3483 3173 3551 qui
3206 3497 3301 3551 per
3329 3498 3453 3537 con-

1898 3562 2205 3618 versionem
2242 3568 2549 3620 voluntario
2585 3567 2817 3621 facinori
2861 3569 3162 3623 remedium
3197 3569 3447 3624 afferunt.

1900 3650 2005 3703 Ter
2036 3668 2226 3707 novem
2258 3655 2420 3709 etiam
2453 3665 2580 3710 sunt
2636 3658 2787 3722 anni,
2851 3658 3147 3712 novenario
3185 3674 3450 3713 annorum

1901 3750 2126 3792 numero
2159 3740 2213 3793 in
2246 3755 2571 3813 unoquoque
2604 3745 2772 3813 gradu
2806 3746 3089 3815 praeﬁnito,
3139 3758 3197 3802 ut
3239 3750 3291 3802 in
3328 3766 3450 3818 per-

1905 3826 2040 3881 fecta
2102 3829 2322 3897 quidem
2363 3837 2730 3903 segregatione
2772 3851 2963 3891 novem
3016 3853 3281 3893 annorum
3319 3850 3454 3893 tem-

1904 3932 2034 3985 pore
2064 3928 2307 3974 versetur
2342 3922 2411 3976 ab
2448 3922 2683 3979 Ecclesia
2712 3926 3017 3993 prohibitus
3044 3945 3059 3993 ;
3110 3930 3246 3984 alios
3274 3939 3450 3984 autem

1904 4015 1984 4061 tot
2015 4023 2186 4065 annos
2218 4011 2271 4065 in
2317 4012 2593 4069 auditione
2641 4026 2973 4084 permaneat,
3016 4019 3131 4073 sola
3169 4020 3451 4074 doctorum

1904 4108 1959 4152 et
2006 4098 2406 4168 Scripturarum
2459 4105 2731 4160 auditione
2770 4115 2821 4162 et
2855 4110 3269 4163 conversatione
3328 4126 3452 4163 eum

1906 4190 2102 4259 populo
2128 4191 2325 4260 dignus
2361 4194 2599 4259 habitus,
2625 4197 2679 4250 in
2716 4198 2877 4252 tertio
2931 4207 3109 4252 autem
3160 4201 3457 4253 novenarin

1903 4294 2027 4333 cum
2050 4282 2341 4338 substratis
2371 4285 2423 4338 in
2456 4288 2817 4341 conversione
2856 4302 3039 4351 orans,
3079 4298 3137 4342 ut
3178 4291 3453 4358 perveniat

1907 4371 1972 4423 ad
2004 4374 2442 4428 communionem
2473 4377 2797 4431 sacramenti
2822 4378 3029 4431 scilicet
3054 4390 3070 4443 ξ
3099 4387 3152 4433 et
3179 4380 3231 4432 in
3266 4381 3454 4434 eodem

1905 4461 2090 4515 eadem
2123 4463 2225 4516 erit
2262 4463 2567 4519 observatio
2605 4467 2673 4521 ab
2711 4483 2775 4522 eo
2802 4469 2895 4536 qui
2938 4468 3234 4524 Ecclesiam
3285 4471 3459 4524 admi-

1909 4550 2122 4613 nistrat,
2156 4559 2209 4605 ct
2239 4567 2335 4620 pro
2364 4555 2574 4608 ratione
2600 4556 2971 4612 conversionis
2999 4558 3073 4611 illi
3102 4574 3319 4627 quoque
3346 4574 3460 4628 pce-

1908 4654 1990 4692 ua:
2020 4642 2269 4695 extensio
2299 4644 2660 4708 rescindetur,
2694 4654 2751 4699 ut
2800 4661 2898 4715 pro
2950 4662 3141 4701 novem
3195 4649 3353 4702 annis
3406 4648 3459 4701 in

1910 4746 2235 4800 unoquoque
2255 4735 2442 4802 gradu,
2469 4737 2549 4789 vel
2574 4746 2718 4800 octo,
2746 4737 2828 4790 vel
2859 4745 3085 4805 septem.
3117 4739 3201 4793 vel
3224 4740 3463 4808 quinque

1912 4821 2085 4875 solum
2120 4822 2246 4875 anui
2273 4823 2423 4890 (iant,
2455 4827 2498 4879 si
2537 4828 2870 4894 pmnitentia:
2899 4829 3214 4898 magnitudo
3249 4839 3463 4900 tempus

1910 4912 2114 4974 vincat,
2154 4924 2207 4967 ct
2241 4924 2458 4983 superet
2504 4916 2864 4972 correctionis
2898 4919 3080 4973 studio
3140 4936 3234 4975 eos
3283 4922 3375 4988 qui
3408 4920 3461 4974 in

1912 5003 2073 5071 longe
2100 5013 2341 5073 tempore
2382 5009 2683 5074 prtestituto
2732 5019 3011 5079 susceptas
3043 5026 3072 5064 a
3111 5026 3170 5065 se
3224 5012 3464 5065 maculas

1912 5093 2152 5160 segniter
2176 5095 2382 5149 eluunt.
2417 5096 2840 5152 luvoluutarium
2868 5113 3044 5153 autem
3066 5101 3222 5153 venia
3247 5100 3463 5169 quidem

1911 5180 2155 5250 dignum,
2185 5183 2276 5236 sed
2310 5199 2417 5237 non
2449 5185 2719 5240 laudabile
2741 5187 3047 5255 iudicatum
3079 5200 3183 5242 est.
3218 5188 3332 5242 lloc
3375 5204 3465 5242 au-

1914 5278 2021 5321 tem
2051 5269 2187 5333 dixi,
2222 5281 2281 5325 ut
2310 5273 2379 5326 sit
2407 5284 2673 5343 apertum,
2702 5276 2845 5344 quod
2877 5278 3037 5331 etiam
3072 5278 3121 5332 si
3161 5280 3282 5346 quis
3316 5279 3466 5332 invo-

1915 5358 2152 5413 iuntarie
2189 5360 2350 5416 fuerit
2385 5363 2438 5416 in
2469 5364 2674 5419 scelere
2706 5365 2981 5420 homicidii
3010 5384 3024 5419 :
3060 5380 3183 5420 eum
3212 5376 3466 5437 tanquam

1911 5448 2021 5516 iam
2057 5448 2368 5518 profanum,
2403 5453 2677 5522 piaculum
2718 5455 3011 5519 redditum,
3076 5470 3106 5508 a
3140 5457 3464 5521 sacerdotali

1915 5541 2085 5606 gratia
2136 5540 2462 5610 ejiciendum
2514 5546 2883 5613 pronuntiavit
2934 5561 3131 5600 canon.
3194 5546 3465 5613 Quantum

1916 5637 2095 5683 autem
2123 5640 2205 5685 est
2225 5632 2551 5702 expiationis
2581 5641 2794 5705 tempus
2825 5638 2892 5689 ob
2938 5637 3241 5707 simplicem
3292 5637 3461 5691 forni-

1914 5720 2208 5785 tationem,
2240 5731 2451 5777 tantum
2482 5726 2641 5779 etiam
2678 5734 2825 5780 recte
2872 5726 3067 5782 habere
3098 5728 3465 5784 existimatum

1914 5818 1999 5866 est
2035 5810 2087 5864 in
2127 5812 2193 5867 iis
2220 5814 2309 5883 qui
2345 5815 2544 5870 caedem
2580 5817 2996 5871 involuntariatu
3034 5817 3331 5878 fecissent;
3367 5820 3471 5871 sci-

3053 5907 3127 5970 ‘28
