4234 6450
746 382 853 447 895

1995 386 2270 452 ΤῙΙΕΟΠ.
2319 392 2546 455 BALSA
2557 388 2717 453 ΜοΝ

3873 392 3985 456 896

748 504 1094 573 baptizando,
1116 508 1170 563 in
1192 507 1393 563 ﬂuxum
1434 518 1835 564 menstruorum
1857 510 2129 576 inciderit,
2148 530 2317 582 quan-
2349 516 2388 568 Λ

2295 546 2317 555 -
2349 516 2388 568 Λ
2420 510 2682 577 μέλλουτα
2714 513 3092 583 βαπτισθῆναι,
3127 514 3352 583 γένηται
3381 516 3439 567 ἐν
3465 515 3616 585 ῥύσει
3655 516 3766 569 τῶν
3795 515 3967 585 ἐμμή-

755 594 824 647 do
849 595 1005 649 debet
1032 597 1333 665 baptizari?
1358 596 1435 649 Ad
1476 598 1620 666 quod
1666 598 1881 652 divinus
1913 602 1998 653 hic
2036 599 2193 653 Pater
2234 615 2322 655 ro-

754 686 967 752 spondit
996 726 1011 747 .
1043 689 1186 755 quod
1218 688 1435 756 quando
1475 698 1701 756 purgata
1743 688 1924 742 fuerit.
1962 690 2141 745 Donec
2174 692 2319 745 enim

752 775 1036 840 pra‘stituti
1063 777 1178 830 dies
1208 776 1581 845 prasterierint,
1612 778 1823 846 impura
1846 794 1965 832 esse
1990 780 2324 846 judicabitur

751 874 803 916 ct
836 880 933 918 nec
960 867 1344 935 haptizabitur,
1380 881 1479 921 nec
1503 867 1703 922 divinis
1738 870 2010 939 mysteriis
2035 869 2197 939 digna
2228 871 2324 931 hao

751 954 987 1008 liebitur.

1181 1038 1337 1106 167
1351 1044 1727 1114 Interrogatio.

825 1150 843 1181 ε
884 1131 1073 1186 Mulier
1096 1133 1142 1187 si
1176 1134 1461 1202 pepererit,
1489 1136 1717 1189 debetne
1738 1136 1985 1204 jejunare
2014 1136 2247 1201 Pascha,
2270 1144 2326 1193 et

750 1222 932 1275 vinutn
968 1238 1074 1274 non
1097 1224 1313 1277 bibere:
1345 1239 1412 1277 an
1442 1240 1470 1278 a
1497 1226 1706 1294 jejunio
1726 1226 2026 1280 absolvitur
2049 1238 2103 1283 et
2136 1227 2322 1283 vinum

749 1312 931 1365 bibere
961 1311 1313 1379 permittitur,
1341 1328 1407 1365 eo
1438 1316 1581 1381 quod
1620 1314 1918 1383 pepererit?
1952 1334 1968 1365 ι

1380 1402 1682 1469 Responsio.

825 1508 844 1539 ε
880 1488 1255 1560 Excogitatum
1301 1502 1385 1545 est
1422 1494 1729 1562 jejunium,
1770 1504 1827 1547 ut
1870 1510 2069 1563 corpus
2118 1496 2325 1553 humile

749 1579 1025 1633 reddatur.
1082 1580 1137 1634 Si
1171 1598 1303 1652 ergo
1337 1599 1536 1652 corpus
1572 1584 1623 1637 in
1657 1586 1964 1639 humilitate
1992 1596 2045 1640 et
2076 1590 2322 1645 imbecil-

751 1670 897 1723 litate
929 1682 1197 1736 versatur,
1230 1675 1388 1728 debet
1418 1676 1521 1729 cibi
1550 1686 1603 1729 et
1626 1686 1809 1744 potus,
1837 1688 2099 1747 quantum
2131 1683 2244 1736 vult
2268 1692 2325 1740 et

750 1765 953 1826 potest,
984 1758 1113 1816 esse
1136 1763 1427 1832 particeps.
1456 1782 1475 1814 ι

815 1849 972 1903 Βλιε.
1008 1850 1373 1920 Interrogatus
1404 1862 1481 1906 est
1520 1864 1765 1918 sanctus,
1803 1872 1869 1909 an
1911 1859 2069 1913 debet
2102 1860 2321 1927 mulier,

745 1955 864 2005 qua:
898 1940 950 1991 in
982 1938 1201 1995 Paschte
1226 1943 1639 2012 quadragesima
1671 1950 1893 2014 peperit,
1922 1951 2103 2005 bibere
2133 1952 2317 2006 vinum

744 2040 797 2082 ιι
830 2046 857 2082 a
898 2031 1107 2098 jejunio
1157 2034 1383 2087 absolvi.
1434 2033 1499 2087 Et
1538 2040 1835 2105 respondit,
1871 2043 2013 2108 quod
2049 2044 2319 2112 jejunium

745 2122 809 2173 nd
842 2136 1040 2188 corpus
1066 2122 1464 2177 humiliandum
1492 2126 1767 2180 decretum
1803 2140 1907 2183 est.
1940 2130 2091 2196 Quod
2127 2135 2169 2186 si
2202 2148 2324 2187 cor-

744 2227 845 2294 pus
878 2212 1221 2265 humiliatum
1252 2214 1413 2267 fuerit
1445 2227 1497 2269 et
1528 2218 1827 2283 inﬁrmum,
1867 2236 1971 2272 non
2002 2222 2220 2277 aliunde
2239 2222 2324 2293 je-

741 2301 875 2367 junii
911 2302 1195 2370 disciplina
1229 2304 1435 2374 indiget
1460 2325 1473 2360 :
1510 2309 1602 2360 sed
1630 2309 2045 2363 c0nlirmatione
2068 2313 2248 2379 potius
2269 2321 2323 2368 et

744 2392 1081 2444 recreatione
1104 2406 1243 2460 opus
1272 2395 1453 2450 habet.
1490 2395 1653 2450 Debet
1687 2414 1836 2470 ergo,
1869 2417 1989 2469 qua:
2031 2405 2232 2471 peperit
2268 2405 2320 2458 in

746 2480 1042 2544 l‘nscltate,
1094 2484 1197 2537 hoc.
1227 2495 1332 2547 ist,
1371 2488 1422 2539 in
1450 2488 1659 2556 jejunio
1693 2493 1838 2559 quod
1882 2494 1938 2545 .‘it
1971 2503 2189 2562 propter
2222 2494 2319 2548 Pa-

746 2573 895 2635 scha,
931 2573 1005 2625 uti
1031 2584 1081 2627 ct
1118 2575 1244 2627 vino
1278 2585 1331 2629 et
1355 2578 1500 2629 cibo.

1352 2666 1727 2738 Interrogatio.

825 2771 842 2802 ι
872 2753 951 2806 An
975 2754 1130 2808 debet
1160 2756 1412 2818 clericus,
1454 2760 1811 2826 prresentibus
1838 2760 2052 2813 Arianis
2080 2762 2159 2815 vel
2199 2761 2323 2816 aliis

752 2842 1036 2903 lucreticis,
1075 2860 1263 2911 orare;
1293 2856 1344 2899 et
1388 2863 1454 2900 an
1486 2864 1608 2901 eum
1638 2851 1769 2902 nihil
1809 2851 1953 2905 Izcdit
1981 2853 2201 2921 quando
2236 2852 2323 2909 ille

751 2931 879 2985 facit
904 2934 1228 3000 orationem,
1263 2953 1357 2991 seu
1390 2940 1763 2994 oblationem?
1797 2960 1814 2990 ε

1384 3154 1686 3224 Responsio.

823 3260 841 3291 ε
876 3240 932 3294 ln
964 3242 1148 3297 divina
1189 3245 1465 3300 oblatione
1491 3247 1759 3301 diaconus
1782 3258 1906 3302 ante
1938 3250 2322 3305 salutationem
2351 3262 2392 3317 ο

747 3331 946 3383 mlicit:
981 3329 1083 3395 Qui
1120 3347 1226 3385 non
1263 3336 1704 3400 communicatis,
1745 3338 2037 3391 ambulate.
2077 3337 2194 3390 Non
2227 3339 2325 3392 de—

750 3423 875 3472 lutttt
903 3436 1031 3488 ergo
1082 3421 1366 3487 interesse,
1408 3424 1509 3477 nisi
1558 3425 1915 3494 proﬁteantur
1957 3443 2017 3481 se
2058 3428 2324 3496 pmnitcn-

749 3514 891 3578 tiam,
914 3523 1134 3565 acturos
1163 3523 1211 3565 et
1252 3513 1478 3568 haeresin
1518 3515 1804 3569 vitaturos.
1834 3533 1851 3565 ε

818 3602 977 3656 Βλιε.
1013 3601 1372 3671 interrogatio
1401 3604 1467 3659 de
1490 3606 1689 3660 clerico
1738 3605 1877 3659 facta
1904 3616 1987 3659 est
2020 3624 2036 3659 -:
2068 3621 2135 3659 an
2170 3606 2327 3659 debet

748 3692 1107 3760 praesentibus
1133 3692 1401 3746 haereticis
1431 3709 1609 3757 orare,
1652 3703 1747 3748 aut
1778 3696 2123 3750 incruentum
2151 3696 2324 3749 sacri-

749 3784 930 3837 licium
994 3783 1193 3837 oll'erre
1223 3799 1238 3845 ;
1274 3791 1329 3835 et
1362 3782 1664 3851 respondit,
1694 3785 1840 3851 quod
1888 3784 2107 3851 quando
2137 3784 2201 3835 ad
2236 3797 2324 3836 sa-

748 3888 896 3926 cram
948 3888 1192 3927 mensam
1241 3882 1430 3928 sancta
1469 3872 1743 3926 oﬂ'erenda
1791 3884 1935 3933 sunt,
1970 3874 2169 3926 dicitur
2198 3888 2325 3939 prae

751 3960 889 4014 f.:nis
918 3978 930 4013 :
963 3961 1063 4025 Qtti
1104 3976 1209 4013 non
1237 3959 1673 4024 communicatis,
1716 3962 2011 4020 ambulate.
2049 3961 2184 4025 sive,
2219 3960 2323 4014 Ca-

751 4051 1077 4114 techumeni,
1104 4053 1265 4105 exite.
1289 4052 1345 4104 Si
1371 4065 1499 4119 ergo
1523 4050 1896 4105 eateehntneni
1930 4065 2035 4103 non
2072 4052 2327 4103 sinuntur

750 4146 941 4199 adesse
968 4145 1098 4199 dum
1131 4144 1191 4199 lit
1229 4144 1582 4210 sacriﬁcium,
1613 4144 1890 4213 quomodo
1929 4146 2179 4197 sinentur
2211 4144 2322 4196 lue—

751 4236 945 4290 retiei?
972 4234 1085 4290 Nisi
1131 4251 1211 4302 se,
1240 4237 1435 4305 inquit,
1471 4237 1847 4305 pmnitentiam
1894 4244 2114 4290 acturos
2158 4226 2327 4289 conif-

752 4336 987 4388 tcantur,
1027 4336 1080 4379 ct
1108 4326 1177 4379 ab
1212 4326 1403 4379 heresi
1450 4334 1788 4386 cessaturos;
1825 4334 1879 4378 et
1926 4336 2054 4377 tunc
2088 4337 2326 4391 quoque,

755 4424 813 4467 ut
853 4415 1126 4476 existimo,
1169 4416 1309 4468 intra
1346 4416 1607 4483 templum
1646 4430 1766 4469 esse
1796 4430 1901 4468 non
1938 4416 2205 4478 sinentur,
2233 4413 2327 4467 sed

756 4506 889 4557 [oris
917 4520 1039 4559 cum
1086 4504 1521 4568 eatechnmenis;
1553 4504 1697 4573 quod
1725 4506 1768 4560 si
1801 4521 1860 4560 se
1887 4504 1956 4558 ab
1982 4504 2171 4557 lueresi
2204 4502 2330 4556 abs-

758 4607 999 4650 tenturos
1047 4612 1152 4650 non
1202 4597 1576 4665 proﬁteantur,
1628 4612 1695 4651 ne
1746 4613 1870 4652 cum
1923 4593 2329 4651 catechumcnis

756 4686 975 4754 quidem
1007 4688 1323 4751 consistent,
1354 4690 1448 4742 sed
1478 4690 1831 4755 expellentur.

1357 4857 1728 4928 Interrogatio.

834 4969 851 5001 ι
881 4950 935 5004 Si
950 4950 1075 5018 quis
1095 4950 1163 5004 sit
1178 4961 1431 5019 ingratus,
1446 4961 1499 5007 et
1515 4966 1579 5006 ex
1602 4952 1769 5005 multa
1792 4949 2161 5005 imbecillitate
2178 4946 2331 5003 valde

760 5052 1089 5105 attenuatus,
1119 5051 1173 5095 et
1207 5043 1274 5096 ad
1306 5052 1554 5097 sanctum
1591 5043 1796 5097 Pascha
1825 5043 2069 5106 venerit;
2100 5040 2331 5095 debetno

759 5133 980 5184 omnino
1019 5131 1287 5200 jejunare,
1326 5148 1392 5187 an
1428 5148 1548 5199 eum
1589 5132 1821 5187 absolvit
1858 5131 2107 5196 clericus,
2138 5140 2196 5185 ut
2239 5144 2331 5184 ac-

760 5220 927 5288 cipiat
970 5223 1114 5290 quod
1147 5233 1345 5291 potest,
1378 5225 1457 5278 vel
1482 5226 1646 5279 etiam
1684 5225 1862 5305 oleum
1894 5234 1948 5277 ct
1982 5224 2165 5277 vinum
2198 5235 2327 5290 pro-

763 5320 879 5370 pter
910 5310 1133 5365 multam
1161 5312 1280 5376 ejus
1312 5314 1732 5368 imbecillitatem
1752 5312 1813 5361 ἰι

812 5552 913 5634 ,(ἳ)
953 5552 1054 5606 Διὰ
1100 5551 1164 5604 τὸ
1210 5548 1381 5617 σῶμα
1424 5546 1806 5601 ταπεινῶσαι.
1850 5544 2011 5618 Lege,
2044 5546 2129 5601 διὰ
2183 5545 2239 5599 τὸ
2272 5546 2327 5598 τὸ

768 5640 946 5691 οωμα,
976 5636 1081 5676 etc.

839 5692 916 5759 (3)
959 5689 1339 5746 Katu.lu667r.
1386 5686 1543 5753 Lege,
1582 5688 1921 5759 μεταλαϐεῖν.
1961 5688 2113 5740 Enn.

844 5757 917 5818 (ii
960 5762 1096 5815 Ὅτι.
1141 5760 1299 5825 [ιι-κιο,
1338 5759 1416 5811 ὅτι
1456 5758 1560 5809 ὅτε.
1604 5757 1757 5812 Ιιίιητ.

2413 616 2518 648 νων
2539 616 2551 630 ο
2576 599 2703 649 πότε
2728 599 2807 651 δεῖ
2828 601 2997 669 αὐτὴν
3023 601 3389 669 φωτισθήναις
3418 605 3525 655 Καὶ
3544 603 3817 673 ἀπεκρίθη
3844 603 3980 671 πρὸς

2410 685 2568 741 τοῦτο
2611 691 2639 739 ὀ
2688 686 2829 750 θεῖος
2877 684 3027 752 οὗτος
3068 692 3278 759 Πατὴρ,
3308 692 3388 744 ὅτι
3415 692 3501 743 ὅτε
3532 692 3803 761 καθαρθῇ.
3835 694 3977 754 Ἕως

2413 779 2523 849 γὰρ
2551 779 2607 831 αί
2630 778 3010 849 νενομισμέναι
3045 779 3383 848 παρέλθωσιν
3404 781 3627 853 ἡμέραι,
3656 784 3715 835 ὲν
3736 783 3981 853 ἀκαθαρ·

2416 868 2506 937 σία
2553 870 2798 938 κρίνεται
2844 865 3003 933 εἶναι,
3054 870 3145 920 καὶ
3195 868 3318 921 οὕτε
3370 859 3820 942 βαπτιέθήσεται,
3856 871 3981 925 οὔτε

2416 958 2522 1012 τῶν
2556 959 2713 1011 θείων
2750 958 3063 1029 μυστηρίων
3101 958 3480 1031 ἀξιωθήσεται.

3036 1048 3372 1116 Ἐρώτησις.

2488 1155 2508 1188 ι
2555 1136 2695 1207 Γυνὴ
2731 1138 2828 1191 ἐὰν
2854 1138 3110 1210 γεννήσῃ,
3138 1139 3199 1190 τὺ
3227 1139 3417 1207 Πάσχα
3455 1138 3661 1207 ὀφείλει
3690 1136 3983 1208 νηστεῦσαι

2413 1227 2507 1279 καὶ
2557 1228 2630 1297 μὴ
2680 1229 2821 1279 πιεῖν
2858 1223 3020 1290 οἶνον,
3063 1228 3095 1297 ἢ
3134 1226 3426 1280 ἀπολύεται
3453 1227 3552 1297 τῆς
3577 1227 3857 1297 νηστείας,
3889 1226 3983 1281 καὶ

2413 1315 2505 1368 τοῦ
2534 1315 2609 1386 μὴ
2642 1318 2783 1368 πιεῖν
2809 1311 2970 1381 οἶνον,
2992 1315 3081 1369 διὰ
3108 1316 3169 1368 τὸ
3190 1316 3480 1386 γεννῆσαις
3516 1334 3537 1367 ε

3032 1408 3380 1475 Ἀπόκρισις.

2491 1512 2510 1545 ι
2551 1494 2613 1546 Ἦ
2670 1494 2896 1565 νηστεία
2944 1494 3209 1565 ἐπενοήθη
3262 1493 3350 1547 ὀιά
3398 1494 3459 1545 τὸ
3511 1492 3669 1562 σῶμα
3719 1491 3986 1545 ταπεινῶη

2419 1602 2506 1637 σαι
2553 1583 2652 1653 (2).
2695 1578 2763 1636 Ei
2809 1579 2901 1637 οὖν
2952 1584 3013 1636 τὸ
3067 1584 3224 1654 σῶμα
3267 1586 3327 1636 ὲν
3371 1582 3696 1636 ταπεινώσει
3739 1580 3859 1634 tot!
3889 1580 3985 1634 καὶ

2416 1672 2701 1741 ἀσθενείᾳ,
2737 1672 2941 1739 ὀφείλει
2988 1672 3315 1729 καταλαϐεῖν
3350 1672 3448 1741 (3),
3513 1670 3693 1734 καθὼς
3742 1669 3985 1740 βούλεται

2416 1764 2511 1817 καὶ
2535 1763 2755 1815 δύναται
2787 1762 3072 1831 βαστάσαι,
3099 1764 3304 1833 τροφῆς
3339 1764 3431 1815 καὶ
3456 1760 3642 1816 ποτοί
3677 1781 3704 1813 ε

2486 1852 2682 1904 ΒΑΛΣ.
2734 1850 3042 1921 Ἦρωτήθη,
3085 1852 3134 1903 εί
3177 1852 3380 1918 ὀφείλει
3414 1852 3549 1922 γυνὴ
3583 1852 3816 1904 τεκοῦσα

2416 1940 2515 2011 τὴν
2540 1941 2997 2012 Τεσσαρακοστὴν
3028 1941 3121 1993 τοῦ
3149 1941 3359 2011 Πάσχα,
3387 1944 3529 1993 πιεῖν
3563 1936 3724 2003 οἶνον,
3766 1942 3858 1993 καὶ
3885 1942 3990 2007 τῆς

2418 2032 2671 2101 νηστείας
2697 2030 2944 2100 λυθῆναι.
2974 2031 3085 2083 Καὶ
3116 2030 3412 2101 ἀπεκρίθη,
3454 2030 3536 2083 ὅτι
3577 2032 3610 2099 ή
3641 2030 3865 2100 νηστεία
3898 2029 3992 2085 διὰ.

2415 2121 2743 2174 ταπείνωσιν
2775 2120 2868 2173 τοῦ
2896 2119 3144 2191 σώματος
3164 2120 3394 2191 ὡρίσθη.
3410 2120 3535 2173 Έάν
3555 2121 3611 2172 δὲ
3638 2121 3705 2172 τὸ
3723 2120 3886 2187 σῶμα
3900 2135 3989 2172 τε·-

2416 2209 2818 2278 ταπεινωμένον
2861 2210 2955 2262 καὶ
3002 2209 3224 2272 ἀσθενδς
3257 2205 3313 2281 ᾖ,
3340 2209 3563 2263 ἄλλοθεν
3593 2211 3656 2262 οὺ
3685 2209 3857 2262 δεῖται
3889 2207 3989 2277 τῆς

2418 2298 2483 2350 ὲκ
2524 2297 2626 2366 τῆς
2666 2298 2919 2368 νηστείας
2949 2298 3341 2367 παιδαγωγίας,
3376 2299 3511 2353 ἀλλά
3546 2299 3744 2369 μᾶλλον
3788 2298 3989 2351 συστά-

2421 2403 2557 2450 σεως
2583 2388 2772 2458 χρῄζει
2804 2390 2899 2442 καὶ
2931 2392 3299 2459 ἀνακτήσεως.
3317 2389 3548 2457 Ὁφείλει
3576 2384 3667 2443 οὖν
3688 2390 3721 2458 ή
3756 2386 3989 2440 τεκοῦσα

2418 2476 2561 2529 κατά
2591 2478 2651 2529 τὸ
2683 2480 2891 2547 Πάσχα,
2927 2480 3093 2549 ήγουν
3126 2482 3184 2533 ὲν
3213 2482 3277 2551 τῇ
3313 2479 3403 2534 διὰ
3434 2480 3496 2532 τὸ
3514 2480 3704 2549 Πάσχα
3731 2478 3999 2549 γινομένη

2421 2568 2662 2638 νηστείᾳ,
2688 2568 2780 2621 καὶ
2812 2569 2940 2639 οἴνῳ
2972 2570 3273 2639 χρήσασθαι
3299 2569 3394 2621 καὶ
3429 2567 3701 2638 βρώματι.

3039 2660 3370 2725 Ἐρώτησις.

2498 2764 2516 2797 ι
2546 2746 2609 2798 El
2634 2746 2834 2815 ὀφείλει
2862 2747 3117 2817 κληρικὸς
3139 2747 3401 2817 εὔχεσθαι·
3428 2746 3706 2817 παρόντων
3742 2748 3996 2817 ’Λρρεια-

2422 2835 2622 2905 νῶν,ἢ
2686 2837 2861 2896 ἄλλων
2907 2838 3229 2908 αἱρετικιῖΝ·
3266 2840 3312 2889 εί
3354 2836 3505 2890 οὐδὲν
3540 2836 3701 2889 αὐτὸν
3742 2836 3995 2906 βλάπτει,

2422 2927 2549 2979 ὅταν
2597 2926 2760 2989 αὐτὸς
2813 2930 2938 2997 ποιῇ
2991 2928 3089 2998 τὴν
3138 2927 3335 2998 εὐχὴν,
3384 2929 3549 2998 ἦγουν
3593 2927 3691 2997 τὴν
3754 2940 3999 2999 προσπο-

2426 3035 2545 3105 ράν.
2576 3054 2594 3087 ι

3042 3127 3393 3193 Ἀπόκρισις.

2500 3232 2518 3264 ι
2542 3214 2634 3267 Ἑν
2659 3215 2723 3283 τῇ
2754 3214 2873 3284 θείᾳ
2902 3214 3150 3285 ἀναφορᾷ
3198 3218 3227 3268 ὀ
3277 3216 3520 3278 διάκονος
3549 3217 3860 3285 προσφωνεῖ
3891 3216 4001 3286 πρὸ

2424 3304 2517 3355 τοῦ
2589 3304 2881 3374 ἀσπασμοῦ
2920 3321 2934 3337 ⁸
2993 3307 3055 3358 Ol
3112 3306 3463 3377 ἀκοινώνητοι
3490 3346 3505 3371 ,
3564 3308 3995 3377 περιπατήσατε.

2423 3396 2538 3447 οὐκ
2590 3395 2891 3462 ὀφείλουσιν
2936 3392 3029 3449 οὖν
3082 3400 3363 3468 παρεῖναι,
3401 3400 3450 3451 εί
3489 3398 3564 3469 μή
3619 3398 3686 3451 ἂν
3726 3400 3999 3467 ἐπαγγέλμ-

2423 3485 2619 3537 λωνται
2656 3489 2934 3553 μετανοεῖν
2959 3488 3053 3539 καὶ
3082 3487 3371 3555 ὲκφεύγειν
3396 3490 3495 3558 τὴν
3528 3490 3754 3559 αἵρεσιν.
3796 3512 3813 3539 ι

2498 3574 2691 3626 ΒΑΛΣ.
2746 3575 2809 3626 'H
2836 3573 3101 3644 ἐρώτησις
3128 3577 3254 3645 περὶ
3278 3576 3560 3646 κληριχοῦ,
3594 3579 3641 3629 εί
3674 3576 3878 3644 ὀφείλει
3915 3576 4007 3629 εὖ·

2426 3666 2613 3734 χεσθαι
2647 3665 2931 3733 παρόντων
2974 3664 3286 3735 αίρετικῶν,
3319 3667 3485 3735 ήγουν
3527 3666 3859 3735 προσφέρειν
3906 3666 4007 3735 τὴν

2425 3754 2758 3823 ἀναίμακτον
2788 3754 2997 3807 θυσίαν.
3025 3756 3133 3807 Καὶ
3161 3755 3457 3824 ἀπεκρίθη,
3510 3758 3591 3810 ὅτι
3628 3757 3703 3826 (ὀ)
3748 3758 4005 3827 μέλλουσι

2429 3845 2795 3915 προσάγεσθαι
2820 3848 2885 3915 τῇ
2916 3848 3036 3915 ίερᾷ
3067 3846 3314 3918 τραπέζῃ
3338 3846 3407 3898 τά
3429 3848 3618 3914 Ἀγια,
3646 3848 3865 3915 λέγεται
3896 3852 4005 3911 τοῖς

2426 3936 2687 4003 ἀμυήτοις
2708 3951 2722 3965 ’
2758 3935 2818 3987 Οί
2854 3933 3225 4004 ἀκοινώνητοι,
3264 3939 3691 4005 περιπατήσατε,
3723 3937 3917 4006 ήγουν,
3943 3939 4008 3990 Ol

2429 4024 2840 4093 κατηχούμενοι,
2874 4025 3197 4093 προσέλθετε
3225 4027 3323 4093 (5).
3350 4027 3407 4078 Et
3453 4023 3546 4078 οὖν
3585 4029 3632 4078 oi
3662 4028 4010 4095 κατηχούμε-

2427 4130 2505 4164 νοι
2536 4114 2635 4164 οὐκ
2669 4114 2863 4167 ἐῶνται
2900 4117 3151 4184 παρεῖναι
3176 4115 3502 4187 τελουμένης
3528 4118 3624 4186 τῆς
3652 4117 3864 4179 θυσίας,
3892 4118 4010 4180 πῦς

2429 4203 2694 4272 αἱρετικοὶ
2727 4203 3085 4274 ὲαθήσονται;
3117 4206 3178 4257 El
3208 4207 3388 4274 μήπου
3432 4207 3873 4274 ὲπαγγέλλωνται
3906 4207 4009 4276 (6),

2432 4293 2585 4361 φησὶ,
2624 4298 2897 4362 μετανοεῖν
2940 4296 3031 4347 καὶ
3073 4296 3401 4363 ἀφίστασθαι
3438 4299 3534 4366 τῆς
3564 4298 3865 4367 αίρέσεως’
3914 4300 4012 4350 καὶ

2430 4382 2548 4433 τότε
2578 4383 2655 4448 δὲ,
2701 4380 2872 4454 οἶμαι,
2904 4386 3001 4437 οὐκ
3036 4388 3186 4449 ἐντὸς
3215 4386 3307 4439 τοῦ
3342 4386 3471 4440 ναοῦ
3506 4387 4012 4457 παραχωρηθήσον-

2431 4487 2520 4524 ται
2564 4468 2723 4533 εἶναι,
2756 4473 2871 4525 ἀλλ’
2898 4474 3002 4539 ἔξω
3041 4476 3177 4543 μετά
3211 4476 3318 4527 τῶν
3359 4476 3810 4544 κατηχουμένων·
3848 4475 3927 4535 ὡς
3960 4476 4009 4525 εί

2364 4597 2405 4651 D
2436 4564 2511 4635 μὴ
2559 4565 2979 4632 ἐπαγγέλλονται
3032 4566 3359 4634 ἀφίστασθαι
3406 4567 3505 4634 τῆς
3557 4566 3840 4635 αἱρέσεως,
3888 4558 4012 4617 οὐδὲ

2432 4656 2543 4716 τοῖς
2587 4656 3011 4725 ,τηχουμένοις
3050 4658 3425 4727 συστήσονται,
3615 4657 4013 4726 ἐκδιωχθήσον-

2434 4762 2546 4799 ται.

3057 4837 3387 4905 Ἐρώτησις.

2512 4942 2531 4974 ι
2554 4924 2678 4977 Ἐάν
2723 4942 2806 4989 τις
2920 4926 3161 4980 ἀσθενῶν
3190 4931 3281 4981 καὶ
3314 4930 3564 4993 ὲκτακεὶς
3600 4930 3739 4983 πάνυ
3770 4930 3883 4983 ἀπὺ
3914 4930 4015 4997 τῆς

2439 5014 2638 5086 πολλῆς
2698 5016 3002 5079 ἀσθενείας,
3035 5020 3128 5070 καὶ
3166 5020 3294 5088 ἔλθῃ
3339 5021 3403 5074 τὸ
3438 5021 3589 5088 ἆγιον
3613 5023 3838 5091 Πάσχα·
3874 5022 4012 5074 πάν-

2440 5121 2548 5167 τως
2593 5105 2797 5173 ὀςρείλει
2826 5106 3146 5175 νηστεῦσαι,
3173 5108 3206 5177 ἢ
3240 5109 3461 5163 ἀπολύει
3505 5112 3665 5163 αὐτὸν
3696 5112 3725 5163 ὀ
3750 5112 4015 5182 χληρικὸς

2442 5184 2767 5265 λαμϐάνειν,
2810 5189 2871 5250 οὗ
2912 5197 3154 5260 δύναται,
3195 5198 3226 5267 ἢ
3272 5200 3363 5258 καὶ
3394 5200 3568 5254 ἔλαιον
3597 5203 3689 5255 καὶ
3725 5198 3891 5266 οἶνον,
3925 5202 4016 5254 διὰ

2444 5288 2542 5355 τὴν
2568 5288 2767 5357 πολλὴν
2794 5288 2958 5340 αὑτοῦ
2980 5288 3293 5341 ἀσθένειαν·
3329 5309 3347 5341 ι

2506 5540 2583 5607 (5)
2626 5537 3008 5606 Προσέλθετε.
3056 5534 3367 5607 Legendum
3398 5534 3629 5607 videtur,
3679 5530 4007 5601 παρέλθετε,

2439 5603 2521 5663 vel
2550 5603 2813 5675 agnem,
2845 5617 2901 5659 ιιι
2937 5603 3207 5674 interpres
3239 5606 3415 5657 vertit.
3454 5603 3610 5656 Eutr.

2509 5671 2603 5745 ((3)'
2636 5671 3160 5745 'Exaj'réJJ-zurtht.
3233 5675 3413 5737 Forte,
3458 5671 3873 5741 ἐπαγγέλλοντι-ι
3945 5675 4006 5719 ut

2443 5752 2600 5822 paulo
2634 5746 2791 5800 intra.
2829 5746 2977 5799 Eutr.
