4234 6450
235 434 338 507 91':

1208 440 1287 500 ΙΝ
1327 438 1570 501 EPIST.
1606 441 1667 500 S.
1709 439 2012 501 CYi.llLLl
2042 443 2139 501 ,ω
2184 442 2530 504 [)OMNUM.

3372 446 3477 506 918

235 574 388 622 τινας
416 561 489 623 ὼς
521 560 811 623 ὑπόπτους.
848 558 1047 613 Οὐδένα
1076 558 1173 628 μέν
1197 557 1303 631 γὰρ
1331 560 1438 614 τῶν
1461 559 1810 618 θεοσεσεστά-
1843 568 1884 618 Α

1843 568 1884 618 Α
1922 562 2179 616 simorum
2205 562 2582 632 episcoporum
2602 559 2656 615 in
2677 564 2895 618 fratrem
2920 567 3138 620 inimico
3160 579 3278 619 esse
3304 582 3484 617 animo

238 667 345 702 των
392 652 703 704 ἐπισκόπων
752 651 919 720 ἐχθρὰ
948 654 1163 721 φρονεῖν
1208 652 1420 721 ἀδελφῷ
1460 654 1802 723 πιστεύομεν.

1920 653 2217 706 credimus.
2261 653 2339 706 Ne
2380 660 2564 705 autem
2594 652 2685 705 hic
2714 662 3008 721 praetextus
3046 658 3291 709 futurum
3329 654 3395 707 de
3420 670 3486 708 eo

241 740 358 793 Ἵνα
400 741 456 793 δὲ
502 743 576 813 μὴ
616 743 884 812 πρόφασις
922 741 1059 811 αῦτη
1111 742 1369 811 γένηται,
1399 742 1497 811 τὴν
1542 745 1807 815 ἐσομένην

1915 742 2181 812 judicium
2216 742 2506 809 dissolvat,
2535 756 2594 800 ut
2622 762 2731 801 non
2764 748 2885 815 jure
2917 746 3119 801 factum
3150 762 3269 801 esse
3298 746 3486 799 videa-

236 830 324 881 ἐπ’
372 832 518 900 αὐτῷ
559 832 739 901 κρίσιν
778 831 1155 901 παραλύουσα,
1192 834 1327 901 πρὸς
1366 832 1426 884 τὸ
1470 831 1544 901 μὴ
1573 834 1629 884 ἐν
1680 832 1806 904 δίκῃ

1921 840 2028 896 tur,
2056 837 2160 885 n‘on
2191 848 2349 902 grave
2378 846 2461 890 est
2487 850 2516 889 a
2547 851 2805 891 consessu
2829 836 3017 891 abesse
3040 854 3229 894 eorum
3280 840 3373 909 qui
3398 854 3490 893 su-

236 922 564 990 πεποιῆσθαι
596 923 793 985 δοκεῖν,
835 922 987 975 οὐδέν
1013 924 1129 976 ἐστι
1155 923 1215 976 τὸ
1236 921 1440 974 λυποῦν
1469 923 1686 977 ἀπεῖναι
1716 925 1805 977 τοῦ

835 922 987 975 οὐδέν
1013 924 1129 976 ἐστι
1155 923 1215 976 τὸ
1236 921 1440 974 λυποῦν
1469 923 1686 977 ἀπεῖναι
1716 925 1805 977 τού
1917 924 2087 992 specti
2117 933 2244 978 sunt
2265 926 2497 995 aliquos.

236 1014 514 1083 συνεδρίου
544 1012 652 1066 τῶν
681 1014 738 1065 ἐν
765 1012 971 1083 ὑποψίᾳ
996 1013 1169 1075 τίνάς.

309 1106 505 1162 ΒΑΛΣ.
527 1108 601 1161 Τὸ
631 1112 919 1180 προοίμιον
944 1114 1039 1182 τῆς
1065 1115 1350 1184 ἐπιστολῆς
1372 1116 1630 1185 τοιαύτης
1662 1116 1808 1170 ἐστὶν

236 1192 464 1257 ἐννοίας.
481 1197 649 1265 Φησὶν
669 1200 697 1251 ὁ
712 1198 867 1268 ἅγιος
885 1217 900 1231 ·
922 1202 1043 1254 Ὀτι
1074 1203 1142 1256 τὰ
1168 1204 1290 1258 καθ’
1322 1207 1467 1276 ἡμᾶς
1490 1208 1809 1276 πράγματα.

236 1282 306 1334 τὰ
334 1284 767 1355 ἐκκλησιαστικά
796 1291 1057 1361 δηλονότι,
1086 1293 1118 1364 ἤ
1151 1294 1335 1361 ἀπλῶς
1364 1298 1429 1350 τά
1472 1296 1807 1366 ἀνθρώπινα,

236 1372 367 1426 ὅταν
392 1376 515 1429 κατ’
547 1378 812 1450 εὐθύτητα
845 1383 1133 1455 κανονικὴν
1156 1386 1533 1453 διεξάγωνται,
1562 1387 1687 1441 οὔτε
1716 1388 1810 1440 θόν

237 1461 403 1533 ρυδον
433 1468 565 1536 ἡμῖν
595 1470 906 1537 ἐπάγουσιν,
930 1471 1054 1526 οὔτε
1085 1476 1399 1547 δυσφημίαν
1427 1478 1575 1547 παρά
1611 1496 1770 1533 τινων
1796 1498 1807 1513 ο

236 1560 377 1615 ἀλλὰ
440 1566 641 1633 μᾶλλον
728 1567 985 1632 ἐπαίνους
1042 1572 1176 1639 ἡμῖν
1248 1574 1520 1642 προξενεῖ.
1586 1571 1652 1626 Ἦ
1706 1574 1816 1643 γὰρ

1992 1117 2189 1173 BALS.
2232 1119 2558 1175 Prooemium
2586 1118 2829 1188 epistola.-
2871 1119 3012 1173 hunc
3052 1117 3208 1170 habet
3246 1130 3486 1169 Sensum.

1920 1208 2060 1264 Dicit
2086 1222 2305 1266 sanctus
2338 1229 2351 1265 :
2380 1213 2482 1265 fies
2518 1219 2736 1273 nostrae,
2764 1209 2969 1263 scilicet
2989 1207 3384 1269 ecclesiasticm,
3412 1205 3492 1259 vei

1917 1302 2234 1370 simpliciter
2283 1302 2549 1365 humanm,
2585 1304 2803 1371 quando
2861 1300 3121 1355 canonica
3171 1298 3499 1353 rectitudine

1919 1392 2235 1458 procedunt,
2287 1408 2383 1445 nec
2436 1392 2591 1446 nobis
2643 1393 2926 1445 tumultum
2992 1393 3331 1459 ingenerant,
3396 1406 3498 1446 nec

1922 1480 2223 1547 aliquorum
2248 1482 2556 1544 maledicta,
2588 1484 2678 1536 sed
2707 1481 2894 1537 laudes
2921 1482 3073 1536 nobis
3108 1483 3287 1550 potius
3317 1484 3501 1537 conci-

1924 1570 2079 1623 lianl.
2110 1568 2379 1627 Iudicium
2414 1576 2578 1636 enim,
2611 1572 2754 1642 quod
2786 1588 2884 1628 nec
2920 1574 3021 1627 huc
3053 1587 3151 1628 nec
3186 1573 3311 1627 illuc
3334 1572 3496 1626 incli-

237 1653 607 1726 ἀπροσκλινῆς
636 1660 815 1727 κρίσις
849 1660 880 1729 ἢ
914 1662 1179 1732 apsum,
1218 1663 1250 1732 ἠ
1308 1665 1600 1729 εὐθυτάτη,
1652 1667 1818 1719 πᾶσίν

1913 1671 2005 1712 nat
2029 1677 2127 1715 nec
2148 1664 2473 1732 propendet,
2495 1663 2589 1717 sed
2617 1670 2695 1715 est
2718 1661 3111 1723 rectissimum.
3134 1672 3217 1716 est
3238 1662 3305 1715 ab
3323 1661 3498 1716 omni-

237 1742 387 1798 ἐστιν
414 1747 712 1801 ἀποδεκτέα
736 1767 751 1782 ο
786 1753 880 1805 καὶ
913 1754 973 1805 ού
1025 1754 1184 1823 μόνον
1217 1754 1619 1824 ἀνεπίπληκτόν
1644 1756 1817 1821 ἐστιν,

1914 1751 2016 1805 bus
2039 1753 2472 1824 suscipiendum;
2492 1767 2545 1810 et
2568 1770 2676 1809 non
2699 1756 2858 1825 176
2874 1756 3048 1809 solum
3070 1769 3178 1809 non
3200 1765 3282 1809 est
3298 1770 3327 1809 a
3363 1757 3501 1809 vitu-

236 1834 409 1920 ἧγουν
436 1840 840 1907 ἀκαταιτίατον,
875 1845 973 1898 οὐκ
1006 1845 1355 1915 ἐπιπλήξεως
1398 1846 1567 1913 ἀξιον,
1603 1838 1663 1902 τὸ
1696 1850 1818 1918 κρί-

1925 1846 2200 1911 peratione
2233 1854 2287 1903 et
2318 1847 2660 1903 accusatione
2688 1849 2943 1908 alienum.
2976 1845 3394 1915 reprehensione
3421 1845 3505 1897 in—

236 1944 353 1981 νειν
378 1930 570 1999 ὀρθῶς,
598 1934 729 1987 ἀλλὰ
754 1936 849 1986 καὶ
889 1937 1302 2005 ἐπαινούμενον.
1340 1937 1497 1993 Οὕτω
1542 1940 1597 1992 δὲ
1632 1958 1814 2010 προοιη
1849 1942 1890 1995 Β

1849 1942 1890 1995 Β
1922 1937 2162 2003 dignum,
2197 1949 2342 1994 recte
2364 1940 2607 2011 judicare
2633 1955 2646 2000 ;
2677 1937 2769 1993 sed
2808 1938 2971 1991 etiam
3007 1936 3356 1991 laudandum.
3394 1932 3505 1987 lloc

241 2022 579 2088 μιασάμενος
603 2026 765 2096 φησὶν
792 2029 873 2080 ὅτι
893 2026 1078 2082 Ταῦτα
1108 2029 1325 2098 γράφω,
1343 2032 1424 2084 ὅτι
1456 2032 1520 2083 σὺ
1554 2032 1802 2085 ἐπέστει-

235 2111 338 2173 λας
364 2115 495 2183 ἡμῖν
521 2116 610 2168 τὸν
646 2118 1043 2173 εὐλασέστατον
1104 2123 1475 2193 πρεσϐύτερον
1522 2124 1820 2178 ἐπίσκοπον

238 2204 514 2275 ὀνομάσας
536 2226 548 2239 ·
580 2210 671 2263 καὶ
700 2212 872 2265 ταῦτα
919 2213 1087 2267 αὑτοῦ
1119 2215 1419 2280 κλαίοντος,
1453 2217 1545 2269 καὶ
1574 2215 1823 2283 λέγοντος

240 2298 566 2367 κεκινῆσθαι
606 2303 702 2370 τῆς
733 2306 1066 2375 νεμηθείσης
1118 2307 1265 2379 αύτῷ
1299 2308 1619 2377 ἐκκλησίας,
1652 2310 1821 2378 ἤγουν

241 2390 607 2460 ἐκσεδλῆσθαι
637 2394 734 2464 τῆς
770 2396 1019 2466 διθείσης
1045 2399 1194 2469 αὐτῷ
1241 2401 1567 2471 ἐπισκοπῆς.
1603 2396 1711 2454 Ἦν
1768 2402 1823 2454 δὲ

241 2480 536 2535 ἀκόλουθον
568 2484 598 2553 ἧ
628 2488 720 2539 καὶ
746 2486 805 2539 τὸ
825 2488 996 2558 ὄνομα
1027 2490 1121 2543 10-3
1152 2491 1454 2545 ἐπισκόπου
1483 2491 1631 2562 ἔχειν
1662 2491 1824 2545 αὐτὸν

245 2568 343 2621 καὶ
387 2572 445 2623 τὺ
475 2576 727 2643 πρᾶγμα,
761 2578 929 2648 ἧγουν
957 2586 1054 2651 την
1095 2583 1400 2654 ἐπισκοπὴν
1430 2586 1523 2639 καὶ
1549 2585 1648 2654 τὴν
1674 2586 1825 2655 ἐνέρε-

248 2676 405 2727 γειαν
435 2664 525 2716 τοῦ
562 2667 859 2721 ὲπισκὲπου
883 2686 895 2701 ⁸
929 2671 961 2742 ἢ
999 2673 1046 2724 εί
1076 2673 1151 2744 μὴ
1182 2670 1249 2743 ἦν
1282 2675 1431 2739 ἄξιος
1463 2676 1824 2745 προΐστασθαι

251 2748 659 2825 θυσιαστηρίου,
687 2758 824 2828 μηδὲ
865 2760 1164 2815 ἐπίσκοπον
1199 2762 1469 2831 λέγεσθαι.
1530 2764 1669 2817 Ἀλλ’
1694 2766 1825 2831 ῖσως

249 2842 409 2899 τοῦτο
449 2846 506 2899 τδ
544 2848 833 2919 λεγόμενον
892 2852 957 2907 ἀν
999 2871 1082 2907 σοι
1130 2855 1255 2926 δόξῃ
1289 2855 1544 2928 σκληρὸν,
1590 2857 1747 2927 κάγὼ
1799 2861 1827 2912 ό

250 2934 425 3005 λόγων
450 2939 579 2993 αὐτὸ
606 2943 994 3019 ἀφιλάλληλος’
1030 2947 1129 3001 οὐκ
1159 2948 1274 3001 ἐστι
1299 2950 1353 3002 δέ
1379 2949 1556 3004 τοῦτο.
1576 2951 1827 3021 Ἑλεῆσαι

252 3027 396 3097 τάχα
419 3049 520 3083 που
554 3036 854 3105 νομίζομεν
885 3039 975 3091 τὸν
1013 3040 1351 3111 πρεσϐύτην.
1382 3042 1603 3110 Είσάγει
1636 3042 1694 3096 δέ
1736 3046 1825 3095 ἐν·

249 3119 427 3175 ταῦθα
446 3123 535 3176 τὸν
559 3124 722 3193 λόγον
744 3128 1139 3198 πληθυντικῶς,
1160 3132 1350 3203 ὥσπερ
1380 3133 1473 3186 καὶ
1502 3132 1633 3201 περὶ
1657 3135 1823 3188 αὑτοῦ

251 3209 429 3278 λέγων
455 3212 491 3267 ἀ
526 3212 696 3283 λέγει,
723 3217 809 3271 ἵνα
838 3220 1305 3294 ἀνεπαχθέστερος
1357 3222 1531 3288 οὕτως
1561 3226 1644 3295 είη
1678 3227 1704 3280 ό
1734 3227 1823 3279 λό-

1929 2022 2056 2082 usus
2085 2033 2349 2098 protenin
2374 2033 2506 2087 dicit
2530 2052 2543 2087 :
2569 2031 2693 2086 llaec
2715 2031 2915 2093 scribo,
2940 2030 3064 2100 quia
3098 2038 3151 2083 tu
3186 2028 3249 2082 ad
3276 2036 3377 2083 'nos
3409 2026 3507 2080 mia

1924 2123 2083 2185 sisti,
2119 2124 2583 2193 religiosissimum
2638 2125 3013 2195 presbyterum
3060 2125 3370 2192 episcopum
3408 2137 3507 2173 no-

1927 2216 2138 2271 minans
2165 2233 2177 2268 :
2208 2231 2329 2270 cum
2356 2216 2703 2285 ipseinterim
2749 2215 2961 2277 deﬂeat,
2988 2228 3042 2270 et
3072 2215 3214 2269 dicat
3241 2230 3297 2269 se
3329 2229 3356 2265 a
3388 2226 3508 2280 pos-

1926 2322 2071 2361 sessa
2106 2308 2207 2361 sibi
2237 2308 2459 2363 ecclesia
2492 2309 2724 2378 ejectum
2766 2322 2908 2371 esse,
2933 2322 3027 2361 seu
3064 2322 3091 2358 a
3122 2307 3224 2360 sibi
3247 2306 3370 2359 dato
3392 2307 3508 2375 epi-

1925 2408 2148 2469 scopatu
2196 2402 2503 2471 expulsum.
2556 2402 2683 2455 Erat
2717 2409 2896 2457 autem
2952 2408 3398 2464 consentaneum,
3452 2409 3511 2452 ut

1927 2494 2007 2549 vel
2039 2509 2237 2549 nomen
2272 2494 2497 2549 haheret
2528 2495 2787 2566 episcopi,
2824 2503 2877 2551 et
2919 2510 3051 2556 rem,
3085 2509 3178 2549 seu
3230 2494 3511 2561 episcopa-

1929 2594 2040 2640 tum
2072 2597 2125 2640 et
2152 2586 2389 2655 episcopi
2428 2603 2625 2642 munus
2656 2605 2669 2641 :
2707 2588 2788 2641 vel
2814 2588 2858 2641 si
2891 2603 2996 2640 non
3032 2594 3155 2641 erat
3201 2586 3391 2651 dignus
3417 2584 3510 2651 qui

1927 2675 2081 2730 altari
2112 2683 2385 2749 praeesset.
2409 2692 2507 2731 nec
2527 2677 2815 2746 episcopus
2838 2677 3055 2744 quidem
3080 2675 3374 2729 diceretur.
3406 2672 3514 2727 Sed

1928 2765 2162 2821 fortasSe
2183 2766 2258 2833 id,
2278 2768 2422 2838 quod
2456 2768 2655 2823 dictum
2685 2775 2787 2835 est,
2821 2767 2916 2822 tibi
2948 2767 3194 2821 videatur
3215 2765 3436 2829 durum,
3463 2775 3519 2817 et

1928 2871 2027 2927 ego
2057 2872 2292 2929 quoque.
2320 2860 2411 2929 qui
2439 2860 2488 2915 id
2522 2842 2663 2925 dico,
2697 2859 3083 2914 immisericors
3111 2877 3124 2913 :
3158 2858 3251 2913 sed
3288 2872 3391 2910 non
3441 2855 3515 2909 ita

1928 2958 2030 3003 est.
2065 2948 2181 3004 Nos
2198 2951 2344 3005 enim
2388 2951 2533 3006 senis
2575 2950 2763 3019 utique
2816 2965 2920 3005 nos
2946 2949 3190 3005 misereri
3241 2956 3515 3015 putamus.

1929 3040 2241 3095 OratiOnem
2267 3052 2447 3097 autem
2478 3042 2757 3112 pluraliter
2787 3040 3055 3105 enuntiat,
3084 3049 3339 3107 tanquam
3368 3039 3434 3091 de
3457 3053 3516 3091 se

1928 3134 2046 3200 ipso
2094 3143 2309 3202 quoque
2353 3132 2539 3187 dicens
2590 3147 2709 3202 quae
2751 3131 2901 3197 dicit,
2943 3131 3110 3204 utsic
3150 3130 3335 3183 minus
3371 3140 3518 3183 esset

1948 3220 2170 3277 molesta
2207 3222 2404 3283 oratio.
2433 3230 2490 3277 et
2521 3237 2623 3277 non
2658 3220 2723 3275 ad
2751 3221 2868 3290 ejus
2901 3220 3073 3276 solius
3102 3218 3514 3273 insectationem

251 3319 369 3371 γος.
398 3305 493 3361 καὶ
530 3308 604 3380 μῆ
629 3310 707 3372 εἰς
739 3314 1088 3385 καταδρομὴν
1123 3316 1288 3386 μόνου
1324 3318 1538 3371 ἐκείνου
1569 3318 1697 3390 δοκῇ
1748 3319 1831 3386 γί-
1859 3296 1903 3357 c

1859 3296 1903 3357 C
1937 3310 2076 3365 facta
2111 3326 2232 3367 esse
2256 3312 2551 3367 videretur.
2586 3312 2652 3365 Et
2684 3312 2838 3366 nobis
2865 3310 3035 3381 ipsius
3060 3308 3221 3364 veluti
3258 3308 3521 3362 miseran-

253 3398 462 3454 νεσθαι.
498 3402 607 3455 Καὶ
626 3404 701 3468 ὡς
734 3405 1028 3461 ἐλεούντων
1077 3409 1236 3479 ἡμῶν
1266 3412 1448 3477 αὑτὸν,
1488 3412 1644 3482 φησὶ,
1698 3412 1832 3481 μόνη

254 3490 405 3560 αύτῷ
436 3494 760 3567 κατελείφθη
786 3498 816 3566 ἡ
852 3498 1042 3567 κλῆσις
1069 3500 1163 3553 τοῦ
1206 3502 1533 3555 ἐπισκόπου.
1564 3502 1750 3573 Πολλῷ
1776 3503 1831 3555 δὲ

254 3574 323 3647 ῆν
344 3583 597 3648 κρεῖσσον
627 3585 879 3655 ἐννοῆσαι
908 3587 1080 3643 καὶτὸ
1098 3590 1305 3660 ἕτερον.
1328 3594 1485 3645 Ποῖον
1521 3592 1679 3645 τοῦτο
1711 3610 1725 3657 ;
1758 3596 1833 3646 Οὐ

255 3667 477 3739 δοθῆναι
538 3674 688 3743 αὑτῷ
761 3677 956 3747 καιρὸν
1020 3678 1337 3747 ἀπολογίας,
1393 3683 1487 3733 καὶ
1556 3683 1837 3752 ἀκρόασιν

257 3763 626 3833 προστεθῆναι
655 3767 968 3837 κανονικὴν,
1019 3768 1187 3837 ἧγουν
1231 3770 1579 3841 δικαστήριον
1628 3774 1837 3826 συνοδι-

257 3853 375 3907 κόν.
418 3855 581 3924 Λέγει
605 3858 712 3926 γὰρ
741 3858 998 3914 δύνασθαι
1035 3863 1299 3930 συστῆναι
1325 3864 1391 3933 τῇ
1432 3864 1610 3934 οἰκείᾳ
1637 3864 1839 3932 ὑπολήο

256 3945 373 4015 ψει,
409 3947 528 4001 ἀντὶ
562 3947 655 4001 τοῦ
686 3948 927 4003 ἀναίτιον
950 3951 1140 4003 ἑαυτὸν
1174 3950 1474 4016 ἀποδεῖξαι.
1509 3953 1572 4006 Ei
1630 3954 1683 4005 δὲ
1714 3954 1838 4019 ἐγέ-

257 4054 381 4091 νετο
400 4038 744 4104 ταύτα,αύτὰ
763 4040 843 4093 τάν
862 4041 1254 4113 ὑπομνήματα,
1274 4045 1343 4097 τά
1376 4044 1469 4097 ἐπὶ
1500 4048 1567 4115 τῇ
1592 4046 1838 4111 ἐξετάσει

259 4130 551 4199 γενόμενα,
577 4130 813 4201 ἧλεγξαν
857 4133 926 4185 ἂν
984 4131 1167 4200 αὐτὸν,
1201 4134 1234 4204 ἢ
1274 4136 1713 4207 κεκρατημένον,
1749 4140 1846 4191 κα¹ι

263 4221 451 4292 ενοχον
474 4226 582 4287 τοῖς
614 4226 929 4297 αίτιάμασι,
968 4226 1064 4281 καὶ
1097 4228 1174 4298 μὴ
1200 4228 1502 4300 δυνάμενον
1557 4229 1739 4299 λέγειν
1761 4232 1842 4285 ὃτι

261 4316 538 4387 ἠδίκηται,
584 4318 615 4388 ῆ
659 4320 752 4373 ἐὰν
806 4320 1099 4384 ἀνεύθυνος
1164 4320 1361 4389 ἐφάνη,
1411 4322 1577 4377 πάλιν
1639 4325 1839 4379 ἐδίδοτο

261 4408 410 4479 αύτῷ
441 4412 473 4480 ἡ
502 4412 805 4479 προστασία
825 4414 923 4482 τῆς
962 4413 1309 4478 Ἐκκλησίας.
1354 4415 1476 4468 Ὀτι
1498 4416 1553 4469 δέ
1578 4416 1679 4470 οὐκ
1713 4418 1838 4485 ἐγέ-

260 4518 384 4554 νετο
410 4502 651 4556 τοιοῦτόν
677 4520 730 4555 τι
753 4505 997 4575 καταὸοᾷ
1042 4505 1117 4568 ὡς
1156 4506 1440 4576 ἀδικηθεὶς
1483 4509 1578 4561 καὶ
1604 4511 1845 4579 παρανό-

1942 3403 2108 3466 tibus,
2134 3403 2325 3471 inquit,
2359 3404 2472 3459 sola
2503 3405 2601 3473 ipsi
2626 3402 2861 3472 episeOpi
2893 3401 3181 3471 appellatio
3206 3400 3390 3454 relicta
3413 3409 3519 3453 est.

1940 3492 2106 3547 Multo
2139 3501 2315 3547 autem
2348 3501 2465 3546 erat
2499 3493 2689 3546 melius
2721 3493 2864 3546 aliud
2895 3506 3110 3562 quoque
3142 3490 3517 3546 considerare.

1944 3583 2113 3649 Quale
2167 3584 2293 3637 illud
2328 3585 2351 3637 ?
2386 3585 2503 3638 Non
2555 3586 2719 3639 fuisse
2766 3585 2814 3640 ei
2862 3584 3047 3637 datum
3083 3591 3296 3651 tempus
3334 3576 3523 3635 defen—

1942 3676 2128 3741 sionis,
2163 3692 2261 3731 nec
2294 3677 2459 3732 fuisse
2505 3678 2833 3748 propositam
2887 3676 3256 3731 defensionem
3302 3676 3526 3729 canoni-

1942 3779 2083 3827 cam,
2112 3779 2206 3818 seu
2264 3766 2518 3835 synodale
2556 3766 2835 3836 judicium.
2895 3765 3036 3820 Dicit
3077 3765 3218 3819 enim
3264 3780 3321 3819 se
3368 3779 3527 3834 posse

1943 3868 2158 3909 causam
2192 3871 2342 3910 suam
2388 3858 2637 3925 probare,
2676 3857 2724 3911 id
2764 3867 2845 3912 est
2876 3871 2935 3912 se
2975 3857 3316 3910 innocentem
3346 3868 3528 3911 osten-

1946 3947 2091 4001 dere.
2127 3946 2221 4001 Sin
2252 3959 2430 4002 autem
2452 3948 2567 4003 haec
2598 3948 2738 4002 facta
2762 3955 2970 4012 essent,
3001 3947 3115 4017 ipsa
3148 3958 3289 4012 acta,
3323 3961 3447 4016 qua:
3471 3948 3528 3999 in

1958 4040 2359 4096 examinatione
2391 4040 2532 4096 facta
2568 4051 2717 4105 sunt,
2751 4042 2926 4111 ipsum
2951 4040 3035 4095 vel
3065 4054 3184 4095 esse
3218 4038 3449 4093 evictum
3473 4048 3531 4090 et

1948 4134 2267 4189 criminibus
2295 4135 2613 4200 obnoxium,
2646 4149 2743 4189 nec
2773 4149 2933 4203 posse
2964 4148 3023 4190 se
3049 4132 3243 4202 injuria
3272 4129 3524 4185 affectum

1949 4241 2070 4280 esse
2098 4226 2283 4281 dicere
2336 4227 2724 4295 ostenderent;
2758 4227 2839 4281 vel
2876 4228 2919 4281 si
2955 4227 3213 4280 innocens
3242 4224 3527 4294 apparttiso

1952 4327 2052 4381 set,
2081 4318 2129 4373 ei
2163 4333 2478 4375 concessum
2508 4327 2671 4383 esset,
2706 4331 2764 4374 ut
2804 4334 2991 4374 rursus
3039 4326 3294 4388 praeesset
3339 4316 3529 4370 Eccle-

1949 4411 2062 4465 siae.
2092 4409 2224 4477 Quia
2276 4420 2455 4467 autem
2499 4412 2630 4467 nihil
2683 4412 2787 4467 tale
2824 4410 3023 4466 factum
3079 4419 3183 4476 est,
3216 4424 3274 4463 se
3329 4408 3529 4475 injuria

1953 4502 2202 4557 affectum
2227 4519 2347 4559 esse
2378 4504 2725 4569 vociferatur,
2756 4515 2809 4559 et
2856 4514 3053 4573 prmter
3086 4504 3232 4571 leges
3271 4502 3527 4569 ejectum,

266 4610 381 4663 μως
404 4595 710 4665 ἐκϐληθεὶς,
733 4596 905 4664 λέγων
934 4598 1018 4650 ὅτι
1065 4597 1161 4650 καὶ
1191 4598 1522 4668 ἡρπάγησαν
1575 4601 1675 4653 ὅσα
1733 4600 1844 4672 εἶχε
1874 4619 1926 4679 D

1874 4619 1926 4679 Β
1955 4595 2138 4650 dicens
2166 4611 2517 4665 quascunque
2552 4598 2716 4651 etiam
2751 4597 2984 4651 habebat
3013 4594 3272 4664 pecunias
3296 4593 3528 4647 ablatas.

262 4688 541 4757 χρήματα.
572 4688 643 4740 Σὺ
657 4688 857 4756 τοίνυν,
885 4688 964 4759 τῷ
990 4690 1178 4760 Δόμνῳ
1208 4691 1407 4757 γράφει
1436 4692 1461 4742 ό
1481 4692 1633 4757 ἅγιος
1656 4730 1671 4752 ,
1692 4692 1845 4757 εἰδὼς

262 4777 359 4827 καὶ
388 4776 514 4837 τοὺς
541 4775 718 4838 θείους
744 4778 973 4839 κανόνας
999 4778 1165 4831 καὶτὸ
1195 4778 1407 4845 πρέπον
1433 4782 1499 4848 τῇ
1545 4779 1844 4851 Ἐκκλησία

264 4868 372 4921 καὶ
391 4869 506 4930 τοῖς
531 4868 868 4938 λειτουργοῖς
892 4867 987 4921 106
1010 4868 1167 4931 Θεοῦ,
1203 4870 1374 4939 ἦγουν
1420 4870 1482 4922 τὸ
1512 4870 1839 4939 δικαιοπρα-

267 4961 405 5027 γεῖν,
445 4961 790 5029 δυσωπηθεὶς
857 4962 913 5013 δὲ
970 4963 1071 5029 ¹καὶ
1120 4961 1219 5031 τὴν
1277 4961 1555 5031 ἡμετέραν
1596 4963 1839 5034 γραφὴν,

268 5055 466 5122 στῆσον
498 5053 592 5107 τοῦ
624 5053 939 5125 πρεσϐύτου
973 5055 1035 5107 τὸ
1061 5054 1320 5125 δάκρυον,
1382 5056 1477 5108 καὶ
1527 5056 1575 5107 εί
1630 5055 1848 5125 θελήσει

270 5146 696 5215 συνδικασθῆναι
740 5150 851 5210 τοῖς
901 5146 1229 5216 κατηγόροις
1286 5146 1474 5210 αὑτοῦ,
1532 5147 1846 5217 δικασθήτω

269 5242 426 5309 παρά
460 5256 540 5293 σοι
575 5241 669 5293 καὶ
712 5243 824 5301 τοῖς
868 5239 973 5292 ὑπό
1025 5256 1084 5291 σε
1124 5240 1473 5301 ἐπισκόποιςο
1508 5240 1555 5292 εί
1604 5239 1659 5292 δέ
1694 5259 1848 5303 τινας

270 5332 546 5394 ὑπόπτους
576 5331 686 5402 ἔχει
714 5332 822 5385 τῶν
849 5330 1187 5395 ἐπισκόπων,
1240 5330 1314 5393 ὡς
1370 5332 1445 5401 μῆ
1504 5329 1684 5393 καλῶς
1738 5332 1847 5384 δια-

270 5428 557 5495 κειμένους
586 5426 724 5496 πρὸς
752 5426 936 5491 αὐτὸν,
968 5429 1061 5477 καὶ
1093 5426 1445 5495 παραιτεῖται
1475 5423 1671 5484 αὐτοὺς
1701 5424 1849 5475 ἐκεῖ·

271 5536 355 5572 νοι
388 5519 464 5588 μὴ
489 5519 841 5586 παρίστωσαν
872 5519 956 5579 είς
996 5517 1060 5569 τὸ
1112 5516 1485 5585 δικαστήριον.
1518 5512 1710 5583 Ἡμεῖς
1751 5516 1848 5584 μὲν

273 5612 424 5682 γὰρ,
458 5612 643 5681 φησὶν,
675 5610 863 5663 οὐδένα
914 5609 1023 5662 τῶν
1079 5607 1396 5660 ἐπισκόπων
1447 5607 1650 5677 ἔχθραν
1705 5606 1848 5677 ἔχειν

274 5705 610 5774 πιστεύομεν
632 5705 772 5758 κατὰ
794 5702 1044 5773 ἀδελφοῦ,
1070 5702 1195 5755 οὐδὲ
1228 5702 1315 5754 διὰ
1354 5700 1512 5752 τοῦτο
1568 5700 1848 5771 κωλύομεν

274 5799 479 5861 αὐτοὺς
510 5797 830 5851 συνδικάσαι
876 5797 1038 5865 ἡμῖν·
1075 5795 1162 5847 ἵνα
1213 5794 1267 5846 δέ
1304 5794 1377 5863 μὴ
1426 5799 1585 5845 τοῦτο
1624 5792 1848 5862 ἀφορμὴ

1953 4686 2035 4740 Tu
2066 4700 2216 4756 ergo,
2249 4688 2439 4742 scribit
2479 4698 2701 4741 sanctus
2744 4688 2811 4741 ad
2861 4685 3150 4752 Domuum,
3185 4686 3283 4755 qui
3328 4685 3435 4739 seis
3480 4692 3534 4737 et

1954 4780 2167 4835 divinos
2217 4794 2481 4843 canones,
2507 4790 2562 4835 et
2597 4782 2738 4849 quod
2773 4781 3027 4836 convenit
3069 4780 3320 4835 Ecclesia:
3352 4790 3403 4831 et
3438 4777 3529 4831 Dei

1957 4873 2241 4939 ministris,
2275 4886 2467 4941 nempe
2492 4873 2634 4940 juste
2664 4888 2844 4942 agere.
2877 4882 3189 4929 nostrarum
3226 4872 3389 4925 etiam
3443 4871 3531 4923 iit—

1955 4972 2190 5019 terarum
2226 4966 2489 5020 rationem
2520 4968 2742 5028 ducens,
2781 4965 3013 5034 reprime
3040 4964 3190 5018 senis
3232 4964 3528 5031 lacrymas,

1953 5066 2006 5111 et
2041 5057 2086 5111 si
2124 5056 2250 5111 velit
2292 5073 2414 5112 cum
2452 5058 2563 5112 suis
2605 5057 3013 5111 accusatoribus
3055 5055 3259 5125 judicio
3306 5064 3531 5109 conten-

1951 5150 2099 5213 dere,
2142 5151 2281 5218 apud
2316 5157 2365 5203 te
2398 5159 2452 5203 et
2480 5149 2571 5218 qui
2601 5148 2691 5203 tibi
2717 5138 2945 5203 subsunt
2978 5147 3265 5217 episcopos
3319 5144 3527 5214 litiget:

1952 5240 2035 5295 sin
2071 5249 2252 5295 autem
2289 5241 2662 5310 episc0porum
2724 5241 2936 5308 aliquos
2974 5247 3259 5307 suspectos
3309 5237 3527 5301 habeat,

1952 5343 2008 5386 ut
2044 5348 2149 5387 non
2179 5333 2313 5387 bene
2346 5332 2395 5386 in
2447 5333 2619 5401 ipsum
2648 5331 2893 5397 auectas,
2925 5342 2991 5385 et'
3017 5344 3111 5385 eos
3157 5337 3401 5389 recuset,
3453 5328 3528 5381 illi

1950 5426 2003 5479 in
2027 5426 2232 5496 judicio
2256 5441 2358 5480 non
2395 5426 2596 5479 adsint.
2632 5422 2742 5478 Nos
2772 5424 2938 5487 enim,
2965 5423 3157 5491 inquit,
3185 5421 3387 5474 nullum
3416 5420 3531 5488 epi-

1947 5528 2165 5584 scopum
2199 5513 2511 5568 inimicitias
2559 5514 2760 5568 habere
2794 5512 3052 5565 adversus
3090 5509 3310 5564 fratrem
3350 5508 3530 5562 credi-

1949 5622 2094 5668 mus.
2139 5621 2236 5661 nec
2268 5615 2549 5677 propterea
2575 5615 2815 5660 vetamus
2855 5618 2924 5657 ne
2965 5603 3039 5656 illi
3090 5602 3369 5656 nobiscum
3424 5614 3531 5654 una

1951 5699 2193 5769 judicent
2230 5716 2242 5751 :
2276 5698 2368 5753 sed
2414 5713 2480 5753 ne
2514 5697 2616 5753 hoc
2658 5698 2727 5752 sit
2755 5696 2992 5757 occasio,
3015 5694 3302 5765 quominus
3334 5692 3447 5759 ipse
3477 5690 3537 5744 in

1952 5791 2153 5861 judicio
2182 5805 2415 5847 causans
2450 5805 2553 5846 non
2588 5800 2731 5861 agat,
2783 5788 2855 5842 illi
2886 5803 2915 5841 a
2948 5800 3200 5842 consessu
3255 5783 3543 5841 recedank

276 5895 500 5967 γίνηται
532 5893 624 5949 106
659 5894 734 5967 μῆ
767 5894 1087 5964 δικασθῆναι
1120 5891 1300 5959 αὖτ’ν,
1327 5886 1826 5961 ὲκεῖνοιγάπίτωσιν
1870 5884 2162 5957 συνεδρίου.
