  <div class='ocr_page' id='page_1' title='image "/cluster/home/n/w/nwhite01/storage/ocr_20150623/138/nnc1.0046980083/467.png"; bbox 0 0 4234 6450; ppageno 0'>
   <div class='ocr_carea' id='block_1_1' title="bbox 804 346 915 415">
    <p class='ocr_par' dir='ltr' id='par_1_1' title="bbox 804 346 915 415">
     <span class='ocr_line' id='line_1_1' title="bbox 804 346 915 415; baseline -0.054 0"><span class='ocrx_word' id='word_1_1' title='bbox 804 346 915 415; x_wconf 77' lang='grc' dir='ltr'><strong>9ί9</strong></span> 
     </span>
    </p>
   </div>
   <div class='ocr_carea' id='block_1_2' title="bbox 2066 349 2773 413">
    <p class='ocr_par' dir='ltr' id='par_1_2' title="bbox 2066 349 2773 413">
     <span class='ocr_line' id='line_1_2' title="bbox 2066 349 2773 413; baseline -0.006 0"><span class='ocrx_word' id='word_1_2' title='bbox 2066 352 2339 413; x_wconf 82' lang='lat' dir='ltr'><strong>TBEOD.</strong></span> <span class='ocrx_word' id='word_1_3' title='bbox 2373 352 2460 408; x_wconf 81' lang='grc' dir='ltr'><strong>ΒΑ</strong></span> <span class='ocrx_word' id='word_1_4' title='bbox 2473 349 2773 409; x_wconf 65' lang='lat' dir='ltr'><strong>LSAMON</strong></span> 
     </span>
    </p>
   </div>
   <div class='ocr_carea' id='block_1_3' title="bbox 3925 352 4039 415">
    <p class='ocr_par' dir='ltr' id='par_1_3' title="bbox 3925 352 4039 415">
     <span class='ocr_line' id='line_1_3' title="bbox 3925 352 4039 415; baseline -0.009 0"><span class='ocrx_word' id='word_1_5' title='bbox 3925 352 4039 415; x_wconf 70' lang='lat'><strong>920</strong></span> 
     </span>
    </p>
   </div>
   <div class='ocr_carea' id='block_1_4' title="bbox 869 468 2541 548">
    <p class='ocr_par' dir='ltr' id='par_1_4' title="bbox 869 472 2541 548">
     <span class='ocr_line' id='line_1_4' title="bbox 869 472 2541 548; baseline 0.005 -20"><span class='ocrx_word' id='word_1_6' title='bbox 869 474 1161 528; x_wconf 79' lang='lat' dir='ltr'><strong>Pecuniam</strong></span> <span class='ocrx_word' id='word_1_7' title='bbox 1181 482 1363 530; x_wconf 88' lang='lat' dir='ltr'><strong>autem</strong></span> <span class='ocrx_word' id='word_1_8' title='bbox 1382 490 1501 545; x_wconf 72' lang='lat' dir='ltr'><strong>quae</strong></span> <span class='ocrx_word' id='word_1_9' title='bbox 1524 491 1623 545; x_wconf 89' lang='lat' dir='ltr'><strong>per</strong></span> <span class='ocrx_word' id='word_1_10' title='bbox 1651 477 1902 547; x_wconf 73' lang='lat' dir='ltr'><strong>iniuriam</strong></span> <span class='ocrx_word' id='word_1_11' title='bbox 1926 476 2027 548; x_wconf 84' lang='lat' dir='ltr'><strong>ipsi</strong></span> <span class='ocrx_word' id='word_1_12' title='bbox 2050 486 2240 548; x_wconf 88' lang='lat' dir='ltr'><strong>erepta</strong></span> <span class='ocrx_word' id='word_1_13' title='bbox 2262 488 2363 541; x_wconf 88' lang='lat' dir='ltr'><strong>est,</strong></span> <span class='ocrx_word' id='word_1_14' title='bbox 2396 486 2437 536; x_wconf 83' lang='lat' dir='ltr'><strong>A</strong></span> <span class='ocrx_word' id='word_1_15' title='bbox 2536 472 2541 487; x_wconf 75' lang='grc'><strong><em>¹</em></strong></span> 
     </span>
    </p>
   </div>
   <div class='ocr_carea' id='block_1_5' title="bbox 2372 468 4044 548">
    <p class='ocr_par' dir='ltr' id='par_1_5' title="bbox 2396 468 4044 541">
     <span class='ocr_line' id='line_1_5' title="bbox 2396 468 4044 541; baseline -0.001 -18"><span class='ocrx_word' id='word_1_16' title='bbox 2396 486 2437 536; x_wconf 77' lang='grc' dir='ltr'><strong>Α</strong></span> <span class='ocrx_word' id='word_1_17' title='bbox 2536 470 2616 523; x_wconf 75' lang='grc' dir='ltr'><strong>Τά</strong></span> <span class='ocrx_word' id='word_1_18' title='bbox 2640 468 2696 522; x_wconf 65' lang='grc' dir='ltr'><strong>δὲ</strong></span> <span class='ocrx_word' id='word_1_19' title='bbox 2725 469 2925 531; x_wconf 86' lang='grc' dir='ltr'><strong>ἀδίκως</strong></span> <span class='ocrx_word' id='word_1_20' title='bbox 2946 470 3216 539; x_wconf 68' lang='grc' dir='ltr'><strong>).η;,;οέντα</strong></span> <span class='ocrx_word' id='word_1_21' title='bbox 3238 472 3367 541; x_wconf 79' lang='grc' dir='ltr'><strong>παρ’</strong></span> <span class='ocrx_word' id='word_1_22' title='bbox 3398 470 3563 523; x_wconf 74' lang='grc' dir='ltr'><strong>αὐτοῦ</strong></span> <span class='ocrx_word' id='word_1_23' title='bbox 3592 472 3864 539; x_wconf 73' lang='grc' dir='ltr'><strong>χρήματα,</strong></span> <span class='ocrx_word' id='word_1_24' title='bbox 3904 472 4044 521; x_wconf 83' lang='grc' dir='ltr'><strong>ἀνα-</strong></span> 
     </span>
    </p>
   </div>
   <div class='ocr_carea' id='block_1_6' title="bbox 797 570 2363 641">
    <p class='ocr_par' dir='ltr' id='par_1_6' title="bbox 797 570 2363 641">
     <span class='ocr_line' id='line_1_6' title="bbox 797 570 2363 641; baseline -0.001 -17"><span class='ocrx_word' id='word_1_25' title='bbox 797 570 999 639; x_wconf 88' lang='lat' dir='ltr'><strong>duplici</strong></span> <span class='ocrx_word' id='word_1_26' title='bbox 1023 571 1243 625; x_wconf 89' lang='lat' dir='ltr'><strong>nomine</strong></span> <span class='ocrx_word' id='word_1_27' title='bbox 1273 574 1323 625; x_wconf 89' lang='lat' dir='ltr'><strong>ei</strong></span> <span class='ocrx_word' id='word_1_28' title='bbox 1348 571 1499 627; x_wconf 88' lang='lat' dir='ltr'><strong>reddi</strong></span> <span class='ocrx_word' id='word_1_29' title='bbox 1518 587 1732 641; x_wconf 61' lang='lat' dir='ltr'><strong>aequum</strong></span> <span class='ocrx_word' id='word_1_30' title='bbox 1753 581 1857 626; x_wconf 85' lang='lat' dir='ltr'><strong>est.</strong></span> <span class='ocrx_word' id='word_1_31' title='bbox 1884 572 2125 626; x_wconf 84' lang='lat' dir='ltr'><strong>Primum</strong></span> <span class='ocrx_word' id='word_1_32' title='bbox 2143 571 2363 638; x_wconf 80' lang='lat' dir='ltr'><strong>quidem</strong></span> 
     </span>
    </p>
   </div>
   <div class='ocr_carea' id='block_1_7' title="bbox 794 660 2364 732">
    <p class='ocr_par' dir='ltr' id='par_1_7' title="bbox 794 660 2364 732">
     <span class='ocr_line' id='line_1_7' title="bbox 794 660 2364 732; baseline -0.001 -18"><span class='ocrx_word' id='word_1_33' title='bbox 794 660 939 728; x_wconf 89' lang='lat' dir='ltr'><strong>quod</strong></span> <span class='ocrx_word' id='word_1_34' title='bbox 963 675 1063 714; x_wconf 89' lang='lat' dir='ltr'><strong>nec</strong></span> <span class='ocrx_word' id='word_1_35' title='bbox 1086 661 1189 715; x_wconf 91' lang='lat' dir='ltr'><strong>tale</strong></span> <span class='ocrx_word' id='word_1_36' title='bbox 1212 662 1338 730; x_wconf 90' lang='lat' dir='ltr'><strong>quid</strong></span> <span class='ocrx_word' id='word_1_37' title='bbox 1370 664 1592 724; x_wconf 77' lang='lat' dir='ltr'><strong>omnino</strong></span> <span class='ocrx_word' id='word_1_38' title='bbox 1621 661 1732 716; x_wconf 70' lang='lat' dir='ltr'><strong>fieri</strong></span> <span class='ocrx_word' id='word_1_39' title='bbox 1764 661 2047 731; x_wconf 86' lang='lat' dir='ltr'><strong>oportebat</strong></span> <span class='ocrx_word' id='word_1_40' title='bbox 2073 681 2086 718; x_wconf 89' lang='lat'><strong>:</strong></span> <span class='ocrx_word' id='word_1_41' title='bbox 2128 662 2289 732; x_wconf 74' lang='lat'><strong>177</strong></span> <span class='ocrx_word' id='word_1_42' title='bbox 2309 669 2364 713; x_wconf 88' lang='lat' dir='ltr'><strong>et</strong></span> 
     </span>
    </p>
   </div>
   <div class='ocr_carea' id='block_1_8' title="bbox 793 749 2363 819">
    <p class='ocr_par' dir='ltr' id='par_1_8' title="bbox 793 749 2363 819">
     <span class='ocr_line' id='line_1_8' title="bbox 793 749 2363 819; baseline 0.001 -18"><span class='ocrx_word' id='word_1_43' title='bbox 793 749 937 818; x_wconf 87' lang='lat' dir='ltr'><strong>quod</strong></span> <span class='ocrx_word' id='word_1_44' title='bbox 988 751 1141 804; x_wconf 90' lang='lat' dir='ltr'><strong>valde</strong></span> <span class='ocrx_word' id='word_1_45' title='bbox 1186 752 1327 803; x_wconf 88' lang='lat' dir='ltr'><strong>male</strong></span> <span class='ocrx_word' id='word_1_46' title='bbox 1380 750 1544 803; x_wconf 85' lang='lat' dir='ltr'><strong>habet</strong></span> <span class='ocrx_word' id='word_1_47' title='bbox 1592 766 1895 819; x_wconf 84' lang='lat' dir='ltr'><strong>magnaque</strong></span> <span class='ocrx_word' id='word_1_48' title='bbox 1938 750 2165 804; x_wconf 71' lang='lat' dir='ltr'><strong>tristitia</strong></span> <span class='ocrx_word' id='word_1_49' title='bbox 2198 749 2363 803; x_wconf 73' lang='lat' dir='ltr'><strong>allicit</strong></span> 
     </span>
    </p>
   </div>
   <div class='ocr_carea' id='block_1_9' title="bbox 790 840 2355 909">
    <p class='ocr_par' dir='ltr' id='par_1_9' title="bbox 790 840 2355 909">
     <span class='ocr_line' id='line_1_9' title="bbox 790 840 2355 909; baseline -0.001 -16"><span class='ocrx_word' id='word_1_50' title='bbox 790 840 1164 894; x_wconf 85' lang='lat' dir='ltr'><strong>sanctissimos</strong></span> <span class='ocrx_word' id='word_1_51' title='bbox 1204 841 1489 909; x_wconf 86' lang='lat' dir='ltr'><strong>episcopos</strong></span> <span class='ocrx_word' id='word_1_52' title='bbox 1536 840 1629 908; x_wconf 88' lang='lat' dir='ltr'><strong>qui</strong></span> <span class='ocrx_word' id='word_1_53' title='bbox 1659 849 1786 893; x_wconf 88' lang='lat' dir='ltr'><strong>sunt</strong></span> <span class='ocrx_word' id='word_1_54' title='bbox 1813 840 2017 909; x_wconf 89' lang='lat' dir='ltr'><strong>ubique</strong></span> <span class='ocrx_word' id='word_1_55' title='bbox 2050 848 2321 893; x_wconf 88' lang='lat' dir='ltr'><strong>terrarum</strong></span> <span class='ocrx_word' id='word_1_56' title='bbox 2343 880 2355 903; x_wconf 95' lang='lat'><strong>,</strong></span> 
     </span>
    </p>
   </div>
   <div class='ocr_carea' id='block_1_10' title="bbox 788 928 2359 999">
    <p class='ocr_par' dir='ltr' id='par_1_10' title="bbox 788 928 2359 999">
     <span class='ocr_line' id='line_1_10' title="bbox 788 928 2359 999; baseline -0.001 -18"><span class='ocrx_word' id='word_1_57' title='bbox 788 928 934 997; x_wconf 89' lang='lat' dir='ltr'><strong>quod</strong></span> <span class='ocrx_word' id='word_1_58' title='bbox 990 940 1305 999; x_wconf 83' lang='lat' dir='ltr'><strong>sumptuum</strong></span> <span class='ocrx_word' id='word_1_59' title='bbox 1350 929 1444 997; x_wconf 86' lang='lat' dir='ltr'><strong>qui</strong></span> <span class='ocrx_word' id='word_1_60' title='bbox 1499 928 1605 982; x_wconf 88' lang='lat' dir='ltr'><strong>illis</strong></span> <span class='ocrx_word' id='word_1_61' title='bbox 1638 930 1896 983; x_wconf 87' lang='lat' dir='ltr'><strong>eveniunt</strong></span> <span class='ocrx_word' id='word_1_62' title='bbox 1938 928 2359 997; x_wconf 79' lang='lat' dir='ltr'><strong>dispensationis</strong></span> 
     </span>
    </p>
   </div>
   <div class='ocr_carea' id='block_1_11' title="bbox 789 1018 2359 1088">
    <p class='ocr_par' dir='ltr' id='par_1_11' title="bbox 789 1018 2359 1088">
     <span class='ocr_line' id='line_1_11' title="bbox 789 1018 2359 1088; baseline 0.001 -19"><span class='ocrx_word' id='word_1_63' title='bbox 789 1019 928 1071; x_wconf 83' lang='lat' dir='ltr'><strong>ratio</strong></span> <span class='ocrx_word' id='word_1_64' title='bbox 964 1018 1031 1071; x_wconf 84' lang='lat' dir='ltr'><strong>ab</strong></span> <span class='ocrx_word' id='word_1_65' title='bbox 1064 1021 1144 1072; x_wconf 85' lang='lat' dir='ltr'><strong>eis</strong></span> <span class='ocrx_word' id='word_1_66' title='bbox 1171 1020 1417 1088; x_wconf 57' lang='lat' dir='ltr'><strong>exigatur</strong></span> <span class='ocrx_word' id='word_1_67' title='bbox 1438 1059 1450 1082; x_wconf 97' lang='lat'><strong>,</strong></span> <span class='ocrx_word' id='word_1_68' title='bbox 1484 1019 1597 1072; x_wconf 82' lang='lat' dir='ltr'><strong>sive</strong></span> <span class='ocrx_word' id='word_1_69' title='bbox 1627 1034 1691 1073; x_wconf 84' lang='lat' dir='ltr'><strong>es</strong></span> <span class='ocrx_word' id='word_1_70' title='bbox 1721 1019 2107 1074; x_wconf 87' lang='lat' dir='ltr'><strong>ecclesiasticis</strong></span> <span class='ocrx_word' id='word_1_71' title='bbox 2134 1018 2359 1071; x_wconf 80' lang='lat' dir='ltr'><strong>redditi-</strong></span> 
     </span>
    </p>
   </div>
   <div class='ocr_carea' id='block_1_12' title="bbox 786 1106 2357 1176">
    <p class='ocr_par' dir='ltr' id='par_1_12' title="bbox 786 1106 2357 1176">
     <span class='ocr_line' id='line_1_12' title="bbox 786 1106 2357 1176; baseline 0.001 -18"><span class='ocrx_word' id='word_1_72' title='bbox 786 1106 911 1166; x_wconf 84' lang='lat' dir='ltr'><strong>bus,</strong></span> <span class='ocrx_word' id='word_1_73' title='bbox 956 1106 1067 1157; x_wconf 84' lang='lat' dir='ltr'><strong>sive</strong></span> <span class='ocrx_word' id='word_1_74' title='bbox 1106 1122 1169 1157; x_wconf 84' lang='lat' dir='ltr'><strong>cx</strong></span> <span class='ocrx_word' id='word_1_75' title='bbox 1199 1106 1378 1159; x_wconf 84' lang='lat' dir='ltr'><strong>fructu</strong></span> <span class='ocrx_word' id='word_1_76' title='bbox 1411 1106 1628 1161; x_wconf 85' lang='lat' dir='ltr'><strong>aliunde</strong></span> <span class='ocrx_word' id='word_1_77' title='bbox 1653 1117 1930 1175; x_wconf 85' lang='lat' dir='ltr'><strong>percepto.</strong></span> <span class='ocrx_word' id='word_1_78' title='bbox 1972 1107 2357 1176; x_wconf 82' lang='lat' dir='ltr'><strong>Unusquisque</strong></span> 
     </span>
    </p>
   </div>
   <div class='ocr_carea' id='block_1_13' title="bbox 784 1198 2353 1253">
    <p class='ocr_par' dir='ltr' id='par_1_13' title="bbox 784 1198 2353 1253">
     <span class='ocr_line' id='line_1_13' title="bbox 784 1198 2353 1253; baseline -0.001 -2"><span class='ocrx_word' id='word_1_79' title='bbox 784 1198 927 1251; x_wconf 87' lang='lat' dir='ltr'><strong>enim</strong></span> <span class='ocrx_word' id='word_1_80' title='bbox 975 1207 1223 1249; x_wconf 88' lang='lat' dir='ltr'><strong>nostrum</strong></span> <span class='ocrx_word' id='word_1_81' title='bbox 1283 1198 1436 1250; x_wconf 82' lang='lat' dir='ltr'><strong>dabit</strong></span> <span class='ocrx_word' id='word_1_82' title='bbox 1496 1214 1719 1251; x_wconf 89' lang='lat' dir='ltr'><strong>suorum</strong></span> <span class='ocrx_word' id='word_1_83' title='bbox 1768 1199 2035 1251; x_wconf 90' lang='lat' dir='ltr'><strong>malorum</strong></span> <span class='ocrx_word' id='word_1_84' title='bbox 2085 1200 2353 1253; x_wconf 86' lang='lat' dir='ltr'><strong>rationem</strong></span> 
     </span>
    </p>
   </div>
   <div class='ocr_carea' id='block_1_14' title="bbox 782 1284 2353 1355">
    <p class='ocr_par' dir='ltr' id='par_1_14' title="bbox 782 1284 2353 1355">
     <span class='ocr_line' id='line_1_14' title="bbox 782 1284 2353 1355; baseline 0.003 -18"><span class='ocrx_word' id='word_1_85' title='bbox 782 1286 1026 1337; x_wconf 83' lang='lat' dir='ltr'><strong>omnium</strong></span> <span class='ocrx_word' id='word_1_86' title='bbox 1054 1284 1241 1354; x_wconf 83' lang='lat' dir='ltr'><strong>judici.</strong></span> <span class='ocrx_word' id='word_1_87' title='bbox 1279 1286 1414 1339; x_wconf 83' lang='lat' dir='ltr'><strong>Vasa</strong></span> <span class='ocrx_word' id='word_1_88' title='bbox 1445 1287 1589 1339; x_wconf 87' lang='lat' dir='ltr'><strong>enim</strong></span> <span class='ocrx_word' id='word_1_89' title='bbox 1626 1287 1861 1354; x_wconf 80' lang='lat' dir='ltr'><strong>pretiosa</strong></span> <span class='ocrx_word' id='word_1_90' title='bbox 1889 1298 1944 1340; x_wconf 84' lang='lat' dir='ltr'><strong>et</strong></span> <span class='ocrx_word' id='word_1_91' title='bbox 1980 1290 2353 1355; x_wconf 73' lang='lat' dir='ltr'><strong>possessiones</strong></span> 
     </span>
    </p>
   </div>
   <div class='ocr_carea' id='block_1_15' title="bbox 780 1375 2352 1446">
    <p class='ocr_par' dir='ltr' id='par_1_15' title="bbox 780 1375 2352 1446">
     <span class='ocr_line' id='line_1_15' title="bbox 780 1375 2352 1446; baseline 0 -17"><span class='ocrx_word' id='word_1_92' title='bbox 780 1375 1090 1431; x_wconf 81' lang='lat' dir='ltr'><strong>lmmobiles</strong></span> <span class='ocrx_word' id='word_1_93' title='bbox 1126 1386 1340 1444; x_wconf 83' lang='lat' dir='ltr'><strong>oportet</strong></span> <span class='ocrx_word' id='word_1_94' title='bbox 1382 1378 1584 1430; x_wconf 73' lang='lat' dir='ltr'><strong>servari</strong></span> <span class='ocrx_word' id='word_1_95' title='bbox 1622 1378 1921 1443; x_wconf 82' lang='lat' dir='ltr'><strong>Ecclesiis;</strong></span> <span class='ocrx_word' id='word_1_96' title='bbox 1953 1378 2224 1446; x_wconf 78' lang='lat' dir='ltr'><strong>episcopis</strong></span> <span class='ocrx_word' id='word_1_97' title='bbox 2258 1394 2352 1431; x_wconf 84' lang='lat' dir='ltr'><strong>au-</strong></span> 
     </span>
    </p>
   </div>
   <div class='ocr_carea' id='block_1_16' title="bbox 785 1467 2352 1535">
    <p class='ocr_par' dir='ltr' id='par_1_16' title="bbox 785 1467 2352 1535">
     <span class='ocr_line' id='line_1_16' title="bbox 785 1467 2352 1535; baseline -0.001 -14"><span class='ocrx_word' id='word_1_98' title='bbox 785 1476 890 1521; x_wconf 87' lang='lat' dir='ltr'><strong>tem</strong></span> <span class='ocrx_word' id='word_1_99' title='bbox 923 1467 1013 1534; x_wconf 88' lang='lat' dir='ltr'><strong>qui</strong></span> <span class='ocrx_word' id='word_1_100' title='bbox 1050 1474 1177 1519; x_wconf 88' lang='lat' dir='ltr'><strong>tunc</strong></span> <span class='ocrx_word' id='word_1_101' title='bbox 1208 1467 1465 1535; x_wconf 82' lang='lat' dir='ltr'><strong>temporis</strong></span> <span class='ocrx_word' id='word_1_102' title='bbox 1508 1467 1752 1520; x_wconf 88' lang='lat' dir='ltr'><strong>divinum</strong></span> <span class='ocrx_word' id='word_1_103' title='bbox 1783 1470 2147 1522; x_wconf 82' lang='lat' dir='ltr'><strong>sacerdotium</strong></span> <span class='ocrx_word' id='word_1_104' title='bbox 2178 1468 2352 1520; x_wconf 77' lang='lat' dir='ltr'><strong>adiui-</strong></span> 
     </span>
    </p>
   </div>
   <div class='ocr_carea' id='block_1_17' title="bbox 779 1556 2349 1627">
    <p class='ocr_par' dir='ltr' id='par_1_17' title="bbox 779 1556 2349 1627">
     <span class='ocr_line' id='line_1_17' title="bbox 779 1556 2349 1627; baseline -0.001 -16"><span class='ocrx_word' id='word_1_105' title='bbox 779 1557 1037 1619; x_wconf 86' lang='lat' dir='ltr'><strong>nistrant,</strong></span> <span class='ocrx_word' id='word_1_106' title='bbox 1062 1556 1416 1611; x_wconf 80' lang='lat' dir='ltr'><strong>incidentium</strong></span> <span class='ocrx_word' id='word_1_107' title='bbox 1444 1568 1762 1627; x_wconf 84' lang='lat' dir='ltr'><strong>sumptuum</strong></span> <span class='ocrx_word' id='word_1_108' title='bbox 1786 1558 2242 1627; x_wconf 78' lang='lat' dir='ltr'><strong>diSpcnsationctn</strong></span> <span class='ocrx_word' id='word_1_109' title='bbox 2267 1574 2349 1610; x_wconf 84' lang='lat' dir='ltr'><strong>se-</strong></span> 
     </span>
    </p>
   </div>
   <div class='ocr_carea' id='block_1_18' title="bbox 779 1646 1121 1703">
    <p class='ocr_par' dir='ltr' id='par_1_18' title="bbox 779 1646 1121 1703">
     <span class='ocr_line' id='line_1_18' title="bbox 779 1646 1121 1703; baseline -0.012 0"><span class='ocrx_word' id='word_1_110' title='bbox 779 1662 911 1703; x_wconf 85' lang='lat' dir='ltr'><strong>cure</strong></span> <span class='ocrx_word' id='word_1_111' title='bbox 949 1646 1121 1702; x_wconf 90' lang='lat' dir='ltr'><strong>credi.</strong></span> 
     </span>
    </p>
   </div>
   <div class='ocr_carea' id='block_1_19' title="bbox 2463 561 4041 631">
    <p class='ocr_par' dir='ltr' id='par_1_19' title="bbox 2463 561 4041 631">
     <span class='ocr_line' id='line_1_19' title="bbox 2463 561 4041 631; baseline -0.002 -18"><span class='ocrx_word' id='word_1_112' title='bbox 2463 561 2680 628; x_wconf 75' lang='grc' dir='ltr'><strong>δοθῆναι</strong></span> <span class='ocrx_word' id='word_1_113' title='bbox 2713 561 2921 614; x_wconf 83' lang='grc' dir='ltr'><strong>δίκαιον</strong></span> <span class='ocrx_word' id='word_1_114' title='bbox 2953 564 3091 615; x_wconf 86' lang='grc' dir='ltr'><strong>κατά</strong></span> <span class='ocrx_word' id='word_1_115' title='bbox 3134 563 3226 614; x_wconf 83' lang='grc' dir='ltr'><strong>δύο</strong></span> <span class='ocrx_word' id='word_1_116' title='bbox 3269 563 3522 631; x_wconf 77' lang='grc' dir='ltr'><strong>τρόπους.</strong></span> <span class='ocrx_word' id='word_1_117' title='bbox 3559 562 3780 631; x_wconf 81' lang='grc' dir='ltr'><strong>Πρῶτον</strong></span> <span class='ocrx_word' id='word_1_118' title='bbox 3813 562 3913 625; x_wconf 67' lang='grc' dir='ltr'><strong>μὲν</strong></span> <span class='ocrx_word' id='word_1_119' title='bbox 3956 563 4041 612; x_wconf 72' lang='grc' dir='ltr'><strong>ὃτι</strong></span> 
     </span>
    </p>
   </div>
   <div class='ocr_carea' id='block_1_20' title="bbox 2461 650 4043 723">
    <p class='ocr_par' dir='ltr' id='par_1_20' title="bbox 2461 650 4043 723">
     <span class='ocr_line' id='line_1_20' title="bbox 2461 650 4043 723; baseline -0.003 -19"><span class='ocrx_word' id='word_1_120' title='bbox 2461 653 2580 705; x_wconf 73' lang='grc' dir='ltr'><strong>οὺδὶ</strong></span> <span class='ocrx_word' id='word_1_121' title='bbox 2611 655 2776 723; x_wconf 81' lang='grc' dir='ltr'><strong>ἐχρῆν</strong></span> <span class='ocrx_word' id='word_1_122' title='bbox 2804 654 2939 715; x_wconf 73' lang='grc' dir='ltr'><strong>Βλως</strong></span> <span class='ocrx_word' id='word_1_123' title='bbox 2973 654 3232 720; x_wconf 79' lang='grc' dir='ltr'><strong>γενέσθαι</strong></span> <span class='ocrx_word' id='word_1_124' title='bbox 3256 671 3307 707; x_wconf 88' lang='grc' dir='ltr'><strong>τι</strong></span> <span class='ocrx_word' id='word_1_125' title='bbox 3340 653 3575 705; x_wconf 80' lang='grc' dir='ltr'><strong>τοιοῦτον</strong></span> <span class='ocrx_word' id='word_1_126' title='bbox 3602 669 3611 679; x_wconf 78' lang='grc'><em>’</em></span> <span class='ocrx_word' id='word_1_127' title='bbox 3649 654 3739 703; x_wconf 76' lang='grc' dir='ltr'><strong>καὶ</strong></span> <span class='ocrx_word' id='word_1_128' title='bbox 3772 654 3852 703; x_wconf 78' lang='grc' dir='ltr'><strong>ὅτι</strong></span> <span class='ocrx_word' id='word_1_129' title='bbox 3874 650 4043 701; x_wconf 79' lang='grc' dir='ltr'><strong>λυπιί</strong></span> 
     </span>
    </p>
   </div>
   <div class='ocr_carea' id='block_1_21' title="bbox 2462 742 4041 814">
    <p class='ocr_par' dir='ltr' id='par_1_21' title="bbox 2462 742 4041 814">
     <span class='ocr_line' id='line_1_21' title="bbox 2462 742 4041 814; baseline -0.004 -18"><span class='ocrx_word' id='word_1_130' title='bbox 2462 744 2665 814; x_wconf 66' lang='grc' dir='ltr'><strong>σφόδρα</strong></span> <span class='ocrx_word' id='word_1_131' title='bbox 2721 745 2815 797; x_wconf 76' lang='grc' dir='ltr'><strong>καὶ</strong></span> <span class='ocrx_word' id='word_1_132' title='bbox 2865 747 2943 806; x_wconf 84' lang='grc' dir='ltr'><strong>εἰς</strong></span> <span class='ocrx_word' id='word_1_133' title='bbox 2988 745 3221 814; x_wconf 79' lang='grc' dir='ltr'><strong>ἐσχάτην</strong></span> <span class='ocrx_word' id='word_1_134' title='bbox 3268 742 3497 811; x_wconf 77' lang='grc' dir='ltr'><strong>ἀκηδίαν</strong></span> <span class='ocrx_word' id='word_1_135' title='bbox 3556 742 3853 810; x_wconf 65' lang='grc' dir='ltr'><strong>καταφέρει</strong></span> <span class='ocrx_word' id='word_1_136' title='bbox 3907 742 4041 801; x_wconf 69' lang='grc' dir='ltr'><strong>τοὺς</strong></span> 
     </span>
    </p>
   </div>
   <div class='ocr_carea' id='block_1_22' title="bbox 2460 830 4039 904">
    <p class='ocr_par' dir='ltr' id='par_1_22' title="bbox 2460 830 4039 904">
     <span class='ocr_line' id='line_1_22' title="bbox 2460 830 4039 904; baseline -0.006 -16"><span class='ocrx_word' id='word_1_137' title='bbox 2460 836 2806 904; x_wconf 69' lang='grc' dir='ltr'><strong>ἁπανταχόσε</strong></span> <span class='ocrx_word' id='word_1_138' title='bbox 2828 836 2927 903; x_wconf 82' lang='grc' dir='ltr'><strong>γῆς</strong></span> <span class='ocrx_word' id='word_1_139' title='bbox 2953 834 3112 897; x_wconf 74' lang='grc' dir='ltr'><strong>ὂντας</strong></span> <span class='ocrx_word' id='word_1_140' title='bbox 3134 833 3583 894; x_wconf 76' lang='grc' dir='ltr'><strong>θεοσεὸεστάτους</strong></span> <span class='ocrx_word' id='word_1_141' title='bbox 3606 831 3665 882; x_wconf 59' lang='grc' dir='ltr'><strong>τι</strong></span> <span class='ocrx_word' id='word_1_142' title='bbox 3683 830 4039 883; x_wconf 52' lang='lat' dir='ltr'><strong>dimissis-Ca:</strong></span> 
     </span>
    </p>
   </div>
   <div class='ocr_carea' id='block_1_23' title="bbox 2460 919 4037 993">
    <p class='ocr_par' dir='ltr' id='par_1_23' title="bbox 2460 919 4037 993">
     <span class='ocr_line' id='line_1_23' title="bbox 2460 919 4037 993; baseline -0.004 -18"><span class='ocrx_word' id='word_1_143' title='bbox 2460 925 2649 991; x_wconf 84' lang='grc' dir='ltr'><strong>λόγους</strong></span> <span class='ocrx_word' id='word_1_144' title='bbox 2692 926 2789 993; x_wconf 64' lang='grc' dir='ltr'><strong>τῆς</strong></span> <span class='ocrx_word' id='word_1_145' title='bbox 2826 925 3138 992; x_wconf 75' lang='grc' dir='ltr'><strong>οἰκονομίας</strong></span> <span class='ocrx_word' id='word_1_146' title='bbox 3188 922 3298 975; x_wconf 85' lang='grc' dir='ltr'><strong>τῶν</strong></span> <span class='ocrx_word' id='word_1_147' title='bbox 3345 921 3805 991; x_wconf 81' lang='grc' dir='ltr'><strong>παραπιπτόντων</strong></span> <span class='ocrx_word' id='word_1_148' title='bbox 3848 919 4037 977; x_wconf 77' lang='grc' dir='ltr'><strong>αὐτοῖς</strong></span> 
     </span>
    </p>
   </div>
   <div class='ocr_carea' id='block_1_24' title="bbox 2458 1009 4036 1083">
    <p class='ocr_par' dir='ltr' id='par_1_24' title="bbox 2458 1009 4036 1083">
     <span class='ocr_line' id='line_1_24' title="bbox 2458 1009 4036 1083; baseline -0.003 -17"><span class='ocrx_word' id='word_1_149' title='bbox 2458 1015 2853 1083; x_wconf 67' lang='grc' dir='ltr'><strong>ἀναλωμάτων,</strong></span> <span class='ocrx_word' id='word_1_150' title='bbox 2886 1015 2994 1068; x_wconf 80' lang='grc' dir='ltr'><strong>είτε</strong></span> <span class='ocrx_word' id='word_1_151' title='bbox 3020 1014 3084 1066; x_wconf 76' lang='grc' dir='ltr'><strong>ἐκ</strong></span> <span class='ocrx_word' id='word_1_152' title='bbox 3114 1013 3392 1081; x_wconf 78' lang='grc' dir='ltr'><strong>προσόδων</strong></span> <span class='ocrx_word' id='word_1_153' title='bbox 3418 1009 3904 1079; x_wconf 68' lang='grc' dir='ltr'><strong>ἐκκλησιαπικῶν,</strong></span> <span class='ocrx_word' id='word_1_154' title='bbox 3935 1010 4036 1061; x_wconf 70' lang='grc' dir='ltr'><strong>εἴτ’</strong></span> 
     </span>
    </p>
   </div>
   <div class='ocr_carea' id='block_1_25' title="bbox 2458 1096 4036 1169">
    <p class='ocr_par' dir='ltr' id='par_1_25' title="bbox 2458 1096 4036 1169">
     <span class='ocr_line' id='line_1_25' title="bbox 2458 1096 4036 1169; baseline -0.005 -15"><span class='ocrx_word' id='word_1_155' title='bbox 2458 1098 2549 1155; x_wconf 73' lang='grc' dir='ltr'><strong>οὖν</strong></span> <span class='ocrx_word' id='word_1_156' title='bbox 2578 1106 2668 1154; x_wconf 81' lang='grc' dir='ltr'><strong>καὶ</strong></span> <span class='ocrx_word' id='word_1_157' title='bbox 2702 1103 2808 1153; x_wconf 72' lang='grc' dir='ltr'><strong>ἀπὸ</strong></span> <span class='ocrx_word' id='word_1_158' title='bbox 2853 1102 2952 1168; x_wconf 86' lang='grc' dir='ltr'><strong>τῆς</strong></span> <span class='ocrx_word' id='word_1_159' title='bbox 2986 1118 3147 1153; x_wconf 87' lang='grc' dir='ltr'><strong>τινων</strong></span> <span class='ocrx_word' id='word_1_160' title='bbox 3180 1099 3579 1169; x_wconf 71' lang='grc' dir='ltr'><strong>καρποερορίας.</strong></span> <span class='ocrx_word' id='word_1_161' title='bbox 3620 1098 3891 1158; x_wconf 75' lang='grc' dir='ltr'><strong>Ἕκαστος</strong></span> <span class='ocrx_word' id='word_1_162' title='bbox 3924 1096 4036 1164; x_wconf 73' lang='grc' dir='ltr'><strong>γὰρ</strong></span> 
     </span>
    </p>
   </div>
   <div class='ocr_carea' id='block_1_26' title="bbox 2459 1188 4030 1259">
    <p class='ocr_par' dir='ltr' id='par_1_26' title="bbox 2459 1188 4030 1259">
     <span class='ocr_line' id='line_1_26' title="bbox 2459 1188 4030 1259; baseline -0.002 -18"><span class='ocrx_word' id='word_1_163' title='bbox 2459 1194 2487 1256; x_wconf 71' lang='grc' dir='ltr'><strong>ἠ</strong></span> <span class='ocrx_word' id='word_1_164' title='bbox 2499 1190 2613 1259; x_wconf 74' lang='grc' dir='ltr'><strong>μῶν</strong></span> <span class='ocrx_word' id='word_1_165' title='bbox 2631 1191 2737 1242; x_wconf 81' lang='grc' dir='ltr'><strong>τῶν</strong></span> <span class='ocrx_word' id='word_1_166' title='bbox 2758 1189 2902 1242; x_wconf 76' lang='grc' dir='ltr'><strong>ἰδίων</strong></span> <span class='ocrx_word' id='word_1_167' title='bbox 2924 1189 3104 1243; x_wconf 82' lang='grc' dir='ltr'><strong>κακῶν</strong></span> <span class='ocrx_word' id='word_1_168' title='bbox 3131 1189 3291 1241; x_wconf 84' lang='grc' dir='ltr'><strong>δώσει</strong></span> <span class='ocrx_word' id='word_1_169' title='bbox 3320 1189 3476 1254; x_wconf 85' lang='grc' dir='ltr'><strong>λόγον</strong></span> <span class='ocrx_word' id='word_1_170' title='bbox 3500 1188 3576 1257; x_wconf 77' lang='grc' dir='ltr'><strong>τῷ</strong></span> <span class='ocrx_word' id='word_1_171' title='bbox 3610 1189 3824 1240; x_wconf 81' lang='grc' dir='ltr'><strong>πάντων</strong></span> <span class='ocrx_word' id='word_1_172' title='bbox 3848 1188 4030 1256; x_wconf 71' lang='grc' dir='ltr'><strong>κριτῇ.</strong></span> 
     </span>
    </p>
   </div>
   <div class='ocr_carea' id='block_1_27' title="bbox 2458 1277 4034 1349">
    <p class='ocr_par' dir='ltr' id='par_1_27' title="bbox 2458 1277 4034 1349">
     <span class='ocr_line' id='line_1_27' title="bbox 2458 1277 4034 1349; baseline -0.001 -19"><span class='ocrx_word' id='word_1_173' title='bbox 2458 1280 2732 1349; x_wconf 70' lang='grc' dir='ltr'><strong>ιὶειμήλια</strong></span> <span class='ocrx_word' id='word_1_174' title='bbox 2776 1282 2874 1348; x_wconf 81' lang='grc' dir='ltr'><strong>μὲν</strong></span> <span class='ocrx_word' id='word_1_175' title='bbox 2906 1281 3011 1349; x_wconf 79' lang='grc' dir='ltr'><strong>γὰρ</strong></span> <span class='ocrx_word' id='word_1_176' title='bbox 3044 1282 3137 1331; x_wconf 80' lang='grc' dir='ltr'><strong>καὶ</strong></span> <span class='ocrx_word' id='word_1_177' title='bbox 3179 1282 3398 1349; x_wconf 75' lang='grc' dir='ltr'><strong>κτήσεις</strong></span> <span class='ocrx_word' id='word_1_178' title='bbox 3431 1280 3719 1347; x_wconf 79' lang='grc' dir='ltr'><strong>ἀκινήτους</strong></span> <span class='ocrx_word' id='word_1_179' title='bbox 3749 1280 3868 1339; x_wconf 82' lang='grc' dir='ltr'><strong>ταῖς</strong></span> <span class='ocrx_word' id='word_1_180' title='bbox 3918 1277 4034 1328; x_wconf 78' lang='grc' dir='ltr'><strong>Ἐκ-</strong></span> 
     </span>
    </p>
   </div>
   <div class='ocr_carea' id='block_1_28' title="bbox 2460 1368 4032 1440">
    <p class='ocr_par' dir='ltr' id='par_1_28' title="bbox 2460 1368 4032 1440">
     <span class='ocr_line' id='line_1_28' title="bbox 2460 1368 4032 1440; baseline -0.002 -17"><span class='ocrx_word' id='word_1_181' title='bbox 2460 1372 2709 1438; x_wconf 42' lang='lat' dir='ltr'><strong>xiixii-zz;</strong></span> <span class='ocrx_word' id='word_1_182' title='bbox 2766 1372 3034 1434; x_wconf 77' lang='grc' dir='ltr'><strong>σώζεσθαι</strong></span> <span class='ocrx_word' id='word_1_183' title='bbox 3072 1372 3175 1439; x_wconf 81' lang='grc' dir='ltr'><strong>χρή</strong></span> <span class='ocrx_word' id='word_1_184' title='bbox 3203 1388 3216 1401; x_wconf 78' lang='grc'><em>’</em></span> <span class='ocrx_word' id='word_1_185' title='bbox 3273 1370 3591 1440; x_wconf 79' lang='grc' dir='ltr'><strong>Θαρσείσοαι</strong></span> <span class='ocrx_word' id='word_1_186' title='bbox 3632 1369 3685 1420; x_wconf 82' lang='grc' dir='ltr'><strong>δὲ</strong></span> <span class='ocrx_word' id='word_1_187' title='bbox 3733 1372 3845 1429; x_wconf 82' lang='grc' dir='ltr'><strong>τοῖς</strong></span> <span class='ocrx_word' id='word_1_188' title='bbox 3890 1368 4032 1420; x_wconf 58' lang='grc' dir='ltr'><strong>κατὰ</strong></span> 
     </span>
    </p>
   </div>
   <div class='ocr_carea' id='block_1_29' title="bbox 2459 1462 4030 1531">
    <p class='ocr_par' dir='ltr' id='par_1_29' title="bbox 2459 1462 4030 1531">
     <span class='ocr_line' id='line_1_29' title="bbox 2459 1462 4030 1531; baseline -0.003 -15"><span class='ocrx_word' id='word_1_189' title='bbox 2459 1465 2645 1531; x_wconf 72' lang='grc' dir='ltr'><strong>καιρὸν</strong></span> <span class='ocrx_word' id='word_1_190' title='bbox 2676 1463 2772 1531; x_wconf 70' lang='grc' dir='ltr'><strong>τὴν</strong></span> <span class='ocrx_word' id='word_1_191' title='bbox 2821 1463 2967 1515; x_wconf 75' lang='grc' dir='ltr'><strong>ὓείαν</strong></span> <span class='ocrx_word' id='word_1_192' title='bbox 3002 1463 3277 1514; x_wconf 82' lang='grc' dir='ltr'><strong>διέπουσιν</strong></span> <span class='ocrx_word' id='word_1_193' title='bbox 3317 1462 3615 1531; x_wconf 74' lang='grc' dir='ltr'><strong>ἱερωσύνην</strong></span> <span class='ocrx_word' id='word_1_194' title='bbox 3648 1462 3755 1512; x_wconf 69' lang='grc' dir='ltr'><strong>τῶν</strong></span> <span class='ocrx_word' id='word_1_195' title='bbox 3784 1476 4030 1531; x_wconf 76' lang='grc' dir='ltr'><strong>παραπι-</strong></span> 
     </span>
    </p>
   </div>
   <div class='ocr_carea' id='block_1_30' title="bbox 2458 1552 3599 1623">
    <p class='ocr_par' dir='ltr' id='par_1_30' title="bbox 2458 1552 3599 1623">
     <span class='ocr_line' id='line_1_30' title="bbox 2458 1552 3599 1623; baseline -0.003 -18"><span class='ocrx_word' id='word_1_196' title='bbox 2458 1555 2696 1607; x_wconf 80' lang='grc' dir='ltr'><strong>πτόντων</strong></span> <span class='ocrx_word' id='word_1_197' title='bbox 2734 1553 3105 1622; x_wconf 67' lang='grc' dir='ltr'><strong>ἀναλωμάτων</strong></span> <span class='ocrx_word' id='word_1_198' title='bbox 3128 1555 3226 1623; x_wconf 79' lang='grc' dir='ltr'><strong>τὴν</strong></span> <span class='ocrx_word' id='word_1_199' title='bbox 3254 1552 3561 1621; x_wconf 79' lang='grc' dir='ltr'><strong>οίκονομίαν</strong></span> <span class='ocrx_word' id='word_1_200' title='bbox 3588 1592 3599 1602; x_wconf 94' lang='grc'>.</span> 
     </span>
    </p>
   </div>
   <div class='ocr_carea' id='block_1_31' title="bbox 856 1730 2528 1805">
    <p class='ocr_par' dir='ltr' id='par_1_31' title="bbox 856 1732 2430 1805">
     <span class='ocr_line' id='line_1_31' title="bbox 856 1732 2430 1805; baseline 0.003 -18"><span class='ocrx_word' id='word_1_201' title='bbox 856 1733 1049 1787; x_wconf 80' lang='lat' dir='ltr'><strong>BALS.</strong></span> <span class='ocrx_word' id='word_1_202' title='bbox 1078 1734 1183 1789; x_wconf 82' lang='lat' dir='ltr'><strong>Res</strong></span> <span class='ocrx_word' id='word_1_203' title='bbox 1209 1746 1408 1799; x_wconf 85' lang='lat' dir='ltr'><strong>autem,</strong></span> <span class='ocrx_word' id='word_1_204' title='bbox 1432 1736 1627 1805; x_wconf 84' lang='lat' dir='ltr'><strong>inquit,</strong></span> <span class='ocrx_word' id='word_1_205' title='bbox 1655 1750 1772 1804; x_wconf 71' lang='lat' dir='ltr'><strong>quae</strong></span> <span class='ocrx_word' id='word_1_206' title='bbox 1812 1734 2002 1788; x_wconf 59' lang='lat' dir='ltr'><strong>ablat:</strong></span> <span class='ocrx_word' id='word_1_207' title='bbox 2040 1742 2185 1798; x_wconf 91' lang='lat' dir='ltr'><strong>sunt,</strong></span> <span class='ocrx_word' id='word_1_208' title='bbox 2220 1732 2341 1786; x_wconf 84' lang='lat' dir='ltr'><strong>dua-</strong></span> <span class='ocrx_word' id='word_1_209' title='bbox 2389 1736 2430 1792; x_wconf 72' lang='grc' dir='ltr'><strong>Β</strong></span> 
     </span>
    </p>
   </div>
   <div class='ocr_carea' id='block_1_32' title="bbox 2360 1730 4032 1805">
    <p class='ocr_par' dir='ltr' id='par_1_32' title="bbox 2389 1730 4032 1805">
     <span class='ocr_line' id='line_1_32' title="bbox 2389 1730 4032 1805; baseline -0.001 -23"><span class='ocrx_word' id='word_1_210' title='bbox 2389 1736 2430 1792; x_wconf 70' lang='grc' dir='ltr'><strong>Β</strong></span> <span class='ocrx_word' id='word_1_211' title='bbox 2532 1731 2728 1786; x_wconf 75' lang='grc' dir='ltr'><strong>ΒΑΛΣ.</strong></span> <span class='ocrx_word' id='word_1_212' title='bbox 2767 1732 2831 1784; x_wconf 79' lang='grc' dir='ltr'><strong>Ἀ</strong></span> <span class='ocrx_word' id='word_1_213' title='bbox 2864 1731 2943 1794; x_wconf 74' lang='grc' dir='ltr'><strong>δὲ,</strong></span> <span class='ocrx_word' id='word_1_214' title='bbox 2982 1732 3167 1801; x_wconf 66' lang='grc' dir='ltr'><strong>φησὶν,</strong></span> <span class='ocrx_word' id='word_1_215' title='bbox 3198 1732 3448 1805; x_wconf 79' lang='grc' dir='ltr'><strong>ἀφῃρέθη</strong></span> <span class='ocrx_word' id='word_1_216' title='bbox 3478 1734 3802 1802; x_wconf 80' lang='grc' dir='ltr'><strong>πράγματα,</strong></span> <span class='ocrx_word' id='word_1_217' title='bbox 3825 1730 4032 1784; x_wconf 73' lang='grc' dir='ltr'><strong>δίκαιόν</strong></span> 
     </span>
    </p>
   </div>
   <div class='ocr_carea' id='block_1_33' title="bbox 782 1822 2351 1894">
    <p class='ocr_par' dir='ltr' id='par_1_33' title="bbox 782 1822 2351 1894">
     <span class='ocr_line' id='line_1_33' title="bbox 782 1822 2351 1894; baseline -0.005 -14"><span class='ocrx_word' id='word_1_218' title='bbox 782 1825 882 1880; x_wconf 87' lang='lat' dir='ltr'><strong>bus</strong></span> <span class='ocrx_word' id='word_1_219' title='bbox 908 1826 955 1880; x_wconf 90' lang='lat' dir='ltr'><strong>ei</strong></span> <span class='ocrx_word' id='word_1_220' title='bbox 986 1826 1053 1879; x_wconf 91' lang='lat' dir='ltr'><strong>de</strong></span> <span class='ocrx_word' id='word_1_221' title='bbox 1084 1826 1263 1879; x_wconf 85' lang='lat' dir='ltr'><strong>causis</strong></span> <span class='ocrx_word' id='word_1_222' title='bbox 1306 1825 1591 1879; x_wconf 67' lang='lat' dir='ltr'><strong>reddendae</strong></span> <span class='ocrx_word' id='word_1_223' title='bbox 1622 1832 1771 1887; x_wconf 86' lang='lat' dir='ltr'><strong>sunt,</strong></span> <span class='ocrx_word' id='word_1_224' title='bbox 1815 1839 1918 1877; x_wconf 88' lang='lat' dir='ltr'><strong>una</strong></span> <span class='ocrx_word' id='word_1_225' title='bbox 1944 1822 2182 1894; x_wconf 87' lang='lat' dir='ltr'><strong>quidem,</strong></span> <span class='ocrx_word' id='word_1_226' title='bbox 2211 1822 2351 1890; x_wconf 84' lang='lat' dir='ltr'><strong>quod</strong></span> 
     </span>
    </p>
   </div>
   <div class='ocr_carea' id='block_1_34' title="bbox 781 1911 2349 1983">
    <p class='ocr_par' dir='ltr' id='par_1_34' title="bbox 781 1911 2349 1983">
     <span class='ocr_line' id='line_1_34' title="bbox 781 1911 2349 1983; baseline -0.006 -12"><span class='ocrx_word' id='word_1_227' title='bbox 781 1916 1001 1971; x_wconf 82' lang='lat' dir='ltr'><strong>omnino</strong></span> <span class='ocrx_word' id='word_1_228' title='bbox 1052 1914 1295 1983; x_wconf 87' lang='lat' dir='ltr'><strong>iniquum</strong></span> <span class='ocrx_word' id='word_1_229' title='bbox 1347 1924 1430 1969; x_wconf 85' lang='lat' dir='ltr'><strong>est</strong></span> <span class='ocrx_word' id='word_1_230' title='bbox 1452 1916 1612 1968; x_wconf 87' lang='lat' dir='ltr'><strong>ullam</strong></span> <span class='ocrx_word' id='word_1_231' title='bbox 1644 1930 1830 1968; x_wconf 88' lang='lat' dir='ltr'><strong>earum</strong></span> <span class='ocrx_word' id='word_1_232' title='bbox 1873 1912 2070 1966; x_wconf 79' lang='lat' dir='ltr'><strong>factam</strong></span> <span class='ocrx_word' id='word_1_233' title='bbox 2120 1911 2349 1965; x_wconf 84' lang='lat' dir='ltr'><strong>ablatio-</strong></span> 
     </span>
    </p>
   </div>
   <div class='ocr_carea' id='block_1_35' title="bbox 784 1998 2354 2070">
    <p class='ocr_par' dir='ltr' id='par_1_35' title="bbox 784 1998 2354 2070">
     <span class='ocr_line' id='line_1_35' title="bbox 784 1998 2354 2070; baseline -0.003 -15"><span class='ocrx_word' id='word_1_234' title='bbox 784 2018 902 2057; x_wconf 89' lang='lat' dir='ltr'><strong>nem</strong></span> <span class='ocrx_word' id='word_1_235' title='bbox 937 2019 951 2065; x_wconf 89' lang='lat'><strong>;</strong></span> <span class='ocrx_word' id='word_1_236' title='bbox 982 2001 1147 2055; x_wconf 82' lang='lat' dir='ltr'><strong>altera</strong></span> <span class='ocrx_word' id='word_1_237' title='bbox 1194 2016 1343 2064; x_wconf 77' lang='lat' dir='ltr'><strong>vero,</strong></span> <span class='ocrx_word' id='word_1_238' title='bbox 1379 2002 1519 2070; x_wconf 84' lang='lat' dir='ltr'><strong>quod</strong></span> <span class='ocrx_word' id='word_1_239' title='bbox 1547 2016 1734 2054; x_wconf 88' lang='lat' dir='ltr'><strong>omnes</strong></span> <span class='ocrx_word' id='word_1_240' title='bbox 1762 2000 2041 2069; x_wconf 87' lang='lat' dir='ltr'><strong>episcopos</strong></span> <span class='ocrx_word' id='word_1_241' title='bbox 2080 1998 2217 2051; x_wconf 87' lang='lat' dir='ltr'><strong>male</strong></span> <span class='ocrx_word' id='word_1_242' title='bbox 2262 1998 2354 2051; x_wconf 81' lang='lat' dir='ltr'><strong>lia-</strong></span> 
     </span>
    </p>
   </div>
   <div class='ocr_carea' id='block_1_36' title="bbox 779 2088 2355 2163">
    <p class='ocr_par' dir='ltr' id='par_1_36' title="bbox 779 2088 2355 2163">
     <span class='ocr_line' id='line_1_36' title="bbox 779 2088 2355 2163; baseline -0.004 -16"><span class='ocrx_word' id='word_1_243' title='bbox 779 2096 889 2155; x_wconf 86' lang='lat' dir='ltr'><strong>bet,</strong></span> <span class='ocrx_word' id='word_1_244' title='bbox 921 2102 973 2149; x_wconf 92' lang='lat' dir='ltr'><strong>et</strong></span> <span class='ocrx_word' id='word_1_245' title='bbox 1010 2093 1254 2147; x_wconf 81' lang='lat' dir='ltr'><strong>molestia</strong></span> <span class='ocrx_word' id='word_1_246' title='bbox 1296 2093 1481 2157; x_wconf 73' lang='lat' dir='ltr'><strong>allicit,</strong></span> <span class='ocrx_word' id='word_1_247' title='bbox 1524 2091 1667 2163; x_wconf 83' lang='lat' dir='ltr'><strong>quod</strong></span> <span class='ocrx_word' id='word_1_248' title='bbox 1715 2093 1782 2147; x_wconf 77' lang='lat' dir='ltr'><strong>ab</strong></span> <span class='ocrx_word' id='word_1_249' title='bbox 1826 2092 1905 2146; x_wconf 88' lang='lat' dir='ltr'><strong>eis</strong></span> <span class='ocrx_word' id='word_1_250' title='bbox 1950 2091 2087 2144; x_wconf 86' lang='lat' dir='ltr'><strong>ratio</strong></span> <span class='ocrx_word' id='word_1_251' title='bbox 2131 2088 2355 2143; x_wconf 86' lang='lat' dir='ltr'><strong>admini-</strong></span> 
     </span>
    </p>
   </div>
   <div class='ocr_carea' id='block_1_37' title="bbox 780 2177 2351 2251">
    <p class='ocr_par' dir='ltr' id='par_1_37' title="bbox 780 2177 2351 2251">
     <span class='ocr_line' id='line_1_37' title="bbox 780 2177 2351 2251; baseline -0.003 -17"><span class='ocrx_word' id='word_1_252' title='bbox 780 2182 1058 2237; x_wconf 65' lang='lat' dir='ltr'><strong>strationis</strong></span> <span class='ocrx_word' id='word_1_253' title='bbox 1088 2197 1270 2237; x_wconf 80' lang='lat' dir='ltr'><strong>eorum</strong></span> <span class='ocrx_word' id='word_1_254' title='bbox 1302 2192 1612 2251; x_wconf 86' lang='lat' dir='ltr'><strong>sumptuum</strong></span> <span class='ocrx_word' id='word_1_255' title='bbox 1647 2196 1763 2250; x_wconf 75' lang='lat' dir='ltr'><strong>qua:</strong></span> <span class='ocrx_word' id='word_1_256' title='bbox 1791 2181 2032 2234; x_wconf 89' lang='lat' dir='ltr'><strong>incidunt</strong></span> <span class='ocrx_word' id='word_1_257' title='bbox 2054 2179 2166 2233; x_wconf 57' lang='lat' dir='ltr'><strong>sive</strong></span> <span class='ocrx_word' id='word_1_258' title='bbox 2193 2177 2351 2232; x_wconf 57' lang='lat' dir='ltr'><strong>obve.</strong></span> 
     </span>
    </p>
   </div>
   <div class='ocr_carea' id='block_1_38' title="bbox 781 2268 2355 2343">
    <p class='ocr_par' dir='ltr' id='par_1_38' title="bbox 781 2268 2355 2343">
     <span class='ocr_line' id='line_1_38' title="bbox 781 2268 2355 2343; baseline -0.003 -17"><span class='ocrx_word' id='word_1_259' title='bbox 781 2273 933 2326; x_wconf 80' lang='lat' dir='ltr'><strong>nium</strong></span> <span class='ocrx_word' id='word_1_260' title='bbox 957 2273 1223 2343; x_wconf 74' lang='lat' dir='ltr'><strong>exigatur,</strong></span> <span class='ocrx_word' id='word_1_261' title='bbox 1252 2272 1605 2341; x_wconf 84' lang='lat' dir='ltr'><strong>undecunque</strong></span> <span class='ocrx_word' id='word_1_262' title='bbox 1638 2274 1878 2341; x_wconf 68' lang='lat' dir='ltr'><strong>pecunia</strong></span> <span class='ocrx_word' id='word_1_263' title='bbox 1896 2270 2206 2330; x_wconf 79' lang='lat' dir='ltr'><strong>obveniant,</strong></span> <span class='ocrx_word' id='word_1_264' title='bbox 2242 2268 2355 2321; x_wconf 88' lang='lat' dir='ltr'><strong>sive</strong></span> 
     </span>
    </p>
   </div>
   <div class='ocr_carea' id='block_1_39' title="bbox 778 2360 2355 2427">
    <p class='ocr_par' dir='ltr' id='par_1_39' title="bbox 778 2360 2355 2427">
     <span class='ocr_line' id='line_1_39' title="bbox 778 2360 2355 2427; baseline -0.001 -11"><span class='ocrx_word' id='word_1_265' title='bbox 778 2380 842 2418; x_wconf 74' lang='lat' dir='ltr'><strong>us</strong></span> <span class='ocrx_word' id='word_1_266' title='bbox 892 2364 1270 2417; x_wconf 74' lang='lat' dir='ltr'><strong>ecclesiasticis</strong></span> <span class='ocrx_word' id='word_1_267' title='bbox 1310 2363 1631 2427; x_wconf 88' lang='lat' dir='ltr'><strong>redditibus,</strong></span> <span class='ocrx_word' id='word_1_268' title='bbox 1660 2363 1772 2417; x_wconf 81' lang='lat' dir='ltr'><strong>sive</strong></span> <span class='ocrx_word' id='word_1_269' title='bbox 1800 2376 1864 2415; x_wconf 82' lang='lat' dir='ltr'><strong>es</strong></span> <span class='ocrx_word' id='word_1_270' title='bbox 1907 2360 2083 2415; x_wconf 86' lang='lat' dir='ltr'><strong>fructu</strong></span> <span class='ocrx_word' id='word_1_271' title='bbox 2113 2360 2355 2414; x_wconf 84' lang='lat' dir='ltr'><strong>alicunde</strong></span> 
     </span>
    </p>
   </div>
   <div class='ocr_carea' id='block_1_40' title="bbox 779 2449 2356 2523">
    <p class='ocr_par' dir='ltr' id='par_1_40' title="bbox 779 2449 2356 2523">
     <span class='ocr_line' id='line_1_40' title="bbox 779 2449 2356 2523; baseline -0.004 -18"><span class='ocrx_word' id='word_1_272' title='bbox 779 2463 1052 2523; x_wconf 82' lang='lat' dir='ltr'><strong>percepto,</strong></span> <span class='ocrx_word' id='word_1_273' title='bbox 1076 2452 1391 2523; x_wconf 86' lang='lat' dir='ltr'><strong>quibusdam</strong></span> <span class='ocrx_word' id='word_1_274' title='bbox 1411 2454 1619 2508; x_wconf 80' lang='lat' dir='ltr'><strong>scilicet</strong></span> <span class='ocrx_word' id='word_1_275' title='bbox 1636 2452 2018 2508; x_wconf 82' lang='lat' dir='ltr'><strong>oblationibus.</strong></span> <span class='ocrx_word' id='word_1_276' title='bbox 2036 2449 2169 2505; x_wconf 81' lang='lat' dir='ltr'><strong>Nam</strong></span> <span class='ocrx_word' id='word_1_277' title='bbox 2192 2468 2356 2507; x_wconf 88' lang='lat' dir='ltr'><strong>unus.</strong></span> 
     </span>
    </p>
   </div>
   <div class='ocr_carea' id='block_1_41' title="bbox 778 2545 2355 2616">
    <p class='ocr_par' dir='ltr' id='par_1_41' title="bbox 778 2545 2355 2616">
     <span class='ocr_line' id='line_1_41' title="bbox 778 2545 2355 2616; baseline 0.001 -21"><span class='ocrx_word' id='word_1_278' title='bbox 778 2546 1005 2615; x_wconf 71' lang='lat' dir='ltr'><strong>quisque</strong></span> <span class='ocrx_word' id='word_1_279' title='bbox 1070 2555 1420 2611; x_wconf 89' lang='lat' dir='ltr'><strong>nostrorum,</strong></span> <span class='ocrx_word' id='word_1_280' title='bbox 1468 2546 1662 2614; x_wconf 87' lang='lat' dir='ltr'><strong>inquit.</strong></span> <span class='ocrx_word' id='word_1_281' title='bbox 1707 2545 2086 2616; x_wconf 86' lang='lat' dir='ltr'><strong>episcoporum</strong></span> <span class='ocrx_word' id='word_1_282' title='bbox 2115 2585 2130 2610; x_wconf 97' lang='lat'><strong>,</strong></span> <span class='ocrx_word' id='word_1_283' title='bbox 2176 2546 2355 2598; x_wconf 83' lang='lat' dir='ltr'><strong>ratio-</strong></span> 
     </span>
    </p>
   </div>
   <div class='ocr_carea' id='block_1_42' title="bbox 778 2634 2355 2702">
    <p class='ocr_par' dir='ltr' id='par_1_42' title="bbox 778 2634 2355 2702">
     <span class='ocr_line' id='line_1_42' title="bbox 778 2634 2355 2702; baseline 0 -15"><span class='ocrx_word' id='word_1_284' title='bbox 778 2650 901 2688; x_wconf 85' lang='lat' dir='ltr'><strong>nem</strong></span> <span class='ocrx_word' id='word_1_285' title='bbox 938 2636 1425 2689; x_wconf 82' lang='lat' dir='ltr'><strong>administrationis</strong></span> <span class='ocrx_word' id='word_1_286' title='bbox 1458 2650 1637 2689; x_wconf 86' lang='lat' dir='ltr'><strong>rerum</strong></span> <span class='ocrx_word' id='word_1_287' title='bbox 1674 2651 1783 2690; x_wconf 71' lang='lat' dir='ltr'><strong>suae</strong></span> <span class='ocrx_word' id='word_1_288' title='bbox 1807 2634 2086 2699; x_wconf 66' lang='lat' dir='ltr'><strong>Ecclesiae,</strong></span> <span class='ocrx_word' id='word_1_289' title='bbox 2120 2650 2215 2702; x_wconf 89' lang='lat' dir='ltr'><strong>pro</strong></span> <span class='ocrx_word' id='word_1_290' title='bbox 2242 2635 2355 2688; x_wconf 83' lang='lat' dir='ltr'><strong>suis</strong></span> 
     </span>
    </p>
   </div>
   <div class='ocr_carea' id='block_1_43' title="bbox 780 2724 2355 2796">
    <p class='ocr_par' dir='ltr' id='par_1_43' title="bbox 780 2724 2355 2796">
     <span class='ocr_line' id='line_1_43' title="bbox 780 2724 2355 2796; baseline -0.001 -16"><span class='ocrx_word' id='word_1_291' title='bbox 780 2727 1133 2793; x_wconf 84' lang='lat' dir='ltr'><strong>temporibus,</strong></span> <span class='ocrx_word' id='word_1_292' title='bbox 1179 2728 1280 2779; x_wconf 75' lang='lat' dir='ltr'><strong>hoc</strong></span> <span class='ocrx_word' id='word_1_293' title='bbox 1333 2733 1436 2790; x_wconf 91' lang='lat' dir='ltr'><strong>est,</strong></span> <span class='ocrx_word' id='word_1_294' title='bbox 1479 2742 1578 2796; x_wconf 89' lang='lat' dir='ltr'><strong>pro</strong></span> <span class='ocrx_word' id='word_1_295' title='bbox 1636 2736 1876 2794; x_wconf 88' lang='lat' dir='ltr'><strong>tempore</strong></span> <span class='ocrx_word' id='word_1_296' title='bbox 1928 2740 2043 2795; x_wconf 89' lang='lat' dir='ltr'><strong>quo</strong></span> <span class='ocrx_word' id='word_1_297' title='bbox 2090 2724 2190 2779; x_wconf 79' lang='lat' dir='ltr'><strong>fuit</strong></span> <span class='ocrx_word' id='word_1_298' title='bbox 2240 2726 2355 2793; x_wconf 90' lang='lat' dir='ltr'><strong>epi-</strong></span> 
     </span>
    </p>
   </div>
   <div class='ocr_carea' id='block_1_44' title="bbox 777 2816 2353 2885">
    <p class='ocr_par' dir='ltr' id='par_1_44' title="bbox 777 2816 2353 2885">
     <span class='ocr_line' id='line_1_44' title="bbox 777 2816 2353 2885; baseline -0.006 -10"><span class='ocrx_word' id='word_1_299' title='bbox 777 2834 994 2885; x_wconf 83' lang='lat' dir='ltr'><strong>sc0pus,</strong></span> <span class='ocrx_word' id='word_1_300' title='bbox 1019 2817 1126 2873; x_wconf 86' lang='lat' dir='ltr'><strong>Deo</strong></span> <span class='ocrx_word' id='word_1_301' title='bbox 1150 2819 1355 2872; x_wconf 86' lang='lat' dir='ltr'><strong>reddet.</strong></span> <span class='ocrx_word' id='word_1_302' title='bbox 1387 2816 1522 2871; x_wconf 82' lang='lat' dir='ltr'><strong>Vasa</strong></span> <span class='ocrx_word' id='word_1_303' title='bbox 1551 2819 1691 2871; x_wconf 88' lang='lat' dir='ltr'><strong>enim</strong></span> <span class='ocrx_word' id='word_1_304' title='bbox 1720 2818 1952 2884; x_wconf 81' lang='lat' dir='ltr'><strong>pretiosa</strong></span> <span class='ocrx_word' id='word_1_305' title='bbox 1979 2816 2353 2882; x_wconf 83' lang='lat' dir='ltr'><strong>ecclesiarum,</strong></span> 
     </span>
    </p>
   </div>
   <div class='ocr_carea' id='block_1_45' title="bbox 777 2907 2357 2976">
    <p class='ocr_par' dir='ltr' id='par_1_45' title="bbox 777 2907 2357 2976">
     <span class='ocr_line' id='line_1_45' title="bbox 777 2907 2357 2976; baseline -0.001 -13"><span class='ocrx_word' id='word_1_306' title='bbox 777 2923 875 2963; x_wconf 83' lang='lat' dir='ltr'><strong>seu</strong></span> <span class='ocrx_word' id='word_1_307' title='bbox 897 2923 1071 2971; x_wconf 87' lang='lat' dir='ltr'><strong>sacra,</strong></span> <span class='ocrx_word' id='word_1_308' title='bbox 1098 2918 1153 2962; x_wconf 90' lang='lat' dir='ltr'><strong>et</strong></span> <span class='ocrx_word' id='word_1_309' title='bbox 1182 2907 1383 2976; x_wconf 84' lang='lat' dir='ltr'><strong>reliqua</strong></span> <span class='ocrx_word' id='word_1_310' title='bbox 1415 2907 1523 2963; x_wconf 90' lang='lat' dir='ltr'><strong>Deo</strong></span> <span class='ocrx_word' id='word_1_311' title='bbox 1541 2917 1892 2973; x_wconf 87' lang='lat' dir='ltr'><strong>consecrata,</strong></span> <span class='ocrx_word' id='word_1_312' title='bbox 1913 2916 1965 2961; x_wconf 91' lang='lat' dir='ltr'><strong>et</strong></span> <span class='ocrx_word' id='word_1_313' title='bbox 1986 2908 2357 2975; x_wconf 77' lang='lat' dir='ltr'><strong>possessiones</strong></span> 
     </span>
    </p>
   </div>
   <div class='ocr_carea' id='block_1_46' title="bbox 775 2998 2354 3062">
    <p class='ocr_par' dir='ltr' id='par_1_46' title="bbox 775 2998 2354 3062">
     <span class='ocr_line' id='line_1_46' title="bbox 775 2998 2354 3062; baseline -0.001 -11"><span class='ocrx_word' id='word_1_314' title='bbox 775 2998 1103 3060; x_wconf 86' lang='lat' dir='ltr'><strong>immobiles,</strong></span> <span class='ocrx_word' id='word_1_315' title='bbox 1138 3013 1243 3051; x_wconf 89' lang='lat' dir='ltr'><strong>non</strong></span> <span class='ocrx_word' id='word_1_316' title='bbox 1276 3007 1405 3052; x_wconf 87' lang='lat' dir='ltr'><strong>sunt</strong></span> <span class='ocrx_word' id='word_1_317' title='bbox 1431 2998 1759 3062; x_wconf 83' lang='lat' dir='ltr'><strong>alienabilia,</strong></span> <span class='ocrx_word' id='word_1_318' title='bbox 1788 3008 1841 3051; x_wconf 89' lang='lat' dir='ltr'><strong>et</strong></span> <span class='ocrx_word' id='word_1_319' title='bbox 1863 2998 2109 3051; x_wconf 89' lang='lat' dir='ltr'><strong>ecclesiis</strong></span> <span class='ocrx_word' id='word_1_320' title='bbox 2131 3013 2354 3051; x_wconf 81' lang='lat' dir='ltr'><strong>servan-</strong></span> 
     </span>
    </p>
   </div>
   <div class='ocr_carea' id='block_1_47' title="bbox 2460 1821 4033 1892">
    <p class='ocr_par' dir='ltr' id='par_1_47' title="bbox 2460 1821 4033 1892">
     <span class='ocr_line' id='line_1_47' title="bbox 2460 1821 4033 1892; baseline -0.001 -17"><span class='ocrx_word' id='word_1_321' title='bbox 2460 1826 2606 1875; x_wconf 85' lang='grc' dir='ltr'><strong>ἐστιν</strong></span> <span class='ocrx_word' id='word_1_322' title='bbox 2635 1821 2968 1891; x_wconf 78' lang='grc' dir='ltr'><strong>,ἀποδοθῆναι</strong></span> <span class='ocrx_word' id='word_1_323' title='bbox 3003 1824 3151 1892; x_wconf 84' lang='grc' dir='ltr'><strong>αὐτῷ</strong></span> <span class='ocrx_word' id='word_1_324' title='bbox 3182 1826 3321 1878; x_wconf 69' lang='grc' dir='ltr'><strong>κατὰ</strong></span> <span class='ocrx_word' id='word_1_325' title='bbox 3359 1825 3452 1877; x_wconf 83' lang='grc' dir='ltr'><strong>δύο</strong></span> <span class='ocrx_word' id='word_1_326' title='bbox 3484 1826 3715 1891; x_wconf 76' lang='grc' dir='ltr'><strong>τρόπους</strong></span> <span class='ocrx_word' id='word_1_327' title='bbox 3738 1841 3750 1852; x_wconf 94' lang='grc'><strong>·</strong></span> <span class='ocrx_word' id='word_1_328' title='bbox 3781 1824 3881 1875; x_wconf 75' lang='grc' dir='ltr'><strong>ινα</strong></span> <span class='ocrx_word' id='word_1_329' title='bbox 3913 1823 4033 1889; x_wconf 83' lang='grc' dir='ltr'><strong>μὲν,</strong></span> 
     </span>
    </p>
   </div>
   <div class='ocr_carea' id='block_1_48' title="bbox 2459 1914 4033 1986">
    <p class='ocr_par' dir='ltr' id='par_1_48' title="bbox 2459 1914 4033 1986">
     <span class='ocr_line' id='line_1_48' title="bbox 2459 1914 4033 1986; baseline -0.001 -20"><span class='ocrx_word' id='word_1_330' title='bbox 2459 1915 2541 1966; x_wconf 82' lang='grc' dir='ltr'><strong>ὅτι</strong></span> <span class='ocrx_word' id='word_1_331' title='bbox 2572 1915 2669 1966; x_wconf 84' lang='grc' dir='ltr'><strong>καὶ</strong></span> <span class='ocrx_word' id='word_1_332' title='bbox 2697 1914 2756 1966; x_wconf 85' lang='grc' dir='ltr'><strong>τὸ</strong></span> <span class='ocrx_word' id='word_1_333' title='bbox 2787 1914 2922 1976; x_wconf 84' lang='grc' dir='ltr'><strong>ὅλως</strong></span> <span class='ocrx_word' id='word_1_334' title='bbox 2957 1916 3207 1982; x_wconf 78' lang='grc' dir='ltr'><strong>γενέσθαι</strong></span> <span class='ocrx_word' id='word_1_335' title='bbox 3240 1916 3339 1985; x_wconf 78' lang='grc' dir='ltr'><strong>τήν</strong></span> <span class='ocrx_word' id='word_1_336' title='bbox 3365 1916 3655 1986; x_wconf 72' lang='grc' dir='ltr'><strong>ἀφαίρεσιν</strong></span> <span class='ocrx_word' id='word_1_337' title='bbox 3708 1916 3892 1967; x_wconf 69' lang='grc' dir='ltr'><strong>αὐτῶν</strong></span> <span class='ocrx_word' id='word_1_338' title='bbox 3924 1916 4033 1967; x_wconf 74' lang='grc' dir='ltr'><strong>ἀδι-</strong></span> 
     </span>
    </p>
   </div>
   <div class='ocr_carea' id='block_1_49' title="bbox 2458 2005 4035 2076">
    <p class='ocr_par' dir='ltr' id='par_1_49' title="bbox 2458 2005 4035 2076">
     <span class='ocr_line' id='line_1_49' title="bbox 2458 2005 4035 2076; baseline 0 -19"><span class='ocrx_word' id='word_1_339' title='bbox 2458 2006 2554 2058; x_wconf 81' lang='grc' dir='ltr'><strong>κόν</strong></span> <span class='ocrx_word' id='word_1_340' title='bbox 2576 2007 2761 2058; x_wconf 82' lang='grc' dir='ltr'><strong>ἐστιν·</strong></span> <span class='ocrx_word' id='word_1_341' title='bbox 2806 2005 3099 2076; x_wconf 76' lang='grc' dir='ltr'><strong>ἐτερονδὲ,</strong></span> <span class='ocrx_word' id='word_1_342' title='bbox 3143 2007 3225 2059; x_wconf 75' lang='grc' dir='ltr'><strong>ὅτι</strong></span> <span class='ocrx_word' id='word_1_343' title='bbox 3272 2008 3478 2069; x_wconf 86' lang='grc' dir='ltr'><strong>πάντας</strong></span> <span class='ocrx_word' id='word_1_344' title='bbox 3526 2010 3651 2069; x_wconf 76' lang='grc' dir='ltr'><strong>τοὺς</strong></span> <span class='ocrx_word' id='word_1_345' title='bbox 3698 2007 4035 2065; x_wconf 68' lang='grc' dir='ltr'><strong>ἐπισκόπους</strong></span> 
     </span>
    </p>
   </div>
   <div class='ocr_carea' id='block_1_50' title="bbox 2459 2097 4035 2168">
    <p class='ocr_par' dir='ltr' id='par_1_50' title="bbox 2459 2097 4035 2168">
     <span class='ocr_line' id='line_1_50' title="bbox 2459 2097 4035 2168; baseline -0.003 -18"><span class='ocrx_word' id='word_1_346' title='bbox 2459 2098 2663 2167; x_wconf 77' lang='grc' dir='ltr'><strong>σφόδρα</strong></span> <span class='ocrx_word' id='word_1_347' title='bbox 2695 2098 2873 2161; x_wconf 79' lang='grc' dir='ltr'><strong>λυπεῖ,</strong></span> <span class='ocrx_word' id='word_1_348' title='bbox 2919 2102 3009 2151; x_wconf 77' lang='grc' dir='ltr'><strong>καὶ</strong></span> <span class='ocrx_word' id='word_1_349' title='bbox 3052 2100 3282 2168; x_wconf 81' lang='grc' dir='ltr'><strong>ἀκηδίαν</strong></span> <span class='ocrx_word' id='word_1_350' title='bbox 3327 2097 3607 2167; x_wconf 77' lang='grc' dir='ltr'><strong>ἐμ6ά&gt;.λει,</strong></span> <span class='ocrx_word' id='word_1_351' title='bbox 3655 2098 3711 2149; x_wconf 80' lang='grc' dir='ltr'><strong>τὸ</strong></span> <span class='ocrx_word' id='word_1_352' title='bbox 3760 2097 4035 2163; x_wconf 80' lang='grc' dir='ltr'><strong>λογοπρα-</strong></span> 
     </span>
    </p>
   </div>
   <div class='ocr_carea' id='block_1_51' title="bbox 2456 2184 4033 2258">
    <p class='ocr_par' dir='ltr' id='par_1_51' title="bbox 2456 2184 4033 2258">
     <span class='ocr_line' id='line_1_51' title="bbox 2456 2184 4033 2258; baseline -0.006 -17"><span class='ocrx_word' id='word_1_353' title='bbox 2456 2189 2671 2258; x_wconf 76' lang='grc' dir='ltr'><strong>γεῖσοαι</strong></span> <span class='ocrx_word' id='word_1_354' title='bbox 2706 2188 2901 2250; x_wconf 71' lang='grc' dir='ltr'><strong>αὐτοὺς</strong></span> <span class='ocrx_word' id='word_1_355' title='bbox 2930 2187 3023 2241; x_wconf 75' lang='grc' dir='ltr'><strong>ἐπὶ</strong></span> <span class='ocrx_word' id='word_1_356' title='bbox 3052 2191 3117 2257; x_wconf 75' lang='grc' dir='ltr'><strong>τῇ</strong></span> <span class='ocrx_word' id='word_1_357' title='bbox 3150 2187 3433 2257; x_wconf 72' lang='grc' dir='ltr'><strong>οἰκονομίᾳ</strong></span> <span class='ocrx_word' id='word_1_358' title='bbox 3482 2186 3590 2239; x_wconf 82' lang='grc' dir='ltr'><strong>τῶν</strong></span> <span class='ocrx_word' id='word_1_359' title='bbox 3644 2184 4033 2253; x_wconf 80' lang='grc' dir='ltr'><strong>παραπιπτόνο</strong></span> 
     </span>
    </p>
   </div>
   <div class='ocr_carea' id='block_1_52' title="bbox 2454 2268 4033 2347">
    <p class='ocr_par' dir='ltr' id='par_1_52' title="bbox 2454 2268 4033 2347">
     <span class='ocr_line' id='line_1_52' title="bbox 2454 2268 4033 2347; baseline -0.008 -15"><span class='ocrx_word' id='word_1_360' title='bbox 2454 2298 2562 2333; x_wconf 86' lang='grc' dir='ltr'><strong>των</strong></span> <span class='ocrx_word' id='word_1_361' title='bbox 2591 2278 2709 2347; x_wconf 75' lang='grc' dir='ltr'><strong>ἦτοι</strong></span> <span class='ocrx_word' id='word_1_362' title='bbox 2752 2275 3163 2346; x_wconf 78' lang='grc' dir='ltr'><strong>συμϐαινόντων</strong></span> <span class='ocrx_word' id='word_1_363' title='bbox 3201 2275 3595 2343; x_wconf 78' lang='grc' dir='ltr'><strong>ἀναλωμάτων,</strong></span> <span class='ocrx_word' id='word_1_364' title='bbox 3656 2273 3778 2323; x_wconf 77' lang='grc' dir='ltr'><strong>ὅθεν</strong></span> <span class='ocrx_word' id='word_1_365' title='bbox 3844 2271 3911 2323; x_wconf 81' lang='grc' dir='ltr'><strong>ἂν</strong></span> <span class='ocrx_word' id='word_1_366' title='bbox 3964 2268 4033 2319; x_wconf 74' lang='grc' dir='ltr'><strong>τά</strong></span> 
     </span>
    </p>
   </div>
   <div class='ocr_carea' id='block_1_53' title="bbox 2457 2362 4036 2440">
    <p class='ocr_par' dir='ltr' id='par_1_53' title="bbox 2457 2362 4036 2440">
     <span class='ocr_line' id='line_1_53' title="bbox 2457 2362 4036 2440; baseline -0.007 -18"><span class='ocrx_word' id='word_1_367' title='bbox 2457 2371 2717 2440; x_wconf 77' lang='grc' dir='ltr'><strong>χρήματα</strong></span> <span class='ocrx_word' id='word_1_368' title='bbox 2761 2368 3272 2436; x_wconf 77' lang='grc' dir='ltr'><strong>περιέλθωσιν,εἰ’τε</strong></span> <span class='ocrx_word' id='word_1_369' title='bbox 3315 2368 3375 2419; x_wconf 82' lang='grc' dir='ltr'><strong>ἐκ</strong></span> <span class='ocrx_word' id='word_1_370' title='bbox 3404 2365 3682 2435; x_wconf 75' lang='grc' dir='ltr'><strong>προσόδων</strong></span> <span class='ocrx_word' id='word_1_371' title='bbox 3734 2362 4036 2428; x_wconf 67' lang='grc' dir='ltr'><strong>ἐκκλησια-</strong></span> 
     </span>
    </p>
   </div>
   <div class='ocr_carea' id='block_1_54' title="bbox 2458 2454 4035 2530">
    <p class='ocr_par' dir='ltr' id='par_1_54' title="bbox 2458 2454 4035 2530">
     <span class='ocr_line' id='line_1_54' title="bbox 2458 2454 4035 2530; baseline -0.008 -15"><span class='ocrx_word' id='word_1_372' title='bbox 2458 2462 2679 2525; x_wconf 68' lang='grc' dir='ltr'><strong>πικῶν,</strong></span> <span class='ocrx_word' id='word_1_373' title='bbox 2704 2461 2811 2513; x_wconf 84' lang='grc' dir='ltr'><strong>είτε</strong></span> <span class='ocrx_word' id='word_1_374' title='bbox 2854 2458 3391 2530; x_wconf 76' lang='grc' dir='ltr'><strong>καρποφορίας,ήτοι</strong></span> <span class='ocrx_word' id='word_1_375' title='bbox 3416 2454 3791 2528; x_wconf 87' lang='grc' dir='ltr'><strong>προσαγωγῶν</strong></span> <span class='ocrx_word' id='word_1_376' title='bbox 3849 2469 4035 2503; x_wconf 86' lang='grc' dir='ltr'><strong>τινων.</strong></span> 
     </span>
    </p>
   </div>
   <div class='ocr_carea' id='block_1_55' title="bbox 2461 2544 4038 2623">
    <p class='ocr_par' dir='ltr' id='par_1_55' title="bbox 2461 2544 4038 2623">
     <span class='ocr_line' id='line_1_55' title="bbox 2461 2544 4038 2623; baseline -0.008 -16"><span class='ocrx_word' id='word_1_377' title='bbox 2461 2555 2731 2615; x_wconf 82' lang='grc' dir='ltr'><strong>Ἕκαστος</strong></span> <span class='ocrx_word' id='word_1_378' title='bbox 2760 2554 2896 2623; x_wconf 77' lang='grc' dir='ltr'><strong>γάρ,</strong></span> <span class='ocrx_word' id='word_1_379' title='bbox 2928 2553 3086 2622; x_wconf 78' lang='grc' dir='ltr'><strong>φησί,</strong></span> <span class='ocrx_word' id='word_1_380' title='bbox 3124 2552 3230 2604; x_wconf 84' lang='grc' dir='ltr'><strong>τῶν</strong></span> <span class='ocrx_word' id='word_1_381' title='bbox 3276 2552 3592 2605; x_wconf 80' lang='grc' dir='ltr'><strong>ἐπισκόπων</strong></span> <span class='ocrx_word' id='word_1_382' title='bbox 3623 2548 3779 2618; x_wconf 81' lang='grc' dir='ltr'><strong>ήμῶν</strong></span> <span class='ocrx_word' id='word_1_383' title='bbox 3812 2545 3894 2613; x_wconf 86' lang='grc' dir='ltr'><strong>τῷ</strong></span> <span class='ocrx_word' id='word_1_384' title='bbox 3917 2544 4038 2612; x_wconf 83' lang='grc' dir='ltr'><strong>Θεῷ</strong></span> 
     </span>
    </p>
   </div>
   <div class='ocr_carea' id='block_1_56' title="bbox 2454 2638 4039 2714">
    <p class='ocr_par' dir='ltr' id='par_1_56' title="bbox 2454 2638 4039 2714">
     <span class='ocr_line' id='line_1_56' title="bbox 2454 2638 4039 2714; baseline -0.008 -15"><span class='ocrx_word' id='word_1_385' title='bbox 2454 2646 2616 2699; x_wconf 83' lang='grc' dir='ltr'><strong>δώσει</strong></span> <span class='ocrx_word' id='word_1_386' title='bbox 2637 2647 2791 2714; x_wconf 81' lang='grc' dir='ltr'><strong>λόγον</strong></span> <span class='ocrx_word' id='word_1_387' title='bbox 2828 2643 3095 2714; x_wconf 75' lang='grc' dir='ltr'><strong>περὶτῆς</strong></span> <span class='ocrx_word' id='word_1_388' title='bbox 3156 2643 3478 2709; x_wconf 71' lang='grc' dir='ltr'><strong>διοικήσεως</strong></span> <span class='ocrx_word' id='word_1_389' title='bbox 3534 2642 3641 2694; x_wconf 82' lang='grc' dir='ltr'><strong>τῶν</strong></span> <span class='ocrx_word' id='word_1_390' title='bbox 3690 2638 4039 2708; x_wconf 72' lang='grc' dir='ltr'><strong>πραγμάτων</strong></span> 
     </span>
    </p>
   </div>
   <div class='ocr_carea' id='block_1_57' title="bbox 2455 2731 4040 2806">
    <p class='ocr_par' dir='ltr' id='par_1_57' title="bbox 2455 2731 4040 2806">
     <span class='ocr_line' id='line_1_57' title="bbox 2455 2731 4040 2806; baseline -0.006 -16"><span class='ocrx_word' id='word_1_391' title='bbox 2455 2738 2552 2803; x_wconf 75' lang='grc' dir='ltr'><strong>τῆς</strong></span> <span class='ocrx_word' id='word_1_392' title='bbox 2601 2736 2927 2806; x_wconf 82' lang='grc' dir='ltr'><strong>Ἐκκλησίας</strong></span> <span class='ocrx_word' id='word_1_393' title='bbox 2955 2733 3115 2787; x_wconf 76' lang='grc' dir='ltr'><strong>αὑτοῦ</strong></span> <span class='ocrx_word' id='word_1_394' title='bbox 3135 2734 3277 2803; x_wconf 82' lang='grc' dir='ltr'><strong>ὑπὲρ</strong></span> <span class='ocrx_word' id='word_1_395' title='bbox 3299 2733 3407 2786; x_wconf 84' lang='grc' dir='ltr'><strong>τῶν</strong></span> <span class='ocrx_word' id='word_1_396' title='bbox 3442 2734 3587 2785; x_wconf 82' lang='grc' dir='ltr'><strong>ἰδίων</strong></span> <span class='ocrx_word' id='word_1_397' title='bbox 3619 2731 3847 2801; x_wconf 80' lang='grc' dir='ltr'><strong>καιρῶν,</strong></span> <span class='ocrx_word' id='word_1_398' title='bbox 3887 2746 4040 2782; x_wconf 77' lang='grc' dir='ltr'><strong>τουτ-</strong></span> 
     </span>
    </p>
   </div>
   <div class='ocr_carea' id='block_1_58' title="bbox 2457 2820 4037 2900">
    <p class='ocr_par' dir='ltr' id='par_1_58' title="bbox 2457 2820 4037 2900">
     <span class='ocr_line' id='line_1_58' title="bbox 2457 2820 4037 2900; baseline -0.008 -16"><span class='ocrx_word' id='word_1_399' title='bbox 2457 2833 2606 2884; x_wconf 87' lang='grc' dir='ltr'><strong>έστιν</strong></span> <span class='ocrx_word' id='word_1_400' title='bbox 2631 2832 2769 2900; x_wconf 74' lang='grc' dir='ltr'><strong>ὑπὲρ</strong></span> <span class='ocrx_word' id='word_1_401' title='bbox 2803 2830 2895 2882; x_wconf 80' lang='grc' dir='ltr'><strong>τοῦ</strong></span> <span class='ocrx_word' id='word_1_402' title='bbox 2947 2826 3143 2895; x_wconf 80' lang='grc' dir='ltr'><strong>καιροῦ</strong></span> <span class='ocrx_word' id='word_1_403' title='bbox 3194 2827 3316 2879; x_wconf 80' lang='grc' dir='ltr'><strong>καθ’</strong></span> <span class='ocrx_word' id='word_1_404' title='bbox 3365 2825 3423 2878; x_wconf 80' lang='grc' dir='ltr'><strong>ὃν</strong></span> <span class='ocrx_word' id='word_1_405' title='bbox 3462 2821 3529 2895; x_wconf 75' lang='grc' dir='ltr'><strong>ἦν</strong></span> <span class='ocrx_word' id='word_1_406' title='bbox 3574 2824 3898 2883; x_wconf 65' lang='grc' dir='ltr'><strong>ἐπίσκοπος.</strong></span> <span class='ocrx_word' id='word_1_407' title='bbox 3953 2820 4037 2873; x_wconf 71' lang='grc' dir='ltr'><strong>Τὰ</strong></span> 
     </span>
    </p>
   </div>
   <div class='ocr_carea' id='block_1_59' title="bbox 2458 2912 4040 2990">
    <p class='ocr_par' dir='ltr' id='par_1_59' title="bbox 2458 2912 4040 2990">
     <span class='ocr_line' id='line_1_59' title="bbox 2458 2912 4040 2990; baseline -0.007 -18"><span class='ocrx_word' id='word_1_408' title='bbox 2458 2919 2560 2989; x_wconf 74' lang='grc' dir='ltr'><strong>μὶν</strong></span> <span class='ocrx_word' id='word_1_409' title='bbox 2591 2919 2697 2990; x_wconf 71' lang='grc' dir='ltr'><strong>γὰρ</strong></span> <span class='ocrx_word' id='word_1_410' title='bbox 2727 2918 2987 2988; x_wconf 81' lang='grc' dir='ltr'><strong>κειμήλια</strong></span> <span class='ocrx_word' id='word_1_411' title='bbox 3012 2918 3119 2970; x_wconf 85' lang='grc' dir='ltr'><strong>τῶν</strong></span> <span class='ocrx_word' id='word_1_412' title='bbox 3156 2915 3465 2985; x_wconf 75' lang='grc' dir='ltr'><strong>ἐκκλησιῶν</strong></span> <span class='ocrx_word' id='word_1_413' title='bbox 3494 2918 3610 2986; x_wconf 71' lang='grc' dir='ltr'><strong>ἢτοι</strong></span> <span class='ocrx_word' id='word_1_414' title='bbox 3660 2914 3725 2965; x_wconf 78' lang='grc' dir='ltr'><strong>τὰ</strong></span> <span class='ocrx_word' id='word_1_415' title='bbox 3760 2913 3882 2979; x_wconf 81' lang='grc' dir='ltr'><strong>Ξερὰ</strong></span> <span class='ocrx_word' id='word_1_416' title='bbox 3941 2912 4040 2962; x_wconf 85' lang='grc' dir='ltr'><strong>καὶ</strong></span> 
     </span>
    </p>
   </div>
   <div class='ocr_carea' id='block_1_60' title="bbox 2455 3003 4039 3077">
    <p class='ocr_par' dir='ltr' id='par_1_60' title="bbox 2455 3003 4039 3077">
     <span class='ocr_line' id='line_1_60' title="bbox 2455 3003 4039 3077; baseline -0.009 -13"><span class='ocrx_word' id='word_1_417' title='bbox 2455 3013 2523 3064; x_wconf 75' lang='grc' dir='ltr'><strong>τὰ</strong></span> <span class='ocrx_word' id='word_1_418' title='bbox 2556 3011 2717 3063; x_wconf 82' lang='grc' dir='ltr'><strong>λοιπά</strong></span> <span class='ocrx_word' id='word_1_419' title='bbox 2766 3009 3094 3077; x_wconf 78' lang='grc' dir='ltr'><strong>ἀναθήματα</strong></span> <span class='ocrx_word' id='word_1_420' title='bbox 3162 3010 3255 3059; x_wconf 84' lang='grc' dir='ltr'><strong>καὶ</strong></span> <span class='ocrx_word' id='word_1_421' title='bbox 3312 3007 3412 3069; x_wconf 80' lang='grc' dir='ltr'><strong>τὰς</strong></span> <span class='ocrx_word' id='word_1_422' title='bbox 3465 3004 3751 3071; x_wconf 79' lang='grc' dir='ltr'><strong>ἀκινήτους</strong></span> <span class='ocrx_word' id='word_1_423' title='bbox 3806 3003 4039 3069; x_wconf 76' lang='grc' dir='ltr'><strong>κτήσεις</strong></span> 
     </span>
    </p>
   </div>
   <div class='ocr_carea' id='block_1_61' title="bbox 779 3085 2451 3180">
    <p class='ocr_par' dir='ltr' id='par_1_61' title="bbox 779 3085 2419 3180">
     <span class='ocr_line' id='line_1_61' title="bbox 779 3085 2419 3180; baseline -0.001 -41"><span class='ocrx_word' id='word_1_424' title='bbox 779 3095 871 3140; x_wconf 84' lang='lat' dir='ltr'><strong>tur</strong></span> <span class='ocrx_word' id='word_1_425' title='bbox 898 3102 914 3153; x_wconf 86' lang='lat'><strong>;</strong></span> <span class='ocrx_word' id='word_1_426' title='bbox 938 3086 1431 3141; x_wconf 81' lang='lat' dir='ltr'><strong>ecclesiasticarum</strong></span> <span class='ocrx_word' id='word_1_427' title='bbox 1462 3095 1641 3139; x_wconf 84' lang='lat' dir='ltr'><strong>autem</strong></span> <span class='ocrx_word' id='word_1_428' title='bbox 1674 3086 1977 3140; x_wconf 87' lang='lat' dir='ltr'><strong>reddituum</strong></span> <span class='ocrx_word' id='word_1_429' title='bbox 2003 3085 2351 3139; x_wconf 81' lang='lat' dir='ltr'><strong>administra-</strong></span> <span class='ocrx_word' id='word_1_430' title='bbox 2375 3120 2419 3180; x_wconf 62' lang='grc' dir='ltr'>ε</span> 
     </span>
    </p>
   </div>
   <div class='ocr_carea' id='block_1_62' title="bbox 2362 3085 4034 3180">
    <p class='ocr_par' dir='ltr' id='par_1_62' title="bbox 2375 3090 4034 3180">
     <span class='ocr_line' id='line_1_62' title="bbox 2375 3090 4034 3180; baseline -0.009 -24"><span class='ocrx_word' id='word_1_431' title='bbox 2375 3102 2845 3180; x_wconf 69' lang='grc' dir='ltr'><strong>ςάνεκττοιήτους</strong></span> <span class='ocrx_word' id='word_1_432' title='bbox 2928 3100 3203 3167; x_wconf 75' lang='grc' dir='ltr'><strong>ἐνδέχεται</strong></span> <span class='ocrx_word' id='word_1_433' title='bbox 3270 3094 3431 3158; x_wconf 78' lang='grc' dir='ltr'><strong>εἶναι,</strong></span> <span class='ocrx_word' id='word_1_434' title='bbox 3496 3097 3590 3147; x_wconf 77' lang='grc' dir='ltr'><strong>καὶ</strong></span> <span class='ocrx_word' id='word_1_435' title='bbox 3654 3090 4034 3160; x_wconf 72' lang='grc' dir='ltr'><strong>φυλάττεσθαι</strong></span> 
     </span>
    </p>
   </div>
   <div class='ocr_carea' id='block_1_63' title="bbox 781 3177 2345 3245">
    <p class='ocr_par' dir='ltr' id='par_1_63' title="bbox 781 3177 2345 3245">
     <span class='ocr_line' id='line_1_63' title="bbox 781 3177 2345 3245; baseline -0.001 -13"><span class='ocrx_word' id='word_1_436' title='bbox 781 3180 980 3232; x_wconf 87' lang='lat' dir='ltr'><strong>tionem</strong></span> <span class='ocrx_word' id='word_1_437' title='bbox 1018 3193 1212 3232; x_wconf 90' lang='lat' dir='ltr'><strong>secure</strong></span> <span class='ocrx_word' id='word_1_438' title='bbox 1252 3177 1399 3232; x_wconf 90' lang='lat' dir='ltr'><strong>credi</strong></span> <span class='ocrx_word' id='word_1_439' title='bbox 1442 3179 1805 3245; x_wconf 83' lang='lat' dir='ltr'><strong>audacterque</strong></span> <span class='ocrx_word' id='word_1_440' title='bbox 1846 3178 2111 3231; x_wconf 85' lang='lat' dir='ltr'><strong>committi</strong></span> <span class='ocrx_word' id='word_1_441' title='bbox 2150 3179 2345 3231; x_wconf 84' lang='lat' dir='ltr'><strong>debere</strong></span> 
     </span>
    </p>
   </div>
   <div class='ocr_carea' id='block_1_64' title="bbox 779 3268 2016 3339">
    <p class='ocr_par' dir='ltr' id='par_1_64' title="bbox 779 3268 2016 3339">
     <span class='ocr_line' id='line_1_64' title="bbox 779 3268 2016 3339; baseline -0.002 -16"><span class='ocrx_word' id='word_1_442' title='bbox 779 3269 908 3335; x_wconf 85' lang='lat' dir='ltr'><strong>illis,</strong></span> <span class='ocrx_word' id='word_1_443' title='bbox 939 3270 1027 3339; x_wconf 89' lang='lat' dir='ltr'><strong>qui</strong></span> <span class='ocrx_word' id='word_1_444' title='bbox 1063 3270 1220 3325; x_wconf 85' lang='lat' dir='ltr'><strong>statis</strong></span> <span class='ocrx_word' id='word_1_445' title='bbox 1251 3268 1583 3337; x_wconf 85' lang='lat' dir='ltr'><strong>temporibus</strong></span> <span class='ocrx_word' id='word_1_446' title='bbox 1608 3279 1735 3324; x_wconf 84' lang='lat' dir='ltr'><strong>sunt</strong></span> <span class='ocrx_word' id='word_1_447' title='bbox 1756 3269 2016 3338; x_wconf 84' lang='lat' dir='ltr'><strong>episcopi.</strong></span> 
     </span>
    </p>
   </div>
   <div class='ocr_carea' id='block_1_65' title="bbox 851 3564 2345 3627">
    <p class='ocr_par' dir='ltr' id='par_1_65' title="bbox 851 3564 2345 3627">
     <span class='ocr_line' id='line_1_65' title="bbox 851 3564 2345 3627; baseline -0.005 -2"><span class='ocrx_word' id='word_1_448' title='bbox 851 3567 1289 3625; x_wconf 83' lang='lat' dir='ltr'><strong>Renuntiationis</strong></span> <span class='ocrx_word' id='word_1_449' title='bbox 1310 3575 1491 3618; x_wconf 80' lang='lat' dir='ltr'><strong>autem</strong></span> <span class='ocrx_word' id='word_1_450' title='bbox 1525 3564 1740 3619; x_wconf 88' lang='lat' dir='ltr'><strong>libellos</strong></span> <span class='ocrx_word' id='word_1_451' title='bbox 1773 3579 1880 3619; x_wconf 89' lang='lat' dir='ltr'><strong>non</strong></span> <span class='ocrx_word' id='word_1_452' title='bbox 1906 3579 2004 3620; x_wconf 87' lang='lat' dir='ltr'><strong>sua</strong></span> <span class='ocrx_word' id='word_1_453' title='bbox 2043 3567 2345 3627; x_wconf 77' lang='lat' dir='ltr'><strong>voluntate,</strong></span> 
     </span>
    </p>
   </div>
   <div class='ocr_carea' id='block_1_66' title="bbox 777 3652 2347 3723">
    <p class='ocr_par' dir='ltr' id='par_1_66' title="bbox 777 3652 2347 3723">
     <span class='ocr_line' id='line_1_66' title="bbox 777 3652 2347 3723; baseline -0.006 -10"><span class='ocrx_word' id='word_1_454' title='bbox 777 3657 873 3714; x_wconf 73' lang='lat' dir='ltr'><strong>sed</strong></span> <span class='ocrx_word' id='word_1_455' title='bbox 899 3657 1064 3711; x_wconf 83' lang='lat' dir='ltr'><strong>veluti</strong></span> <span class='ocrx_word' id='word_1_456' title='bbox 1099 3656 1152 3708; x_wconf 85' lang='lat' dir='ltr'><strong>vi</strong></span> <span class='ocrx_word' id='word_1_457' title='bbox 1191 3670 1252 3708; x_wconf 88' lang='lat' dir='ltr'><strong>ac</strong></span> <span class='ocrx_word' id='word_1_458' title='bbox 1287 3660 1455 3716; x_wconf 90' lang='lat' dir='ltr'><strong>metu,</strong></span> <span class='ocrx_word' id='word_1_459' title='bbox 1484 3662 1538 3708; x_wconf 89' lang='lat' dir='ltr'><strong>et</strong></span> <span class='ocrx_word' id='word_1_460' title='bbox 1570 3654 1874 3723; x_wconf 90' lang='lat' dir='ltr'><strong>aliquorum</strong></span> <span class='ocrx_word' id='word_1_461' title='bbox 1905 3652 2069 3706; x_wconf 90' lang='lat' dir='ltr'><strong>minis</strong></span> <span class='ocrx_word' id='word_1_462' title='bbox 2089 3667 2145 3706; x_wconf 92' lang='lat' dir='ltr'><strong>se</strong></span> <span class='ocrx_word' id='word_1_463' title='bbox 2176 3652 2347 3705; x_wconf 89' lang='lat' dir='ltr'><strong>tradi-</strong></span> 
     </span>
    </p>
   </div>
   <div class='ocr_carea' id='block_1_67' title="bbox 776 3745 2347 3815">
    <p class='ocr_par' dir='ltr' id='par_1_67' title="bbox 776 3745 2347 3815">
     <span class='ocr_line' id='line_1_67' title="bbox 776 3745 2347 3815; baseline -0.005 -12"><span class='ocrx_word' id='word_1_464' title='bbox 776 3748 922 3803; x_wconf 88' lang='lat' dir='ltr'><strong>disse</strong></span> <span class='ocrx_word' id='word_1_465' title='bbox 963 3746 1111 3802; x_wconf 89' lang='lat' dir='ltr'><strong>dicit.</strong></span> <span class='ocrx_word' id='word_1_466' title='bbox 1150 3745 1268 3801; x_wconf 86' lang='lat' dir='ltr'><strong>Jam</strong></span> <span class='ocrx_word' id='word_1_467' title='bbox 1309 3760 1440 3799; x_wconf 81' lang='lat' dir='ltr'><strong>vero</strong></span> <span class='ocrx_word' id='word_1_468' title='bbox 1474 3745 1577 3798; x_wconf 89' lang='lat' dir='ltr'><strong>alia</strong></span> <span class='ocrx_word' id='word_1_469' title='bbox 1608 3760 1824 3815; x_wconf 90' lang='lat' dir='ltr'><strong>quoque</strong></span> <span class='ocrx_word' id='word_1_470' title='bbox 1860 3759 1948 3797; x_wconf 91' lang='lat' dir='ltr'><strong>res</strong></span> <span class='ocrx_word' id='word_1_471' title='bbox 1972 3751 2074 3807; x_wconf 90' lang='lat' dir='ltr'><strong>est,</strong></span> <span class='ocrx_word' id='word_1_472' title='bbox 2107 3758 2226 3811; x_wconf 63' lang='lat' dir='ltr'><strong>quin</strong></span> <span class='ocrx_word' id='word_1_473' title='bbox 2259 3759 2347 3795; x_wconf 76' lang='lat' dir='ltr'><strong>ec-</strong></span> 
     </span>
    </p>
   </div>
   <div class='ocr_carea' id='block_1_68' title="bbox 776 3831 2348 3903">
    <p class='ocr_par' dir='ltr' id='par_1_68' title="bbox 776 3831 2348 3903">
     <span class='ocr_line' id='line_1_68' title="bbox 776 3831 2348 3903; baseline -0.006 -10"><span class='ocrx_word' id='word_1_474' title='bbox 776 3837 1092 3893; x_wconf 51' lang='lat' dir='ltr'><strong>clesiasticae.</strong></span> <span class='ocrx_word' id='word_1_475' title='bbox 1122 3833 1502 3889; x_wconf 90' lang='lat' dir='ltr'><strong>consuetudini</strong></span> <span class='ocrx_word' id='word_1_476' title='bbox 1546 3848 1653 3887; x_wconf 91' lang='lat' dir='ltr'><strong>non</strong></span> <span class='ocrx_word' id='word_1_477' title='bbox 1693 3834 1896 3903; x_wconf 91' lang='lat' dir='ltr'><strong>placet,</strong></span> <span class='ocrx_word' id='word_1_478' title='bbox 1937 3831 2132 3885; x_wconf 81' lang='lat' dir='ltr'><strong>oﬂ&#39;erre</strong></span> <span class='ocrx_word' id='word_1_479' title='bbox 2172 3846 2348 3884; x_wconf 81' lang='lat' dir='ltr'><strong>sacer-</strong></span> 
     </span>
    </p>
   </div>
   <div class='ocr_carea' id='block_1_69' title="bbox 776 3922 2344 3995">
    <p class='ocr_par' dir='ltr' id='par_1_69' title="bbox 776 3922 2344 3995">
     <span class='ocr_line' id='line_1_69' title="bbox 776 3922 2344 3995; baseline -0.004 -13"><span class='ocrx_word' id='word_1_480' title='bbox 776 3927 934 3982; x_wconf 79' lang='lat' dir='ltr'><strong>dotes</strong></span> <span class='ocrx_word' id='word_1_481' title='bbox 982 3927 1191 3995; x_wconf 87' lang='lat' dir='ltr'><strong>aliquos</strong></span> <span class='ocrx_word' id='word_1_482' title='bbox 1220 3924 1647 3980; x_wconf 79' lang='lat' dir='ltr'><strong>renuntiationis</strong></span> <span class='ocrx_word' id='word_1_483' title='bbox 1691 3923 1927 3978; x_wconf 89' lang='lat' dir='ltr'><strong>libellos.</strong></span> <span class='ocrx_word' id='word_1_484' title='bbox 1964 3923 2098 3976; x_wconf 84' lang='lat' dir='ltr'><strong>Nam</strong></span> <span class='ocrx_word' id='word_1_485' title='bbox 2131 3922 2172 3976; x_wconf 90' lang='lat' dir='ltr'><strong>si</strong></span> <span class='ocrx_word' id='word_1_486' title='bbox 2218 3931 2344 3975; x_wconf 81' lang='lat' dir='ltr'><strong>sunt</strong></span> 
     </span>
    </p>
   </div>
   <div class='ocr_carea' id='block_1_70' title="bbox 774 4014 2341 4087">
    <p class='ocr_par' dir='ltr' id='par_1_70' title="bbox 774 4014 2341 4087">
     <span class='ocr_line' id='line_1_70' title="bbox 774 4014 2341 4087; baseline -0.004 -17"><span class='ocrx_word' id='word_1_487' title='bbox 774 4018 923 4087; x_wconf 91' lang='lat' dir='ltr'><strong>digni</strong></span> <span class='ocrx_word' id='word_1_488' title='bbox 962 4017 1053 4085; x_wconf 91' lang='lat' dir='ltr'><strong>qui</strong></span> <span class='ocrx_word' id='word_1_489' title='bbox 1090 4030 1243 4070; x_wconf 86' lang='lat' dir='ltr'><strong>saera</strong></span> <span class='ocrx_word' id='word_1_490' title='bbox 1288 4017 1544 4086; x_wconf 86' lang='lat' dir='ltr'><strong>mysteria</strong></span> <span class='ocrx_word' id='word_1_491' title='bbox 1583 4015 1781 4069; x_wconf 81' lang='lat' dir='ltr'><strong>obeant</strong></span> <span class='ocrx_word' id='word_1_492' title='bbox 1812 4054 1825 4076; x_wconf 93' lang='lat'><strong>,</strong></span> <span class='ocrx_word' id='word_1_493' title='bbox 1859 4015 1913 4067; x_wconf 89' lang='lat' dir='ltr'><strong>in</strong></span> <span class='ocrx_word' id='word_1_494' title='bbox 1945 4014 2011 4067; x_wconf 89' lang='lat' dir='ltr'><strong>iis</strong></span> <span class='ocrx_word' id='word_1_495' title='bbox 2048 4022 2341 4078; x_wconf 81' lang='lat' dir='ltr'><strong>maneant;</strong></span> 
     </span>
    </p>
   </div>
   <div class='ocr_carea' id='block_1_71' title="bbox 775 4102 2341 4175">
    <p class='ocr_par' dir='ltr' id='par_1_71' title="bbox 775 4102 2341 4175">
     <span class='ocr_line' id='line_1_71' title="bbox 775 4102 2341 4175; baseline -0.003 -16"><span class='ocrx_word' id='word_1_496' title='bbox 775 4107 858 4159; x_wconf 74' lang='lat' dir='ltr'><strong>sin</strong></span> <span class='ocrx_word' id='word_1_497' title='bbox 890 4114 1069 4159; x_wconf 85' lang='lat' dir='ltr'><strong>autem</strong></span> <span class='ocrx_word' id='word_1_498' title='bbox 1097 4104 1327 4175; x_wconf 78' lang='lat' dir='ltr'><strong>indigni,</strong></span> <span class='ocrx_word' id='word_1_499' title='bbox 1353 4120 1455 4159; x_wconf 90' lang='lat' dir='ltr'><strong>nec</strong></span> <span class='ocrx_word' id='word_1_500' title='bbox 1492 4120 1587 4173; x_wconf 88' lang='lat' dir='ltr'><strong>per</strong></span> <span class='ocrx_word' id='word_1_501' title='bbox 1622 4104 2086 4158; x_wconf 87' lang='lat' dir='ltr'><strong>renuntiationem</strong></span> <span class='ocrx_word' id='word_1_502' title='bbox 2118 4102 2341 4158; x_wconf 72' lang='lat' dir='ltr'><strong>quidem</strong></span> 
     </span>
    </p>
   </div>
   <div class='ocr_carea' id='block_1_72' title="bbox 775 4196 2341 4267">
    <p class='ocr_par' dir='ltr' id='par_1_72' title="bbox 775 4196 2341 4267">
     <span class='ocr_line' id='line_1_72' title="bbox 775 4196 2341 4267; baseline -0.001 -17"><span class='ocrx_word' id='word_1_503' title='bbox 775 4206 999 4260; x_wconf 79' lang='lat' dir='ltr'><strong>exeant,</strong></span> <span class='ocrx_word' id='word_1_504' title='bbox 1038 4198 1129 4251; x_wconf 86' lang='lat' dir='ltr'><strong>sed</strong></span> <span class='ocrx_word' id='word_1_505' title='bbox 1166 4198 1350 4267; x_wconf 90' lang='lat' dir='ltr'><strong>potius</strong></span> <span class='ocrx_word' id='word_1_506' title='bbox 1390 4208 1614 4266; x_wconf 90' lang='lat' dir='ltr'><strong>propter</strong></span> <span class='ocrx_word' id='word_1_507' title='bbox 1670 4206 1818 4266; x_wconf 83' lang='lat' dir='ltr'><strong>gesta</strong></span> <span class='ocrx_word' id='word_1_508' title='bbox 1856 4196 2241 4259; x_wconf 78' lang='lat' dir='ltr'><strong>condemnati,</strong></span> <span class='ocrx_word' id='word_1_509' title='bbox 2275 4196 2341 4249; x_wconf 87' lang='lat' dir='ltr'><strong>de</strong></span> 
     </span>
    </p>
   </div>
   <div class='ocr_carea' id='block_1_73' title="bbox 776 4287 2341 4358">
    <p class='ocr_par' dir='ltr' id='par_1_73' title="bbox 776 4287 2341 4358">
     <span class='ocr_line' id='line_1_73' title="bbox 776 4287 2341 4358; baseline -0.001 -18"><span class='ocrx_word' id='word_1_510' title='bbox 776 4288 972 4354; x_wconf 86' lang='lat' dir='ltr'><strong>quibus</strong></span> <span class='ocrx_word' id='word_1_511' title='bbox 991 4290 1274 4358; x_wconf 82' lang='lat' dir='ltr'><strong>quisquam</strong></span> <span class='ocrx_word' id='word_1_512' title='bbox 1300 4294 1629 4355; x_wconf 88' lang='lat' dir='ltr'><strong>conquestus</strong></span> <span class='ocrx_word' id='word_1_513' title='bbox 1647 4288 1804 4340; x_wconf 76' lang='lat' dir='ltr'><strong>fuerit</strong></span> <span class='ocrx_word' id='word_1_514' title='bbox 1830 4288 1903 4339; x_wconf 87' lang='lat' dir='ltr'><strong>uti</strong></span> <span class='ocrx_word' id='word_1_515' title='bbox 1929 4302 1957 4340; x_wconf 90' lang='lat' dir='ltr'><strong>a</strong></span> <span class='ocrx_word' id='word_1_516' title='bbox 1983 4296 2132 4341; x_wconf 86' lang='lat' dir='ltr'><strong>recto</strong></span> <span class='ocrx_word' id='word_1_517' title='bbox 2150 4287 2341 4341; x_wconf 85' lang='lat' dir='ltr'><strong>ordinc</strong></span> 
     </span>
    </p>
   </div>
   <div class='ocr_carea' id='block_1_74' title="bbox 775 4375 2341 4445">
    <p class='ocr_par' dir='ltr' id='par_1_74' title="bbox 775 4375 2341 4445">
     <span class='ocr_line' id='line_1_74' title="bbox 775 4375 2341 4445; baseline -0.001 -18"><span class='ocrx_word' id='word_1_518' title='bbox 775 4377 1173 4430; x_wconf 64' lang='lat' dir='ltr'><strong>eberrantibus.</strong></span> <span class='ocrx_word' id='word_1_519' title='bbox 1202 4376 1385 4430; x_wconf 83' lang='lat' dir='ltr'><strong>Saluta</strong></span> <span class='ocrx_word' id='word_1_520' title='bbox 1410 4376 1809 4429; x_wconf 81' lang='lat' dir='ltr'><strong>fraternitatem</strong></span> <span class='ocrx_word' id='word_1_521' title='bbox 1839 4392 1958 4443; x_wconf 63' lang='lat' dir='ltr'><strong>quae</strong></span> <span class='ocrx_word' id='word_1_522' title='bbox 1985 4375 2126 4445; x_wconf 83' lang='lat' dir='ltr'><strong>apud</strong></span> <span class='ocrx_word' id='word_1_523' title='bbox 2163 4386 2211 4429; x_wconf 87' lang='lat' dir='ltr'><strong>te</strong></span> <span class='ocrx_word' id='word_1_524' title='bbox 2233 4385 2341 4437; x_wconf 75' lang='lat' dir='ltr'><strong>est;</strong></span> 
     </span>
    </p>
   </div>
   <div class='ocr_carea' id='block_1_75' title="bbox 774 4462 2019 4531">
    <p class='ocr_par' dir='ltr' id='par_1_75' title="bbox 774 4462 2019 4531">
     <span class='ocr_line' id='line_1_75' title="bbox 774 4462 2019 4531; baseline 0.004 -20"><span class='ocrx_word' id='word_1_525' title='bbox 774 4478 894 4529; x_wconf 72' lang='lat' dir='ltr'><strong>qua:</strong></span> <span class='ocrx_word' id='word_1_526' title='bbox 918 4470 1000 4517; x_wconf 82' lang='lat' dir='ltr'><strong>est</strong></span> <span class='ocrx_word' id='word_1_527' title='bbox 1043 4462 1183 4531; x_wconf 83' lang='lat' dir='ltr'><strong>apud</strong></span> <span class='ocrx_word' id='word_1_528' title='bbox 1218 4479 1336 4523; x_wconf 88' lang='lat' dir='ltr'><strong>nos,</strong></span> <span class='ocrx_word' id='word_1_529' title='bbox 1370 4471 1421 4517; x_wconf 89' lang='lat' dir='ltr'><strong>te</strong></span> <span class='ocrx_word' id='word_1_530' title='bbox 1455 4464 1507 4515; x_wconf 92' lang='lat' dir='ltr'><strong>in</strong></span> <span class='ocrx_word' id='word_1_531' title='bbox 1541 4463 1770 4516; x_wconf 87' lang='lat' dir='ltr'><strong>Domino</strong></span> <span class='ocrx_word' id='word_1_532' title='bbox 1802 4470 2019 4518; x_wconf 77' lang='lat' dir='ltr'><strong>salutat.</strong></span> 
     </span>
    </p>
   </div>
   <div class='ocr_carea' id='block_1_76' title="bbox 837 4682 2337 4757">
    <p class='ocr_par' dir='ltr' id='par_1_76' title="bbox 837 4682 2337 4757">
     <span class='ocr_line' id='line_1_76' title="bbox 837 4682 2337 4757; baseline 0 -22"><span class='ocrx_word' id='word_1_533' title='bbox 837 4682 1030 4737; x_wconf 78' lang='lat' dir='ltr'><strong>BALS.</strong></span> <span class='ocrx_word' id='word_1_534' title='bbox 1075 4685 1254 4740; x_wconf 80' lang='lat' dir='ltr'><strong>Allata</strong></span> <span class='ocrx_word' id='word_1_535' title='bbox 1284 4701 1497 4756; x_wconf 80' lang='lat' dir='ltr'><strong>quoque</strong></span> <span class='ocrx_word' id='word_1_536' title='bbox 1538 4699 1651 4743; x_wconf 88' lang='lat' dir='ltr'><strong>erat</strong></span> <span class='ocrx_word' id='word_1_537' title='bbox 1695 4688 1933 4757; x_wconf 85' lang='lat' dir='ltr'><strong>episcopi</strong></span> <span class='ocrx_word' id='word_1_538' title='bbox 1993 4686 2337 4749; x_wconf 76' lang='lat' dir='ltr'><strong>renuntiatio,</strong></span> 
     </span>
    </p>
   </div>
   <div class='ocr_carea' id='block_1_77' title="bbox 761 4775 2333 4847">
    <p class='ocr_par' dir='ltr' id='par_1_77' title="bbox 761 4775 2333 4847">
     <span class='ocr_line' id='line_1_77' title="bbox 761 4775 2333 4847; baseline 0.003 -21"><span class='ocrx_word' id='word_1_539' title='bbox 761 4776 827 4830; x_wconf 83' lang='lat' dir='ltr'><strong>de</strong></span> <span class='ocrx_word' id='word_1_540' title='bbox 850 4789 957 4843; x_wconf 91' lang='lat' dir='ltr'><strong>quo</strong></span> <span class='ocrx_word' id='word_1_541' title='bbox 988 4775 1205 4843; x_wconf 88' lang='lat' dir='ltr'><strong>scripsit</strong></span> <span class='ocrx_word' id='word_1_542' title='bbox 1234 4780 1319 4831; x_wconf 87' lang='lat' dir='ltr'><strong>hic</strong></span> <span class='ocrx_word' id='word_1_543' title='bbox 1344 4794 1568 4847; x_wconf 84' lang='lat' dir='ltr'><strong>magnus</strong></span> <span class='ocrx_word' id='word_1_544' title='bbox 1597 4778 1772 4833; x_wconf 82' lang='lat' dir='ltr'><strong>Pater.</strong></span> <span class='ocrx_word' id='word_1_545' title='bbox 1810 4778 1883 4831; x_wconf 79' lang='lat' dir='ltr'><strong>De</strong></span> <span class='ocrx_word' id='word_1_546' title='bbox 1915 4793 1980 4832; x_wconf 90' lang='lat' dir='ltr'><strong>eo</strong></span> <span class='ocrx_word' id='word_1_547' title='bbox 2018 4793 2145 4846; x_wconf 78' lang='lat' dir='ltr'><strong>ergo</strong></span> <span class='ocrx_word' id='word_1_548' title='bbox 2168 4776 2291 4829; x_wconf 72' lang='lat' dir='ltr'><strong>dicit</strong></span> <span class='ocrx_word' id='word_1_549' title='bbox 2321 4795 2333 4831; x_wconf 70' lang='grc' dir='ltr'>ς</span> 
     </span>
    </p>
   </div>
   <div class='ocr_carea' id='block_1_78' title="bbox 761 4860 2328 4933">
    <p class='ocr_par' dir='ltr' id='par_1_78' title="bbox 761 4860 2328 4933">
     <span class='ocr_line' id='line_1_78' title="bbox 761 4860 2328 4933; baseline 0.001 -20"><span class='ocrx_word' id='word_1_550' title='bbox 761 4860 1057 4929; x_wconf 63' lang='lat' dir='ltr'><strong>Epist-opus</strong></span> <span class='ocrx_word' id='word_1_551' title='bbox 1083 4864 1158 4915; x_wconf 85' lang='lat' dir='ltr'><strong>ait</strong></span> <span class='ocrx_word' id='word_1_552' title='bbox 1193 4877 1251 4917; x_wconf 90' lang='lat' dir='ltr'><strong>se</strong></span> <span class='ocrx_word' id='word_1_553' title='bbox 1281 4880 1386 4919; x_wconf 91' lang='lat' dir='ltr'><strong>non</strong></span> <span class='ocrx_word' id='word_1_554' title='bbox 1411 4876 1602 4933; x_wconf 83' lang='lat' dir='ltr'><strong>sponte</strong></span> <span class='ocrx_word' id='word_1_555' title='bbox 1629 4868 2044 4920; x_wconf 86' lang='lat' dir='ltr'><strong>renuntiationis</strong></span> <span class='ocrx_word' id='word_1_556' title='bbox 2069 4866 2328 4931; x_wconf 86' lang='lat' dir='ltr'><strong>scriptum</strong></span> 
     </span>
    </p>
   </div>
   <div class='ocr_carea' id='block_1_79' title="bbox 761 4952 2331 5023">
    <p class='ocr_par' dir='ltr' id='par_1_79' title="bbox 761 4952 2331 5023">
     <span class='ocr_line' id='line_1_79' title="bbox 761 4952 2331 5023; baseline 0.003 -21"><span class='ocrx_word' id='word_1_557' title='bbox 761 4952 995 5014; x_wconf 79' lang='lat' dir='ltr'><strong>dedisse,</strong></span> <span class='ocrx_word' id='word_1_558' title='bbox 1022 4955 1111 5007; x_wconf 86' lang='lat' dir='ltr'><strong>scd</strong></span> <span class='ocrx_word' id='word_1_559' title='bbox 1142 4955 1466 5009; x_wconf 80' lang='lat' dir='ltr'><strong>necessitate</strong></span> <span class='ocrx_word' id='word_1_560' title='bbox 1497 4968 1715 5023; x_wconf 81' lang='lat' dir='ltr'><strong>propter</strong></span> <span class='ocrx_word' id='word_1_561' title='bbox 1760 4967 1957 5010; x_wconf 84' lang='lat' dir='ltr'><strong>metum</strong></span> <span class='ocrx_word' id='word_1_562' title='bbox 1997 4967 2046 5009; x_wconf 87' lang='lat' dir='ltr'><strong>et</strong></span> <span class='ocrx_word' id='word_1_563' title='bbox 2080 4972 2331 5023; x_wconf 82' lang='lat' dir='ltr'><strong>quorum-</strong></span> 
     </span>
    </p>
   </div>
   <div class='ocr_carea' id='block_1_80' title="bbox 760 5046 2326 5117">
    <p class='ocr_par' dir='ltr' id='par_1_80' title="bbox 760 5046 2326 5117">
     <span class='ocr_line' id='line_1_80' title="bbox 760 5046 2326 5117; baseline 0.004 -24"><span class='ocrx_word' id='word_1_564' title='bbox 760 5048 881 5097; x_wconf 81' lang='lat' dir='ltr'><strong>dam</strong></span> <span class='ocrx_word' id='word_1_565' title='bbox 919 5048 1109 5099; x_wconf 86' lang='lat' dir='ltr'><strong>minas.</strong></span> <span class='ocrx_word' id='word_1_566' title='bbox 1148 5046 1350 5101; x_wconf 86' lang='lat' dir='ltr'><strong>Deinde</strong></span> <span class='ocrx_word' id='word_1_567' title='bbox 1378 5047 1671 5117; x_wconf 73' lang='lat' dir='ltr'><strong>subiungit,</strong></span> <span class='ocrx_word' id='word_1_568' title='bbox 1700 5050 1841 5117; x_wconf 89' lang='lat' dir='ltr'><strong>quod</strong></span> <span class='ocrx_word' id='word_1_569' title='bbox 1878 5050 2089 5103; x_wconf 76' lang='lat' dir='ltr'><strong>etiamsi</strong></span> <span class='ocrx_word' id='word_1_570' title='bbox 2131 5050 2326 5116; x_wconf 83' lang='lat' dir='ltr'><strong>alioqui</strong></span> 
     </span>
    </p>
   </div>
   <div class='ocr_carea' id='block_1_81' title="bbox 758 5139 2329 5207">
    <p class='ocr_par' dir='ltr' id='par_1_81' title="bbox 758 5139 2329 5207">
     <span class='ocr_line' id='line_1_81' title="bbox 758 5139 2329 5207; baseline 0.003 -21"><span class='ocrx_word' id='word_1_571' title='bbox 758 5151 883 5189; x_wconf 79' lang='lat' dir='ltr'><strong>eum</strong></span> <span class='ocrx_word' id='word_1_572' title='bbox 922 5152 1016 5190; x_wconf 89' lang='lat' dir='ltr'><strong>sua</strong></span> <span class='ocrx_word' id='word_1_573' title='bbox 1050 5147 1237 5204; x_wconf 84' lang='lat' dir='ltr'><strong>sponte</strong></span> <span class='ocrx_word' id='word_1_574' title='bbox 1265 5139 1605 5193; x_wconf 87' lang='lat' dir='ltr'><strong>renuntiasse</strong></span> <span class='ocrx_word' id='word_1_575' title='bbox 1636 5149 1902 5207; x_wconf 80' lang='lat' dir='ltr'><strong>putemus,</strong></span> <span class='ocrx_word' id='word_1_576' title='bbox 1932 5151 2013 5195; x_wconf 89' lang='lat' dir='ltr'><strong>est</strong></span> <span class='ocrx_word' id='word_1_577' title='bbox 2041 5150 2218 5195; x_wconf 88' lang='lat' dir='ltr'><strong>tamen</strong></span> <span class='ocrx_word' id='word_1_578' title='bbox 2255 5142 2329 5191; x_wconf 79' lang='lat' dir='ltr'><strong>ir-</strong></span> 
     </span>
    </p>
   </div>
   <div class='ocr_carea' id='block_1_82' title="bbox 761 5226 2329 5299">
    <p class='ocr_par' dir='ltr' id='par_1_82' title="bbox 761 5226 2329 5299">
     <span class='ocr_line' id='line_1_82' title="bbox 761 5226 2329 5299; baseline 0.003 -22"><span class='ocrx_word' id='word_1_579' title='bbox 761 5226 947 5290; x_wconf 83' lang='lat' dir='ltr'><strong>ritum,</strong></span> <span class='ocrx_word' id='word_1_580' title='bbox 982 5237 1039 5279; x_wconf 87' lang='lat' dir='ltr'><strong>ut</strong></span> <span class='ocrx_word' id='word_1_581' title='bbox 1068 5229 1207 5293; x_wconf 81' lang='lat' dir='ltr'><strong>quod</strong></span> <span class='ocrx_word' id='word_1_582' title='bbox 1234 5227 1623 5282; x_wconf 86' lang='lat' dir='ltr'><strong>ecclesiasticis</strong></span> <span class='ocrx_word' id='word_1_583' title='bbox 1647 5230 1855 5297; x_wconf 85' lang='lat' dir='ltr'><strong>legibus</strong></span> <span class='ocrx_word' id='word_1_584' title='bbox 1884 5246 1988 5283; x_wconf 85' lang='lat' dir='ltr'><strong>non</strong></span> <span class='ocrx_word' id='word_1_585' title='bbox 2022 5230 2250 5299; x_wconf 84' lang='lat' dir='ltr'><strong>placeat,</strong></span> <span class='ocrx_word' id='word_1_586' title='bbox 2274 5239 2329 5280; x_wconf 90' lang='lat' dir='ltr'><strong>ut</strong></span> 
     </span>
    </p>
   </div>
   <div class='ocr_carea' id='block_1_83' title="bbox 758 5315 2329 5378">
    <p class='ocr_par' dir='ltr' id='par_1_83' title="bbox 758 5315 2329 5378">
     <span class='ocr_line' id='line_1_83' title="bbox 758 5315 2329 5378; baseline 0.003 -11"><span class='ocrx_word' id='word_1_587' title='bbox 758 5315 966 5369; x_wconf 71' lang='lat' dir='ltr'><strong>scilicet</strong></span> <span class='ocrx_word' id='word_1_588' title='bbox 1002 5319 1309 5374; x_wconf 81' lang='lat' dir='ltr'><strong>sacerdotes</strong></span> <span class='ocrx_word' id='word_1_589' title='bbox 1346 5321 1455 5374; x_wconf 90' lang='lat' dir='ltr'><strong>suis</strong></span> <span class='ocrx_word' id='word_1_590' title='bbox 1495 5321 1750 5375; x_wconf 74' lang='lat' dir='ltr'><strong>Ecclusiis</strong></span> <span class='ocrx_word' id='word_1_591' title='bbox 1786 5323 2117 5378; x_wconf 85' lang='lat' dir='ltr'><strong>renuntient.</strong></span> <span class='ocrx_word' id='word_1_592' title='bbox 2146 5322 2200 5375; x_wconf 93' lang='lat' dir='ltr'><strong>Si</strong></span> <span class='ocrx_word' id='word_1_593' title='bbox 2223 5322 2329 5375; x_wconf 86' lang='lat' dir='ltr'><strong>sint</strong></span> 
     </span>
    </p>
   </div>
   <div class='ocr_carea' id='block_1_84' title="bbox 758 5404 2326 5479">
    <p class='ocr_par' dir='ltr' id='par_1_84' title="bbox 758 5404 2326 5479">
     <span class='ocr_line' id='line_1_84' title="bbox 758 5404 2326 5479; baseline 0.004 -22"><span class='ocrx_word' id='word_1_594' title='bbox 758 5404 899 5457; x_wconf 83' lang='lat' dir='ltr'><strong>cuitu</strong></span> <span class='ocrx_word' id='word_1_595' title='bbox 924 5404 1093 5473; x_wconf 88' lang='lat' dir='ltr'><strong>digni,</strong></span> <span class='ocrx_word' id='word_1_596' title='bbox 1132 5405 1330 5475; x_wconf 78' lang='lat' dir='ltr'><strong>inquit.</strong></span> <span class='ocrx_word' id='word_1_597' title='bbox 1357 5409 1447 5475; x_wconf 90' lang='lat' dir='ltr'><strong>qui</strong></span> <span class='ocrx_word' id='word_1_598' title='bbox 1480 5424 1631 5463; x_wconf 87' lang='lat' dir='ltr'><strong>sacra</strong></span> <span class='ocrx_word' id='word_1_599' title='bbox 1663 5413 1917 5479; x_wconf 88' lang='lat' dir='ltr'><strong>mysteria</strong></span> <span class='ocrx_word' id='word_1_600' title='bbox 1942 5412 2157 5475; x_wconf 84' lang='lat' dir='ltr'><strong>obeant,</strong></span> <span class='ocrx_word' id='word_1_601' title='bbox 2185 5412 2234 5463; x_wconf 90' lang='lat' dir='ltr'><strong>in</strong></span> <span class='ocrx_word' id='word_1_602' title='bbox 2262 5411 2326 5463; x_wconf 73' lang='lat' dir='ltr'><strong>iis</strong></span> 
     </span>
    </p>
   </div>
   <div class='ocr_carea' id='block_1_85' title="bbox 758 5499 2322 5559">
    <p class='ocr_par' dir='ltr' id='par_1_85' title="bbox 758 5499 2322 5559">
     <span class='ocr_line' id='line_1_85' title="bbox 758 5499 2322 5559; baseline 0.004 -12"><span class='ocrx_word' id='word_1_603' title='bbox 758 5504 1031 5559; x_wconf 84' lang='lat' dir='ltr'><strong>maneant,</strong></span> <span class='ocrx_word' id='word_1_604' title='bbox 1057 5505 1110 5550; x_wconf 89' lang='lat' dir='ltr'><strong>et</strong></span> <span class='ocrx_word' id='word_1_605' title='bbox 1142 5511 1250 5552; x_wconf 90' lang='lat' dir='ltr'><strong>non</strong></span> <span class='ocrx_word' id='word_1_606' title='bbox 1295 5499 1649 5554; x_wconf 87' lang='lat' dir='ltr'><strong>admittantur</strong></span> <span class='ocrx_word' id='word_1_607' title='bbox 1690 5512 1746 5556; x_wconf 88' lang='lat' dir='ltr'><strong>ut</strong></span> <span class='ocrx_word' id='word_1_608' title='bbox 1769 5503 2138 5556; x_wconf 88' lang='lat' dir='ltr'><strong>renuntiantes</strong></span> <span class='ocrx_word' id='word_1_609' title='bbox 2176 5520 2188 5554; x_wconf 92' lang='lat'><strong>:</strong></span> <span class='ocrx_word' id='word_1_610' title='bbox 2241 5502 2322 5555; x_wconf 89' lang='lat' dir='ltr'><strong>sin</strong></span> 
     </span>
    </p>
   </div>
   <div class='ocr_carea' id='block_1_86' title="bbox 756 5588 2324 5658">
    <p class='ocr_par' dir='ltr' id='par_1_86' title="bbox 756 5588 2324 5658">
     <span class='ocr_line' id='line_1_86' title="bbox 756 5588 2324 5658; baseline 0.006 -22"><span class='ocrx_word' id='word_1_611' title='bbox 756 5595 933 5640; x_wconf 85' lang='lat' dir='ltr'><strong>autem</strong></span> <span class='ocrx_word' id='word_1_612' title='bbox 958 5588 1155 5657; x_wconf 82' lang='lat' dir='ltr'><strong>indigni</strong></span> <span class='ocrx_word' id='word_1_613' title='bbox 1180 5602 1276 5657; x_wconf 84' lang='lat' dir='ltr'><strong>nec</strong></span> <span class='ocrx_word' id='word_1_614' title='bbox 1292 5602 1387 5658; x_wconf 84' lang='lat' dir='ltr'><strong>per</strong></span> <span class='ocrx_word' id='word_1_615' title='bbox 1403 5592 1856 5648; x_wconf 80' lang='lat' dir='ltr'><strong>renuntiationem</strong></span> <span class='ocrx_word' id='word_1_616' title='bbox 1881 5603 2093 5658; x_wconf 81' lang='lat' dir='ltr'><strong>exeant,</strong></span> <span class='ocrx_word' id='word_1_617' title='bbox 2120 5608 2216 5647; x_wconf 91' lang='lat' dir='ltr'><strong>nec</strong></span> <span class='ocrx_word' id='word_1_618' title='bbox 2241 5607 2324 5646; x_wconf 88' lang='lat' dir='ltr'><strong>re-</strong></span> 
     </span>
    </p>
   </div>
   <div class='ocr_carea' id='block_1_87' title="bbox 756 5678 2324 5754">
    <p class='ocr_par' dir='ltr' id='par_1_87' title="bbox 756 5678 2324 5754">
     <span class='ocr_line' id='line_1_87' title="bbox 756 5678 2324 5754; baseline 0.005 -23"><span class='ocrx_word' id='word_1_619' title='bbox 756 5678 949 5733; x_wconf 85' lang='lat' dir='ltr'><strong>cedant</strong></span> <span class='ocrx_word' id='word_1_620' title='bbox 983 5688 1039 5733; x_wconf 92' lang='lat' dir='ltr'><strong>ut</strong></span> <span class='ocrx_word' id='word_1_621' title='bbox 1073 5680 1465 5747; x_wconf 81' lang='lat' dir='ltr'><strong>renuntiantes,</strong></span> <span class='ocrx_word' id='word_1_622' title='bbox 1496 5686 1591 5739; x_wconf 83' lang='lat' dir='ltr'><strong>sed</strong></span> <span class='ocrx_word' id='word_1_623' title='bbox 1628 5694 1684 5739; x_wconf 93' lang='lat' dir='ltr'><strong>ut</strong></span> <span class='ocrx_word' id='word_1_624' title='bbox 1713 5685 1877 5741; x_wconf 89' lang='lat' dir='ltr'><strong>rebus</strong></span> <span class='ocrx_word' id='word_1_625' title='bbox 1914 5687 2043 5754; x_wconf 89' lang='lat' dir='ltr'><strong>ipsis</strong></span> <span class='ocrx_word' id='word_1_626' title='bbox 2068 5690 2324 5741; x_wconf 73' lang='lat' dir='ltr'><strong>condem-</strong></span> 
     </span>
    </p>
   </div>
   <div class='ocr_carea' id='block_1_88' title="bbox 759 5767 2319 5846">
    <p class='ocr_par' dir='ltr' id='par_1_88' title="bbox 759 5767 2319 5846">
     <span class='ocr_line' id='line_1_88' title="bbox 759 5767 2319 5846; baseline 0.006 -23"><span class='ocrx_word' id='word_1_627' title='bbox 759 5767 866 5823; x_wconf 85' lang='lat' dir='ltr'><strong>nati</strong></span> <span class='ocrx_word' id='word_1_628' title='bbox 896 5782 909 5823; x_wconf 88' lang='lat'><strong>:</strong></span> <span class='ocrx_word' id='word_1_629' title='bbox 938 5768 1002 5826; x_wconf 89' lang='lat' dir='ltr'><strong>de</strong></span> <span class='ocrx_word' id='word_1_630' title='bbox 1026 5770 1220 5838; x_wconf 86' lang='lat' dir='ltr'><strong>quibus</strong></span> <span class='ocrx_word' id='word_1_631' title='bbox 1247 5769 1469 5829; x_wconf 80' lang='lat' dir='ltr'><strong>inultam</strong></span> <span class='ocrx_word' id='word_1_632' title='bbox 1488 5774 1611 5845; x_wconf 84' lang='lat' dir='ltr'><strong>quis</strong></span> <span class='ocrx_word' id='word_1_633' title='bbox 1635 5776 2084 5834; x_wconf 81' lang='lat' dir='ltr'><strong>exclamationem</strong></span> <span class='ocrx_word' id='word_1_634' title='bbox 2108 5777 2319 5846; x_wconf 79' lang='lat' dir='ltr'><strong>iecerit,</strong></span> 
     </span>
    </p>
   </div>
   <div class='ocr_carea' id='block_1_89' title="bbox 2450 3184 4020 3259">
    <p class='ocr_par' dir='ltr' id='par_1_89' title="bbox 2450 3184 4020 3259">
     <span class='ocr_line' id='line_1_89' title="bbox 2450 3184 4020 3259; baseline -0.008 -14"><span class='ocrx_word' id='word_1_635' title='bbox 2450 3196 2569 3255; x_wconf 82' lang='grc' dir='ltr'><strong>ταῖς</strong></span> <span class='ocrx_word' id='word_1_636' title='bbox 2607 3192 2925 3259; x_wconf 75' lang='grc' dir='ltr'><strong>ἐκκλησιαις</strong></span> <span class='ocrx_word' id='word_1_637' title='bbox 2947 3209 2958 3221; x_wconf 92' lang='grc'><strong>·</strong></span> <span class='ocrx_word' id='word_1_638' title='bbox 2992 3191 3089 3258; x_wconf 80' lang='grc' dir='ltr'><strong>τὴν</strong></span> <span class='ocrx_word' id='word_1_639' title='bbox 3109 3189 3165 3242; x_wconf 74' lang='grc' dir='ltr'><strong>δὶ</strong></span> <span class='ocrx_word' id='word_1_640' title='bbox 3199 3190 3512 3255; x_wconf 74' lang='grc' dir='ltr'><strong>οἰκονομίαν</strong></span> <span class='ocrx_word' id='word_1_641' title='bbox 3534 3187 3643 3239; x_wconf 84' lang='grc' dir='ltr'><strong>τῶν</strong></span> <span class='ocrx_word' id='word_1_642' title='bbox 3673 3186 3876 3248; x_wconf 74' lang='grc' dir='ltr'><strong>ἐξόδων</strong></span> <span class='ocrx_word' id='word_1_643' title='bbox 3908 3184 4020 3233; x_wconf 81' lang='grc' dir='ltr'><strong>τῶν</strong></span> 
     </span>
    </p>
   </div>
   <div class='ocr_carea' id='block_1_90' title="bbox 2459 3274 4034 3352">
    <p class='ocr_par' dir='ltr' id='par_1_90' title="bbox 2459 3274 4034 3352">
     <span class='ocr_line' id='line_1_90' title="bbox 2459 3274 4034 3352; baseline -0.006 -16"><span class='ocrx_word' id='word_1_644' title='bbox 2459 3286 2519 3337; x_wconf 84' lang='grc' dir='ltr'><strong>ἐν</strong></span> <span class='ocrx_word' id='word_1_645' title='bbox 2544 3286 2662 3345; x_wconf 75' lang='grc' dir='ltr'><strong>ταῖς</strong></span> <span class='ocrx_word' id='word_1_646' title='bbox 2686 3282 3009 3350; x_wconf 80' lang='grc' dir='ltr'><strong>ἐκκλησίαις</strong></span> <span class='ocrx_word' id='word_1_647' title='bbox 3043 3281 3385 3352; x_wconf 79' lang='grc' dir='ltr'><strong>Θαρσεῖσθαι,</strong></span> <span class='ocrx_word' id='word_1_648' title='bbox 3420 3280 3539 3330; x_wconf 78' lang='grc' dir='ltr'><strong>ἀντί</strong></span> <span class='ocrx_word' id='word_1_649' title='bbox 3565 3277 3658 3329; x_wconf 82' lang='grc' dir='ltr'>τοῦ</span> <span class='ocrx_word' id='word_1_650' title='bbox 3712 3276 3853 3343; x_wconf 78' lang='grc' dir='ltr'><strong>μετά</strong></span> <span class='ocrx_word' id='word_1_651' title='bbox 3896 3274 4034 3345; x_wconf 73' lang='grc' dir='ltr'><strong>Θάρ-</strong></span> 
     </span>
    </p>
   </div>
   <div class='ocr_carea' id='block_1_91' title="bbox 2456 3369 4033 3444">
    <p class='ocr_par' dir='ltr' id='par_1_91' title="bbox 2456 3369 4033 3444">
     <span class='ocr_line' id='line_1_91' title="bbox 2456 3369 4033 3444; baseline -0.007 -16"><span class='ocrx_word' id='word_1_652' title='bbox 2456 3392 2582 3438; x_wconf 87' lang='grc' dir='ltr'><strong>σους</strong></span> <span class='ocrx_word' id='word_1_653' title='bbox 2624 3371 3051 3444; x_wconf 82' lang='grc' dir='ltr'><strong>ἐμπιστεύεσθαι</strong></span> <span class='ocrx_word' id='word_1_654' title='bbox 3088 3412 3103 3435; x_wconf 85' lang='grc'><em>,</em></span> <span class='ocrx_word' id='word_1_655' title='bbox 3169 3375 3281 3434; x_wconf 74' lang='grc' dir='ltr'><strong>τοίς</strong></span> <span class='ocrx_word' id='word_1_656' title='bbox 3336 3371 3479 3425; x_wconf 83' lang='grc' dir='ltr'><strong>κατὰ</strong></span> <span class='ocrx_word' id='word_1_657' title='bbox 3529 3371 3755 3439; x_wconf 70' lang='grc' dir='ltr'><strong>καιροὺς</strong></span> <span class='ocrx_word' id='word_1_658' title='bbox 3810 3369 4033 3419; x_wconf 69' lang='grc' dir='ltr'><strong>ἐπισκό-</strong></span> 
     </span>
    </p>
   </div>
   <div class='ocr_carea' id='block_1_92' title="bbox 2450 3484 2594 3528">
    <p class='ocr_par' dir='ltr' id='par_1_92' title="bbox 2450 3484 2594 3528">
     <span class='ocr_line' id='line_1_92' title="bbox 2450 3484 2594 3528; baseline 0.007 -10"><span class='ocrx_word' id='word_1_659' title='bbox 2450 3484 2594 3528; x_wconf 84' lang='grc' dir='ltr'><strong>ποις.</strong></span> 
     </span>
    </p>
   </div>
   <div class='ocr_carea' id='block_1_93' title="bbox 2525 3556 4032 3626">
    <p class='ocr_par' dir='ltr' id='par_1_93' title="bbox 2525 3556 4032 3626">
     <span class='ocr_line' id='line_1_93' title="bbox 2525 3556 4032 3626; baseline 0.001 -19"><span class='ocrx_word' id='word_1_660' title='bbox 2525 3556 2661 3620; x_wconf 77' lang='grc' dir='ltr'><strong>Τοὺς</strong></span> <span class='ocrx_word' id='word_1_661' title='bbox 2688 3557 2743 3609; x_wconf 67' lang='grc' dir='ltr'><strong>δὲ</strong></span> <span class='ocrx_word' id='word_1_662' title='bbox 2780 3556 2877 3624; x_wconf 86' lang='grc' dir='ltr'><strong>τῆς</strong></span> <span class='ocrx_word' id='word_1_663' title='bbox 2915 3561 3293 3625; x_wconf 75' lang='grc' dir='ltr'><strong>παραιτήσεως</strong></span> <span class='ocrx_word' id='word_1_664' title='bbox 3336 3556 3607 3619; x_wconf 73' lang='grc' dir='ltr'><strong>λιϐἐὶλους</strong></span> <span class='ocrx_word' id='word_1_665' title='bbox 3635 3558 3697 3608; x_wconf 79' lang='grc' dir='ltr'><strong>οὗ</strong></span> <span class='ocrx_word' id='word_1_666' title='bbox 3731 3558 3875 3610; x_wconf 70' lang='grc' dir='ltr'><strong>κατὰ</strong></span> <span class='ocrx_word' id='word_1_667' title='bbox 3914 3574 4032 3626; x_wconf 84' lang='grc' dir='ltr'><strong>προ-</strong></span> 
     </span>
    </p>
   </div>
   <div class='ocr_carea' id='block_1_94' title="bbox 2455 3644 4033 3714">
    <p class='ocr_par' dir='ltr' id='par_1_94' title="bbox 2455 3644 4033 3714">
     <span class='ocr_line' id='line_1_94' title="bbox 2455 3644 4033 3714; baseline 0.003 -19"><span class='ocrx_word' id='word_1_668' title='bbox 2455 3644 2663 3713; x_wconf 87' lang='grc' dir='ltr'><strong>αίρεσιν</strong></span> <span class='ocrx_word' id='word_1_669' title='bbox 2701 3646 2923 3707; x_wconf 82' lang='grc' dir='ltr'><strong>οἰκείαν,</strong></span> <span class='ocrx_word' id='word_1_670' title='bbox 2962 3645 3075 3695; x_wconf 84' lang='grc' dir='ltr'><strong>ἀλλ’</strong></span> <span class='ocrx_word' id='word_1_671' title='bbox 3114 3647 3187 3706; x_wconf 85' lang='grc' dir='ltr'><strong>ὡς</strong></span> <span class='ocrx_word' id='word_1_672' title='bbox 3219 3646 3276 3707; x_wconf 80' lang='grc' dir='ltr'><strong>ἐξ</strong></span> <span class='ocrx_word' id='word_1_673' title='bbox 3320 3646 3562 3714; x_wconf 76' lang='grc' dir='ltr'><strong>ἀνάγκης</strong></span> <span class='ocrx_word' id='word_1_674' title='bbox 3603 3648 3695 3697; x_wconf 81' lang='grc' dir='ltr'><strong>καί</strong></span> <span class='ocrx_word' id='word_1_675' title='bbox 3729 3648 3899 3713; x_wconf 73' lang='grc' dir='ltr'><strong>φόὸου</strong></span> <span class='ocrx_word' id='word_1_676' title='bbox 3945 3649 4033 3701; x_wconf 76' lang='grc' dir='ltr'><strong>καί</strong></span> 
     </span>
    </p>
   </div>
   <div class='ocr_carea' id='block_1_95' title="bbox 2453 3734 4033 3805">
    <p class='ocr_par' dir='ltr' id='par_1_95' title="bbox 2453 3734 4033 3805">
     <span class='ocr_line' id='line_1_95' title="bbox 2453 3734 4033 3805; baseline 0.003 -21"><span class='ocrx_word' id='word_1_677' title='bbox 2453 3736 2547 3802; x_wconf 83' lang='grc' dir='ltr'><strong>τῆς</strong></span> <span class='ocrx_word' id='word_1_678' title='bbox 2596 3750 2758 3785; x_wconf 86' lang='grc' dir='ltr'><strong>τινων</strong></span> <span class='ocrx_word' id='word_1_679' title='bbox 2810 3734 3038 3803; x_wconf 77' lang='grc' dir='ltr'><strong>ἀπειλῆς</strong></span> <span class='ocrx_word' id='word_1_680' title='bbox 3087 3734 3364 3788; x_wconf 72' lang='grc' dir='ltr'><strong>ἐπιδοῦναί</strong></span> <span class='ocrx_word' id='word_1_681' title='bbox 3404 3753 3554 3802; x_wconf 78' lang='grc' dir='ltr'><strong>φησι.</strong></span> <span class='ocrx_word' id='word_1_682' title='bbox 3599 3737 3706 3788; x_wconf 82' lang='grc' dir='ltr'><strong>Καὶ</strong></span> <span class='ocrx_word' id='word_1_683' title='bbox 3754 3736 3946 3805; x_wconf 77' lang='grc' dir='ltr'><strong>ἕτερον</strong></span> <span class='ocrx_word' id='word_1_684' title='bbox 3978 3737 4033 3789; x_wconf 61' lang='grc' dir='ltr'><strong>δέ</strong></span> 
     </span>
    </p>
   </div>
   <div class='ocr_carea' id='block_1_96' title="bbox 2456 3824 4032 3897">
    <p class='ocr_par' dir='ltr' id='par_1_96' title="bbox 2456 3824 4032 3897">
     <span class='ocr_line' id='line_1_96' title="bbox 2456 3824 4032 3897; baseline 0.003 -23"><span class='ocrx_word' id='word_1_685' title='bbox 2456 3825 2686 3893; x_wconf 76' lang='grc' dir='ltr'><strong>πρᾶγμά</strong></span> <span class='ocrx_word' id='word_1_686' title='bbox 2740 3826 2884 3876; x_wconf 79' lang='grc' dir='ltr'><strong>ἐστιν</strong></span> <span class='ocrx_word' id='word_1_687' title='bbox 2938 3824 3060 3878; x_wconf 71' lang='grc' dir='ltr'><strong>οὔτε</strong></span> <span class='ocrx_word' id='word_1_688' title='bbox 3100 3828 3208 3889; x_wconf 85' lang='grc' dir='ltr'><strong>τοῖς</strong></span> <span class='ocrx_word' id='word_1_689' title='bbox 3257 3828 3354 3896; x_wconf 82' lang='grc' dir='ltr'><strong>τῆς</strong></span> <span class='ocrx_word' id='word_1_690' title='bbox 3420 3827 3741 3894; x_wconf 83' lang='grc' dir='ltr'><strong>Ἐκκλησίας</strong></span> <span class='ocrx_word' id='word_1_691' title='bbox 3796 3829 4032 3897; x_wconf 72' lang='grc' dir='ltr'><strong>ἀρέσκον</strong></span> 
     </span>
    </p>
   </div>
   <div class='ocr_carea' id='block_1_97' title="bbox 2455 3912 4029 3985">
    <p class='ocr_par' dir='ltr' id='par_1_97' title="bbox 2455 3912 4029 3985">
     <span class='ocr_line' id='line_1_97' title="bbox 2455 3912 4029 3985; baseline 0.004 -21"><span class='ocrx_word' id='word_1_692' title='bbox 2455 3914 2669 3979; x_wconf 60' lang='lat' dir='ltr'><strong>(impoti;</strong></span> <span class='ocrx_word' id='word_1_693' title='bbox 2698 3953 2713 3977; x_wconf 89' lang='lat'><strong>,</strong></span> <span class='ocrx_word' id='word_1_694' title='bbox 2742 3914 2801 3963; x_wconf 85' lang='grc' dir='ltr'><strong>τὸ</strong></span> <span class='ocrx_word' id='word_1_695' title='bbox 2826 3912 3099 3975; x_wconf 53' lang='lat' dir='ltr'><strong>nemo);</strong></span> <span class='ocrx_word' id='word_1_696' title='bbox 3128 3917 3514 3985; x_wconf 82' lang='grc' dir='ltr'><strong>παραιτήσεων</strong></span> <span class='ocrx_word' id='word_1_697' title='bbox 3546 3916 3845 3984; x_wconf 75' lang='grc' dir='ltr'><strong>προσάγειν</strong></span> <span class='ocrx_word' id='word_1_698' title='bbox 3880 3923 4029 3978; x_wconf 65' lang='lat' dir='ltr'><strong>me;</strong></span> 
     </span>
    </p>
   </div>
   <div class='ocr_carea' id='block_1_98' title="bbox 2451 4002 4026 4076">
    <p class='ocr_par' dir='ltr' id='par_1_98' title="bbox 2451 4002 4026 4076">
     <span class='ocr_line' id='line_1_98' title="bbox 2451 4002 4026 4076; baseline 0.007 -24"><span class='ocrx_word' id='word_1_699' title='bbox 2451 4002 2558 4053; x_wconf 78' lang='grc' dir='ltr'><strong>τῶν</strong></span> <span class='ocrx_word' id='word_1_700' title='bbox 2596 4002 2912 4071; x_wconf 81' lang='grc' dir='ltr'><strong>ἱερουργῶν.</strong></span> <span class='ocrx_word' id='word_1_701' title='bbox 2954 4003 3015 4056; x_wconf 75' lang='lat' dir='ltr'><strong>Ei</strong></span> <span class='ocrx_word' id='word_1_702' title='bbox 3048 4005 3151 4071; x_wconf 85' lang='grc' dir='ltr'><strong>γάρ</strong></span> <span class='ocrx_word' id='word_1_703' title='bbox 3186 4009 3323 4057; x_wconf 85' lang='grc' dir='ltr'><strong>εἰσιν</strong></span> <span class='ocrx_word' id='word_1_704' title='bbox 3366 4005 3504 4068; x_wconf 75' lang='grc' dir='ltr'><strong>ἄξιοι</strong></span> <span class='ocrx_word' id='word_1_705' title='bbox 3534 4006 3626 4058; x_wconf 81' lang='grc' dir='ltr'><strong>τοῦ</strong></span> <span class='ocrx_word' id='word_1_706' title='bbox 3666 4009 4026 4076; x_wconf 71' lang='grc' dir='ltr'><strong>λειτουργεῖν.</strong></span> 
     </span>
    </p>
   </div>
   <div class='ocr_carea' id='block_1_99' title="bbox 2451 4093 4024 4168">
    <p class='ocr_par' dir='ltr' id='par_1_99' title="bbox 2451 4093 4024 4168">
     <span class='ocr_line' id='line_1_99' title="bbox 2451 4093 4024 4168; baseline 0.003 -24"><span class='ocrx_word' id='word_1_707' title='bbox 2451 4093 2690 4145; x_wconf 74' lang='grc' dir='ltr'><strong>ἔστωσαν</strong></span> <span class='ocrx_word' id='word_1_708' title='bbox 2733 4095 2789 4145; x_wconf 76' lang='grc' dir='ltr'><strong>ἐν</strong></span> <span class='ocrx_word' id='word_1_709' title='bbox 2834 4093 3041 4163; x_wconf 81' lang='grc' dir='ltr'><strong>τούτῳ’</strong></span> <span class='ocrx_word' id='word_1_710' title='bbox 3082 4097 3129 4147; x_wconf 83' lang='grc' dir='ltr'><strong>εί</strong></span> <span class='ocrx_word' id='word_1_711' title='bbox 3162 4096 3207 4148; x_wconf 82' lang='grc' dir='ltr'>δ’</span> <span class='ocrx_word' id='word_1_712' title='bbox 3236 4095 3465 4160; x_wconf 82' lang='grc' dir='ltr'><strong>ἀνάξιοι.</strong></span> <span class='ocrx_word' id='word_1_713' title='bbox 3502 4097 3578 4166; x_wconf 75' lang='grc' dir='ltr'><strong>μή</strong></span> <span class='ocrx_word' id='word_1_714' title='bbox 3617 4098 3724 4148; x_wconf 79' lang='grc' dir='ltr'><strong>ἀπὸ</strong></span> <span class='ocrx_word' id='word_1_715' title='bbox 3754 4100 4024 4168; x_wconf 85' lang='grc' dir='ltr'><strong>παραιτή-</strong></span> 
     </span>
    </p>
   </div>
   <div class='ocr_carea' id='block_1_100' title="bbox 2452 4182 4026 4254">
    <p class='ocr_par' dir='ltr' id='par_1_100' title="bbox 2452 4182 4026 4254">
     <span class='ocr_line' id='line_1_100' title="bbox 2452 4182 4026 4254; baseline 0.002 -19"><span class='ocrx_word' id='word_1_716' title='bbox 2452 4201 2588 4245; x_wconf 85' lang='grc' dir='ltr'><strong>σεως</strong></span> <span class='ocrx_word' id='word_1_717' title='bbox 2620 4182 2901 4246; x_wconf 79' lang='grc' dir='ltr'><strong>ἐξίτωσαν,</strong></span> <span class='ocrx_word' id='word_1_718' title='bbox 2958 4186 3400 4253; x_wconf 82' lang='grc' dir='ltr'><strong>κατεγνωσμένοι</strong></span> <span class='ocrx_word' id='word_1_719' title='bbox 3443 4186 3500 4238; x_wconf 84' lang='grc' dir='ltr'>δὲ</span> <span class='ocrx_word' id='word_1_720' title='bbox 3534 4186 3732 4254; x_wconf 77' lang='grc' dir='ltr'><strong>μᾶλλον</strong></span> <span class='ocrx_word' id='word_1_721' title='bbox 3764 4187 3860 4238; x_wconf 69' lang='grc' dir='ltr'><strong>ἐπὶ</strong></span> <span class='ocrx_word' id='word_1_722' title='bbox 3887 4190 4026 4254; x_wconf 72' lang='grc' dir='ltr'><strong>πρα-</strong></span> 
     </span>
    </p>
   </div>
   <div class='ocr_carea' id='block_1_101' title="bbox 2450 4267 4024 4346">
    <p class='ocr_par' dir='ltr' id='par_1_101' title="bbox 2450 4267 4024 4346">
     <span class='ocr_line' id='line_1_101' title="bbox 2450 4267 4024 4346; baseline 0.001 -23"><span class='ocrx_word' id='word_1_723' title='bbox 2450 4290 2670 4341; x_wconf 81' lang='grc' dir='ltr'><strong>γμασιν,</strong></span> <span class='ocrx_word' id='word_1_724' title='bbox 2699 4267 2771 4325; x_wconf 79' lang='grc' dir='ltr'><strong>ὧν</strong></span> <span class='ocrx_word' id='word_1_725' title='bbox 2800 4274 2863 4325; x_wconf 79' lang='grc' dir='ltr'><strong>ἀν</strong></span> <span class='ocrx_word' id='word_1_726' title='bbox 2902 4291 2984 4337; x_wconf 87' lang='grc' dir='ltr'><strong>τις</strong></span> <span class='ocrx_word' id='word_1_727' title='bbox 3036 4275 3237 4343; x_wconf 81' lang='grc' dir='ltr'><strong>πολλὴν</strong></span> <span class='ocrx_word' id='word_1_728' title='bbox 3277 4276 3559 4344; x_wconf 85' lang='grc' dir='ltr'><strong>ποιήσαιτο</strong></span> <span class='ocrx_word' id='word_1_729' title='bbox 3589 4276 3686 4345; x_wconf 78' lang='grc' dir='ltr'><strong>τήν</strong></span> <span class='ocrx_word' id='word_1_730' title='bbox 3726 4278 4024 4346; x_wconf 75' lang='grc' dir='ltr'><strong>καταϐοήν,</strong></span> 
     </span>
    </p>
   </div>
   <div class='ocr_carea' id='block_1_102' title="bbox 2449 4361 4025 4437">
    <p class='ocr_par' dir='ltr' id='par_1_102' title="bbox 2449 4361 4025 4437">
     <span class='ocr_line' id='line_1_102' title="bbox 2449 4361 4025 4437; baseline 0.003 -23"><span class='ocrx_word' id='word_1_731' title='bbox 2449 4366 2520 4425; x_wconf 82' lang='grc' dir='ltr'><strong>ὡς</strong></span> <span class='ocrx_word' id='word_1_732' title='bbox 2554 4361 2656 4426; x_wconf 79' lang='grc' dir='ltr'><strong>ἔξω</strong></span> <span class='ocrx_word' id='word_1_733' title='bbox 2684 4365 2983 4432; x_wconf 79' lang='grc' dir='ltr'><strong>τρεχόντων</strong></span> <span class='ocrx_word' id='word_1_734' title='bbox 3020 4368 3197 4433; x_wconf 83' lang='grc' dir='ltr'><strong>πάσης</strong></span> <span class='ocrx_word' id='word_1_735' title='bbox 3228 4366 3567 4428; x_wconf 78' lang='grc' dir='ltr'><strong>ἀκολουθίας.</strong></span> <span class='ocrx_word' id='word_1_736' title='bbox 3602 4368 3875 4437; x_wconf 76' lang='grc' dir='ltr'><strong>Πρόσειπε</strong></span> <span class='ocrx_word' id='word_1_737' title='bbox 3929 4369 4025 4436; x_wconf 75' lang='grc' dir='ltr'><strong>τὴν</strong></span> 
     </span>
    </p>
   </div>
   <div class='ocr_carea' id='block_1_103' title="bbox 2447 4456 4024 4531">
    <p class='ocr_par' dir='ltr' id='par_1_103' title="bbox 2447 4456 4024 4531">
     <span class='ocr_line' id='line_1_103' title="bbox 2447 4456 4024 4531; baseline 0.004 -24"><span class='ocrx_word' id='word_1_738' title='bbox 2447 4458 2595 4524; x_wconf 70' lang='grc' dir='ltr'><strong>παρὰ</strong></span> <span class='ocrx_word' id='word_1_739' title='bbox 2623 4457 2704 4506; x_wconf 78' lang='grc' dir='ltr'><strong>σοὶ</strong></span> <span class='ocrx_word' id='word_1_740' title='bbox 2730 4456 3061 4524; x_wconf 76' lang='grc' dir='ltr'><strong>ἀδελφότητα</strong></span> <span class='ocrx_word' id='word_1_741' title='bbox 3083 4476 3095 4487; x_wconf 88' lang='grc'>·</span> <span class='ocrx_word' id='word_1_742' title='bbox 3132 4460 3186 4510; x_wconf 79' lang='grc' dir='ltr'><strong>σὲ</strong></span> <span class='ocrx_word' id='word_1_743' title='bbox 3218 4462 3250 4528; x_wconf 84' lang='grc' dir='ltr'><strong>ή</strong></span> <span class='ocrx_word' id='word_1_744' title='bbox 3283 4460 3379 4510; x_wconf 74' lang='grc' dir='ltr'><strong>σὺν</strong></span> <span class='ocrx_word' id='word_1_745' title='bbox 3408 4461 3536 4527; x_wconf 72' lang='grc' dir='ltr'><strong>ἡμῖν</strong></span> <span class='ocrx_word' id='word_1_746' title='bbox 3559 4463 3612 4511; x_wconf 84' lang='grc' dir='ltr'><strong>ἐν</strong></span> <span class='ocrx_word' id='word_1_747' title='bbox 3634 4462 3822 4531; x_wconf 75' lang='grc' dir='ltr'><strong>Κυρίω</strong></span> <span class='ocrx_word' id='word_1_748' title='bbox 3858 4478 3922 4531; x_wconf 61' lang='grc' dir='ltr'><strong>πί</strong></span> <span class='ocrx_word' id='word_1_749' title='bbox 3952 4478 4024 4513; x_wconf 52' lang='lat' dir='ltr'><strong>ia-</strong></span> 
     </span>
    </p>
   </div>
   <div class='ocr_carea' id='block_1_104' title="bbox 2448 4562 2723 4613">
    <p class='ocr_par' dir='ltr' id='par_1_104' title="bbox 2448 4562 2723 4613">
     <span class='ocr_line' id='line_1_104' title="bbox 2448 4562 2723 4613; baseline 0.015 -18"><span class='ocrx_word' id='word_1_750' title='bbox 2448 4562 2723 4613; x_wconf 75' lang='grc' dir='ltr'><strong>αγορευει.</strong></span> 
     </span>
    </p>
   </div>
   <div class='ocr_carea' id='block_1_105' title="bbox 2518 4688 4016 4761">
    <p class='ocr_par' dir='ltr' id='par_1_105' title="bbox 2518 4688 4016 4761">
     <span class='ocr_line' id='line_1_105' title="bbox 2518 4688 4016 4761; baseline 0.007 -22"><span class='ocrx_word' id='word_1_751' title='bbox 2518 4688 2709 4743; x_wconf 75' lang='grc' dir='ltr'><strong>ΒΛΛΣ.</strong></span> <span class='ocrx_word' id='word_1_752' title='bbox 2758 4688 2867 4742; x_wconf 81' lang='grc' dir='ltr'><strong>Καὶ</strong></span> <span class='ocrx_word' id='word_1_753' title='bbox 2909 4688 3236 4757; x_wconf 81' lang='grc' dir='ltr'><strong>παραίτησις</strong></span> <span class='ocrx_word' id='word_1_754' title='bbox 3296 4690 3523 4761; x_wconf 79' lang='grc' dir='ltr'><strong>ἐφέρετο</strong></span> <span class='ocrx_word' id='word_1_755' title='bbox 3551 4692 3647 4746; x_wconf 81' lang='grc' dir='ltr'><strong>τοῦ</strong></span> <span class='ocrx_word' id='word_1_756' title='bbox 3684 4694 4016 4749; x_wconf 71' lang='grc' dir='ltr'><strong>ἐπισκόπου.</strong></span> 
     </span>
    </p>
   </div>
   <div class='ocr_carea' id='block_1_106' title="bbox 2441 4763 4018 4854">
    <p class='ocr_par' dir='ltr' id='par_1_106' title="bbox 2441 4763 4018 4854">
     <span class='ocr_line' id='line_1_106' title="bbox 2441 4763 4018 4854; baseline 0.006 -21"><span class='ocrx_word' id='word_1_757' title='bbox 2441 4781 2569 4848; x_wconf 80' lang='grc' dir='ltr'><strong>περὶ</strong></span> <span class='ocrx_word' id='word_1_758' title='bbox 2608 4780 2668 4834; x_wconf 77' lang='grc' dir='ltr'><strong>οὗ</strong></span> <span class='ocrx_word' id='word_1_759' title='bbox 2699 4763 2941 4850; x_wconf 71' lang='grc' dir='ltr'><strong>ἔγραψεν</strong></span> <span class='ocrx_word' id='word_1_760' title='bbox 2980 4781 3007 4833; x_wconf 91' lang='grc' dir='ltr'><strong>ό</strong></span> <span class='ocrx_word' id='word_1_761' title='bbox 3043 4782 3218 4850; x_wconf 80' lang='grc' dir='ltr'><strong>μέγας</strong></span> <span class='ocrx_word' id='word_1_762' title='bbox 3268 4780 3423 4846; x_wconf 72' lang='grc' dir='ltr'><strong>οὗτος</strong></span> <span class='ocrx_word' id='word_1_763' title='bbox 3471 4787 3676 4853; x_wconf 75' lang='grc' dir='ltr'><strong>Πατήρ.</strong></span> <span class='ocrx_word' id='word_1_764' title='bbox 3724 4788 3887 4854; x_wconf 75' lang='grc' dir='ltr'><strong>Λέγει</strong></span> <span class='ocrx_word' id='word_1_765' title='bbox 3923 4786 4018 4842; x_wconf 68' lang='grc' dir='ltr'><strong>οὖν</strong></span> 
     </span>
    </p>
   </div>
   <div class='ocr_carea' id='block_1_107' title="bbox 2436 4871 4014 4945">
    <p class='ocr_par' dir='ltr' id='par_1_107' title="bbox 2436 4871 4014 4945">
     <span class='ocr_line' id='line_1_107' title="bbox 2436 4871 4014 4945; baseline 0.005 -23"><span class='ocrx_word' id='word_1_766' title='bbox 2436 4874 2527 4922; x_wconf 78' lang='grc' dir='ltr'><strong>καὶ</strong></span> <span class='ocrx_word' id='word_1_767' title='bbox 2567 4873 2695 4940; x_wconf 77' lang='grc' dir='ltr'><strong>περὶ</strong></span> <span class='ocrx_word' id='word_1_768' title='bbox 2723 4871 2877 4924; x_wconf 83' lang='grc' dir='ltr'><strong>τοῦτο</strong></span> <span class='ocrx_word' id='word_1_769' title='bbox 2908 4874 2987 4924; x_wconf 88' lang='grc' dir='ltr'><strong>ὃτι</strong></span> <span class='ocrx_word' id='word_1_770' title='bbox 3033 4875 3197 4941; x_wconf 74' lang='grc' dir='ltr'><strong>φησὶν</strong></span> <span class='ocrx_word' id='word_1_771' title='bbox 3226 4875 3255 4925; x_wconf 87' lang='grc' dir='ltr'><strong>ό</strong></span> <span class='ocrx_word' id='word_1_772' title='bbox 3288 4876 3588 4937; x_wconf 78' lang='grc' dir='ltr'><strong>ἐπίσκοπος</strong></span> <span class='ocrx_word' id='word_1_773' title='bbox 3618 4878 3692 4938; x_wconf 81' lang='grc' dir='ltr'><strong>ὡς</strong></span> <span class='ocrx_word' id='word_1_774' title='bbox 3726 4878 3825 4945; x_wconf 81' lang='grc' dir='ltr'><strong>οὐχ</strong></span> <span class='ocrx_word' id='word_1_775' title='bbox 3859 4880 4014 4930; x_wconf 79' lang='grc' dir='ltr'><strong>ἐκου-</strong></span> 
     </span>
    </p>
   </div>
   <div class='ocr_carea' id='block_1_108' title="bbox 2433 4963 4015 5037">
    <p class='ocr_par' dir='ltr' id='par_1_108' title="bbox 2433 4963 4015 5037">
     <span class='ocr_line' id='line_1_108' title="bbox 2433 4963 4015 5037; baseline 0.007 -24"><span class='ocrx_word' id='word_1_776' title='bbox 2433 4963 2563 5024; x_wconf 73' lang='grc' dir='ltr'><strong>σὶιιις</strong></span> <span class='ocrx_word' id='word_1_777' title='bbox 2588 4964 2646 5014; x_wconf 66' lang='grc' dir='ltr'><strong>τὸ</strong></span> <span class='ocrx_word' id='word_1_778' title='bbox 2676 4964 2773 5029; x_wconf 79' lang='grc' dir='ltr'><strong>τῆς</strong></span> <span class='ocrx_word' id='word_1_779' title='bbox 2807 4965 3194 5033; x_wconf 83' lang='grc' dir='ltr'><strong>παραιτήσεως</strong></span> <span class='ocrx_word' id='word_1_780' title='bbox 3227 4966 3466 5037; x_wconf 68' lang='grc' dir='ltr'><strong>ἔγραφον</strong></span> <span class='ocrx_word' id='word_1_781' title='bbox 3513 4967 3765 5029; x_wconf 78' lang='grc' dir='ltr'><strong>δέδωκεν,</strong></span> <span class='ocrx_word' id='word_1_782' title='bbox 3807 4970 3927 5022; x_wconf 77' lang='grc' dir='ltr'><strong>ἀλλ’</strong></span> <span class='ocrx_word' id='word_1_783' title='bbox 3956 4971 4015 5034; x_wconf 73' lang='grc' dir='ltr'><strong>ἐξ</strong></span> 
     </span>
    </p>
   </div>
   <div class='ocr_carea' id='block_1_109' title="bbox 2432 5053 4014 5129">
    <p class='ocr_par' dir='ltr' id='par_1_109' title="bbox 2432 5053 4014 5129">
     <span class='ocr_line' id='line_1_109' title="bbox 2432 5053 4014 5129; baseline 0.007 -25"><span class='ocrx_word' id='word_1_784' title='bbox 2432 5054 2677 5119; x_wconf 75' lang='grc' dir='ltr'><strong>ἀνάγκης</strong></span> <span class='ocrx_word' id='word_1_785' title='bbox 2699 5053 2784 5106; x_wconf 81' lang='grc' dir='ltr'><strong>διὰ</strong></span> <span class='ocrx_word' id='word_1_786' title='bbox 2822 5054 2986 5119; x_wconf 72' lang='grc' dir='ltr'><strong>φόϐον</strong></span> <span class='ocrx_word' id='word_1_787' title='bbox 3016 5056 3109 5109; x_wconf 80' lang='grc' dir='ltr'><strong>καὶ</strong></span> <span class='ocrx_word' id='word_1_788' title='bbox 3143 5060 3370 5120; x_wconf 68' lang='grc' dir='ltr'><strong>ἁπειὶάς</strong></span> <span class='ocrx_word' id='word_1_789' title='bbox 3418 5062 3597 5117; x_wconf 67' lang='grc' dir='ltr'><strong>τινῶν,</strong></span> <span class='ocrx_word' id='word_1_790' title='bbox 3635 5059 3765 5113; x_wconf 81' lang='grc' dir='ltr'><strong>Είτα</strong></span> <span class='ocrx_word' id='word_1_791' title='bbox 3813 5064 4014 5129; x_wconf 69' lang='grc' dir='ltr'><strong>ἐπάγει</strong></span> 
     </span>
    </p>
   </div>
   <div class='ocr_carea' id='block_1_110' title="bbox 2431 5145 4009 5221">
    <p class='ocr_par' dir='ltr' id='par_1_110' title="bbox 2431 5145 4009 5221">
     <span class='ocr_line' id='line_1_110' title="bbox 2431 5145 4009 5221; baseline 0.006 -24"><span class='ocrx_word' id='word_1_792' title='bbox 2431 5146 2511 5197; x_wconf 85' lang='grc' dir='ltr'><strong>ὅτι</strong></span> <span class='ocrx_word' id='word_1_793' title='bbox 2543 5149 2637 5198; x_wconf 73' lang='grc' dir='ltr'><strong>καὶ</strong></span> <span class='ocrx_word' id='word_1_794' title='bbox 2655 5145 2827 5207; x_wconf 74' lang='grc' dir='ltr'><strong>ἄλλως</strong></span> <span class='ocrx_word' id='word_1_795' title='bbox 2856 5146 2936 5207; x_wconf 78' lang='grc' dir='ltr'><strong>δὲ.</strong></span> <span class='ocrx_word' id='word_1_796' title='bbox 2971 5149 3072 5202; x_wconf 74' lang='grc' dir='ltr'><strong>κᾶν</strong></span> <span class='ocrx_word' id='word_1_797' title='bbox 3101 5149 3347 5219; x_wconf 75' lang='grc' dir='ltr'><strong>δοκῶμεν</strong></span> <span class='ocrx_word' id='word_1_798' title='bbox 3375 5152 3601 5211; x_wconf 73' lang='grc' dir='ltr'><strong>ὼςέκὼν</strong></span> <span class='ocrx_word' id='word_1_799' title='bbox 3629 5169 3700 5202; x_wconf 87' lang='grc' dir='ltr'><strong>πα</strong></span> <span class='ocrx_word' id='word_1_800' title='bbox 3713 5156 4009 5221; x_wconf 79' lang='grc' dir='ltr'><strong>ρῃτήσατο.</strong></span> 
     </span>
    </p>
   </div>
   <div class='ocr_carea' id='block_1_111' title="bbox 2432 5237 4008 5315">
    <p class='ocr_par' dir='ltr' id='par_1_111' title="bbox 2432 5237 4008 5315">
     <span class='ocr_line' id='line_1_111' title="bbox 2432 5237 4008 5315; baseline 0.006 -26"><span class='ocrx_word' id='word_1_801' title='bbox 2432 5240 2525 5289; x_wconf 72' lang='grc' dir='ltr'><strong>καὶ</strong></span> <span class='ocrx_word' id='word_1_802' title='bbox 2560 5237 2714 5291; x_wconf 75' lang='grc' dir='ltr'><strong>τοῦτο</strong></span> <span class='ocrx_word' id='word_1_803' title='bbox 2745 5240 3036 5312; x_wconf 83' lang='grc' dir='ltr'><strong>ἀνὶσχυρον</strong></span> <span class='ocrx_word' id='word_1_804' title='bbox 3074 5245 3243 5307; x_wconf 81' lang='grc' dir='ltr'><strong>ἐστὶν,</strong></span> <span class='ocrx_word' id='word_1_805' title='bbox 3276 5244 3353 5306; x_wconf 80' lang='grc' dir='ltr'><strong>ὡς</strong></span> <span class='ocrx_word' id='word_1_806' title='bbox 3388 5246 3460 5313; x_wconf 78' lang='grc' dir='ltr'><strong>μὴ</strong></span> <span class='ocrx_word' id='word_1_807' title='bbox 3515 5246 3625 5305; x_wconf 75' lang='grc' dir='ltr'><strong>τοῖς</strong></span> <span class='ocrx_word' id='word_1_808' title='bbox 3657 5244 3884 5312; x_wconf 79' lang='grc' dir='ltr'><strong>Θεσμοῖς</strong></span> <span class='ocrx_word' id='word_1_809' title='bbox 3912 5250 4008 5315; x_wconf 71' lang='grc' dir='ltr'><strong>τῆς</strong></span> 
     </span>
    </p>
   </div>
   <div class='ocr_carea' id='block_1_112' title="bbox 2444 5329 4011 5407">
    <p class='ocr_par' dir='ltr' id='par_1_112' title="bbox 2444 5329 4011 5407">
     <span class='ocr_line' id='line_1_112' title="bbox 2444 5329 4011 5407; baseline 0.007 -26"><span class='ocrx_word' id='word_1_810' title='bbox 2444 5329 2774 5399; x_wconf 78' lang='grc' dir='ltr'><strong>Ἐκκλησίας</strong></span> <span class='ocrx_word' id='word_1_811' title='bbox 2811 5333 3063 5403; x_wconf 81' lang='grc' dir='ltr'><strong>ἀρέσκον,</strong></span> <span class='ocrx_word' id='word_1_812' title='bbox 3103 5336 3163 5388; x_wconf 82' lang='grc' dir='ltr'><strong>τὸ</strong></span> <span class='ocrx_word' id='word_1_813' title='bbox 3196 5336 3579 5405; x_wconf 79' lang='grc' dir='ltr'><strong>παραιτεῖσθαι</strong></span> <span class='ocrx_word' id='word_1_814' title='bbox 3613 5338 3743 5399; x_wconf 75' lang='grc' dir='ltr'><strong>τοὺς</strong></span> <span class='ocrx_word' id='word_1_815' title='bbox 3796 5340 4011 5407; x_wconf 67' lang='grc' dir='ltr'><strong>ἰεροῖιρ-</strong></span> 
     </span>
    </p>
   </div>
   <div class='ocr_carea' id='block_1_113' title="bbox 2431 5422 4009 5496">
    <p class='ocr_par' dir='ltr' id='par_1_113' title="bbox 2431 5422 4009 5496">
     <span class='ocr_line' id='line_1_113' title="bbox 2431 5422 4009 5496; baseline 0.006 -24"><span class='ocrx_word' id='word_1_816' title='bbox 2431 5422 2558 5484; x_wconf 73' lang='grc' dir='ltr'><strong>γοὺς</strong></span> <span class='ocrx_word' id='word_1_817' title='bbox 2586 5422 2682 5485; x_wconf 85' lang='grc' dir='ltr'><strong>τάς</strong></span> <span class='ocrx_word' id='word_1_818' title='bbox 2710 5423 3010 5491; x_wconf 79' lang='grc' dir='ltr'><strong>ἐκκλησίας</strong></span> <span class='ocrx_word' id='word_1_819' title='bbox 3050 5426 3251 5479; x_wconf 72' lang='grc' dir='ltr'><strong>αὐτῶν.</strong></span> <span class='ocrx_word' id='word_1_820' title='bbox 3289 5426 3463 5488; x_wconf 76' lang='grc' dir='ltr'><strong>’Λξιοι</strong></span> <span class='ocrx_word' id='word_1_821' title='bbox 3508 5426 3607 5493; x_wconf 77' lang='grc' dir='ltr'><strong>μὲν</strong></span> <span class='ocrx_word' id='word_1_822' title='bbox 3636 5428 3765 5495; x_wconf 72' lang='grc' dir='ltr'><strong>γὰρ,</strong></span> <span class='ocrx_word' id='word_1_823' title='bbox 3812 5431 4009 5496; x_wconf 73' lang='grc' dir='ltr'><strong>φησὶν.</strong></span> 
     </span>
    </p>
   </div>
   <div class='ocr_carea' id='block_1_114' title="bbox 2432 5509 4007 5587">
    <p class='ocr_par' dir='ltr' id='par_1_114' title="bbox 2432 5509 4007 5587">
     <span class='ocr_line' id='line_1_114' title="bbox 2432 5509 4007 5587; baseline 0.007 -27"><span class='ocrx_word' id='word_1_824' title='bbox 2432 5509 2585 5572; x_wconf 69' lang='grc' dir='ltr'><strong>ὅντες</strong></span> <span class='ocrx_word' id='word_1_825' title='bbox 2632 5512 2728 5565; x_wconf 81' lang='grc' dir='ltr'><strong>τοῦ</strong></span> <span class='ocrx_word' id='word_1_826' title='bbox 2780 5514 3105 5583; x_wconf 78' lang='grc' dir='ltr'><strong>ἰερουργεῖν,</strong></span> <span class='ocrx_word' id='word_1_827' title='bbox 3158 5515 3399 5568; x_wconf 72' lang='grc' dir='ltr'><strong>ἔστωσαν</strong></span> <span class='ocrx_word' id='word_1_828' title='bbox 3438 5517 3497 5568; x_wconf 73' lang='grc' dir='ltr'><strong>ἐν</strong></span> <span class='ocrx_word' id='word_1_829' title='bbox 3542 5518 3737 5584; x_wconf 82' lang='grc' dir='ltr'><strong>τούτῳ,</strong></span> <span class='ocrx_word' id='word_1_830' title='bbox 3800 5520 3896 5571; x_wconf 75' lang='grc' dir='ltr'><strong>καὶ</strong></span> <span class='ocrx_word' id='word_1_831' title='bbox 3934 5522 4007 5587; x_wconf 79' lang='grc' dir='ltr'><strong>μὴ</strong></span> 
     </span>
    </p>
   </div>
   <div class='ocr_carea' id='block_1_115' title="bbox 2432 5602 4003 5677">
    <p class='ocr_par' dir='ltr' id='par_1_115' title="bbox 2432 5602 4003 5677">
     <span class='ocr_line' id='line_1_115' title="bbox 2432 5602 4003 5677; baseline 0.007 -25"><span class='ocrx_word' id='word_1_832' title='bbox 2432 5602 2925 5672; x_wconf 76' lang='grc' dir='ltr'><strong>παραδεχέσθωσαν</strong></span> <span class='ocrx_word' id='word_1_833' title='bbox 2947 5606 3022 5667; x_wconf 84' lang='grc' dir='ltr'><strong>ὡς</strong></span> <span class='ocrx_word' id='word_1_834' title='bbox 3048 5606 3475 5677; x_wconf 83' lang='grc' dir='ltr'><strong>παραιτούμενοι</strong></span> <span class='ocrx_word' id='word_1_835' title='bbox 3496 5625 3509 5638; x_wconf 72' lang='grc'><strong><em>⁸</em></strong></span> <span class='ocrx_word' id='word_1_836' title='bbox 3536 5608 3747 5673; x_wconf 79' lang='grc' dir='ltr'><strong>ἀνάξιοι</strong></span> <span class='ocrx_word' id='word_1_837' title='bbox 3766 5609 3822 5661; x_wconf 72' lang='grc' dir='ltr'><strong>δὲ</strong></span> <span class='ocrx_word' id='word_1_838' title='bbox 3853 5610 4003 5672; x_wconf 71' lang='grc' dir='ltr'><strong>ὄντες</strong></span> 
     </span>
    </p>
   </div>
   <div class='ocr_carea' id='block_1_116' title="bbox 2435 5690 4004 5771">
    <p class='ocr_par' dir='ltr' id='par_1_116' title="bbox 2435 5690 4004 5771">
     <span class='ocr_line' id='line_1_116' title="bbox 2435 5690 4004 5771; baseline 0.006 -28"><span class='ocrx_word' id='word_1_839' title='bbox 2435 5690 2509 5761; x_wconf 61' lang='lat' dir='ltr'><strong>pi‘</strong></span> <span class='ocrx_word' id='word_1_840' title='bbox 2546 5692 2654 5744; x_wconf 77' lang='grc' dir='ltr'><strong>ἀπὸ</strong></span> <span class='ocrx_word' id='word_1_841' title='bbox 2694 5697 3079 5763; x_wconf 76' lang='grc' dir='ltr'><strong>παραιτήσεως</strong></span> <span class='ocrx_word' id='word_1_842' title='bbox 3116 5696 3404 5763; x_wconf 76' lang='grc' dir='ltr'><strong>ἐξίτωσαν,</strong></span> <span class='ocrx_word' id='word_1_843' title='bbox 3460 5700 3583 5770; x_wconf 81' lang='grc' dir='ltr'><strong>μηδ’</strong></span> <span class='ocrx_word' id='word_1_844' title='bbox 3616 5702 4004 5771; x_wconf 73' lang='grc' dir='ltr'><strong>ὑποχωρείτωο</strong></span> 
     </span>
    </p>
   </div>
   <div class='ocr_carea' id='block_1_117' title="bbox 2434 5781 3999 5861">
    <p class='ocr_par' dir='ltr' id='par_1_117' title="bbox 2434 5781 3999 5861">
     <span class='ocr_line' id='line_1_117' title="bbox 2434 5781 3999 5861; baseline 0.006 -27"><span class='ocrx_word' id='word_1_845' title='bbox 2434 5798 2530 5835; x_wconf 83' lang='grc' dir='ltr'><strong>σαν</strong></span> <span class='ocrx_word' id='word_1_846' title='bbox 2556 5781 2629 5847; x_wconf 85' lang='grc' dir='ltr'><strong>ὡς</strong></span> <span class='ocrx_word' id='word_1_847' title='bbox 2664 5785 3112 5856; x_wconf 68' lang='grc' dir='ltr'><strong>παραιτούμενοι,</strong></span> <span class='ocrx_word' id='word_1_848' title='bbox 3149 5789 3264 5843; x_wconf 74' lang='grc' dir='ltr'><strong>ἀλλ’</strong></span> <span class='ocrx_word' id='word_1_849' title='bbox 3315 5790 3390 5854; x_wconf 85' lang='grc' dir='ltr'><strong>ὡς</strong></span> <span class='ocrx_word' id='word_1_850' title='bbox 3422 5795 3866 5861; x_wconf 76' lang='grc' dir='ltr'><strong>κατεγνωσμένοι</strong></span> <span class='ocrx_word' id='word_1_851' title='bbox 3911 5793 3999 5845; x_wconf 73' lang='grc' dir='ltr'><strong>ἐπὶ</strong></span> 
     </span>
    </p>
   </div>
  </div>
