4234 6450
304 393 399 455 921

1142 405 1222 463 IN
1267 404 1504 465 EPIST.
1547 407 1605 465 S.
1650 406 1953 469 CYRILLI
1994 413 2095 473 AD
2134 414 2345 473 EPISC
2410 414 2649 474 AFRIC.

3420 414 3524 475 922

300 510 635 577 πράγμασιν,
665 504 739 565 ὧν
764 512 828 565 ἂν
852 530 935 576 τις
966 512 1167 583 πολλὴν
1212 518 1500 584 ποιήσαιτο
1558 517 1849 587 καταϐοὴν,
1882 527 1915 579 Α

1901 527 1927 579 \
1956 523 2057 577 hoc
2085 532 2187 586 est,
2215 539 2334 592 qua:
2370 523 2547 590 dignae
2578 531 2704 576 sunt
2747 528 2811 577 de
2845 521 3041 592 quibus
3076 522 3431 583 cxclametur,
3468 533 3525 577 ut

297 599 574 653 τουτέστιν
621 604 788 666 ἀξίων
840 603 1235 666 καταδοᾶσθαι,
1270 605 1343 670 ὡς
1404 607 1481 673 μὴ
1533 608 1854 675 τηραύστων

294 688 582 756 ἁκρίΰειαν
612 694 702 744 καὶ
736 693 1051 745 ἀκολουθίαν
1096 696 1559 765 έκκλησιαστικήν
1584 712 1598 725 ο
1625 697 1658 766 ἢ
1696 697 1755 749 τὸ
1780 691 1854 751 ὧν

294 781 498 849 τωλλήν
520 799 603 845 τις
638 783 900 853 ποήσαιτο
931 785 1223 855 καταϐοὴν,
1260 788 1386 853 περὶ
1417 786 1528 839 τῶν
1554 802 1853 857 παραιτου-

296 872 471 935 μένων
495 874 693 941 μᾶλλον
720 875 969 945 εἰρῆσθαι
994 878 1336 949 νοηθήσεται.

1962 630 2084 684 quae
2117 616 2534 668 ecclesiasticam
2568 616 2966 668 accurationcm
2994 625 3047 669 et
3078 615 3520 682 consequentiam

1963 718 2066 756 non
2091 713 2341 756 servent:
2377 704 2458 757 vel
2488 703 2612 757 illud
2648 703 2761 757 :Dc
2788 704 2984 771 quibus
3026 703 3243 756 multam
3286 703 3408 768 quis
3433 717 3520 754 cx-

1961 792 2330 846 clamationcm
2374 792 2596 857 fecerit;
2626 794 2690 847 de
2736 794 2801 847 iis
2844 792 2936 862 qui
2992 794 3301 848 renuntiant
3350 794 3517 860 potius

1962 882 2067 937 dici
2099 882 2449 952 intelligetur.

314 1056 3481 1090 Wm—

1553 1202 1782 1288 ΤΟΥ

1872 1206 2251 1293 ΑΥΤΟΥ

996 1366 1150 1421 ΤΟΙΣ
1205 1367 1389 1421 ΚΑΤΑ
1423 1368 1685 1423 ΛΙΒΥΗΝ
1735 1370 1853 1424 ΚΑΙ
1892 1370 2342 1427 ΠΕΝΤΑΠΟΛΙΝ
2384 1373 2813 1427 ΕΠΙΣΚΟΠΟῘΣ.

1501 1645 1665 1717 1⁷⁸
1710 1652 2239 1741 EJUSDEM

920 1832 1306 1894 El’lLSCOPIS
1382 1835 1515 1908 QUI
1559 1833 1761 1896 sum
1831 1834 1915 1896 IN

1901 1835 1918 1896 ί
1988 1835 2215 1897 LIBYA
2280 1838 2378 1897 ET
2444 1838 2890 1897 PENTAPOLI.

370 2021 579 2084 Παντὸς
608 2020 702 2073 τοῦ
734 2021 1004 2089 χρησίμου
1033 2022 1126 2072 καὶ
1158 2020 1457 2089 ἀναγκαίου
1490 2028 1626 2096 πρὸς
1658 1990 1915 2093 οἰκοδο-’ἓ

1901 1989 1932 2092 Ξ
2016 2037 2321 2110 Cujuslibet
2350 2036 2448 2099 rei,
2494 2049 2615 2103 qua:
2644 2031 2708 2086 ad
2745 2030 3069 2100 populorum
3098 2026 3510 2081 aediﬁcationem

294 2114 401 2181 μὴν
438 2114 545 2165 τῶν
596 2111 762 2177 λαῶν,
799 2111 1081 2174 τελοῦντος
1126 2114 1181 2165 δὲ
1212 2116 1305 2168 καὶ
1349 2117 1427 2177 είς
1455 2117 1719 2187 ὑπόληψιν
1752 2121 1861 2174 τῶν

288 2207 463 2273 ἁγίων
514 2206 873 2273 Ἐκχλησιῶν,
905 2206 1158 2274 φροντίδα
1190 2209 1458 2261 ποιεῖσθαι
1492 2212 1618 2281 χρή.
1654 2212 1858 2282 Γέγρα-

289 2314 421 2349 πται
445 2298 571 2365 γέιρ,
594 2298 675 2349 ὅτι
704 2315 720 2347 ι
751 2296 1010 2359 Εὑλαῦεῖς
1028 2300 1227 2350 ποιεῖτε
1247 2300 1370 2363 τους
1392 2302 1539 2363 υίους
1572 2304 1806 2373 Ἰσραήλ.
1834 2323 1852 2357 ι

281 2387 679 2456 Μοναστηρίων
705 2386 881 2438 τοίνυν
913 2386 1150 2459 Πατέρες
1180 2390 1287 2441 τῶν
1324 2392 1461 2443 κατὰ
1489 2391 1585 2461 τὴν
1610 2392 1860 2460 Θηϐαίων

289 2472 577 2541 ἔπαρχίαν,
597 2474 786 2545 ἄνδρες
806 2476 1051 2540 εὐλαϐεῖς
1084 2480 1175 2530 καὶ
1203 2480 1304 2531 οὑκ
1327 2478 1677 2549 ἀθαύμαστον
1706 2480 1853 2547 έχον-

283 2578 379 2625 τες
400 2564 695 2628 πολιτείαν,
724 2566 967 2629 ἐλθόντες
995 2570 1052 2621 εν
1084 2568 1480 2639 Ἀλεξανδρείᾳ,
1512 2569 1852 2638 ἐρωτώμενοι

284 2652 419 2721 παρ’
447 2653 580 2722 ἐμοῦ
610 2657 708 2725 τὴν
730 2657 1063 2709 κατάστασιν
1087 2658 1196 2709 τῶν
1222 2660 1414 2712 αὐτόσε
1455 2659 1849 2728 μοναστηρίων,

286 2744 586 2812 ἰδίδατκον,
621 2746 703 2797 δτι
737 2746 1175 2810 σκανδαλίζονται
1203 2748 1387 2800 πολλοὶ
1422 2749 1509 2800 διὰ
1534 2753 1631 2817 τὴν
1669 2749 1852 2800 τοιαύ-

282 2851 384 2905 την
413 2836 612 2890 αίτίαν.

353 2924 569 2979 Νεωστὶ
595 2928 974 2997 γεγαμηκότες
1008 2929 1151 2991 τινες
1185 2930 1278 2981 καὶ
1302 2925 1412 2981 οἷον
1442 2930 1500 2993 ἐξ
1530 2930 1710 2981 αὑτῶν
1754 2948 1851 2984 κα-

281 3016 550 3079 ταϐάντες
594 3020 703 3070 τῶν
736 3022 1060 3088 νυμφώνων,
1116 3022 1523 3088 συναρπάζουσί
1556 3038 1707 3083 τινας
1740 3022 1849 3074 τῶν

281 3106 706 3173 θεοφιλεστὰτων
742 3111 1074 3169 ἐπισκόπων,
1112 3111 1203 3161 καὶ
1232 3110 1443 3171 οὐδενὸς
1474 3109 1615 3178 τάχα
1646 3126 1744 3162 που
1782 3110 1850 3161 τὰ

280 3196 401 3247 κατ’
435 3197 630 3257 αὑτοὺς
680 3196 1136 3262 καταγγέλλοντος
1156 3238 1169 3259 ,
1203 3196 1633 3265 χειροτονοῦνται
1664 3196 1851 3265 κληρι-

279 3287 390 3351 κοὶ,
426 3288 591 3356 ἤγουν
625 3269 1002 3357 πρεσϐύτεροι,
1044 3288 1261 3355 Ἔτεροι
1306 3287 1363 3339 δέ
1394 3305 1537 3349 τινες
1578 3286 1636 3353 ἐξ
1670 3287 1848 3341 αὐτῶν

277 3374 389 3428 τῶν
430 3378 807 3445 μοναστηρίων
859 3378 933 3437 ὼς
970 3376 1194 3428 ἄτακτοι
1227 3375 1644 3445 ἐκϐαλλόμενοι,
1685 3376 1847 3429 πάλιν
1876 3374 1915 3395 “¹

278 3466 638 3533 ὑποτρέχουσι
662 3467 758 3528 τὶς
781 3467 1124 3535 χειροτονίας,
1156 3467 1248 3517 καὶ
1271 3468 1548 3537 γενόμενοι
1574 3468 1844 3536 κληρικοὶ,

276 3555 616 3623 εἰσέρχονται
662 3556 755 3606 καὶ
799 3558 855 3606 ὲν
905 3556 1086 3617 αὑτοῖς
1138 3557 1251 3617 τοῖς
1304 3557 1683 3625 μοναστηρίοις
1724 3557 1847 3611 ὅθεν

275 3644 651 3711 ὲκσέϐληνται,
680 3646 772 3695 καὶ
801 3644 1079 3712 βούλονται
1104 3642 1453 3714 προσφέρειν,
1484 3648 1575 3699 καὶ
1594 3648 1693 3699 ὅσα
1716 3648 1845 3717 κλη-

274 3736 449 3801 ρικοῖς
484 3733 602 3795 ἔοος
630 3733 898 3803 πληροῦν,
944 3736 1035 3786 καὶ
1061 3734 1231 3788 ταῦτα
1257 3736 1387 3805 δρᾷν
1410 3775 1424 3798 ,
1463 3738 1539 3799 ὡς
1569 3738 1661 3789 καί
1693 3755 1843 3802 τινας

272 3823 381 3874 τῶν
413 3824 625 3875 εἰδότων
656 3826 849 3887 αὐτοὺς
878 3826 1259 3897 παραιτεῖσθαι
1295 3830 1388 3879 καὶ
1424 3829 1522 3891 τὰς
1558 3830 1805 3894 συνάξεις
1827 3871 1841 3894 ,

275 3915 369 3965 καὶ
404 3914 477 3982 μὴ
509 3914 790 3981 ἀνέχεσθαι
816 3918 1091 3968 κοινωνεῖν
1116 3916 1571 3983 λειτουργούντων
1594 3919 1838 3971 ἐκείνων.

360 4005 574 4075 Ἐπειδὴ
597 4007 772 4058 τοίνυν
795 4009 927 4075 πρὸς
948 4009 1259 4079 οίκοδομὴν,
1286 4009 1360 4071 ὡς
1380 4010 1535 4079 ἔφην,
1560 4009 1667 4060 τῶν
1696 4009 1842 4061 λαῶν

273 4098 451 4149 πάντα
480 4097 585 4167 χρὴ
610 4098 941 4166 πράττεσθαι
964 4099 1092 4167 παρ’
1113 4102 1144 4167 ἠ
1155 4100 1289 4168 μῶν,
1319 4100 1648 4169 ὲπιτηρείτω
1669 4100 1843 4154 ταῦτα

270 4190 303 4255 ἡ
334 4187 613 4240 θεοσέὸεια
647 4188 798 4258 ὑμῶν
822 4204 833 4217 ⁸
882 4191 975 4243 καὶ
1010 4192 1055 4242 εί
1097 4190 1276 4259 μέλλει
1307 4207 1390 4252 τις
1422 4192 1841 4259 χειροτονεῖσθαι

271 4276 550 4345 κληρικὸς,
592 4278 1041 4347 περιεργαζέσθω
1070 4279 1159 4332 τὸν
1195 4279 1307 4347 βίον
1336 4278 1521 4341 αὑτοῦ,
1556 4280 1650 4332 καὶ
1680 4280 1836 4333 πότε-

272 4367 366 4433 ρόν
396 4383 524 4418 ποτε
560 4370 803 4439 γαμετὴν
830 4369 941 4438 εχει
968 4369 1000 4439 ἢ
1026 4368 1109 4434 οὒ,
1151 4371 1241 4422 καὶ
1267 4369 1382 4441 πῶς
1421 4370 1515 4423 καὶ
1550 4371 1677 4423 πότε
1700 4371 1841 4437 ἠγά-

270 4472 420 4523 γετο,
460 4460 622 4511 καὶεί
655 4461 726 4529 μή
756 4462 837 4521 τίς
867 4463 980 4513 εστι
1010 4462 1117 4513 τῶν
1149 4462 1590 4530 ἑκόαλλομένων,
1636 4462 1667 4531 ἢ
1708 4464 1840 4531 παρ’

270 4551 458 4618 ἑτέρου
490 4548 905 4602 θεοσεϐεστάτου
934 4552 1254 4612 ἐπισκόπου,
1284 4552 1315 4621 ἢ
1350 4552 1412 4603 ὲκ
1450 4552 1839 4621 μοναστηρίου,

1950 2131 2101 2184 utilis
2132 2138 2234 2192 est,
2265 2137 2319 2182 et
2340 2125 2664 2187 necessaria,
2695 2132 2750 2177 et
2774 2122 2840 2175 ad
2879 2130 3184 2175 sanctarum
3212 2118 3375 2170 etiam
3405 2116 3509 2169 Ec-

1950 2218 2244 2272 clesiarum
2300 2215 2753 2270 existimationem
2800 2212 3044 2273 confert,
3094 2224 3221 2263 cura
3278 2206 3509 2273 gerenda

1950 2305 2357 2373 csLScriptum
2397 2312 2478 2357 est
2509 2304 2653 2355 enim
2685 2321 2696 2353 :
2738 2320 2754 2351 ι
2793 2302 3021 2353 Sanctos
3065 2298 3223 2350 facite
3269 2296 3407 2348 ﬁlios
3438 2295 3513 2346 Is-

1951 2392 2060 2446 rael
2091 2394 2128 2444 '.
2162 2410 2178 2443 ι
2220 2392 2409 2445 Patres
2447 2390 2626 2457 itaque
2656 2388 3109 2443 monasteriorum
3148 2400 3266 2453 quae
3301 2394 3427 2435 sunt
3458 2382 3512 2435 in

1955 2480 2340 2533 Thebanorum
2380 2481 2658 2547 provincia
2682 2520 2696 2545 ,
2726 2479 2829 2532 viri
2858 2479 2931 2547 pii
2961 2494 3024 2531 ac
3053 2477 3245 2535 sancti,
3280 2491 3340 2529 ac
3379 2475 3512 2529 satis

1955 2570 2330 2623 admirabilem
2371 2572 2495 2623 vita:
2525 2570 2755 2623 formam
2795 2578 2848 2622 ct
2880 2568 3272 2622 institutionem
3309 2565 3515 2619 haben-

1954 2669 2035 2714 tes
2056 2701 2068 2723 ,
2102 2677 2226 2714 cum
2257 2662 2638 2715 Alexandriam
2668 2661 2964 2722 venissent,
3007 2676 3034 2711 a
3063 2674 3146 2710 me
3194 2655 3514 2725 interrogati

1952 2750 2019 2803 de
2044 2751 2498 2802 monasteriorum
2530 2765 2651 2817 qua:
2681 2749 2791 2801 illic
2818 2757 2945 2800 sunt
2972 2745 3382 2807 constitutione,
3414 2744 3513 2797 do-

1952 2850 2183 2894 cuerunt
2210 2840 2407 2892 multos
2440 2840 2639 2893 oﬂ‘endi
2672 2846 2890 2907 propter
2919 2838 3057 2891 hanc
3098 2850 3335 2889 causam.

2023 2931 2253 2997 Quidam
2294 2931 2385 3000 qui
2426 2946 2621 2985 uxores
2657 2939 2905 2985 recenter
2935 2927 3229 2987 duxerunt,
3257 2934 3309 2980 et
3331 2940 3398 2979 ex
3432 2923 3513 2994 ipi-

1951 3024 2026 3075 sis
2063 3022 2231 3075 veluti
2266 3023 2516 3075 thalamis
2546 3022 2772 3091 egressi,
2820 3021 3031 3089 aliquos
3056 3036 3123 3074 ex
3151 3018 3517 3072 sanctissimis

1948 3108 2218 3177 episcopis
2236 3109 2584 3177 arripiunt,et
2599 3109 2750 3161 nullo
2768 3108 2835 3161 de
2851 3109 2931 3161 eis
2947 3108 3131 3174 utique
3147 3106 3514 3170 renuntiante,

1951 3196 2281 3251 ordinantur
2311 3198 2495 3252 clerici
2527 3213 2622 3251 seu
2650 3197 2971 3268 presbyteri.
3010 3196 3189 3265 Aliqui
3220 3202 3399 3248 autem
3421 3194 3513 3247 alii

1901 3342 1915 3358 ,
1946 3302 2015 3344 ex
2050 3288 2184 3357 ipsis
2237 3289 2619 3351 monasteriis,
2663 3297 2722 3342 ut
2757 3287 3065 3341 immodesti
3107 3286 3514 3352 insolentesque

1948 3378 2132 3448 ejecti,
2164 3394 2355 3432 rursus
2386 3379 2757 3432 ordinationes
2783 3388 3032 3447 captant;
3067 3385 3120 3431 ct
3151 3376 3274 3429 facti
3304 3374 3510 3437 clerici,

1949 3468 2005 3520 in
2038 3482 2100 3521 ca
2132 3468 2245 3537 ipsa
2272 3469 2599 3524 monasteria
2628 3466 3007 3535 ingrediuntur
3037 3480 3100 3518 ex
3129 3464 3329 3533 quibus
3354 3463 3513 3533 ejecti

1949 3565 2097 3620 sunt,
2134 3567 2190 3609 et
2216 3557 2755 3610 voluntoblationem
2798 3572 2955 3625 agere
3052 3563 3108 3607 et
3177 3569 3239 3608 ea
3330 3554 3513 3607 omnia

1950 3646 2128 3701 facere
2166 3662 2286 3716 qua:
2314 3662 2432 3701 mos
2458 3657 2544 3701 est
2570 3647 2808 3711 clericis,
2837 3653 2897 3698 ut
2921 3644 3085 3697 etiam
3119 3644 3284 3711 aliqui
3314 3659 3507 3697 eorum

1947 3737 2042 3805 qui
2073 3738 2220 3805 ipsos
2248 3746 2470 3799 norunt,
2500 3752 2727 3808 synaxes
2750 3736 3014 3796 devitent,
3038 3745 3091 3789 ct
3111 3735 3513 3789 communicare

1950 3833 2003 3884 in
2044 3831 2286 3884 animum
2315 3847 2423 3884 non
2452 3832 2713 3885 inducant
2736 3830 2846 3884 illis
2875 3827 3334 3881 ministrantibus.

2019 4009 2288 4075 Quoniam
2314 4024 2444 4077 ergo
2476 4005 2541 4059 ad
2572 4004 3009 4065 aediﬁcationem,
3035 4013 3093 4057 ut
3119 4003 3249 4066 dixi,
3281 4003 3513 4079 populo-

1948 4117 2092 4163 rum,
2124 4098 2306 4153 omnia
2334 4114 2365 4151 a
2391 4098 2551 4151 nobis
2588 4095 2833 4150 facienda
2867 4103 3027 4158 sunt,
3059 4096 3173 4148 hanc
3201 4105 3377 4148 vestra
3416 4095 3514 4149 ob-

1948 4199 2130 4245 servet
2159 4189 2361 4259 pietas;
2393 4196 2451 4242 et
2474 4188 2517 4241 si
2544 4196 2627 4241 est
2653 4186 2873 4255 quidem
2901 4185 3065 4238 ordin
3080 4185 3511 4249 andusclericus,

1947 4282 2014 4335 de
2043 4282 2154 4335 vita
2182 4282 2301 4350 ejus
2330 4280 2591 4349 inquirat,
2615 4287 2670 4332 et
2698 4293 2765 4331 an
2791 4292 3013 4331 uxorem
3035 4276 3251 4339 habeat,
3284 4291 3350 4328 an
3380 4290 3511 4339 non,

1946 4385 2001 4430 et
2029 4388 2263 4443 quonam
2304 4372 2466 4426 modo
2494 4371 2667 4432 duxit,
2708 4378 2764 4424 et
2796 4370 3057 4423 abstinuit
3082 4409 3095 4431 ,
3130 4376 3184 4422 et
3218 4369 3262 4421 si
3292 4383 3400 4423 non
3430 4378 3516 4422 est

1948 4465 2146 4534 aliquis
2174 4480 2241 4517 ex
2274 4465 2339 4517 iis
2373 4463 2465 4531 qui
2493 4462 2651 4532 ejecti
2680 4468 2806 4514 sunt
2835 4479 2863 4514 a
2893 4460 3235 4514 sanctissimo
3257 4461 3517 4528 episcopo

1948 4555 2033 4608 vel
2056 4569 2124 4608 ex
2151 4553 2481 4607 monasterio
2510 4570 2521 4603 :
2550 4559 2677 4603 tunc
2702 4550 2747 4603 si
2778 4550 3084 4617 inculpatus
3111 4549 3363 4602 inventus
3392 4548 3511 4601 fue-

271 4640 364 4692 καὶ
413 4639 531 4691 τότε
579 4639 987 4708 χειροτονείτω,
1028 4640 1346 4709 ἀδιάϐλητον
1377 4639 1687 4709 εὑρεθέντα.
1733 4642 1841 4709 Τη-
1875 4654 1915 4708 ι)

1901 4657 1917 4706 )
1950 4640 2040 4705 rit.
2065 4644 2299 4697 ordinet.
2342 4643 2418 4697 ita
2454 4644 2599 4696 enim
2635 4652 2689 4696 et
2721 4650 2963 4696 nostram
2998 4642 3383 4695 conscientiam
3408 4656 3513 4709 pu-

274 4732 514 4800 ρήσομεν
541 4733 649 4799 γὰρ
678 4731 818 4783 οὕτω
848 4733 938 4783 καὶ
964 4732 1022 4783 τὸ
1058 4732 1265 4784 ἑαυτῶν
1306 4732 1539 4794 συνειδὸς
1575 4732 1836 4801 καθαρὸν,

271 4822 367 4873 καὶ
409 4820 730 4890 ἀδιάϐλητον
774 4821 872 4890 τὴν
906 4822 1055 4890 ίερὰν
1098 4822 1192 4874 καὶ
1226 4822 1427 4891 σεπτὴν
1478 4822 1835 4889 λειτουργίαν.

282 4910 409 4963 Ἐὰν
455 4910 510 4962 δὲ
546 4911 820 4980 χωρισμὸν
857 4912 1191 4980 ὑπομείνωσί
1234 4928 1378 4974 τινες
1427 4911 1839 4980 ὲπιτιμηθέντες

268 5002 626 5072 πταισμάτων
652 5005 831 5066 1ἑνεκα,
860 5001 978 5055 εἶτα
1011 5003 1246 5072 μέλλωσι
1279 5004 1535 5073 τελευιᾷν
1573 5003 1839 5074 κατηχού-

273 5110 425 5163 μενοι
451 5095 618 5156 ὄντες,
653 5095 1117 5165 βαπτιςέοοωσαν,
1148 5096 1241 5148 καὶ
1274 5096 1347 5165 μὴ
1388 5094 1839 5164 ἀποδημείτωσαν

267 5184 381 5237 τῶν
408 5185 759 5254 ἀνθρωπίνων
798 5189 1054 5257 ἁμέτοχοι
1082 5189 1179 5257 τῆς
1225 5189 1466 5256 χάριτος,
1500 5189 1663 5256 ἤγουν
1686 5188 1834 5240 ἀκοι-

269 5278 516 5346 νὼνητοι.
551 5281 706 5329 Δοκεῖ
734 5281 840 5347 γὰρ
867 5280 1153 5349 προσέχειν
1179 5278 1276 5330 καὶ
1302 5278 1459 5329 τοῦτο
1475 5282 1585 5340 τοῖς
1610 5279 1709 5347 τῆς
1726 5278 1845 5330 Ἐκ-

268 5370 500 5437 iapix;
537 5370 777 5438 θεσμοῖς.
818 5370 1157 5437 Προσείπατε
1205 5368 1301 5437 τὴν
1342 5370 1474 5437 παρ’
1515 5370 1642 5436 ὑμῖν
1688 5370 1840 5422 ἀδελο

270 5465 479 5532 φότητα
502 5478 513 5491 ⁸
555 5464 696 5529 ὑμᾶς
725 5464 756 5530 ὴ
805 5463 900 5513 σὺν
934 5464 1061 5530 ἡμῖν
1114 5465 1169 5512 ὲν
1202 5462 1391 5530 Κυρίῳ
1426 5460 1844 5530 προσαγορεύει.

344 5566 381 5615 ll
403 5562 534 5615 \AZ.
569 5562 639 5613 Τὸ
670 5559 1021 5629 ὰκοινὼνητοι
1069 5555 1301 5611 ἔνταῦοα
1340 5558 1368 5609 ό
1403 5555 1554 5623 ἅγιος
1587 5554 1646 5605 οὑ
1677 5554 1835 5618 μόνον

275 5657 402 5726 περὶ
430 5658 525 5722 τῆς
551 5655 711 5719 ἁγίας
746 5652 1099 5722 μεταλήψεως
1154 5650 1322 5714 λέγει,
1359 5648 1419 5699 οὑ
1455 5647 1564 5715 γὰρ
1602 5644 1837 5711 ἀξιωθή-

271 5766 460 5803 σ’σνται
488 5748 596 5798 τῶν
635 5746 791 5798 Θείων
828 5745 1141 5813 μυστηρίων
1172 5742 1275 5812 πρὸ
1302 5739 1396 5795 τοῦ
1426 5740 1837 5809 βαπτίσματος·

362 5846 373 5874 ¹
403 5849 564 5906 Josuc
599 5869 685 5919 HI,
724 5852 807 5912 15.

1948 4749 2061 4789 ram
2096 4735 2565 4793 conservabimus,
2607 4743 2662 4786 et
2700 4732 3035 4801 inculpatum
3079 4746 3291 4785 sacrum
3321 4747 3383 4784 ac
3421 4746 3513 4783 ve-

1947 4820 2188 4881 nerabile
2211 4827 2548 4897 mysterium.
2573 4826 2664 4878 Sin
2683 4833 2865 4878 autem
2895 4822 3319 4892 segregationem
3345 4820 3511 4889 aliqui

1946 4919 2308 4972 sustinuerint
2338 4927 2561 4985 propter
2589 4919 2772 4986 lapsus
2798 4917 2998 4985 puniti,
3026 4916 3222 4969 deinde
3262 4915 3368 4968 sint
3393 4930 3511 4967 mo-

1948 5009 2107 5063 rituri
2136 5008 2459 5063 cxsistentes
2482 5007 2880 5071 catecliumeni,
2898 5006 3259 5076 baptizentur,
3278 5015 3332 5058 et
3360 5007 3513 5059 nevsb

1948 5098 2205 5152 humanis
2238 5098 2511 5151 excedant
2558 5097 2750 5167 gratia:
2795 5113 2903 5150 non
2943 5096 3235 5165 participes
3260 5137 3273 5158 ,
3302 5095 3513 5149 scilicet

1942 5190 2327 5243 communione
2373 5196 2639 5242 carentes.
2690 5187 2914 5241 Videtur
2957 5186 3104 5239 enim
3144 5187 3246 5239 hoc
3293 5199 3514 5254 quoque

1942 5280 2198 5334 Ecclesia:
2225 5279 2609 5334 consuetudini
2648 5278 2945 5332 adhaerere.
2967 5277 3209 5332 Salutate
3240 5292 3358 5329 eam
3392 5292 3515 5345 qua:

1942 5381 2025 5425 cst
2054 5371 2197 5440 apud
2240 5386 2339 5425 vos
2368 5371 2765 5425 fraternitatem
2802 5387 2817 5435 ;
2844 5385 2963 5439 qua:
2985 5368 3267 5422 nobiscum
3294 5376 3377 5421 est
3421 5383 3513 5421 ms

1947 5461 1998 5513 in
2036 5461 2266 5513 Domino
2284 5443 2522 5514 ‘salutat.

2017 5548 2211 5603 BALS.
2241 5544 2628 5603 Communions
2662 5554 2848 5597 carere
2893 5546 3112 5592 sanctus
3158 5535 3244 5590 liic
3280 5551 3384 5591 non
3425 5551 3515 5590 so-

1944 5640 2053 5696 lum
2086 5640 2215 5693 dicit
2238 5639 2303 5692 de
2325 5645 2510 5690 sancta
2536 5632 2987 5704 participatione;
3017 5643 3188 5696 neque
3216 5630 3361 5682 enim
3388 5638 3514 5681 ante

1946 5733 2269 5804 baptismum
2299 5730 2491 5787 divinis
2516 5725 2786 5797 mysteriis
2814 5723 2959 5794 digni
2988 5721 3332 5777 habebuntur
3358 5736 3373 5775 :
3409 5722 3506 5776 sed
