  <div class='ocr_page' id='page_1' title='image "/cluster/home/n/w/nwhite01/storage/ocr_20150623/138/nnc1.0046980083/470.png"; bbox 0 0 4234 6450; ppageno 0'>
   <div class='ocr_carea' id='block_1_1' title="bbox 275 393 387 461">
    <p class='ocr_par' dir='ltr' id='par_1_1' title="bbox 275 393 387 461">
     <span class='ocr_line' id='line_1_1' title="bbox 275 393 387 461; baseline 0 0"><span class='ocrx_word' id='word_1_1' title='bbox 275 393 387 461; x_wconf 69' lang='lat'><strong>925</strong></span> 
     </span>
    </p>
   </div>
   <div class='ocr_carea' id='block_1_2' title="bbox 1056 395 2684 459">
    <p class='ocr_par' dir='ltr' id='par_1_2' title="bbox 1056 395 2684 459">
     <span class='ocr_line' id='line_1_2' title="bbox 1056 395 2684 459; baseline -0.001 -2"><span class='ocrx_word' id='word_1_2' title='bbox 1056 396 1139 458; x_wconf 86' lang='lat' dir='ltr'><strong>IN</strong></span> <span class='ocrx_word' id='word_1_3' title='bbox 1178 399 1240 459; x_wconf 91' lang='lat' dir='ltr'><strong>S.</strong></span> <span class='ocrx_word' id='word_1_4' title='bbox 1279 395 1791 458; x_wconf 80' lang='lat' dir='ltr'><strong>AMPHILOCHII</strong></span> <span class='ocrx_word' id='word_1_5' title='bbox 1830 396 2105 459; x_wconf 73' lang='lat' dir='ltr'><strong>IAMBOS</strong></span> <span class='ocrx_word' id='word_1_6' title='bbox 2126 399 2226 458; x_wconf 74' lang='lat' dir='ltr'><strong>AD</strong></span> <span class='ocrx_word' id='word_1_7' title='bbox 2262 397 2684 459; x_wconf 82' lang='lat' dir='ltr'><strong>SELEUCUM.</strong></span> 
     </span>
    </p>
   </div>
   <div class='ocr_carea' id='block_1_3' title="bbox 3410 393 3517 459">
    <p class='ocr_par' dir='ltr' id='par_1_3' title="bbox 3410 393 3517 459">
     <span class='ocr_line' id='line_1_3' title="bbox 3410 393 3517 459; baseline -0.009 -1"><span class='ocrx_word' id='word_1_8' title='bbox 3410 393 3517 459; x_wconf 70' lang='lat'><strong>926</strong></span> 
     </span>
    </p>
   </div>
   <div class='ocr_carea' id='block_1_4' title="bbox 350 510 2022 585">
    <p class='ocr_par' dir='ltr' id='par_1_4' title="bbox 350 513 2022 585">
     <span class='ocr_line' id='line_1_4' title="bbox 350 513 2022 585; baseline -0.003 -17"><span class='ocrx_word' id='word_1_9' title='bbox 350 516 540 570; x_wconf 77' lang='grc' dir='ltr'><strong>ΒᾹΛΣ.</strong></span> <span class='ocrx_word' id='word_1_10' title='bbox 582 516 699 569; x_wconf 88' lang='grc' dir='ltr'>Ἱνα</span> <span class='ocrx_word' id='word_1_11' title='bbox 722 516 777 569; x_wconf 74' lang='grc' dir='ltr'><strong>δι</strong></span> <span class='ocrx_word' id='word_1_12' title='bbox 828 514 903 585; x_wconf 79' lang='grc' dir='ltr'>μὴ</span> <span class='ocrx_word' id='word_1_13' title='bbox 954 514 1262 585; x_wconf 72' lang='grc' dir='ltr'><strong>ἀλλοτρίαις</strong></span> <span class='ocrx_word' id='word_1_14' title='bbox 1314 513 1405 566; x_wconf 82' lang='grc' dir='ltr'>τὸν</span> <span class='ocrx_word' id='word_1_15' title='bbox 1475 514 1598 567; x_wconf 82' lang='grc' dir='ltr'>νοῦν</span> <span class='ocrx_word' id='word_1_16' title='bbox 1661 513 1844 582; x_wconf 73' lang='grc' dir='ltr'>ἀπατᾷ</span> <span class='ocrx_word' id='word_1_17' title='bbox 1873 517 1920 575; x_wconf 81' lang='grc' dir='ltr'>Α</span> <span class='ocrx_word' id='word_1_18' title='bbox 2017 514 2022 563; x_wconf 69' lang='lat' dir='ltr'><strong>i</strong></span> 
     </span>
    </p>
   </div>
   <div class='ocr_carea' id='block_1_5' title="bbox 1839 510 3511 585">
    <p class='ocr_par' dir='ltr' id='par_1_5' title="bbox 1839 510 3511 575">
     <span class='ocr_line' id='line_1_5' title="bbox 1839 510 3511 575; baseline -0.004 -8"><span class='ocrx_word' id='word_1_19' title='bbox 1839 513 1844 562; x_wconf 75' lang='grc' dir='ltr'>ἱ</span> <span class='ocrx_word' id='word_1_20' title='bbox 1873 517 1920 575; x_wconf 82' lang='grc' dir='ltr'>Α</span> <span class='ocrx_word' id='word_1_21' title='bbox 2017 512 2212 567; x_wconf 83' lang='lat' dir='ltr'><strong>BALS.</strong></span> <span class='ocrx_word' id='word_1_22' title='bbox 2244 512 2321 568; x_wconf 83' lang='lat' dir='ltr'><strong>Ne</strong></span> <span class='ocrx_word' id='word_1_23' title='bbox 2354 523 2535 568; x_wconf 85' lang='lat' dir='ltr'><strong>autem</strong></span> <span class='ocrx_word' id='word_1_24' title='bbox 2573 512 2765 567; x_wconf 87' lang='lat' dir='ltr'><strong>alienis</strong></span> <span class='ocrx_word' id='word_1_25' title='bbox 2811 510 2963 566; x_wconf 83' lang='lat' dir='ltr'><strong>libris</strong></span> <span class='ocrx_word' id='word_1_26' title='bbox 2998 515 3231 566; x_wconf 88' lang='lat' dir='ltr'><strong>mentem</strong></span> <span class='ocrx_word' id='word_1_27' title='bbox 3261 512 3511 565; x_wconf 82' lang='lat' dir='ltr'><strong>seducas.</strong></span> 
     </span>
    </p>
   </div>
   <div class='ocr_carea' id='block_1_6' title="bbox 282 602 1843 674">
    <p class='ocr_par' dir='ltr' id='par_1_6' title="bbox 282 602 1843 674">
     <span class='ocr_line' id='line_1_6' title="bbox 282 602 1843 674; baseline -0.001 -18"><span class='ocrx_word' id='word_1_28' title='bbox 282 605 505 673; x_wconf 82' lang='grc' dir='ltr'>βίϐλοις.</span> <span class='ocrx_word' id='word_1_29' title='bbox 545 605 724 658; x_wconf 84' lang='grc' dir='ltr'>Πολλά</span> <span class='ocrx_word' id='word_1_30' title='bbox 750 605 857 674; x_wconf 87' lang='grc' dir='ltr'><strong>γάρ</strong></span> <span class='ocrx_word' id='word_1_31' title='bbox 882 606 989 656; x_wconf 80' lang='grc' dir='ltr'>είσι</span> <span class='ocrx_word' id='word_1_32' title='bbox 1020 602 1234 672; x_wconf 74' lang='grc' dir='ltr'>ψευδῶς</span> <span class='ocrx_word' id='word_1_33' title='bbox 1263 604 1646 672; x_wconf 74' lang='grc' dir='ltr'>γιγραμμένα,</span> <span class='ocrx_word' id='word_1_34' title='bbox 1688 604 1843 672; x_wconf 77' lang='grc' dir='ltr'>δέχου</span> 
     </span>
    </p>
   </div>
   <div class='ocr_carea' id='block_1_7' title="bbox 280 686 1843 762">
    <p class='ocr_par' dir='ltr' id='par_1_7' title="bbox 280 686 1843 762">
     <span class='ocr_line' id='line_1_7' title="bbox 280 686 1843 762; baseline 0.001 -17"><span class='ocrx_word' id='word_1_35' title='bbox 280 694 470 748; x_wconf 76' lang='grc' dir='ltr'>τοῦτον</span> <span class='ocrx_word' id='word_1_36' title='bbox 507 695 642 762; x_wconf 70' lang='grc' dir='ltr'>ίμοῦ</span> <span class='ocrx_word' id='word_1_37' title='bbox 672 694 763 747; x_wconf 79' lang='grc' dir='ltr'><strong>τὸν</strong></span> <span class='ocrx_word' id='word_1_38' title='bbox 800 694 1285 762; x_wconf 71' lang='grc' dir='ltr'>δεδοκιμασμένον,</span> <span class='ocrx_word' id='word_1_39' title='bbox 1322 686 1367 747; x_wconf 77' lang='grc' dir='ltr'>ὦ</span> <span class='ocrx_word' id='word_1_40' title='bbox 1403 693 1549 761; x_wconf 77' lang='grc' dir='ltr'>φίλι,</span> <span class='ocrx_word' id='word_1_41' title='bbox 1590 692 1843 762; x_wconf 84' lang='grc' dir='ltr'>ἀριθμόν.</span> 
     </span>
    </p>
   </div>
   <div class='ocr_carea' id='block_1_8' title="bbox 293 781 1843 855">
    <p class='ocr_par' dir='ltr' id='par_1_8' title="bbox 293 781 1843 855">
     <span class='ocr_line' id='line_1_8' title="bbox 293 781 1843 855; baseline -0.003 -18"><span class='ocrx_word' id='word_1_42' title='bbox 293 783 560 853; x_wconf 76' lang='grc' dir='ltr'><strong>Ἱστορίας</strong></span> <span class='ocrx_word' id='word_1_43' title='bbox 630 786 727 855; x_wconf 70' lang='grc' dir='ltr'>μὲν</span> <span class='ocrx_word' id='word_1_44' title='bbox 806 787 1153 855; x_wconf 67' lang='grc' dir='ltr'><strong>περιέχουσαι</strong></span> <span class='ocrx_word' id='word_1_45' title='bbox 1220 783 1392 853; x_wconf 85' lang='grc' dir='ltr'>βίϐλοι</span> <span class='ocrx_word' id='word_1_46' title='bbox 1451 781 1658 836; x_wconf 73' lang='grc' dir='ltr'>δώδεκα</span> <span class='ocrx_word' id='word_1_47' title='bbox 1714 782 1843 845; x_wconf 73' lang='lat' dir='ltr'><strong>eisi,</strong></span> 
     </span>
    </p>
   </div>
   <div class='ocr_carea' id='block_1_9' title="bbox 277 871 1848 946">
    <p class='ocr_par' dir='ltr' id='par_1_9' title="bbox 277 871 1848 946">
     <span class='ocr_line' id='line_1_9' title="bbox 277 871 1848 946; baseline -0.001 -21"><span class='ocrx_word' id='word_1_48' title='bbox 277 874 376 943; x_wconf 80' lang='grc' dir='ltr'>τῆς</span> <span class='ocrx_word' id='word_1_49' title='bbox 405 876 643 939; x_wconf 78' lang='grc' dir='ltr'>Παλαιᾶς</span> <span class='ocrx_word' id='word_1_50' title='bbox 675 875 918 946; x_wconf 77' lang='grc' dir='ltr'>δηλονότι</span> <span class='ocrx_word' id='word_1_51' title='bbox 946 874 1190 944; x_wconf 76' lang='grc' dir='ltr'>Γραφῆς,</span> <span class='ocrx_word' id='word_1_52' title='bbox 1208 874 1301 925; x_wconf 68' lang='grc' dir='ltr'><strong>καὶ</strong></span> <span class='ocrx_word' id='word_1_53' title='bbox 1330 875 1384 925; x_wconf 84' lang='grc' dir='ltr'><strong>αί</strong></span> <span class='ocrx_word' id='word_1_54' title='bbox 1409 872 1578 941; x_wconf 88' lang='grc' dir='ltr'>βίϐλοι</span> <span class='ocrx_word' id='word_1_55' title='bbox 1612 871 1719 925; x_wconf 83' lang='grc' dir='ltr'><strong>τῶν</strong></span> <span class='ocrx_word' id='word_1_56' title='bbox 1745 872 1848 924; x_wconf 67' lang='lat' dir='ltr'><strong>Ba-</strong></span> 
     </span>
    </p>
   </div>
   <div class='ocr_carea' id='block_1_10' title="bbox 281 960 1845 1033">
    <p class='ocr_par' dir='ltr' id='par_1_10' title="bbox 281 960 1845 1033">
     <span class='ocr_line' id='line_1_10' title="bbox 281 960 1845 1033; baseline 0 -20"><span class='ocrx_word' id='word_1_57' title='bbox 281 963 519 1026; x_wconf 79' lang='grc' dir='ltr'>σιλειῶν,</span> <span class='ocrx_word' id='word_1_58' title='bbox 566 965 614 1016; x_wconf 77' lang='lat' dir='ltr'><strong>cl</strong></span> <span class='ocrx_word' id='word_1_59' title='bbox 646 964 906 1033; x_wconf 69' lang='grc' dir='ltr'>τέσσαρες</span> <span class='ocrx_word' id='word_1_60' title='bbox 957 963 1114 1027; x_wconf 75' lang='grc' dir='ltr'>εἰσὶν,</span> <span class='ocrx_word' id='word_1_61' title='bbox 1150 961 1265 1016; x_wconf 86' lang='grc' dir='ltr'>ἀλλ’</span> <span class='ocrx_word' id='word_1_62' title='bbox 1294 962 1375 1023; x_wconf 76' lang='grc' dir='ltr'><strong>είς</strong></span> <span class='ocrx_word' id='word_1_63' title='bbox 1412 961 1505 1013; x_wconf 80' lang='grc' dir='ltr'>δύο</span> <span class='ocrx_word' id='word_1_64' title='bbox 1552 960 1845 1030; x_wconf 82' lang='grc' dir='ltr'>παραλαμ-</span> 
     </span>
    </p>
   </div>
   <div class='ocr_carea' id='block_1_11' title="bbox 280 1050 1846 1123">
    <p class='ocr_par' dir='ltr' id='par_1_11' title="bbox 280 1050 1846 1123">
     <span class='ocr_line' id='line_1_11' title="bbox 280 1050 1846 1123; baseline -0.001 -19"><span class='ocrx_word' id='word_1_65' title='bbox 280 1052 535 1107; x_wconf 78' lang='grc' dir='ltr'>ϐάνονται</span> <span class='ocrx_word' id='word_1_66' title='bbox 582 1056 678 1106; x_wconf 72' lang='grc' dir='ltr'><strong>καὶ</strong></span> <span class='ocrx_word' id='word_1_67' title='bbox 737 1053 1101 1123; x_wconf 76' lang='grc' dir='ltr'><strong>ἀριθμοῦνται</strong></span> <span class='ocrx_word' id='word_1_68' title='bbox 1130 1069 1145 1087; x_wconf 75' lang='grc'><strong><em>⁸</em></strong></span> <span class='ocrx_word' id='word_1_69' title='bbox 1191 1054 1287 1106; x_wconf 79' lang='grc' dir='ltr'><strong>καὶ</strong></span> <span class='ocrx_word' id='word_1_70' title='bbox 1324 1053 1380 1105; x_wconf 80' lang='grc' dir='ltr'>αι</span> <span class='ocrx_word' id='word_1_71' title='bbox 1414 1052 1621 1105; x_wconf 80' lang='grc' dir='ltr'>δώδεκα</span> <span class='ocrx_word' id='word_1_72' title='bbox 1673 1050 1846 1120; x_wconf 79' lang='grc' dir='ltr'>βίϐλοι</span> 
     </span>
    </p>
   </div>
   <div class='ocr_carea' id='block_1_12' title="bbox 277 1142 1847 1214">
    <p class='ocr_par' dir='ltr' id='par_1_12' title="bbox 277 1142 1847 1214">
     <span class='ocr_line' id='line_1_12' title="bbox 277 1142 1847 1214; baseline 0.001 -20"><span class='ocrx_word' id='word_1_73' title='bbox 277 1143 390 1194; x_wconf 83' lang='grc' dir='ltr'>τῶν</span> <span class='ocrx_word' id='word_1_74' title='bbox 437 1143 909 1213; x_wconf 68' lang='grc' dir='ltr'>ἀπηριθμημένων</span> <span class='ocrx_word' id='word_1_75' title='bbox 958 1142 1275 1214; x_wconf 77' lang='grc' dir='ltr'>προφητῶν,</span> <span class='ocrx_word' id='word_1_76' title='bbox 1319 1142 1438 1212; x_wconf 89' lang='grc' dir='ltr'>μία,</span> <span class='ocrx_word' id='word_1_77' title='bbox 1484 1142 1639 1211; x_wconf 81' lang='grc' dir='ltr'>φησὶ,</span> <span class='ocrx_word' id='word_1_78' title='bbox 1701 1142 1847 1208; x_wconf 76' lang='grc' dir='ltr'>λογίο</span> 
     </span>
    </p>
   </div>
   <div class='ocr_carea' id='block_1_13' title="bbox 280 1233 1845 1306">
    <p class='ocr_par' dir='ltr' id='par_1_13' title="bbox 280 1233 1845 1306">
     <span class='ocr_line' id='line_1_13' title="bbox 280 1233 1845 1306; baseline 0.001 -21"><span class='ocrx_word' id='word_1_79' title='bbox 280 1235 488 1295; x_wconf 78' lang='grc' dir='ltr'>ζονται.</span> <span class='ocrx_word' id='word_1_80' title='bbox 516 1235 790 1306; x_wconf 76' lang='grc' dir='ltr'>Τέσσαρες</span> <span class='ocrx_word' id='word_1_81' title='bbox 810 1235 867 1288; x_wconf 68' lang='grc' dir='ltr'><strong>δὲ</strong></span> <span class='ocrx_word' id='word_1_82' title='bbox 902 1235 1077 1287; x_wconf 79' lang='grc' dir='ltr'>αῐτῶν</span> <span class='ocrx_word' id='word_1_83' title='bbox 1102 1234 1278 1288; x_wconf 91' lang='grc' dir='ltr'>ἀλλων</span> <span class='ocrx_word' id='word_1_84' title='bbox 1299 1234 1615 1304; x_wconf 77' lang='grc' dir='ltr'><strong>προφητῶν,</strong></span> <span class='ocrx_word' id='word_1_85' title='bbox 1642 1233 1845 1303; x_wconf 71' lang='grc' dir='ltr'>ἑκάστη</span> 
     </span>
    </p>
   </div>
   <div class='ocr_carea' id='block_1_14' title="bbox 285 1325 1847 1398">
    <p class='ocr_par' dir='ltr' id='par_1_14' title="bbox 285 1325 1847 1398">
     <span class='ocr_line' id='line_1_14' title="bbox 285 1325 1847 1398; baseline 0.002 -21"><span class='ocrx_word' id='word_1_86' title='bbox 285 1327 389 1394; x_wconf 92' lang='grc' dir='ltr'><strong>μία</strong></span> <span class='ocrx_word' id='word_1_87' title='bbox 426 1325 773 1397; x_wconf 78' lang='grc' dir='ltr'>λογιζομένη.</span> <span class='ocrx_word' id='word_1_88' title='bbox 807 1328 915 1395; x_wconf 83' lang='grc' dir='ltr'><strong>Τῆς</strong></span> <span class='ocrx_word' id='word_1_89' title='bbox 953 1329 1053 1398; x_wconf 80' lang='grc' dir='ltr'>μέν</span> <span class='ocrx_word' id='word_1_90' title='bbox 1078 1344 1159 1380; x_wconf 85' lang='grc' dir='ltr'><strong>τοι</strong></span> <span class='ocrx_word' id='word_1_91' title='bbox 1188 1327 1421 1398; x_wconf 82' lang='grc' dir='ltr'>ἀρχαίας</span> <span class='ocrx_word' id='word_1_92' title='bbox 1454 1328 1571 1398; x_wconf 71' lang='grc' dir='ltr'>ἦτοι</span> <span class='ocrx_word' id='word_1_93' title='bbox 1595 1330 1699 1395; x_wconf 75' lang='grc' dir='ltr'>τῆς</span> <span class='ocrx_word' id='word_1_94' title='bbox 1734 1328 1847 1380; x_wconf 84' lang='grc' dir='ltr'><strong>Πα-</strong></span> 
     </span>
    </p>
   </div>
   <div class='ocr_carea' id='block_1_15' title="bbox 279 1414 1848 1488">
    <p class='ocr_par' dir='ltr' id='par_1_15' title="bbox 279 1414 1848 1488">
     <span class='ocr_line' id='line_1_15' title="bbox 279 1414 1848 1488; baseline 0.001 -21"><span class='ocrx_word' id='word_1_95' title='bbox 279 1414 440 1479; x_wconf 72' lang='grc' dir='ltr'>λαιᾶς</span> <span class='ocrx_word' id='word_1_96' title='bbox 473 1416 695 1487; x_wconf 75' lang='grc' dir='ltr'>Γραφῆς</span> <span class='ocrx_word' id='word_1_97' title='bbox 723 1417 928 1488; x_wconf 72' lang='grc' dir='ltr'>ἔγραψε</span> <span class='ocrx_word' id='word_1_98' title='bbox 958 1417 1170 1487; x_wconf 82' lang='grc' dir='ltr'>βίϐλους</span> <span class='ocrx_word' id='word_1_99' title='bbox 1196 1418 1280 1487; x_wconf 64' lang='grc' dir='ltr'><strong>ιβ’</strong></span> <span class='ocrx_word' id='word_1_100' title='bbox 1305 1419 1417 1481; x_wconf 72' lang='grc' dir='ltr'>τοις</span> <span class='ocrx_word' id='word_1_101' title='bbox 1446 1417 1557 1470; x_wconf 87' lang='grc' dir='ltr'>τῶν</span> <span class='ocrx_word' id='word_1_102' title='bbox 1586 1416 1848 1486; x_wconf 78' lang='grc' dir='ltr'>Ἐϐραίων</span> 
     </span>
    </p>
   </div>
   <div class='ocr_carea' id='block_1_16' title="bbox 278 1506 1849 1577">
    <p class='ocr_par' dir='ltr' id='par_1_16' title="bbox 278 1506 1849 1577">
     <span class='ocr_line' id='line_1_16' title="bbox 278 1506 1849 1577; baseline 0.001 -19"><span class='ocrx_word' id='word_1_103' title='bbox 278 1506 607 1576; x_wconf 80' lang='grc' dir='ltr'>γράμμασιν</span> <span class='ocrx_word' id='word_1_104' title='bbox 643 1507 974 1572; x_wconf 70' lang='grc' dir='ltr'><strong>ἀντιθέτους,</strong></span> <span class='ocrx_word' id='word_1_105' title='bbox 1032 1508 1202 1577; x_wconf 70' lang='grc' dir='ltr'>ἧγουν</span> <span class='ocrx_word' id='word_1_106' title='bbox 1266 1507 1537 1570; x_wconf 76' lang='grc' dir='ltr'>ίσοθέτους</span> <span class='ocrx_word' id='word_1_107' title='bbox 1595 1507 1690 1560; x_wconf 80' lang='grc' dir='ltr'><strong>καὶ</strong></span> <span class='ocrx_word' id='word_1_108' title='bbox 1730 1509 1849 1560; x_wconf 84' lang='grc' dir='ltr'>ίσα-</span> 
     </span>
    </p>
   </div>
   <div class='ocr_carea' id='block_1_17' title="bbox 285 1596 1850 1669">
    <p class='ocr_par' dir='ltr' id='par_1_17' title="bbox 285 1596 1850 1669">
     <span class='ocr_line' id='line_1_17' title="bbox 285 1596 1850 1669; baseline 0.001 -22"><span class='ocrx_word' id='word_1_109' title='bbox 285 1596 531 1667; x_wconf 80' lang='grc' dir='ltr'>ρίθμους.</span> <span class='ocrx_word' id='word_1_110' title='bbox 564 1599 915 1668; x_wconf 80' lang='grc' dir='ltr'>Λαμϐἀνεται</span> <span class='ocrx_word' id='word_1_111' title='bbox 973 1600 1081 1669; x_wconf 84' lang='grc' dir='ltr'><strong>γὰρ</strong></span> <span class='ocrx_word' id='word_1_112' title='bbox 1120 1600 1152 1667; x_wconf 76' lang='grc' dir='ltr'><strong>ἡ</strong></span> <span class='ocrx_word' id='word_1_113' title='bbox 1179 1599 1319 1651; x_wconf 68' lang='grc' dir='ltr'>ἀντὶ</span> <span class='ocrx_word' id='word_1_114' title='bbox 1356 1599 1613 1669; x_wconf 78' lang='grc' dir='ltr'>πρόθεσις</span> <span class='ocrx_word' id='word_1_115' title='bbox 1645 1599 1737 1651; x_wconf 81' lang='grc' dir='ltr'>καὶ</span> <span class='ocrx_word' id='word_1_116' title='bbox 1756 1598 1850 1650; x_wconf 68' lang='grc' dir='ltr'><strong>ἐπὶ</strong></span> 
     </span>
    </p>
   </div>
   <div class='ocr_carea' id='block_1_18' title="bbox 279 1688 1847 1761">
    <p class='ocr_par' dir='ltr' id='par_1_18' title="bbox 279 1688 1847 1761">
     <span class='ocr_line' id='line_1_18' title="bbox 279 1688 1847 1761; baseline 0.001 -21"><span class='ocrx_word' id='word_1_117' title='bbox 279 1690 377 1740; x_wconf 82' lang='grc' dir='ltr'><strong>τοῦ</strong></span> <span class='ocrx_word' id='word_1_118' title='bbox 403 1688 536 1744; x_wconf 74' lang='grc' dir='ltr'>[σου.</span> <span class='ocrx_word' id='word_1_119' title='bbox 574 1689 783 1761; x_wconf 81' lang='grc' dir='ltr'>Ὠσπερ</span> <span class='ocrx_word' id='word_1_120' title='bbox 803 1690 1030 1761; x_wconf 71' lang='grc' dir='ltr'>λέγομεν</span> <span class='ocrx_word' id='word_1_121' title='bbox 1053 1691 1365 1759; x_wconf 77' lang='grc' dir='ltr'>ἀντίτεχνον</span> <span class='ocrx_word' id='word_1_122' title='bbox 1408 1690 1498 1741; x_wconf 80' lang='grc' dir='ltr'>τὸν</span> <span class='ocrx_word' id='word_1_123' title='bbox 1534 1690 1847 1759; x_wconf 77' lang='grc' dir='ltr'>ὁμότεχνον.</span> 
     </span>
    </p>
   </div>
   <div class='ocr_carea' id='block_1_19' title="bbox 279 1776 1847 1853">
    <p class='ocr_par' dir='ltr' id='par_1_19' title="bbox 279 1776 1847 1853">
     <span class='ocr_line' id='line_1_19' title="bbox 279 1776 1847 1853; baseline 0 -22"><span class='ocrx_word' id='word_1_124' title='bbox 279 1779 531 1849; x_wconf 78' lang='grc' dir='ltr'>Στοιχεῖα</span> <span class='ocrx_word' id='word_1_125' title='bbox 559 1782 615 1835; x_wconf 70' lang='grc' dir='ltr'><strong>δὲ</strong></span> <span class='ocrx_word' id='word_1_126' title='bbox 643 1784 791 1853; x_wconf 67' lang='grc' dir='ltr'>παρὰ</span> <span class='ocrx_word' id='word_1_127' title='bbox 814 1784 923 1844; x_wconf 81' lang='grc' dir='ltr'>τοῖς</span> <span class='ocrx_word' id='word_1_128' title='bbox 955 1781 1221 1849; x_wconf 82' lang='grc' dir='ltr'>Ἑϐραίοις</span> <span class='ocrx_word' id='word_1_129' title='bbox 1269 1780 1351 1850; x_wconf 72' lang='grc' dir='ltr'><strong>κβν</strong></span> <span class='ocrx_word' id='word_1_130' title='bbox 1382 1781 1629 1849; x_wconf 70' lang='grc' dir='ltr'>λέγονται</span> <span class='ocrx_word' id='word_1_131' title='bbox 1688 1776 1847 1832; x_wconf 75' lang='grc' dir='ltr'>εῖναι.</span> 
     </span>
    </p>
   </div>
   <div class='ocr_carea' id='block_1_20' title="bbox 1948 603 3518 672">
    <p class='ocr_par' dir='ltr' id='par_1_20' title="bbox 1948 603 3518 672">
     <span class='ocr_line' id='line_1_20' title="bbox 1948 603 3518 672; baseline -0.001 -15"><span class='ocrx_word' id='word_1_132' title='bbox 1948 603 2094 657; x_wconf 79' lang='lat' dir='ltr'><strong>Multi</strong></span> <span class='ocrx_word' id='word_1_133' title='bbox 2129 604 2272 657; x_wconf 88' lang='lat' dir='ltr'><strong>enim</strong></span> <span class='ocrx_word' id='word_1_134' title='bbox 2303 614 2429 659; x_wconf 77' lang='lat' dir='ltr'><strong>sunt</strong></span> <span class='ocrx_word' id='word_1_135' title='bbox 2457 603 2593 657; x_wconf 75' lang='lat' dir='ltr'><strong>falso</strong></span> <span class='ocrx_word' id='word_1_136' title='bbox 2614 604 2852 672; x_wconf 74' lang='lat' dir='ltr'><strong>inscripti</strong></span> <span class='ocrx_word' id='word_1_137' title='bbox 2880 621 2895 669; x_wconf 88' lang='lat'><strong>;</strong></span> <span class='ocrx_word' id='word_1_138' title='bbox 2924 618 3073 669; x_wconf 88' lang='lat' dir='ltr'><strong>cape,</strong></span> <span class='ocrx_word' id='word_1_139' title='bbox 3096 617 3129 657; x_wconf 94' lang='lat' dir='ltr'><strong>o</strong></span> <span class='ocrx_word' id='word_1_140' title='bbox 3159 604 3352 667; x_wconf 86' lang='lat' dir='ltr'><strong>amice,</strong></span> <span class='ocrx_word' id='word_1_141' title='bbox 3375 604 3518 657; x_wconf 91' lang='lat' dir='ltr'><strong>hunc</strong></span> 
     </span>
    </p>
   </div>
   <div class='ocr_carea' id='block_1_21' title="bbox 1948 694 3517 761">
    <p class='ocr_par' dir='ltr' id='par_1_21' title="bbox 1948 694 3517 761">
     <span class='ocr_line' id='line_1_21' title="bbox 1948 694 3517 761; baseline -0.001 -15"><span class='ocrx_word' id='word_1_142' title='bbox 1948 708 2229 748; x_wconf 86' lang='lat' dir='ltr'><strong>numerum</strong></span> <span class='ocrx_word' id='word_1_143' title='bbox 2265 708 2294 747; x_wconf 89' lang='lat' dir='ltr'><strong>a</strong></span> <span class='ocrx_word' id='word_1_144' title='bbox 2328 709 2415 749; x_wconf 85' lang='lat' dir='ltr'><strong>me</strong></span> <span class='ocrx_word' id='word_1_145' title='bbox 2450 694 2729 757; x_wconf 84' lang='lat' dir='ltr'><strong>selectum,</strong></span> <span class='ocrx_word' id='word_1_146' title='bbox 2764 700 2857 747; x_wconf 74' lang='lat' dir='ltr'><strong>seu</strong></span> <span class='ocrx_word' id='word_1_147' title='bbox 2900 695 3185 761; x_wconf 85' lang='lat' dir='ltr'><strong>probatum</strong></span> <span class='ocrx_word' id='word_1_148' title='bbox 3216 702 3270 746; x_wconf 89' lang='lat' dir='ltr'><strong>et</strong></span> <span class='ocrx_word' id='word_1_149' title='bbox 3318 694 3517 747; x_wconf 82' lang='lat' dir='ltr'><strong>contir-</strong></span> 
     </span>
    </p>
   </div>
   <div class='ocr_carea' id='block_1_22' title="bbox 1948 784 3515 875">
    <p class='ocr_par' dir='ltr' id='par_1_22' title="bbox 1948 784 3515 875">
     <span class='ocr_line' id='line_1_22' title="bbox 1948 784 3515 875; baseline 0.003 -39"><span class='ocrx_word' id='word_1_150' title='bbox 1948 793 2170 838; x_wconf 82' lang='lat' dir='ltr'><strong>matum.</strong></span> <span class='ocrx_word' id='word_1_151' title='bbox 2205 784 2342 838; x_wconf 90' lang='lat' dir='ltr'><strong>Sunt</strong></span> <span class='ocrx_word' id='word_1_152' title='bbox 2374 784 2654 839; x_wconf 80' lang='lat' dir='ltr'><strong>duodecim</strong></span> <span class='ocrx_word' id='word_1_153' title='bbox 2689 784 2904 851; x_wconf 80' lang='lat' dir='ltr'><strong>quidem</strong></span> <span class='ocrx_word' id='word_1_154' title='bbox 2933 784 3077 849; x_wconf 86' lang='lat' dir='ltr'><strong>libri,</strong></span> <span class='ocrx_word' id='word_1_155' title='bbox 3102 786 3198 875; x_wconf 54' lang='grc' dir='ltr'><strong>μιιί</strong></span> <span class='ocrx_word' id='word_1_156' title='bbox 3260 786 3515 840; x_wconf 82' lang='lat' dir='ltr'><strong>historias</strong></span> 
     </span>
    </p>
   </div>
   <div class='ocr_carea' id='block_1_23' title="bbox 1947 872 3515 942">
    <p class='ocr_par' dir='ltr' id='par_1_23' title="bbox 1947 872 3515 942">
     <span class='ocr_line' id='line_1_23' title="bbox 1947 872 3515 942; baseline 0.001 -16"><span class='ocrx_word' id='word_1_157' title='bbox 1947 872 2247 936; x_wconf 89' lang='lat' dir='ltr'><strong>continent,</strong></span> <span class='ocrx_word' id='word_1_158' title='bbox 2290 873 2523 941; x_wconf 60' lang='lat' dir='ltr'><strong>antiqua</strong></span> <span class='ocrx_word' id='word_1_159' title='bbox 2563 872 2768 927; x_wconf 78' lang='lat' dir='ltr'><strong>scilicet</strong></span> <span class='ocrx_word' id='word_1_160' title='bbox 2818 872 3131 942; x_wconf 58' lang='lat' dir='ltr'><strong>Scriptum,</strong></span> <span class='ocrx_word' id='word_1_161' title='bbox 3163 885 3217 927; x_wconf 93' lang='lat' dir='ltr'><strong>ct</strong></span> <span class='ocrx_word' id='word_1_162' title='bbox 3249 874 3369 927; x_wconf 83' lang='lat' dir='ltr'><strong>libri</strong></span> <span class='ocrx_word' id='word_1_163' title='bbox 3411 874 3515 928; x_wconf 82' lang='lat' dir='ltr'><strong>Re-</strong></span> 
     </span>
    </p>
   </div>
   <div class='ocr_carea' id='block_1_24' title="bbox 1947 963 3518 1032">
    <p class='ocr_par' dir='ltr' id='par_1_24' title="bbox 1947 963 3518 1032">
     <span class='ocr_line' id='line_1_24' title="bbox 1947 963 3518 1032; baseline 0.001 -17"><span class='ocrx_word' id='word_1_164' title='bbox 1947 977 2093 1031; x_wconf 74' lang='lat' dir='ltr'><strong>gum.</strong></span> <span class='ocrx_word' id='word_1_165' title='bbox 2127 965 2338 1018; x_wconf 84' lang='lat' dir='ltr'><strong>etiamsi</strong></span> <span class='ocrx_word' id='word_1_166' title='bbox 2371 967 2479 1019; x_wconf 88' lang='lat' dir='ltr'><strong>sint</strong></span> <span class='ocrx_word' id='word_1_167' title='bbox 2508 975 2759 1032; x_wconf 76' lang='lat' dir='ltr'><strong>quatuor,</strong></span> <span class='ocrx_word' id='word_1_168' title='bbox 2792 964 2842 1017; x_wconf 93' lang='lat' dir='ltr'><strong>in</strong></span> <span class='ocrx_word' id='word_1_169' title='bbox 2874 964 3009 1019; x_wconf 88' lang='lat' dir='ltr'><strong>duos</strong></span> <span class='ocrx_word' id='word_1_170' title='bbox 3035 974 3210 1019; x_wconf 88' lang='lat' dir='ltr'><strong>tamen</strong></span> <span class='ocrx_word' id='word_1_171' title='bbox 3232 963 3518 1019; x_wconf 82' lang='lat' dir='ltr'><strong>conferuu-</strong></span> 
     </span>
    </p>
   </div>
   <div class='ocr_carea' id='block_1_25' title="bbox 1948 1054 3516 1125">
    <p class='ocr_par' dir='ltr' id='par_1_25' title="bbox 1948 1054 3516 1125">
     <span class='ocr_line' id='line_1_25' title="bbox 1948 1054 3516 1125; baseline 0.003 -21"><span class='ocrx_word' id='word_1_172' title='bbox 1948 1060 2036 1105; x_wconf 90' lang='lat' dir='ltr'><strong>tur</strong></span> <span class='ocrx_word' id='word_1_173' title='bbox 2067 1062 2122 1108; x_wconf 92' lang='lat' dir='ltr'><strong>et</strong></span> <span class='ocrx_word' id='word_1_174' title='bbox 2149 1064 2551 1120; x_wconf 84' lang='lat' dir='ltr'><strong>enumerantur,</strong></span> <span class='ocrx_word' id='word_1_175' title='bbox 2576 1066 2628 1109; x_wconf 93' lang='lat' dir='ltr'><strong>et</strong></span> <span class='ocrx_word' id='word_1_176' title='bbox 2652 1056 2932 1109; x_wconf 79' lang='lat' dir='ltr'><strong>duodecim</strong></span> <span class='ocrx_word' id='word_1_177' title='bbox 2964 1054 3084 1110; x_wconf 89' lang='lat' dir='ltr'><strong>libri</strong></span> <span class='ocrx_word' id='word_1_178' title='bbox 3135 1057 3516 1125; x_wconf 85' lang='lat' dir='ltr'><strong>prophetarum</strong></span> 
     </span>
    </p>
   </div>
   <div class='ocr_carea' id='block_1_26' title="bbox 1948 1143 3512 1215">
    <p class='ocr_par' dir='ltr' id='par_1_26' title="bbox 1948 1143 3512 1215">
     <span class='ocr_line' id='line_1_26' title="bbox 1948 1143 3512 1215; baseline 0.003 -19"><span class='ocrx_word' id='word_1_179' title='bbox 1948 1143 2041 1213; x_wconf 90' lang='lat' dir='ltr'><strong>qui</strong></span> <span class='ocrx_word' id='word_1_180' title='bbox 2062 1156 2474 1209; x_wconf 79' lang='lat' dir='ltr'><strong>enumerantur,</strong></span> <span class='ocrx_word' id='word_1_181' title='bbox 2495 1160 2654 1210; x_wconf 83' lang='lat' dir='ltr'><strong>unus,</strong></span> <span class='ocrx_word' id='word_1_182' title='bbox 2682 1146 2877 1213; x_wconf 87' lang='lat' dir='ltr'><strong>inquit,</strong></span> <span class='ocrx_word' id='word_1_183' title='bbox 2906 1156 3242 1215; x_wconf 84' lang='lat' dir='ltr'><strong>reputantur.</strong></span> <span class='ocrx_word' id='word_1_184' title='bbox 3273 1146 3512 1211; x_wconf 84' lang='lat' dir='ltr'><strong>Quatuor</strong></span> 
     </span>
    </p>
   </div>
   <div class='ocr_carea' id='block_1_27' title="bbox 1949 1234 3513 1303">
    <p class='ocr_par' dir='ltr' id='par_1_27' title="bbox 1949 1234 3513 1303">
     <span class='ocr_line' id='line_1_27' title="bbox 1949 1234 3513 1303; baseline 0.002 -18"><span class='ocrx_word' id='word_1_185' title='bbox 1949 1241 2129 1287; x_wconf 83' lang='lat' dir='ltr'><strong>autem</strong></span> <span class='ocrx_word' id='word_1_186' title='bbox 2155 1234 2279 1288; x_wconf 89' lang='lat' dir='ltr'><strong>libri</strong></span> <span class='ocrx_word' id='word_1_187' title='bbox 2308 1234 2538 1288; x_wconf 90' lang='lat' dir='ltr'><strong>aliorum</strong></span> <span class='ocrx_word' id='word_1_188' title='bbox 2567 1236 2953 1303; x_wconf 85' lang='lat' dir='ltr'><strong>prophetarum</strong></span> <span class='ocrx_word' id='word_1_189' title='bbox 2977 1234 3349 1302; x_wconf 85' lang='lat' dir='ltr'><strong>unusquisque</strong></span> <span class='ocrx_word' id='word_1_190' title='bbox 3375 1250 3513 1288; x_wconf 84' lang='lat' dir='ltr'><strong>unus</strong></span> 
     </span>
    </p>
   </div>
   <div class='ocr_carea' id='block_1_28' title="bbox 1949 1323 3518 1393">
    <p class='ocr_par' dir='ltr' id='par_1_28' title="bbox 1949 1323 3518 1393">
     <span class='ocr_line' id='line_1_28' title="bbox 1949 1323 3518 1393; baseline 0.001 -16"><span class='ocrx_word' id='word_1_191' title='bbox 1949 1329 2247 1391; x_wconf 82' lang='lat' dir='ltr'><strong>reputatur.</strong></span> <span class='ocrx_word' id='word_1_192' title='bbox 2298 1323 2463 1379; x_wconf 84' lang='lat' dir='ltr'><strong>Porro</strong></span> <span class='ocrx_word' id='word_1_193' title='bbox 2490 1323 2694 1379; x_wconf 84' lang='lat' dir='ltr'><strong>Veteris</strong></span> <span class='ocrx_word' id='word_1_194' title='bbox 2742 1327 2857 1379; x_wconf 85' lang='lat' dir='ltr'><strong>sive</strong></span> <span class='ocrx_word' id='word_1_195' title='bbox 2914 1324 3132 1393; x_wconf 79' lang='lat' dir='ltr'><strong>Antiqui</strong></span> <span class='ocrx_word' id='word_1_196' title='bbox 3184 1323 3518 1378; x_wconf 87' lang='lat' dir='ltr'><strong>Testamenti</strong></span> 
     </span>
    </p>
   </div>
   <div class='ocr_carea' id='block_1_29' title="bbox 1947 1411 3516 1483">
    <p class='ocr_par' dir='ltr' id='par_1_29' title="bbox 1947 1411 3516 1483">
     <span class='ocr_line' id='line_1_29' title="bbox 1947 1411 3516 1483; baseline 0.001 -18"><span class='ocrx_word' id='word_1_197' title='bbox 1947 1412 2164 1479; x_wconf 79' lang='lat' dir='ltr'><strong>scripsit</strong></span> <span class='ocrx_word' id='word_1_198' title='bbox 2194 1411 2329 1466; x_wconf 87' lang='lat' dir='ltr'><strong>duos</strong></span> <span class='ocrx_word' id='word_1_199' title='bbox 2361 1424 2413 1467; x_wconf 93' lang='lat' dir='ltr'><strong>et</strong></span> <span class='ocrx_word' id='word_1_200' title='bbox 2447 1414 2630 1483; x_wconf 73' lang='lat' dir='ltr'><strong>viginti</strong></span> <span class='ocrx_word' id='word_1_201' title='bbox 2686 1414 2871 1477; x_wconf 89' lang='lat' dir='ltr'><strong>libros,</strong></span> <span class='ocrx_word' id='word_1_202' title='bbox 2904 1413 2993 1482; x_wconf 89' lang='lat' dir='ltr'><strong>qui</strong></span> <span class='ocrx_word' id='word_1_203' title='bbox 3032 1412 3225 1468; x_wconf 89' lang='lat' dir='ltr'><strong>litteris</strong></span> <span class='ocrx_word' id='word_1_204' title='bbox 3266 1412 3516 1479; x_wconf 65' lang='lat' dir='ltr'><strong>llcbraeo-</strong></span> 
     </span>
    </p>
   </div>
   <div class='ocr_carea' id='block_1_30' title="bbox 1950 1501 3514 1571">
    <p class='ocr_par' dir='ltr' id='par_1_30' title="bbox 1950 1501 3514 1571">
     <span class='ocr_line' id='line_1_30' title="bbox 1950 1501 3514 1571; baseline 0.001 -17"><span class='ocrx_word' id='word_1_205' title='bbox 1950 1515 2067 1554; x_wconf 81' lang='lat' dir='ltr'><strong>runt</strong></span> <span class='ocrx_word' id='word_1_206' title='bbox 2094 1501 2441 1569; x_wconf 86' lang='lat' dir='ltr'><strong>respondent,</strong></span> <span class='ocrx_word' id='word_1_207' title='bbox 2470 1504 2583 1555; x_wconf 83' lang='lat' dir='ltr'><strong>sive</strong></span> <span class='ocrx_word' id='word_1_208' title='bbox 2605 1503 2983 1570; x_wconf 65' lang='lat' dir='ltr'><strong>aquivalcntes</strong></span> <span class='ocrx_word' id='word_1_209' title='bbox 3007 1514 3062 1558; x_wconf 91' lang='lat' dir='ltr'><strong>et</strong></span> <span class='ocrx_word' id='word_1_210' title='bbox 3082 1519 3304 1557; x_wconf 88' lang='lat' dir='ltr'><strong>numero</strong></span> <span class='ocrx_word' id='word_1_211' title='bbox 3330 1519 3514 1571; x_wconf 67' lang='lat' dir='ltr'><strong>requa:-</strong></span> 
     </span>
    </p>
   </div>
   <div class='ocr_carea' id='block_1_31' title="bbox 1948 1593 3517 1663">
    <p class='ocr_par' dir='ltr' id='par_1_31' title="bbox 1948 1593 3517 1663">
     <span class='ocr_line' id='line_1_31' title="bbox 1948 1593 3517 1663; baseline 0.001 -18"><span class='ocrx_word' id='word_1_212' title='bbox 1948 1593 2029 1646; x_wconf 90' lang='lat' dir='ltr'><strong>les</strong></span> <span class='ocrx_word' id='word_1_213' title='bbox 2056 1600 2200 1646; x_wconf 90' lang='lat' dir='ltr'><strong>sunt.</strong></span> <span class='ocrx_word' id='word_1_214' title='bbox 2234 1594 2512 1661; x_wconf 85' lang='lat' dir='ltr'><strong>Accipitur</strong></span> <span class='ocrx_word' id='word_1_215' title='bbox 2538 1594 2683 1647; x_wconf 87' lang='lat' dir='ltr'><strong>enim</strong></span> <span class='ocrx_word' id='word_1_216' title='bbox 2714 1594 3021 1663; x_wconf 74' lang='lat' dir='ltr'><strong>praepositio</strong></span> <span class='ocrx_word' id='word_1_217' title='bbox 3066 1594 3207 1657; x_wconf 80' lang='grc' dir='ltr'>ἀντῖ,</span> <span class='ocrx_word' id='word_1_218' title='bbox 3232 1596 3391 1649; x_wconf 86' lang='lat' dir='ltr'><strong>etiam</strong></span> <span class='ocrx_word' id='word_1_219' title='bbox 3421 1609 3517 1663; x_wconf 89' lang='lat' dir='ltr'><strong>pro</strong></span> 
     </span>
    </p>
   </div>
   <div class='ocr_carea' id='block_1_32' title="bbox 1951 1683 3517 1755">
    <p class='ocr_par' dir='ltr' id='par_1_32' title="bbox 1951 1683 3517 1755">
     <span class='ocr_line' id='line_1_32' title="bbox 1951 1683 3517 1755; baseline 0 -18"><span class='ocrx_word' id='word_1_220' title='bbox 1951 1683 2210 1753; x_wconf 71' lang='lat' dir='ltr'><strong>.eqtalt&#39;;</strong></span> <span class='ocrx_word' id='word_1_221' title='bbox 2240 1686 2688 1753; x_wconf 81' lang='lat' dir='ltr'><strong>quemadmodum</strong></span> <span class='ocrx_word' id='word_1_222' title='bbox 2717 1684 2946 1739; x_wconf 82' lang='lat' dir='ltr'><strong>dicimus</strong></span> <span class='ocrx_word' id='word_1_223' title='bbox 2986 1685 3296 1755; x_wconf 78' lang='grc' dir='ltr'>ἀντίτεχνον</span> <span class='ocrx_word' id='word_1_224' title='bbox 3325 1685 3517 1754; x_wconf 79' lang='grc' dir='ltr'>ὁμότεο</span> 
     </span>
    </p>
   </div>
   <div class='ocr_carea' id='block_1_33' title="bbox 1951 1776 3512 1847">
    <p class='ocr_par' dir='ltr' id='par_1_33' title="bbox 1951 1776 3512 1847">
     <span class='ocr_line' id='line_1_33' title="bbox 1951 1776 3512 1847; baseline 0.002 -19"><span class='ocrx_word' id='word_1_225' title='bbox 1951 1781 2100 1847; x_wconf 79' lang='grc' dir='ltr'>χνον.</span> <span class='ocrx_word' id='word_1_226' title='bbox 2128 1777 2230 1830; x_wconf 90' lang='lat' dir='ltr'><strong>hoc</strong></span> <span class='ocrx_word' id='word_1_227' title='bbox 2264 1784 2368 1839; x_wconf 86' lang='lat' dir='ltr'><strong>est,</strong></span> <span class='ocrx_word' id='word_1_228' title='bbox 2398 1789 2520 1829; x_wconf 90' lang='lat' dir='ltr'><strong>eum</strong></span> <span class='ocrx_word' id='word_1_229' title='bbox 2551 1776 2641 1844; x_wconf 85' lang='lat' dir='ltr'><strong>qui</strong></span> <span class='ocrx_word' id='word_1_230' title='bbox 2672 1788 2753 1830; x_wconf 88' lang='lat' dir='ltr'><strong>est</strong></span> <span class='ocrx_word' id='word_1_231' title='bbox 2778 1776 3020 1845; x_wconf 87' lang='lat' dir='ltr'><strong>ejusdem</strong></span> <span class='ocrx_word' id='word_1_232' title='bbox 3052 1780 3201 1831; x_wconf 87' lang='lat' dir='ltr'><strong>artis.</strong></span> <span class='ocrx_word' id='word_1_233' title='bbox 3236 1778 3512 1831; x_wconf 81' lang='lat' dir='ltr'><strong>Elementa</strong></span> 
     </span>
    </p>
   </div>
   <div class='ocr_carea' id='block_1_34' title="bbox 292 1865 1964 1943">
    <p class='ocr_par' dir='ltr' id='par_1_34' title="bbox 292 1867 1964 1943">
     <span class='ocr_line' id='line_1_34' title="bbox 292 1867 1964 1943; baseline 0.002 -20"><span class='ocrx_word' id='word_1_234' title='bbox 292 1872 709 1943; x_wconf 81' lang='grc' dir='ltr'>’Δπαριθμήσας</span> <span class='ocrx_word' id='word_1_235' title='bbox 744 1874 844 1941; x_wconf 76' lang='grc' dir='ltr'>μέν</span> <span class='ocrx_word' id='word_1_236' title='bbox 876 1891 959 1926; x_wconf 90' lang='grc' dir='ltr'><strong>τοι</strong></span> <span class='ocrx_word' id='word_1_237' title='bbox 999 1875 1090 1927; x_wconf 78' lang='grc' dir='ltr'><strong>καὶ</strong></span> <span class='ocrx_word' id='word_1_238' title='bbox 1121 1874 1189 1926; x_wconf 86' lang='grc' dir='ltr'><strong>τά</strong></span> <span class='ocrx_word' id='word_1_239' title='bbox 1218 1873 1315 1942; x_wconf 85' lang='grc' dir='ltr'>τῆς</span> <span class='ocrx_word' id='word_1_240' title='bbox 1348 1870 1487 1934; x_wconf 82' lang='grc' dir='ltr'>Νέας</span> <span class='ocrx_word' id='word_1_241' title='bbox 1525 1872 1744 1941; x_wconf 80' lang='grc' dir='ltr'>Γραφῆς</span> <span class='ocrx_word' id='word_1_242' title='bbox 1774 1868 1858 1939; x_wconf 65' lang='lat' dir='ltr'><strong>pi-</strong></span> <span class='ocrx_word' id='word_1_243' title='bbox 1884 1867 1930 1927; x_wconf 87' lang='grc' dir='ltr'><strong>Β</strong></span> <span class='ocrx_word' id='word_1_244' title='bbox 1959 1885 1964 1917; x_wconf 65' lang='grc' dir='ltr'><strong><em>ὲ</em></strong></span> 
     </span>
    </p>
   </div>
   <div class='ocr_carea' id='block_1_35' title="bbox 1840 1865 3512 1943">
    <p class='ocr_par' dir='ltr' id='par_1_35' title="bbox 1840 1865 3512 1937">
     <span class='ocr_line' id='line_1_35' title="bbox 1840 1865 3512 1937; baseline 0.001 -19"><span class='ocrx_word' id='word_1_245' title='bbox 1840 1897 1858 1913; x_wconf 86' lang='grc'><strong><em>-</em></strong></span> <span class='ocrx_word' id='word_1_246' title='bbox 1884 1867 1930 1927; x_wconf 84' lang='grc' dir='ltr'><strong>Β</strong></span> <span class='ocrx_word' id='word_1_247' title='bbox 1959 1877 2135 1921; x_wconf 87' lang='lat' dir='ltr'><strong>autem</strong></span> <span class='ocrx_word' id='word_1_248' title='bbox 2162 1865 2300 1935; x_wconf 75' lang='lat' dir='ltr'><strong>apud</strong></span> <span class='ocrx_word' id='word_1_249' title='bbox 2330 1866 2582 1921; x_wconf 65' lang='lat' dir='ltr'><strong>Hebreos</strong></span> <span class='ocrx_word' id='word_1_250' title='bbox 2601 1880 2721 1921; x_wconf 86' lang='lat' dir='ltr'><strong>esse</strong></span> <span class='ocrx_word' id='word_1_251' title='bbox 2750 1869 2994 1922; x_wconf 88' lang='lat' dir='ltr'><strong>dicuntur</strong></span> <span class='ocrx_word' id='word_1_252' title='bbox 3018 1868 3203 1937; x_wconf 74' lang='lat' dir='ltr'><strong>viginti</strong></span> <span class='ocrx_word' id='word_1_253' title='bbox 3229 1870 3354 1921; x_wconf 92' lang='lat' dir='ltr'><strong>duo.</strong></span> <span class='ocrx_word' id='word_1_254' title='bbox 3380 1866 3512 1921; x_wconf 87' lang='lat' dir='ltr'><strong>Cum</strong></span> 
     </span>
    </p>
   </div>
   <div class='ocr_carea' id='block_1_36' title="bbox 282 1959 1843 2034">
    <p class='ocr_par' dir='ltr' id='par_1_36' title="bbox 282 1959 1843 2034">
     <span class='ocr_line' id='line_1_36' title="bbox 282 1959 1843 2034; baseline 0.003 -22"><span class='ocrx_word' id='word_1_255' title='bbox 282 1959 411 2013; x_wconf 83' lang='grc' dir='ltr'>ϐλία</span> <span class='ocrx_word' id='word_1_256' title='bbox 440 1965 467 2013; x_wconf 77' lang='grc' dir='ltr'><strong>ὁ</strong></span> <span class='ocrx_word' id='word_1_257' title='bbox 496 1961 672 2029; x_wconf 75' lang='grc' dir='ltr'>ἅγιος,</span> <span class='ocrx_word' id='word_1_258' title='bbox 710 1964 1037 2034; x_wconf 73' lang='grc' dir='ltr'>ιπήνεγκεν,</span> <span class='ocrx_word' id='word_1_259' title='bbox 1066 1965 1147 2017; x_wconf 75' lang='grc' dir='ltr'>δτι</span> <span class='ocrx_word' id='word_1_260' title='bbox 1186 1965 1309 2018; x_wconf 78' lang='grc' dir='ltr'>ιῑτι</span> <span class='ocrx_word' id='word_1_261' title='bbox 1330 1963 1532 2016; x_wconf 85' lang='grc' dir='ltr'>τούτων</span> <span class='ocrx_word' id='word_1_262' title='bbox 1559 1963 1667 2017; x_wconf 86' lang='grc' dir='ltr'><strong>τῶν</strong></span> <span class='ocrx_word' id='word_1_263' title='bbox 1697 1966 1843 2031; x_wconf 82' lang='grc' dir='ltr'>ἀπη-</span> 
     </span>
    </p>
   </div>
   <div class='ocr_carea' id='block_1_37' title="bbox 286 2052 1845 2128">
    <p class='ocr_par' dir='ltr' id='par_1_37' title="bbox 286 2052 1845 2128">
     <span class='ocr_line' id='line_1_37' title="bbox 286 2052 1845 2128; baseline 0.007 -25"><span class='ocrx_word' id='word_1_264' title='bbox 286 2052 647 2123; x_wconf 76' lang='grc' dir='ltr'>ριθμημένων</span> <span class='ocrx_word' id='word_1_265' title='bbox 689 2055 792 2120; x_wconf 69' lang='grc' dir='ltr'><strong>ἔξω</strong></span> <span class='ocrx_word' id='word_1_266' title='bbox 822 2059 1001 2122; x_wconf 66' lang='grc' dir='ltr'>ἐστιν,</span> <span class='ocrx_word' id='word_1_267' title='bbox 1016 2058 1075 2110; x_wconf 82' lang='grc' dir='ltr'>οὐ</span> <span class='ocrx_word' id='word_1_268' title='bbox 1102 2058 1323 2128; x_wconf 70' lang='grc' dir='ltr'>γνήσιον</span> <span class='ocrx_word' id='word_1_269' title='bbox 1362 2057 1653 2127; x_wconf 78' lang='grc' dir='ltr'>λογίζεται,</span> <span class='ocrx_word' id='word_1_270' title='bbox 1709 2060 1845 2114; x_wconf 82' lang='grc' dir='ltr'><strong>ἀλλά</strong></span> 
     </span>
    </p>
   </div>
   <div class='ocr_carea' id='block_1_38' title="bbox 279 2140 458 2199">
    <p class='ocr_par' dir='ltr' id='par_1_38' title="bbox 279 2140 458 2199">
     <span class='ocr_line' id='line_1_38' title="bbox 279 2140 458 2199; baseline -0.011 -5"><span class='ocrx_word' id='word_1_271' title='bbox 279 2140 458 2199; x_wconf 75' lang='grc' dir='ltr'>νόθον,</span> 
     </span>
    </p>
   </div>
   <div class='ocr_carea' id='block_1_39' title="bbox 1950 1946 3514 2025">
    <p class='ocr_par' dir='ltr' id='par_1_39' title="bbox 1950 1946 3514 2025">
     <span class='ocr_line' id='line_1_39' title="bbox 1950 1946 3514 2025; baseline -0.002 -13"><span class='ocrx_word' id='word_1_272' title='bbox 1950 1967 2128 2012; x_wconf 87' lang='lat' dir='ltr'><strong>autem</strong></span> <span class='ocrx_word' id='word_1_273' title='bbox 2158 1958 2279 2011; x_wconf 89' lang='lat' dir='ltr'><strong>novi</strong></span> <span class='ocrx_word' id='word_1_274' title='bbox 2309 1946 2522 2025; x_wconf 86' lang='lat' dir='ltr'><strong>quoque</strong></span> <span class='ocrx_word' id='word_1_275' title='bbox 2564 1956 2893 2011; x_wconf 83' lang='lat' dir='ltr'><strong>Tcstamenti</strong></span> <span class='ocrx_word' id='word_1_276' title='bbox 2940 1958 3104 2011; x_wconf 87' lang='lat' dir='ltr'><strong>libros</strong></span> <span class='ocrx_word' id='word_1_277' title='bbox 3146 1966 3514 2011; x_wconf 86' lang='lat' dir='ltr'><strong>enumerasset</strong></span> 
     </span>
    </p>
   </div>
   <div class='ocr_carea' id='block_1_40' title="bbox 1958 2048 3519 2120">
    <p class='ocr_par' dir='ltr' id='par_1_40' title="bbox 1958 2048 3519 2120">
     <span class='ocr_line' id='line_1_40' title="bbox 1958 2048 3519 2120; baseline -0.003 -14"><span class='ocrx_word' id='word_1_278' title='bbox 1958 2060 2199 2112; x_wconf 84' lang='lat' dir='ltr'><strong>sanctus,</strong></span> <span class='ocrx_word' id='word_1_279' title='bbox 2254 2049 2530 2117; x_wconf 77' lang='lat' dir='ltr'><strong>subjunxit</strong></span> <span class='ocrx_word' id='word_1_280' title='bbox 2561 2065 2574 2100; x_wconf 90' lang='lat'><strong>:</strong></span> <span class='ocrx_word' id='word_1_281' title='bbox 2607 2049 2758 2115; x_wconf 85' lang='lat' dir='ltr'><strong>Quod</strong></span> <span class='ocrx_word' id='word_1_282' title='bbox 2808 2048 2853 2103; x_wconf 90' lang='lat' dir='ltr'><strong>si</strong></span> <span class='ocrx_word' id='word_1_283' title='bbox 2880 2050 3001 2120; x_wconf 82' lang='lat' dir='ltr'><strong>quis</strong></span> <span class='ocrx_word' id='word_1_284' title='bbox 3042 2058 3144 2111; x_wconf 77' lang='lat' dir='ltr'><strong>esr,</strong></span> <span class='ocrx_word' id='word_1_285' title='bbox 3190 2056 3381 2116; x_wconf 66' lang='lat' dir='ltr'><strong>prseter</strong></span> <span class='ocrx_word' id='word_1_286' title='bbox 3426 2061 3519 2101; x_wconf 87' lang='lat' dir='ltr'><strong>eos</strong></span> 
     </span>
    </p>
   </div>
   <div class='ocr_carea' id='block_1_41' title="bbox 1951 2137 3517 2209">
    <p class='ocr_par' dir='ltr' id='par_1_41' title="bbox 1951 2137 3517 2209">
     <span class='ocr_line' id='line_1_41' title="bbox 1951 2137 3517 2209; baseline 0 -15"><span class='ocrx_word' id='word_1_287' title='bbox 1951 2142 2039 2209; x_wconf 92' lang='lat' dir='ltr'><strong>qui</strong></span> <span class='ocrx_word' id='word_1_288' title='bbox 2067 2148 2190 2195; x_wconf 89' lang='lat' dir='ltr'><strong>sunt</strong></span> <span class='ocrx_word' id='word_1_289' title='bbox 2213 2141 2539 2205; x_wconf 88' lang='lat' dir='ltr'><strong>enumerati,</strong></span> <span class='ocrx_word' id='word_1_290' title='bbox 2581 2154 2685 2194; x_wconf 88' lang='lat' dir='ltr'><strong>non</strong></span> <span class='ocrx_word' id='word_1_291' title='bbox 2722 2140 3060 2194; x_wconf 78' lang='lat' dir='ltr'><strong>existimetur</strong></span> <span class='ocrx_word' id='word_1_292' title='bbox 3092 2153 3401 2209; x_wconf 70' lang='lat' dir='ltr'><strong>germanus,</strong></span> <span class='ocrx_word' id='word_1_293' title='bbox 3424 2137 3517 2194; x_wconf 70' lang='lat' dir='ltr'><strong>sed</strong></span> 
     </span>
    </p>
   </div>
   <div class='ocr_carea' id='block_1_42' title="bbox 1956 2230 2311 2286">
    <p class='ocr_par' dir='ltr' id='par_1_42' title="bbox 1956 2230 2311 2286">
     <span class='ocr_line' id='line_1_42' title="bbox 1956 2230 2311 2286; baseline 0.003 -2"><span class='ocrx_word' id='word_1_294' title='bbox 1956 2230 2311 2286; x_wconf 87' lang='lat' dir='ltr'><strong>adulterinus.</strong></span> 
     </span>
    </p>
   </div>
   <div class='ocr_carea' id='block_1_43' title="bbox 294 2422 3494 2466">
    <p class='ocr_par' dir='ltr' id='par_1_43' title="bbox 294 2422 3494 2466">
     <span class='ocr_line' id='line_1_43' title="bbox 294 2422 3494 2466; baseline 0.001 -5"><span class='ocrx_word' id='word_1_295' title='bbox 294 2422 3494 2466; x_wconf 50' lang='lat' dir='ltr'><strong>m</strong></span> 
     </span>
    </p>
   </div>
   <div class='ocr_carea' id='block_1_44' title="bbox 1191 2573 2621 2666">
    <p class='ocr_par' dir='ltr' id='par_1_44' title="bbox 1191 2573 2621 2666">
     <span class='ocr_line' id='line_1_44' title="bbox 1191 2573 2621 2666; baseline 0.001 -5"><span class='ocrx_word' id='word_1_296' title='bbox 1191 2577 1421 2663; x_wconf 88' lang='grc' dir='ltr'><strong>ΤΟΥ</strong></span> <span class='ocrx_word' id='word_1_297' title='bbox 1499 2576 1838 2665; x_wconf 87' lang='grc' dir='ltr'>ΑΙἸΟΥ</span> <span class='ocrx_word' id='word_1_298' title='bbox 1901 2573 2621 2666; x_wconf 85' lang='grc' dir='ltr'><strong>ΑΜΦΙΛΟΧΙΟΥ</strong></span> 
     </span>
    </p>
   </div>
   <div class='ocr_carea' id='block_1_45' title="bbox 1695 2765 2092 2818">
    <p class='ocr_par' dir='ltr' id='par_1_45' title="bbox 1695 2765 2092 2818">
     <span class='ocr_line' id='line_1_45' title="bbox 1695 2765 2092 2818; baseline 0.003 -1"><span class='ocrx_word' id='word_1_299' title='bbox 1695 2765 2092 2818; x_wconf 81' lang='grc' dir='ltr'><strong>ΕΠΙΣΚΟΠΟΥ</strong></span> 
     </span>
    </p>
   </div>
   <div class='ocr_carea' id='block_1_46' title="bbox 704 2922 3098 2994">
    <p class='ocr_par' dir='ltr' id='par_1_46' title="bbox 704 2922 3098 2994">
     <span class='ocr_line' id='line_1_46' title="bbox 704 2922 3098 2994; baseline -0.001 -16"><span class='ocrx_word' id='word_1_300' title='bbox 704 2926 805 2979; x_wconf 67' lang='grc' dir='ltr'><strong>ΒΚ</strong></span> <span class='ocrx_word' id='word_1_301' title='bbox 845 2925 1209 2994; x_wconf 73' lang='grc' dir='ltr'><strong>ΤΩΝ,1Π³ΟΣ</strong></span> <span class='ocrx_word' id='word_1_302' title='bbox 1246 2927 1636 2983; x_wconf 75' lang='grc' dir='ltr'><strong>ΣΕΛΕΥΚΟΝ</strong></span> <span class='ocrx_word' id='word_1_303' title='bbox 1658 2926 1941 2983; x_wconf 77' lang='grc' dir='ltr'><strong>ΙΔΜΒΩΝ</strong></span> <span class='ocrx_word' id='word_1_304' title='bbox 1977 2931 2161 2983; x_wconf 86' lang='grc' dir='ltr'><strong>ΠΕΡΙ</strong></span> <span class='ocrx_word' id='word_1_305' title='bbox 2222 2932 2357 2983; x_wconf 77' lang='grc' dir='ltr'><strong>ΤΗΣ</strong></span> <span class='ocrx_word' id='word_1_306' title='bbox 2384 2930 2615 2983; x_wconf 77' lang='grc' dir='ltr'><strong>ΑΥΤΙΙΣ</strong></span> <span class='ocrx_word' id='word_1_307' title='bbox 2657 2922 3098 2979; x_wconf 78' lang='grc' dir='ltr'><strong>ΥΠΟΘΕΣΕΩΣ.</strong></span> 
     </span>
    </p>
   </div>
   <div class='ocr_carea' id='block_1_47' title="bbox 1854 3081 1889 3102">
    <p class='ocr_par' dir='ltr' id='par_1_47' title="bbox 1854 3081 1889 3102">
     <span class='ocr_line' id='line_1_47' title="bbox 1854 3081 1889 3102; baseline 0 0"><span class='ocrx_word' id='word_1_308' title='bbox 1854 3081 1889 3102; x_wconf 63' lang='grc' dir='ltr'><em>υ</em></span> 
     </span>
    </p>
   </div>
   <div class='ocr_carea' id='block_1_48' title="bbox 1256 3208 2553 3300">
    <p class='ocr_par' dir='ltr' id='par_1_48' title="bbox 1256 3208 2553 3300">
     <span class='ocr_line' id='line_1_48' title="bbox 1256 3208 2553 3300; baseline 0 -1"><span class='ocrx_word' id='word_1_309' title='bbox 1256 3210 1663 3300; x_wconf 82' lang='lat' dir='ltr'><strong>SANCTI</strong></span> <span class='ocrx_word' id='word_1_310' title='bbox 1754 3208 2553 3299; x_wconf 85' lang='lat' dir='ltr'><strong>AMPHILOCHII</strong></span> 
     </span>
    </p>
   </div>
   <div class='ocr_carea' id='block_1_49' title="bbox 1750 3384 2058 3441">
    <p class='ocr_par' dir='ltr' id='par_1_49' title="bbox 1750 3384 2058 3441">
     <span class='ocr_line' id='line_1_49' title="bbox 1750 3384 2058 3441; baseline -0.003 -1"><span class='ocrx_word' id='word_1_311' title='bbox 1750 3384 2058 3441; x_wconf 82' lang='lat' dir='ltr'><strong>EPISCOPI</strong></span> 
     </span>
    </p>
   </div>
   <div class='ocr_carea' id='block_1_50' title="bbox 800 3518 3005 3583">
    <p class='ocr_par' dir='ltr' id='par_1_50' title="bbox 800 3518 3005 3583">
     <span class='ocr_line' id='line_1_50' title="bbox 800 3518 3005 3583; baseline -0.001 -3"><span class='ocrx_word' id='word_1_312' title='bbox 800 3520 918 3580; x_wconf 81' lang='lat' dir='ltr'><em>EX</em></span> <span class='ocrx_word' id='word_1_313' title='bbox 957 3520 1262 3582; x_wconf 82' lang='lat' dir='ltr'><strong>IAMBIS</strong></span> <span class='ocrx_word' id='word_1_314' title='bbox 1304 3521 1418 3582; x_wconf 83' lang='lat' dir='ltr'><strong>AD</strong></span> <span class='ocrx_word' id='word_1_315' title='bbox 1464 3520 1915 3582; x_wconf 85' lang='lat' dir='ltr'><strong>SELEUCUM</strong></span> <span class='ocrx_word' id='word_1_316' title='bbox 1954 3519 2065 3579; x_wconf 86' lang='lat' dir='ltr'><strong>DE</strong></span> <span class='ocrx_word' id='word_1_317' title='bbox 2115 3520 2420 3583; x_wconf 81' lang='lat' dir='ltr'><strong>EODEM</strong></span> <span class='ocrx_word' id='word_1_318' title='bbox 2454 3518 3005 3582; x_wconf 82' lang='lat' dir='ltr'><strong>ARGUMENTO.</strong></span> 
     </span>
    </p>
   </div>
   <div class='ocr_carea' id='block_1_51' title="bbox 356 3798 1607 3872">
    <p class='ocr_par' dir='ltr' id='par_1_51' title="bbox 356 3798 1607 3872">
     <span class='ocr_line' id='line_1_51' title="bbox 356 3798 1607 3872; baseline -0.003 -16"><span class='ocrx_word' id='word_1_319' title='bbox 356 3802 503 3872; x_wconf 78' lang='grc' dir='ltr'>Πλὴν</span> <span class='ocrx_word' id='word_1_320' title='bbox 532 3801 647 3857; x_wconf 84' lang='grc' dir='ltr'>ἀλλ’</span> <span class='ocrx_word' id='word_1_321' title='bbox 681 3802 854 3855; x_wconf 76' lang='grc' dir='ltr'>ἐκεῖνο</span> <span class='ocrx_word' id='word_1_322' title='bbox 885 3799 1219 3872; x_wconf 80' lang='grc' dir='ltr'>προσμαθεῖν</span> <span class='ocrx_word' id='word_1_323' title='bbox 1249 3798 1489 3870; x_wconf 89' lang='grc' dir='ltr'>μάλιστά</span> <span class='ocrx_word' id='word_1_324' title='bbox 1525 3816 1607 3853; x_wconf 85' lang='grc' dir='ltr'><strong>σοι</strong></span> 
     </span>
    </p>
   </div>
   <div class='ocr_carea' id='block_1_52' title="bbox 283 3892 1473 3965">
    <p class='ocr_par' dir='ltr' id='par_1_52' title="bbox 283 3892 1473 3965">
     <span class='ocr_line' id='line_1_52' title="bbox 283 3892 1473 3965; baseline -0.001 -20"><span class='ocrx_word' id='word_1_325' title='bbox 283 3895 570 3965; x_wconf 78' lang='grc' dir='ltr'>Προσῆκον</span> <span class='ocrx_word' id='word_1_326' title='bbox 591 3910 604 3925; x_wconf 88' lang='grc'><strong>·</strong></span> <span class='ocrx_word' id='word_1_327' title='bbox 632 3894 733 3965; x_wconf 80' lang='grc' dir='ltr'>οὐχ</span> <span class='ocrx_word' id='word_1_328' title='bbox 769 3892 957 3949; x_wconf 76' lang='grc' dir='ltr'>ἀπασα</span> <span class='ocrx_word' id='word_1_329' title='bbox 991 3892 1170 3964; x_wconf 87' lang='grc' dir='ltr'>βίϐλος</span> <span class='ocrx_word' id='word_1_330' title='bbox 1205 3892 1473 3962; x_wconf 78' lang='grc' dir='ltr'>ἀσφαλὴς,</span> 
     </span>
    </p>
   </div>
   <div class='ocr_carea' id='block_1_53' title="bbox 294 3984 1540 4057">
    <p class='ocr_par' dir='ltr' id='par_1_53' title="bbox 294 3984 1540 4057">
     <span class='ocr_line' id='line_1_53' title="bbox 294 3984 1540 4057; baseline 0.001 -19"><span class='ocrx_word' id='word_1_331' title='bbox 294 3985 363 4038; x_wconf 83' lang='grc' dir='ltr'><strong>Ἦ</strong></span> <span class='ocrx_word' id='word_1_332' title='bbox 392 3987 588 4057; x_wconf 75' lang='grc' dir='ltr'>σεμνὸν</span> <span class='ocrx_word' id='word_1_333' title='bbox 612 3985 784 4056; x_wconf 69' lang='grc' dir='ltr'>δνομα</span> <span class='ocrx_word' id='word_1_334' title='bbox 812 3986 910 4055; x_wconf 84' lang='grc' dir='ltr'><strong>τῆς</strong></span> <span class='ocrx_word' id='word_1_335' title='bbox 943 3986 1167 4056; x_wconf 72' lang='grc' dir='ltr'>Γραφῆς</span> <span class='ocrx_word' id='word_1_336' title='bbox 1199 3984 1540 4055; x_wconf 73' lang='grc' dir='ltr'><strong>κεκτημένη.</strong></span> 
     </span>
    </p>
   </div>
   <div class='ocr_carea' id='block_1_54' title="bbox 284 4075 1399 4148">
    <p class='ocr_par' dir='ltr' id='par_1_54' title="bbox 284 4075 1399 4148">
     <span class='ocr_line' id='line_1_54' title="bbox 284 4075 1399 4148; baseline -0.002 -17"><span class='ocrx_word' id='word_1_337' title='bbox 284 4076 443 4131; x_wconf 78' lang='grc' dir='ltr'>Είσὶν</span> <span class='ocrx_word' id='word_1_338' title='bbox 472 4076 601 4148; x_wconf 81' lang='grc' dir='ltr'>γὰρ,</span> <span class='ocrx_word' id='word_1_339' title='bbox 636 4078 773 4130; x_wconf 81' lang='grc' dir='ltr'>είσὶν</span> <span class='ocrx_word' id='word_1_340' title='bbox 802 4077 914 4130; x_wconf 68' lang='grc' dir='ltr'>ἔσθ’</span> <span class='ocrx_word' id='word_1_341' title='bbox 945 4077 1031 4130; x_wconf 81' lang='grc' dir='ltr'>ὅτε</span> <span class='ocrx_word' id='word_1_342' title='bbox 1061 4075 1399 4145; x_wconf 75' lang='grc' dir='ltr'><strong>ψευδώνυμοι</strong></span> 
     </span>
    </p>
   </div>
   <div class='ocr_carea' id='block_1_55' title="bbox 282 4166 1507 4237">
    <p class='ocr_par' dir='ltr' id='par_1_55' title="bbox 282 4166 1507 4237">
     <span class='ocr_line' id='line_1_55' title="bbox 282 4166 1507 4237; baseline -0.002 -15"><span class='ocrx_word' id='word_1_343' title='bbox 282 4169 472 4223; x_wconf 86' lang='grc' dir='ltr'>Βίϐλοι</span> <span class='ocrx_word' id='word_1_344' title='bbox 498 4184 511 4198; x_wconf 92' lang='grc'><strong>·</strong></span> <span class='ocrx_word' id='word_1_345' title='bbox 537 4167 683 4230; x_wconf 60' lang='grc' dir='ltr'>τινες</span> <span class='ocrx_word' id='word_1_346' title='bbox 710 4167 809 4237; x_wconf 65' lang='grc' dir='ltr'><strong>μιν</strong></span> <span class='ocrx_word' id='word_1_347' title='bbox 840 4167 1094 4237; x_wconf 79' lang='grc' dir='ltr'>ῑμμεσοι,</span> <span class='ocrx_word' id='word_1_348' title='bbox 1123 4166 1214 4219; x_wconf 76' lang='grc' dir='ltr'><strong>καὶ</strong></span> <span class='ocrx_word' id='word_1_349' title='bbox 1244 4166 1507 4233; x_wconf 75' lang='grc' dir='ltr'>γείτονες,</span> 
     </span>
    </p>
   </div>
   <div class='ocr_carea' id='block_1_56' title="bbox 293 4258 1472 4328">
    <p class='ocr_par' dir='ltr' id='par_1_56' title="bbox 293 4258 1472 4328">
     <span class='ocr_line' id='line_1_56' title="bbox 293 4258 1472 4328; baseline -0.003 -14"><span class='ocrx_word' id='word_1_350' title='bbox 293 4260 388 4324; x_wconf 83' lang='grc' dir='ltr'>Ὠς</span> <span class='ocrx_word' id='word_1_351' title='bbox 420 4262 487 4315; x_wconf 84' lang='grc' dir='ltr'><strong>ἀν</strong></span> <span class='ocrx_word' id='word_1_352' title='bbox 519 4277 601 4324; x_wconf 89' lang='grc' dir='ltr'><strong>τις</strong></span> <span class='ocrx_word' id='word_1_353' title='bbox 634 4260 801 4323; x_wconf 84' lang='grc' dir='ltr'>ιίποι,</span> <span class='ocrx_word' id='word_1_354' title='bbox 830 4259 942 4311; x_wconf 86' lang='grc' dir='ltr'><strong>τῶν</strong></span> <span class='ocrx_word' id='word_1_355' title='bbox 972 4258 1231 4328; x_wconf 85' lang='grc' dir='ltr'>ἀληθείας</span> <span class='ocrx_word' id='word_1_356' title='bbox 1253 4259 1431 4327; x_wconf 84' lang='grc' dir='ltr'>λόγων</span> <span class='ocrx_word' id='word_1_357' title='bbox 1458 4275 1472 4289; x_wconf 74' lang='grc'><strong><em>⁸</em></strong></span> 
     </span>
    </p>
   </div>
   <div class='ocr_carea' id='block_1_57' title="bbox 282 4350 1447 4417">
    <p class='ocr_par' dir='ltr' id='par_1_57' title="bbox 282 4350 1447 4417">
     <span class='ocr_line' id='line_1_57' title="bbox 282 4350 1447 4417; baseline -0.003 -11"><span class='ocrx_word' id='word_1_358' title='bbox 282 4354 351 4407; x_wconf 76' lang='grc' dir='ltr'>Δί</span> <span class='ocrx_word' id='word_1_359' title='bbox 383 4353 426 4405; x_wconf 76' lang='grc' dir='ltr'><strong>δ’</strong></span> <span class='ocrx_word' id='word_1_360' title='bbox 454 4351 525 4405; x_wconf 75' lang='grc' dir='ltr'>αὖ</span> <span class='ocrx_word' id='word_1_361' title='bbox 558 4350 699 4404; x_wconf 83' lang='grc' dir='ltr'>νόθοι</span> <span class='ocrx_word' id='word_1_362' title='bbox 734 4368 794 4404; x_wconf 81' lang='grc' dir='ltr'><strong>τι</strong></span> <span class='ocrx_word' id='word_1_363' title='bbox 829 4354 923 4404; x_wconf 74' lang='grc' dir='ltr'><strong>καὶ</strong></span> <span class='ocrx_word' id='word_1_364' title='bbox 952 4350 1069 4405; x_wconf 91' lang='grc' dir='ltr'>λίαν</span> <span class='ocrx_word' id='word_1_365' title='bbox 1103 4350 1447 4417; x_wconf 69' lang='grc' dir='ltr'>ἑπισφαλείς,</span> 
     </span>
    </p>
   </div>
   <div class='ocr_carea' id='block_1_58' title="bbox 300 4440 1366 4511">
    <p class='ocr_par' dir='ltr' id='par_1_58' title="bbox 300 4440 1366 4511">
     <span class='ocr_line' id='line_1_58' title="bbox 300 4440 1366 4511; baseline 0 -17"><span class='ocrx_word' id='word_1_366' title='bbox 300 4441 390 4503; x_wconf 80' lang='grc' dir='ltr'>Ὦς</span> <span class='ocrx_word' id='word_1_367' title='bbox 417 4443 722 4511; x_wconf 74' lang='grc' dir='ltr'>παράσημα</span> <span class='ocrx_word' id='word_1_368' title='bbox 748 4442 843 4494; x_wconf 75' lang='grc' dir='ltr'><strong>καὶ</strong></span> <span class='ocrx_word' id='word_1_369' title='bbox 867 4440 998 4493; x_wconf 86' lang='grc' dir='ltr'>νόθα</span> <span class='ocrx_word' id='word_1_370' title='bbox 1030 4441 1366 4510; x_wconf 89' lang='grc' dir='ltr'>νομίσματα,</span> 
     </span>
    </p>
   </div>
   <div class='ocr_carea' id='block_1_59' title="bbox 291 4531 1473 4602">
    <p class='ocr_par' dir='ltr' id='par_1_59' title="bbox 291 4531 1473 4602">
     <span class='ocr_line' id='line_1_59' title="bbox 291 4531 1473 4602; baseline -0.001 -17"><span class='ocrx_word' id='word_1_371' title='bbox 291 4535 362 4586; x_wconf 81' lang='grc' dir='ltr'><strong>Ἀ</strong></span> <span class='ocrx_word' id='word_1_372' title='bbox 393 4532 658 4602; x_wconf 67' lang='grc' dir='ltr'>βασιλέως</span> <span class='ocrx_word' id='word_1_373' title='bbox 688 4532 786 4602; x_wconf 69' lang='grc' dir='ltr'>μιν</span> <span class='ocrx_word' id='word_1_374' title='bbox 815 4532 914 4601; x_wconf 77' lang='grc' dir='ltr'>τὴν</span> <span class='ocrx_word' id='word_1_375' title='bbox 948 4531 1264 4602; x_wconf 72' lang='grc' dir='ltr'>ἐπιγραφὴν</span> <span class='ocrx_word' id='word_1_376' title='bbox 1296 4532 1473 4602; x_wconf 80' lang='grc' dir='ltr'>φέρει,</span> 
     </span>
    </p>
   </div>
   <div class='ocr_carea' id='block_1_60' title="bbox 287 4621 1473 4691">
    <p class='ocr_par' dir='ltr' id='par_1_60' title="bbox 287 4621 1473 4691">
     <span class='ocr_line' id='line_1_60' title="bbox 287 4621 1473 4691; baseline -0.001 -15"><span class='ocrx_word' id='word_1_377' title='bbox 287 4622 532 4690; x_wconf 80' lang='grc' dir='ltr'>Κίϐδηλα</span> <span class='ocrx_word' id='word_1_378' title='bbox 564 4621 609 4676; x_wconf 76' lang='grc' dir='ltr'><strong>δ’</strong></span> <span class='ocrx_word' id='word_1_379' title='bbox 648 4623 785 4687; x_wconf 64' lang='lat' dir='ltr'><strong>tori,</strong></span> <span class='ocrx_word' id='word_1_380' title='bbox 815 4623 932 4683; x_wconf 80' lang='grc' dir='ltr'>ταῖς</span> <span class='ocrx_word' id='word_1_381' title='bbox 972 4621 1124 4683; x_wconf 78' lang='grc' dir='ltr'>ὕλαις</span> <span class='ocrx_word' id='word_1_382' title='bbox 1154 4621 1473 4691; x_wconf 80' lang='grc' dir='ltr'>δολούμενα.</span> 
     </span>
    </p>
   </div>
   <div class='ocr_carea' id='block_1_61' title="bbox 287 4713 1512 4785">
    <p class='ocr_par' dir='ltr' id='par_1_61' title="bbox 287 4713 1512 4785">
     <span class='ocr_line' id='line_1_61' title="bbox 287 4713 1512 4785; baseline -0.003 -16"><span class='ocrx_word' id='word_1_383' title='bbox 287 4717 510 4770; x_wconf 76' lang='grc' dir='ltr'>Τούτων</span> <span class='ocrx_word' id='word_1_384' title='bbox 540 4714 701 4785; x_wconf 82' lang='grc' dir='ltr'>χάριν</span> <span class='ocrx_word' id='word_1_385' title='bbox 733 4731 815 4767; x_wconf 89' lang='grc' dir='ltr'><strong>σοι</strong></span> <span class='ocrx_word' id='word_1_386' title='bbox 854 4714 961 4767; x_wconf 84' lang='grc' dir='ltr'><strong>τῶν</strong></span> <span class='ocrx_word' id='word_1_387' title='bbox 995 4714 1375 4767; x_wconf 80' lang='grc' dir='ltr'>θεοπνεύστων</span> <span class='ocrx_word' id='word_1_388' title='bbox 1402 4713 1512 4784; x_wconf 66' lang='grc' dir='ltr'>ἐρῶ</span> 
     </span>
    </p>
   </div>
   <div class='ocr_carea' id='block_1_62' title="bbox 286 4802 1616 4877">
    <p class='ocr_par' dir='ltr' id='par_1_62' title="bbox 286 4802 1616 4877">
     <span class='ocr_line' id='line_1_62' title="bbox 286 4802 1616 4877; baseline -0.002 -18"><span class='ocrx_word' id='word_1_389' title='bbox 286 4806 496 4861; x_wconf 80' lang='grc' dir='ltr'>Βίϐλων</span> <span class='ocrx_word' id='word_1_390' title='bbox 529 4805 765 4873; x_wconf 69' lang='grc' dir='ltr'>ἑκάστην</span> <span class='ocrx_word' id='word_1_391' title='bbox 786 4819 799 4833; x_wconf 81' lang='grc'><strong>⁸</strong></span> <span class='ocrx_word' id='word_1_392' title='bbox 834 4803 910 4866; x_wconf 83' lang='grc' dir='ltr'><strong>ὡς</strong></span> <span class='ocrx_word' id='word_1_393' title='bbox 946 4803 990 4857; x_wconf 80' lang='grc' dir='ltr'><strong>δ’</strong></span> <span class='ocrx_word' id='word_1_394' title='bbox 1023 4804 1087 4858; x_wconf 81' lang='grc' dir='ltr'>ἂν</span> <span class='ocrx_word' id='word_1_395' title='bbox 1117 4804 1383 4874; x_wconf 84' lang='grc' dir='ltr'>εὐκρινῶς</span> <span class='ocrx_word' id='word_1_396' title='bbox 1417 4802 1616 4877; x_wconf 80' lang='grc' dir='ltr'>μάθῃς,</span> 
     </span>
    </p>
   </div>
   <div class='ocr_carea' id='block_1_63' title="bbox 287 4896 1483 4967">
    <p class='ocr_par' dir='ltr' id='par_1_63' title="bbox 287 4896 1483 4967">
     <span class='ocr_line' id='line_1_63' title="bbox 287 4896 1483 4967; baseline -0.002 -16"><span class='ocrx_word' id='word_1_397' title='bbox 287 4900 396 4960; x_wconf 77' lang='grc' dir='ltr'><strong>Τάς</strong></span> <span class='ocrx_word' id='word_1_398' title='bbox 427 4898 526 4966; x_wconf 71' lang='grc' dir='ltr'>τῆς</span> <span class='ocrx_word' id='word_1_399' title='bbox 553 4898 792 4961; x_wconf 73' lang='grc' dir='ltr'>Παλαιᾶς</span> <span class='ocrx_word' id='word_1_400' title='bbox 824 4897 1029 4966; x_wconf 20' lang='grc' dir='ltr'>πρῶτα,</span> <span class='ocrx_word' id='word_1_401' title='bbox 1048 4896 1325 4967; x_wconf 82' lang='grc' dir='ltr'>Διαθήκης</span> <span class='ocrx_word' id='word_1_402' title='bbox 1353 4897 1483 4964; x_wconf 72' lang='grc' dir='ltr'><strong>ἐρῶ.</strong></span> 
     </span>
    </p>
   </div>
   <div class='ocr_carea' id='block_1_64' title="bbox 371 4984 1613 5059">
    <p class='ocr_par' dir='ltr' id='par_1_64' title="bbox 371 4984 1613 5059">
     <span class='ocr_line' id='line_1_64' title="bbox 371 4984 1613 5059; baseline -0.003 -16"><span class='ocrx_word' id='word_1_403' title='bbox 371 4992 434 5043; x_wconf 80' lang='grc' dir='ltr'><strong>Ἦ</strong></span> <span class='ocrx_word' id='word_1_404' title='bbox 468 4990 835 5059; x_wconf 81' lang='grc' dir='ltr'>Πεντάτευχος</span> <span class='ocrx_word' id='word_1_405' title='bbox 865 4988 962 5059; x_wconf 77' lang='grc' dir='ltr'><strong>τὴν</strong></span> <span class='ocrx_word' id='word_1_406' title='bbox 997 4989 1212 5055; x_wconf 70' lang='grc' dir='ltr'>κτίσιν,</span> <span class='ocrx_word' id='word_1_407' title='bbox 1238 4984 1341 5040; x_wconf 78' lang='grc' dir='ltr'>εἶτ’</span> <span class='ocrx_word' id='word_1_408' title='bbox 1377 4987 1613 5053; x_wconf 80' lang='grc' dir='ltr'>Ἐξοδον,</span> 
     </span>
    </p>
   </div>
   <div class='ocr_carea' id='block_1_65' title="bbox 288 5079 1381 5150">
    <p class='ocr_par' dir='ltr' id='par_1_65' title="bbox 288 5079 1381 5150">
     <span class='ocr_line' id='line_1_65' title="bbox 288 5079 1381 5150; baseline -0.005 -14"><span class='ocrx_word' id='word_1_409' title='bbox 288 5082 575 5137; x_wconf 64' lang='grc' dir='ltr'><strong>Δευῖτικζν</strong></span> <span class='ocrx_word' id='word_1_410' title='bbox 611 5082 667 5133; x_wconf 68' lang='grc' dir='ltr'><strong>δὲ</strong></span> <span class='ocrx_word' id='word_1_411' title='bbox 697 5082 794 5149; x_wconf 82' lang='grc' dir='ltr'>τὴν</span> <span class='ocrx_word' id='word_1_412' title='bbox 831 5083 1000 5150; x_wconf 85' lang='grc' dir='ltr'>μέσην</span> <span class='ocrx_word' id='word_1_413' title='bbox 1036 5080 1149 5150; x_wconf 72' lang='grc' dir='ltr'>εχει</span> <span class='ocrx_word' id='word_1_414' title='bbox 1182 5079 1381 5149; x_wconf 84' lang='grc' dir='ltr'>βίϐλον,</span> 
     </span>
    </p>
   </div>
   <div class='ocr_carea' id='block_1_66' title="bbox 289 5170 1505 5244">
    <p class='ocr_par' dir='ltr' id='par_1_66' title="bbox 289 5170 1505 5244">
     <span class='ocr_line' id='line_1_66' title="bbox 289 5170 1505 5244; baseline -0.002 -16"><span class='ocrx_word' id='word_1_415' title='bbox 289 5176 427 5229; x_wconf 75' lang='grc' dir='ltr'>Μεθ’</span> <span class='ocrx_word' id='word_1_416' title='bbox 465 5176 532 5244; x_wconf 77' lang='grc' dir='ltr'>ἢν</span> <span class='ocrx_word' id='word_1_417' title='bbox 572 5173 885 5243; x_wconf 78' lang='grc' dir='ltr'>Ἀριθμοὺς,</span> <span class='ocrx_word' id='word_1_418' title='bbox 921 5170 1038 5226; x_wconf 83' lang='grc' dir='ltr'>εῐτα</span> <span class='ocrx_word' id='word_1_419' title='bbox 1066 5172 1505 5241; x_wconf 77' lang='grc' dir='ltr'>Δευτερονόμιον.</span> 
     </span>
    </p>
   </div>
   <div class='ocr_carea' id='block_1_67' title="bbox 288 5265 1645 5335">
    <p class='ocr_par' dir='ltr' id='par_1_67' title="bbox 288 5265 1645 5335">
     <span class='ocr_line' id='line_1_67' title="bbox 288 5265 1645 5335; baseline 0.003 -18"><span class='ocrx_word' id='word_1_420' title='bbox 288 5266 514 5329; x_wconf 68' lang='grc' dir='ltr'>Τούτοις</span> <span class='ocrx_word' id='word_1_421' title='bbox 558 5265 765 5332; x_wconf 79' lang='grc' dir='ltr'>Ἰησουν</span> <span class='ocrx_word' id='word_1_422' title='bbox 793 5265 1097 5332; x_wconf 75' lang='grc' dir='ltr'>προστίθει,</span> <span class='ocrx_word' id='word_1_423' title='bbox 1138 5268 1234 5319; x_wconf 84' lang='grc' dir='ltr'>κάὶ</span> <span class='ocrx_word' id='word_1_424' title='bbox 1260 5266 1385 5327; x_wconf 82' lang='grc' dir='ltr'>τοὺς</span> <span class='ocrx_word' id='word_1_425' title='bbox 1419 5268 1645 5335; x_wconf 82' lang='grc' dir='ltr'>Κριτάς.</span> 
     </span>
    </p>
   </div>
   <div class='ocr_carea' id='block_1_68' title="bbox 290 5356 1603 5427">
    <p class='ocr_par' dir='ltr' id='par_1_68' title="bbox 290 5356 1603 5427">
     <span class='ocr_line' id='line_1_68' title="bbox 290 5356 1603 5427; baseline 0 -18"><span class='ocrx_word' id='word_1_426' title='bbox 290 5358 525 5409; x_wconf 80' lang='grc' dir='ltr'>Ἔπειτα</span> <span class='ocrx_word' id='word_1_427' title='bbox 562 5358 662 5425; x_wconf 75' lang='grc' dir='ltr'>τὴν</span> <span class='ocrx_word' id='word_1_428' title='bbox 703 5356 884 5422; x_wconf 84' lang='grc' dir='ltr'>Ῥοὺθ,</span> <span class='ocrx_word' id='word_1_429' title='bbox 912 5356 1212 5409; x_wconf 78' lang='grc' dir='ltr'>Βασιλειῶν</span> <span class='ocrx_word' id='word_1_430' title='bbox 1241 5372 1300 5409; x_wconf 82' lang='grc' dir='ltr'><strong>τε</strong></span> <span class='ocrx_word' id='word_1_431' title='bbox 1330 5357 1603 5427; x_wconf 78' lang='grc' dir='ltr'>τέσσαρας</span> 
     </span>
    </p>
   </div>
   <div class='ocr_carea' id='block_1_69' title="bbox 286 5448 1583 5521">
    <p class='ocr_par' dir='ltr' id='par_1_69' title="bbox 286 5448 1583 5521">
     <span class='ocr_line' id='line_1_69' title="bbox 286 5448 1583 5521; baseline -0.002 -19"><span class='ocrx_word' id='word_1_432' title='bbox 286 5449 537 5514; x_wconf 79' lang='grc' dir='ltr'>Βίϐλους,</span> <span class='ocrx_word' id='word_1_433' title='bbox 568 5449 1063 5521; x_wconf 72' lang='grc' dir='ltr'>Παραλειπομένων</span> <span class='ocrx_word' id='word_1_434' title='bbox 1102 5448 1159 5502; x_wconf 68' lang='grc' dir='ltr'><strong>δέ</strong></span> <span class='ocrx_word' id='word_1_435' title='bbox 1187 5465 1249 5510; x_wconf 73' lang='grc' dir='ltr'>γε</span> <span class='ocrx_word' id='word_1_436' title='bbox 1277 5448 1547 5517; x_wconf 77' lang='grc' dir='ltr'>ξυνωρίδα</span> <span class='ocrx_word' id='word_1_437' title='bbox 1570 5463 1583 5477; x_wconf 85' lang='lat'><strong><em>°</em></strong></span> 
     </span>
    </p>
   </div>
   <div class='ocr_carea' id='block_1_70' title="bbox 289 5535 1625 5611">
    <p class='ocr_par' dir='ltr' id='par_1_70' title="bbox 289 5535 1625 5611">
     <span class='ocr_line' id='line_1_70' title="bbox 289 5535 1625 5611; baseline -0.001 -19"><span class='ocrx_word' id='word_1_438' title='bbox 289 5541 525 5611; x_wconf 81' lang='grc' dir='ltr'>Ἔσδρας</span> <span class='ocrx_word' id='word_1_439' title='bbox 563 5543 649 5593; x_wconf 67' lang='grc' dir='ltr'><strong>ἐπ’</strong></span> <span class='ocrx_word' id='word_1_440' title='bbox 677 5541 867 5604; x_wconf 74' lang='grc' dir='ltr'>αὑταῖς</span> <span class='ocrx_word' id='word_1_441' title='bbox 895 5540 1132 5611; x_wconf 84' lang='grc' dir='ltr'>πρῶτος,</span> <span class='ocrx_word' id='word_1_442' title='bbox 1168 5535 1267 5593; x_wconf 75' lang='grc' dir='ltr'>εἷθ’</span> <span class='ocrx_word' id='word_1_443' title='bbox 1301 5540 1329 5591; x_wconf 79' lang='grc' dir='ltr'><strong>ὁ</strong></span> <span class='ocrx_word' id='word_1_444' title='bbox 1354 5540 1625 5610; x_wconf 76' lang='grc' dir='ltr'>δεύτερος,</span> 
     </span>
    </p>
   </div>
   <div class='ocr_carea' id='block_1_71' title="bbox 302 5631 1505 5703">
    <p class='ocr_par' dir='ltr' id='par_1_71' title="bbox 302 5631 1505 5703">
     <span class='ocr_line' id='line_1_71' title="bbox 302 5631 1505 5703; baseline 0.001 -19"><span class='ocrx_word' id='word_1_445' title='bbox 302 5631 461 5701; x_wconf 73' lang='grc' dir='ltr'>Ἑξῆς</span> <span class='ocrx_word' id='word_1_446' title='bbox 494 5635 753 5703; x_wconf 80' lang='grc' dir='ltr'>στιχηράς</span> <span class='ocrx_word' id='word_1_447' title='bbox 792 5636 954 5687; x_wconf 74' lang='grc' dir='ltr'>πέντε</span> <span class='ocrx_word' id='word_1_448' title='bbox 990 5650 1076 5687; x_wconf 89' lang='grc' dir='ltr'><strong>σοι</strong></span> <span class='ocrx_word' id='word_1_449' title='bbox 1102 5632 1315 5703; x_wconf 88' lang='grc' dir='ltr'>βίϐλους</span> <span class='ocrx_word' id='word_1_450' title='bbox 1351 5632 1463 5701; x_wconf 67' lang='grc' dir='ltr'><strong>ἐρῶ</strong></span> <span class='ocrx_word' id='word_1_451' title='bbox 1493 5650 1505 5663; x_wconf 88' lang='grc'>·</span> 
     </span>
    </p>
   </div>
   <div class='ocr_carea' id='block_1_72' title="bbox 286 5725 1518 5795">
    <p class='ocr_par' dir='ltr' id='par_1_72' title="bbox 286 5725 1518 5795">
     <span class='ocr_line' id='line_1_72' title="bbox 286 5725 1518 5795; baseline 0.002 -17"><span class='ocrx_word' id='word_1_452' title='bbox 286 5726 616 5795; x_wconf 45' lang='lat' dir='ltr'><strong>instillato;</strong></span> <span class='ocrx_word' id='word_1_453' title='bbox 649 5729 831 5793; x_wconf 79' lang='grc' dir='ltr'>ἀθλοις</span> <span class='ocrx_word' id='word_1_454' title='bbox 865 5728 1123 5783; x_wconf 73' lang='grc' dir='ltr'>ποικίλων</span> <span class='ocrx_word' id='word_1_455' title='bbox 1149 5728 1336 5782; x_wconf 82' lang='grc' dir='ltr'>παθῶν</span> <span class='ocrx_word' id='word_1_456' title='bbox 1376 5725 1518 5794; x_wconf 75' lang='grc' dir='ltr'>Ἰὼϐ,</span> 
     </span>
    </p>
   </div>
   <div class='ocr_carea' id='block_1_73' title="bbox 1883 3802 3134 3870">
    <p class='ocr_par' dir='ltr' id='par_1_73' title="bbox 1883 3802 3134 3870">
     <span class='ocr_line' id='line_1_73' title="bbox 1883 3802 3134 3870; baseline 0.004 -16"><span class='ocrx_word' id='word_1_457' title='bbox 1883 3811 1926 3870; x_wconf 81' lang='lat' dir='ltr'>c</span> <span class='ocrx_word' id='word_1_458' title='bbox 2028 3803 2127 3857; x_wconf 79' lang='lat' dir='ltr'><strong>Ast</strong></span> <span class='ocrx_word' id='word_1_459' title='bbox 2163 3802 2291 3858; x_wconf 90' lang='lat' dir='ltr'><strong>illud</strong></span> <span class='ocrx_word' id='word_1_460' title='bbox 2322 3804 2485 3859; x_wconf 88' lang='lat' dir='ltr'><strong>etiam</strong></span> <span class='ocrx_word' id='word_1_461' title='bbox 2518 3804 2770 3858; x_wconf 89' lang='lat' dir='ltr'><strong>convenit</strong></span> <span class='ocrx_word' id='word_1_462' title='bbox 2800 3814 2851 3859; x_wconf 91' lang='lat' dir='ltr'><strong>te</strong></span> <span class='ocrx_word' id='word_1_463' title='bbox 2879 3804 3089 3860; x_wconf 87' lang='lat' dir='ltr'><strong>discere</strong></span> <span class='ocrx_word' id='word_1_464' title='bbox 3121 3821 3134 3859; x_wconf 88' lang='lat'><strong>:</strong></span> 
     </span>
    </p>
   </div>
   <div class='ocr_carea' id='block_1_74' title="bbox 1960 3890 3110 3961">
    <p class='ocr_par' dir='ltr' id='par_1_74' title="bbox 1960 3890 3110 3961">
     <span class='ocr_line' id='line_1_74' title="bbox 1960 3890 3110 3961; baseline 0.004 -16"><span class='ocrx_word' id='word_1_465' title='bbox 1960 3890 2075 3946; x_wconf 84' lang='lat' dir='ltr'><strong>Non</strong></span> <span class='ocrx_word' id='word_1_466' title='bbox 2104 3902 2253 3948; x_wconf 88' lang='lat' dir='ltr'><strong>tutus</strong></span> <span class='ocrx_word' id='word_1_467' title='bbox 2280 3894 2460 3949; x_wconf 90' lang='lat' dir='ltr'><strong>omnis</strong></span> <span class='ocrx_word' id='word_1_468' title='bbox 2493 3904 2577 3950; x_wconf 90' lang='lat' dir='ltr'><strong>est</strong></span> <span class='ocrx_word' id='word_1_469' title='bbox 2608 3896 2763 3961; x_wconf 90' lang='lat' dir='ltr'><strong>liber,</strong></span> <span class='ocrx_word' id='word_1_470' title='bbox 2790 3898 2931 3951; x_wconf 85' lang='lat' dir='ltr'><strong>sacri</strong></span> <span class='ocrx_word' id='word_1_471' title='bbox 2963 3895 3110 3951; x_wconf 89' lang='lat' dir='ltr'><strong>Libri</strong></span> 
     </span>
    </p>
   </div>
   <div class='ocr_carea' id='block_1_75' title="bbox 1960 3984 3234 4060">
    <p class='ocr_par' dir='ltr' id='par_1_75' title="bbox 1960 3984 3234 4060">
     <span class='ocr_line' id='line_1_75' title="bbox 1960 3984 3234 4060; baseline 0.005 -21"><span class='ocrx_word' id='word_1_472' title='bbox 1960 3984 2017 4039; x_wconf 87' lang='lat' dir='ltr'><strong>in</strong></span> <span class='ocrx_word' id='word_1_473' title='bbox 2045 3984 2217 4040; x_wconf 76' lang='lat' dir='ltr'><strong>fronte</strong></span> <span class='ocrx_word' id='word_1_474' title='bbox 2244 4001 2438 4041; x_wconf 90' lang='lat' dir='ltr'><strong>nomen</strong></span> <span class='ocrx_word' id='word_1_475' title='bbox 2465 3988 2715 4056; x_wconf 85' lang='lat' dir='ltr'><strong>quisquis</strong></span> <span class='ocrx_word' id='word_1_476' title='bbox 2752 3998 3044 4057; x_wconf 73' lang='lat' dir='ltr'><strong>augustum</strong></span> <span class='ocrx_word' id='word_1_477' title='bbox 3081 3990 3234 4060; x_wconf 74' lang='lat' dir='ltr'><strong>gerit.</strong></span> 
     </span>
    </p>
   </div>
   <div class='ocr_carea' id='block_1_76' title="bbox 1962 4073 3379 4149">
    <p class='ocr_par' dir='ltr' id='par_1_76' title="bbox 1962 4073 3379 4149">
     <span class='ocr_line' id='line_1_76' title="bbox 1962 4073 3379 4149; baseline 0.008 -21"><span class='ocrx_word' id='word_1_478' title='bbox 1962 4073 2103 4129; x_wconf 89' lang='lat' dir='ltr'><strong>Sunt</strong></span> <span class='ocrx_word' id='word_1_479' title='bbox 2129 4090 2381 4146; x_wconf 84' lang='lat' dir='ltr'><strong>namque,</strong></span> <span class='ocrx_word' id='word_1_480' title='bbox 2407 4076 2604 4132; x_wconf 82' lang='lat' dir='ltr'><strong>falsum</strong></span> <span class='ocrx_word' id='word_1_481' title='bbox 2633 4080 2725 4148; x_wconf 91' lang='lat' dir='ltr'><strong>qui</strong></span> <span class='ocrx_word' id='word_1_482' title='bbox 2762 4090 2955 4149; x_wconf 69' lang='lat' dir='ltr'><strong>gerant</strong></span> <span class='ocrx_word' id='word_1_483' title='bbox 2984 4097 3202 4149; x_wconf 88' lang='lat' dir='ltr'><strong>nomen,</strong></span> <span class='ocrx_word' id='word_1_484' title='bbox 3242 4084 3379 4142; x_wconf 88' lang='lat' dir='ltr'><strong>libri.</strong></span> 
     </span>
    </p>
   </div>
   <div class='ocr_carea' id='block_1_77' title="bbox 1963 4164 3321 4241">
    <p class='ocr_par' dir='ltr' id='par_1_77' title="bbox 1963 4164 3321 4241">
     <span class='ocr_line' id='line_1_77' title="bbox 1963 4164 3321 4241; baseline 0.004 -23"><span class='ocrx_word' id='word_1_485' title='bbox 1963 4164 2103 4220; x_wconf 91' lang='lat' dir='ltr'><strong>Sunt</strong></span> <span class='ocrx_word' id='word_1_486' title='bbox 2130 4166 2319 4232; x_wconf 87' lang='lat' dir='ltr'><strong>medii,</strong></span> <span class='ocrx_word' id='word_1_487' title='bbox 2348 4169 2416 4224; x_wconf 88' lang='lat' dir='ltr'><strong>ab</strong></span> <span class='ocrx_word' id='word_1_488' title='bbox 2446 4169 2553 4224; x_wconf 89' lang='lat' dir='ltr'><strong>illis</strong></span> <span class='ocrx_word' id='word_1_489' title='bbox 2584 4170 2761 4223; x_wconf 86' lang='lat' dir='ltr'><strong>dissiti</strong></span> <span class='ocrx_word' id='word_1_490' title='bbox 2788 4172 2930 4224; x_wconf 84' lang='lat' dir='ltr'><strong>haud</strong></span> <span class='ocrx_word' id='word_1_491' title='bbox 2957 4186 3085 4226; x_wconf 84' lang='lat' dir='ltr'><strong>sane</strong></span> <span class='ocrx_word' id='word_1_492' title='bbox 3115 4174 3321 4241; x_wconf 83' lang='lat' dir='ltr'><strong>procul,</strong></span> 
     </span>
    </p>
   </div>
   <div class='ocr_carea' id='block_1_78' title="bbox 1960 4256 3179 4329">
    <p class='ocr_par' dir='ltr' id='par_1_78' title="bbox 1960 4256 3179 4329">
     <span class='ocr_line' id='line_1_78' title="bbox 1960 4256 3179 4329; baseline 0.005 -20"><span class='ocrx_word' id='word_1_493' title='bbox 1960 4256 2108 4322; x_wconf 85' lang='lat' dir='ltr'><strong>Quos</strong></span> <span class='ocrx_word' id='word_1_494' title='bbox 2131 4272 2254 4313; x_wconf 84' lang='lat' dir='ltr'><strong>esse</strong></span> <span class='ocrx_word' id='word_1_495' title='bbox 2276 4274 2434 4315; x_wconf 86' lang='lat' dir='ltr'><strong>veros</strong></span> <span class='ocrx_word' id='word_1_496' title='bbox 2466 4259 2652 4314; x_wconf 88' lang='lat' dir='ltr'><strong>nullus</strong></span> <span class='ocrx_word' id='word_1_497' title='bbox 2681 4268 2765 4315; x_wconf 83' lang='lat' dir='ltr'><strong>est</strong></span> <span class='ocrx_word' id='word_1_498' title='bbox 2794 4261 2887 4329; x_wconf 91' lang='lat' dir='ltr'><strong>qui</strong></span> <span class='ocrx_word' id='word_1_499' title='bbox 2918 4262 3179 4329; x_wconf 76' lang='lat' dir='ltr'><strong>deneget,</strong></span> 
     </span>
    </p>
   </div>
   <div class='ocr_carea' id='block_1_79' title="bbox 1962 4349 3122 4423">
    <p class='ocr_par' dir='ltr' id='par_1_79' title="bbox 1962 4349 3122 4423">
     <span class='ocr_line' id='line_1_79' title="bbox 1962 4349 3122 4423; baseline 0.005 -22"><span class='ocrx_word' id='word_1_500' title='bbox 1962 4349 2039 4403; x_wconf 83' lang='lat' dir='ltr'><strong>Ac</strong></span> <span class='ocrx_word' id='word_1_501' title='bbox 2070 4364 2261 4405; x_wconf 82' lang='lat' dir='ltr'><strong>rursus</strong></span> <span class='ocrx_word' id='word_1_502' title='bbox 2295 4349 2387 4404; x_wconf 90' lang='lat' dir='ltr'><strong>alii</strong></span> <span class='ocrx_word' id='word_1_503' title='bbox 2424 4361 2554 4406; x_wconf 88' lang='lat' dir='ltr'><strong>sunt</strong></span> <span class='ocrx_word' id='word_1_504' title='bbox 2582 4352 2734 4406; x_wconf 74' lang='lat' dir='ltr'><strong>nothi</strong></span> <span class='ocrx_word' id='word_1_505' title='bbox 2769 4361 2930 4423; x_wconf 88' lang='lat' dir='ltr'><strong>atque</strong></span> <span class='ocrx_word' id='word_1_506' title='bbox 2951 4355 3122 4419; x_wconf 78' lang='lat' dir='ltr'><strong>noxii,</strong></span> 
     </span>
    </p>
   </div>
   <div class='ocr_carea' id='block_1_80' title="bbox 1963 4439 3144 4513">
    <p class='ocr_par' dir='ltr' id='par_1_80' title="bbox 1963 4439 3144 4513">
     <span class='ocr_line' id='line_1_80' title="bbox 1963 4439 3144 4513; baseline 0.008 -22"><span class='ocrx_word' id='word_1_507' title='bbox 1963 4439 2309 4495; x_wconf 78' lang='lat' dir='ltr'><strong>Adulterinos</strong></span> <span class='ocrx_word' id='word_1_508' title='bbox 2342 4456 2566 4496; x_wconf 89' lang='lat' dir='ltr'><strong>cernere</strong></span> <span class='ocrx_word' id='word_1_509' title='bbox 2589 4450 2671 4497; x_wconf 86' lang='lat' dir='ltr'><strong>est</strong></span> <span class='ocrx_word' id='word_1_510' title='bbox 2698 4457 2955 4499; x_wconf 85' lang='lat' dir='ltr'><strong>nummos</strong></span> <span class='ocrx_word' id='word_1_511' title='bbox 2980 4446 3144 4513; x_wconf 88' lang='lat' dir='ltr'><strong>velut,</strong></span> 
     </span>
    </p>
   </div>
   <div class='ocr_carea' id='block_1_81' title="bbox 1963 4529 3141 4606">
    <p class='ocr_par' dir='ltr' id='par_1_81' title="bbox 1963 4529 3141 4606">
     <span class='ocr_line' id='line_1_81' title="bbox 1963 4529 3141 4606; baseline 0.009 -25"><span class='ocrx_word' id='word_1_512' title='bbox 1963 4529 2373 4600; x_wconf 87' lang='lat' dir='ltr'><strong>lnscriptionem</strong></span> <span class='ocrx_word' id='word_1_513' title='bbox 2398 4535 2603 4604; x_wconf 75' lang='lat' dir='ltr'><strong>regiam</strong></span> <span class='ocrx_word' id='word_1_514' title='bbox 2641 4536 2736 4606; x_wconf 90' lang='lat' dir='ltr'><strong>qui</strong></span> <span class='ocrx_word' id='word_1_515' title='bbox 2767 4550 2892 4591; x_wconf 92' lang='lat' dir='ltr'><strong>cum</strong></span> <span class='ocrx_word' id='word_1_516' title='bbox 2929 4548 3141 4605; x_wconf 71' lang='lat' dir='ltr'><strong>gerant,</strong></span> 
     </span>
    </p>
   </div>
   <div class='ocr_carea' id='block_1_82' title="bbox 1963 4620 3152 4691">
    <p class='ocr_par' dir='ltr' id='par_1_82' title="bbox 1963 4620 3152 4691">
     <span class='ocr_line' id='line_1_82' title="bbox 1963 4620 3152 4691; baseline 0.008 -15"><span class='ocrx_word' id='word_1_517' title='bbox 1963 4620 2124 4677; x_wconf 84' lang='lat' dir='ltr'><strong>Nothi</strong></span> <span class='ocrx_word' id='word_1_518' title='bbox 2155 4632 2334 4679; x_wconf 86' lang='lat' dir='ltr'><strong>tamen</strong></span> <span class='ocrx_word' id='word_1_519' title='bbox 2369 4637 2515 4690; x_wconf 88' lang='lat' dir='ltr'><strong>sunt,</strong></span> <span class='ocrx_word' id='word_1_520' title='bbox 2547 4641 2674 4691; x_wconf 67' lang='lat' dir='ltr'><strong>aere,</strong></span> <span class='ocrx_word' id='word_1_521' title='bbox 2702 4642 2809 4682; x_wconf 92' lang='lat' dir='ltr'><strong>non</strong></span> <span class='ocrx_word' id='word_1_522' title='bbox 2844 4643 2978 4683; x_wconf 90' lang='lat' dir='ltr'><strong>auro</strong></span> <span class='ocrx_word' id='word_1_523' title='bbox 3002 4630 3152 4687; x_wconf 91' lang='lat' dir='ltr'><strong>editi.</strong></span> 
     </span>
    </p>
   </div>
   <div class='ocr_carea' id='block_1_83' title="bbox 1964 4714 3045 4789">
    <p class='ocr_par' dir='ltr' id='par_1_83' title="bbox 1964 4714 3045 4789">
     <span class='ocr_line' id='line_1_83' title="bbox 1964 4714 3045 4789; baseline 0.007 -22"><span class='ocrx_word' id='word_1_524' title='bbox 1964 4714 2083 4784; x_wconf 85' lang='lat' dir='ltr'><strong>Ipse</strong></span> <span class='ocrx_word' id='word_1_525' title='bbox 2109 4732 2238 4786; x_wconf 74' lang='lat' dir='ltr'><strong>ergo</strong></span> <span class='ocrx_word' id='word_1_526' title='bbox 2264 4720 2408 4772; x_wconf 80' lang='lat' dir='ltr'><strong>sacri</strong></span> <span class='ocrx_word' id='word_1_527' title='bbox 2433 4717 2650 4774; x_wconf 89' lang='lat' dir='ltr'><strong>Codicis</strong></span> <span class='ocrx_word' id='word_1_528' title='bbox 2683 4720 2912 4789; x_wconf 83' lang='lat' dir='ltr'><strong>pandam</strong></span> <span class='ocrx_word' id='word_1_529' title='bbox 2946 4722 3045 4777; x_wconf 92' lang='lat' dir='ltr'><strong>tibi</strong></span> 
     </span>
    </p>
   </div>
   <div class='ocr_carea' id='block_1_84' title="bbox 1965 4808 3175 4885">
    <p class='ocr_par' dir='ltr' id='par_1_84' title="bbox 1965 4808 3175 4885">
     <span class='ocr_line' id='line_1_84' title="bbox 1965 4808 3175 4885; baseline 0.01 -23"><span class='ocrx_word' id='word_1_530' title='bbox 1965 4808 2166 4864; x_wconf 82' lang='lat' dir='ltr'><strong>Omnes</strong></span> <span class='ocrx_word' id='word_1_531' title='bbox 2192 4810 2437 4878; x_wconf 84' lang='lat' dir='ltr'><strong>libellos;</strong></span> <span class='ocrx_word' id='word_1_532' title='bbox 2471 4827 2687 4882; x_wconf 90' lang='lat' dir='ltr'><strong>quoque</strong></span> <span class='ocrx_word' id='word_1_533' title='bbox 2716 4829 2911 4872; x_wconf 84' lang='lat' dir='ltr'><strong>noscas</strong></span> <span class='ocrx_word' id='word_1_534' title='bbox 2938 4817 3175 4885; x_wconf 82' lang='lat' dir='ltr'><strong>planius,</strong></span> 
     </span>
    </p>
   </div>
   <div class='ocr_carea' id='block_1_85' title="bbox 1966 4901 3151 4967">
    <p class='ocr_par' dir='ltr' id='par_1_85' title="bbox 1966 4901 3151 4967">
     <span class='ocr_line' id='line_1_85' title="bbox 1966 4901 3151 4967; baseline 0.009 -12"><span class='ocrx_word' id='word_1_535' title='bbox 1966 4902 2206 4955; x_wconf 87' lang='lat' dir='ltr'><strong>Primum</strong></span> <span class='ocrx_word' id='word_1_536' title='bbox 2241 4902 2448 4957; x_wconf 82' lang='lat' dir='ltr'><strong>Vetusti</strong></span> <span class='ocrx_word' id='word_1_537' title='bbox 2480 4901 2723 4959; x_wconf 72' lang='lat' dir='ltr'><strong>Fcederis</strong></span> <span class='ocrx_word' id='word_1_538' title='bbox 2751 4906 2929 4960; x_wconf 92' lang='lat' dir='ltr'><strong>dicam</strong></span> <span class='ocrx_word' id='word_1_539' title='bbox 2961 4908 3151 4967; x_wconf 85' lang='lat' dir='ltr'><strong>libros.</strong></span> 
     </span>
    </p>
   </div>
   <div class='ocr_carea' id='block_1_86' title="bbox 2039 4993 3355 5070">
    <p class='ocr_par' dir='ltr' id='par_1_86' title="bbox 2039 4993 3355 5070">
     <span class='ocr_line' id='line_1_86' title="bbox 2039 4993 3355 5070; baseline 0.009 -24"><span class='ocrx_word' id='word_1_540' title='bbox 2039 4994 2096 5047; x_wconf 90' lang='lat' dir='ltr'><strong>lu</strong></span> <span class='ocrx_word' id='word_1_541' title='bbox 2129 4993 2490 5049; x_wconf 89' lang='lat' dir='ltr'><strong>Pentateucho</strong></span> <span class='ocrx_word' id='word_1_542' title='bbox 2523 4994 2775 5051; x_wconf 87' lang='lat' dir='ltr'><strong>Genesim</strong></span> <span class='ocrx_word' id='word_1_543' title='bbox 2806 4998 2995 5063; x_wconf 83' lang='lat' dir='ltr'><strong>habes,</strong></span> <span class='ocrx_word' id='word_1_544' title='bbox 3018 5010 3071 5054; x_wconf 93' lang='lat' dir='ltr'><strong>et</strong></span> <span class='ocrx_word' id='word_1_545' title='bbox 3093 4999 3355 5070; x_wconf 78' lang='lat' dir='ltr'><strong>Exodum,</strong></span> 
     </span>
    </p>
   </div>
   <div class='ocr_carea' id='block_1_87' title="bbox 1966 5085 3179 5155">
    <p class='ocr_par' dir='ltr' id='par_1_87' title="bbox 1966 5085 3179 5155">
     <span class='ocr_line' id='line_1_87' title="bbox 1966 5085 3179 5155; baseline 0.005 -16"><span class='ocrx_word' id='word_1_546' title='bbox 1966 5085 2393 5155; x_wconf 85' lang='lat' dir='ltr'><strong>Leviticumque,</strong></span> <span class='ocrx_word' id='word_1_547' title='bbox 2424 5086 2552 5141; x_wconf 87' lang='lat' dir='ltr'><strong>sede</strong></span> <span class='ocrx_word' id='word_1_548' title='bbox 2576 5087 2668 5155; x_wconf 90' lang='lat' dir='ltr'><strong>qui</strong></span> <span class='ocrx_word' id='word_1_549' title='bbox 2704 5089 2878 5143; x_wconf 91' lang='lat' dir='ltr'><strong>media</strong></span> <span class='ocrx_word' id='word_1_550' title='bbox 2909 5099 2993 5144; x_wconf 89' lang='lat' dir='ltr'><strong>est</strong></span> <span class='ocrx_word' id='word_1_551' title='bbox 3021 5092 3179 5155; x_wconf 90' lang='lat' dir='ltr'><strong>situs,</strong></span> 
     </span>
    </p>
   </div>
   <div class='ocr_carea' id='block_1_88' title="bbox 1896 5171 3421 5245">
    <p class='ocr_par' dir='ltr' id='par_1_88' title="bbox 1896 5171 3421 5245">
     <span class='ocr_line' id='line_1_88' title="bbox 1896 5171 3421 5245; baseline 0.009 -20"><span class='ocrx_word' id='word_1_552' title='bbox 1896 5191 1940 5245; x_wconf 77' lang='grc' dir='ltr'><strong>ι)</strong></span> <span class='ocrx_word' id='word_1_553' title='bbox 1968 5171 2275 5243; x_wconf 80' lang='lat' dir='ltr'><strong>Numeros;</strong></span> <span class='ocrx_word' id='word_1_554' title='bbox 2312 5178 2552 5232; x_wconf 87' lang='lat' dir='ltr'><strong>secunda</strong></span> <span class='ocrx_word' id='word_1_555' title='bbox 2584 5176 2699 5231; x_wconf 60' lang='grc' dir='ltr'><strong>[δεῖ</strong></span> <span class='ocrx_word' id='word_1_556' title='bbox 2716 5177 2890 5230; x_wconf 92' lang='lat' dir='ltr'><strong>locum</strong></span> <span class='ocrx_word' id='word_1_557' title='bbox 2924 5179 3153 5234; x_wconf 88' lang='lat' dir='ltr'><strong>alterum</strong></span> <span class='ocrx_word' id='word_1_558' title='bbox 3196 5181 3421 5239; x_wconf 85' lang='lat' dir='ltr'><strong>obtinet.</strong></span> 
     </span>
    </p>
   </div>
   <div class='ocr_carea' id='block_1_89' title="bbox 1972 5266 3420 5339">
    <p class='ocr_par' dir='ltr' id='par_1_89' title="bbox 1972 5266 3420 5339">
     <span class='ocr_line' id='line_1_89' title="bbox 1972 5266 3420 5339; baseline 0.007 -20"><span class='ocrx_word' id='word_1_559' title='bbox 1972 5268 2133 5337; x_wconf 69' lang='lat'><strong>180</strong></span> <span class='ocrx_word' id='word_1_560' title='bbox 2156 5266 2251 5323; x_wconf 85' lang='lat' dir='ltr'><strong>His</strong></span> <span class='ocrx_word' id='word_1_561' title='bbox 2281 5268 2657 5334; x_wconf 84' lang='lat' dir='ltr'><strong>adde-Iesum;</strong></span> <span class='ocrx_word' id='word_1_562' title='bbox 2690 5284 2815 5323; x_wconf 79' lang='lat' dir='ltr'><strong>mox</strong></span> <span class='ocrx_word' id='word_1_563' title='bbox 2844 5281 3151 5339; x_wconf 88' lang='lat' dir='ltr'><strong>sequuntur</strong></span> <span class='ocrx_word' id='word_1_564' title='bbox 3181 5270 3420 5339; x_wconf 83' lang='lat' dir='ltr'><strong>Judices,</strong></span> 
     </span>
    </p>
   </div>
   <div class='ocr_carea' id='block_1_90' title="bbox 1967 5356 3285 5427">
    <p class='ocr_par' dir='ltr' id='par_1_90' title="bbox 1967 5356 3285 5427">
     <span class='ocr_line' id='line_1_90' title="bbox 1967 5356 3285 5427; baseline 0.005 -18"><span class='ocrx_word' id='word_1_565' title='bbox 1967 5357 2113 5411; x_wconf 76' lang='lat' dir='ltr'><strong>Ruth</strong></span> <span class='ocrx_word' id='word_1_566' title='bbox 2147 5358 2366 5423; x_wconf 90' lang='lat' dir='ltr'><strong>deinde,</strong></span> <span class='ocrx_word' id='word_1_567' title='bbox 2405 5356 2613 5427; x_wconf 77' lang='lat' dir='ltr'><strong>Regum</strong></span> <span class='ocrx_word' id='word_1_568' title='bbox 2654 5368 2889 5426; x_wconf 88' lang='lat' dir='ltr'><strong>quatuor</strong></span> <span class='ocrx_word' id='word_1_569' title='bbox 2918 5360 3041 5413; x_wconf 91' lang='lat' dir='ltr'><strong>libri</strong></span> <span class='ocrx_word' id='word_1_570' title='bbox 3075 5363 3235 5415; x_wconf 85' lang='lat' dir='ltr'><strong>simul</strong></span> <span class='ocrx_word' id='word_1_571' title='bbox 3270 5380 3285 5418; x_wconf 89' lang='lat'><strong>:</strong></span> 
     </span>
    </p>
   </div>
   <div class='ocr_carea' id='block_1_91' title="bbox 1966 5448 3179 5519">
    <p class='ocr_par' dir='ltr' id='par_1_91' title="bbox 1966 5448 3179 5519">
     <span class='ocr_line' id='line_1_91' title="bbox 1966 5448 3179 5519; baseline 0.002 -17"><span class='ocrx_word' id='word_1_572' title='bbox 1966 5448 2430 5519; x_wconf 78' lang='lat' dir='ltr'><strong>Paralipomenwn</strong></span> <span class='ocrx_word' id='word_1_573' title='bbox 2475 5448 2649 5517; x_wconf 87' lang='lat' dir='ltr'><strong>adjice</strong></span> <span class='ocrx_word' id='word_1_574' title='bbox 2678 5448 2763 5503; x_wconf 86' lang='lat' dir='ltr'><strong>his</strong></span> <span class='ocrx_word' id='word_1_575' title='bbox 2795 5449 2960 5504; x_wconf 90' lang='lat' dir='ltr'><strong>libros</strong></span> <span class='ocrx_word' id='word_1_576' title='bbox 2998 5450 3134 5506; x_wconf 91' lang='lat' dir='ltr'><strong>duos</strong></span> <span class='ocrx_word' id='word_1_577' title='bbox 3166 5468 3179 5504; x_wconf 94' lang='lat'><strong>:</strong></span> 
     </span>
    </p>
   </div>
   <div class='ocr_carea' id='block_1_92' title="bbox 1966 5543 3333 5614">
    <p class='ocr_par' dir='ltr' id='par_1_92' title="bbox 1966 5543 3333 5614">
     <span class='ocr_line' id='line_1_92' title="bbox 1966 5543 3333 5614; baseline 0.004 -17"><span class='ocrx_word' id='word_1_578' title='bbox 1966 5545 2034 5597; x_wconf 78' lang='lat' dir='ltr'><strong>At</strong></span> <span class='ocrx_word' id='word_1_579' title='bbox 2063 5545 2314 5614; x_wconf 73' lang='lat' dir='ltr'><strong>geminus</strong></span> <span class='ocrx_word' id='word_1_580' title='bbox 2344 5543 2529 5599; x_wconf 68' lang='lat' dir='ltr'><strong>Esdraz</strong></span> <span class='ocrx_word' id='word_1_581' title='bbox 2557 5544 2806 5611; x_wconf 86' lang='lat' dir='ltr'><strong>sequitur</strong></span> <span class='ocrx_word' id='word_1_582' title='bbox 2840 5546 2937 5599; x_wconf 88' lang='lat' dir='ltr'><strong>hos</strong></span> <span class='ocrx_word' id='word_1_583' title='bbox 2964 5546 3147 5600; x_wconf 87' lang='lat' dir='ltr'><strong>statim</strong></span> <span class='ocrx_word' id='word_1_584' title='bbox 3180 5548 3333 5603; x_wconf 74' lang='lat' dir='ltr'><strong>liltcr.</strong></span> 
     </span>
    </p>
   </div>
   <div class='ocr_carea' id='block_1_93' title="bbox 1970 5634 3285 5707">
    <p class='ocr_par' dir='ltr' id='par_1_93' title="bbox 1970 5634 3285 5707">
     <span class='ocr_line' id='line_1_93' title="bbox 1970 5634 3285 5707; baseline 0.007 -19"><span class='ocrx_word' id='word_1_585' title='bbox 1970 5634 2105 5689; x_wconf 91' lang='lat' dir='ltr'><strong>Tum</strong></span> <span class='ocrx_word' id='word_1_586' title='bbox 2140 5637 2382 5706; x_wconf 84' lang='lat' dir='ltr'><strong>quinque</strong></span> <span class='ocrx_word' id='word_1_587' title='bbox 2410 5653 2569 5693; x_wconf 90' lang='lat' dir='ltr'><strong>versu</strong></span> <span class='ocrx_word' id='word_1_588' title='bbox 2604 5638 2857 5693; x_wconf 84' lang='lat' dir='ltr'><strong>conditos</strong></span> <span class='ocrx_word' id='word_1_589' title='bbox 2898 5638 3065 5693; x_wconf 88' lang='lat' dir='ltr'><strong>libros</strong></span> <span class='ocrx_word' id='word_1_590' title='bbox 3098 5640 3285 5707; x_wconf 76' lang='lat' dir='ltr'><strong>haltcs,</strong></span> 
     </span>
    </p>
   </div>
   <div class='ocr_carea' id='block_1_94' title="bbox 1969 5728 3221 5801">
    <p class='ocr_par' dir='ltr' id='par_1_94' title="bbox 1969 5728 3221 5801">
     <span class='ocr_line' id='line_1_94' title="bbox 1969 5728 3221 5801; baseline 0.002 -18"><span class='ocrx_word' id='word_1_591' title='bbox 1969 5728 2072 5783; x_wconf 79' lang='lat' dir='ltr'><strong>Job</strong></span> <span class='ocrx_word' id='word_1_592' title='bbox 2106 5729 2191 5784; x_wconf 91' lang='lat' dir='ltr'><strong>cui</strong></span> <span class='ocrx_word' id='word_1_593' title='bbox 2222 5730 2485 5799; x_wconf 67' lang='lat' dir='ltr'><strong>palmslrae</strong></span> <span class='ocrx_word' id='word_1_594' title='bbox 2513 5730 2759 5801; x_wconf 66' lang='lat' dir='ltr'><strong>plurimae</strong></span> <span class='ocrx_word' id='word_1_595' title='bbox 2788 5730 3009 5801; x_wconf 78' lang='lat' dir='ltr'><strong>cingunt</strong></span> <span class='ocrx_word' id='word_1_596' title='bbox 3036 5741 3221 5801; x_wconf 81' lang='lat' dir='ltr'><strong>caput,</strong></span> 
     </span>
    </p>
   </div>
  </div>
