4234 6450
761 368 869 432 931
2066 355 2348 421 THEOD.
2400 357 2433 416 Ὲ

2400 354 2811 419 BALSAMON
3914 352 4025 418 QE

773 469 1071 536 σύνδεσμον
1105 466 1315 524 ἀδικίας
1356 462 1403 515 oi
1440 458 1693 524 τοιοῦτοι,
1750 457 1891 512 κατὰ
1927 456 2022 529 τήν
2050 458 2328 527 ἀπόφασιν
2381 459 2476 512 τοῦ
2518 460 2675 527 άγίου
2727 458 2958 527 Πέτρου,
2994 455 3301 529 ὑπάρχουσι
3361 455 3756 527 συλληφθέντες
3792 456 3899 509 ὗς).
3926 460 4023 523 τῆς

771 558 987 611 ἑαυτῶν
1017 554 1407 624 φιλαργυρίας.

844 648 998 702 Unde
1025 656 1075 699 et
1108 654 1419 699 sanctorum
1450 651 1501 696 et
1540 640 1824 696 beatorum
1866 640 2086 694 Patrum
2137 650 2337 693 sancta:
2362 650 2408 703 Α
2499 643 2516 662 ·

2362 650 2408 703 Α
2499 642 2663 697 Ὅθεν
2691 644 2788 698 καὶ
2816 645 2925 697 τῶν
2955 644 3139 708 ὁσίων,
3178 640 3269 697 καὶ
3300 645 3589 716 μακαρίων
3613 647 3884 718 Πατάρων
3912 649 4015 701 τῶν

770 755 978 809 magna:
1015 737 1207 807 synodi
1243 735 1595 791 tecumenicaa
1628 731 1967 787 Chalcedone
2000 738 2337 797 congregata:
2434 748 2442 764 ι

2434 727 2533 796 τῆς
2560 732 2721 800 ἁγίας
2747 732 2842 786 καὶ
2873 733 3115 803 μεγάλης
3147 735 3531 803 οίκουμενικῆς
3576 736 3673 807 τῆς
3703 738 3763 789 ιν
3796 738 4020 807 Χαλκη-

772 832 893 883 huic
923 828 1025 896 legi
1067 826 1360 878 Dominicae
1380 822 1640 877 convenit
1665 836 1864 885 canon,
1887 820 1977 889 qui
2013 819 2094 874 sic
2122 833 2152 872 a
2176 818 2336 872 nobis

766 928 949 987 aperte
976 918 1163 971 iisdem
1192 916 1373 970 verbis
1402 914 1584 968 editus
1604 922 1688 966 est
1721 928 1736 965 :

845 1116 866 1151 ι
900 1100 957 1154 Si
982 1100 1100 1167 quis
1123 1099 1412 1168 episcopus
1432 1096 1675 1166 pecuniis
1702 1094 2097 1149 ordinationem
2123 1091 2336 1157 fecerit.

766 1191 854 1244 vel
882 1208 988 1245 non
1024 1192 1267 1244 venalem
1313 1189 1540 1259 gratiam
1578 1188 1644 1241 ad
1693 1186 2054 1241 venditionem
2102 1184 2342 1239 deduxe-

764 1281 855 1344 rit,
887 1290 935 1335 et
967 1283 1209 1350 pecuniis
1235 1280 1573 1333 ordinaverit
1599 1278 1940 1346 episc0pum,
1975 1274 2059 1328 vel
2086 1272 2339 1341 chorepi-

763 1385 1013 1439 scopum,
1041 1372 1121 1424 vel
1147 1372 1541 1439 presbyterum,
1561 1369 1644 1421 vel
1668 1366 1979 1431 diaconum,
1998 1365 2076 1418 vel
2101 1365 2337 1432 aliquem

763 1476 952 1515 eorum
998 1463 1090 1528 qui
1145 1463 1198 1514 in
1256 1462 1401 1514 clero
1432 1466 1914 1521 connumerantur,
1956 1456 2039 1509 vel
2090 1452 2336 1523 pecuniis

770 1548 1030 1619 prnvehat
1061 1556 1421 1603 meouomum,
1452 1540 1534 1593 vel
1568 1535 1928 1598 defensorem,
1962 1532 2046 1585 vel
2080 1545 2332 1599 paramu-

772 1639 1006 1701 narium,
1035 1634 1117 1688 vel
1149 1633 1366 1689 omnino
1386 1630 1617 1698 aliquem
1641 1641 1707 1679 ex
1736 1625 1902 1686 clero,
1935 1631 2155 1691 propter
2177 1634 2333 1674 suum

776 1741 930 1796 turpe
966 1728 1173 1778 lucrum
1221 1741 1234 1777 :
1280 1722 1370 1790 qui
1417 1721 1519 1774 hoc
1560 1730 1845 1785 aggressus
1891 1727 2014 1766 esse
2062 1712 2339 1766 convictus

774 1819 957 1882 fuerit,
990 1817 1053 1868 de
1086 1812 1305 1883 proprio
1328 1809 1493 1879 gradu
1521 1808 1703 1860 veniat
1732 1804 1785 1856 in
1810 1802 2142 1870 periculum;
2169 1811 2223 1855 et
2246 1802 2338 1871 qui

2435 819 2544 873 δόνι
2576 823 2935 893 συναχθείσης
2955 864 2970 889 ,
2993 822 3077 893 τῷ
3102 824 3418 895 Δεσποτικῷ
3447 825 3619 895 τούτῳ
3658 827 3814 898 νόμῳ
3849 830 4019 898 συνᾴ-

2434 913 2514 963 δει
2543 912 2571 965 6
2614 914 2744 984 περ)⁵
2764 913 2957 966 τούτου
2992 915 3193 980 κανὼν,
3226 915 3284 976 ὃς
3312 917 3447 986 ήμτν
3474 917 3660 984 σαφῶς
3691 920 3901 971 οὑτωσὶ
3933 920 4019 970 μέ-

2438 1000 2581 1066 ξεσιν
2610 1004 2799 1067 αὐταῖς
2839 1004 3244 1072 ἐκπεφώνηται·

2513 1110 2532 1143 ε
2571 1093 2639 1146 Et
2663 1111 2744 1155 τις
2778 1095 3071 1158 ἐπίσκοπος
3103 1097 3196 1147 ἐπὶ
3219 1096 3467 1164 χρήμασι
3495 1096 3832 1165 χειροτονίαν
3862 1104 4018 1170 ποιήο

2439 1198 2617 1245 σαιτο,
2647 1184 2740 1235 καὶ
2760 1185 2838 1246 εἰς
2862 1185 3065 1254 πράσιν
3099 1187 3403 1252 καταγάγοι
3430 1186 3532 1253 τὴν
3557 1183 3806 1255 ἄπρατον
3833 1189 4015 1258 χάριν,

2437 1272 2531 1325 καὶ
2560 1275 2939 1343 χειροτονήσαι
2983 1274 3078 1326 ἐπὶ
3123 1274 3401 1345 χρήμασιν
3434 1274 3756 1341 ἐπίσκοπον,
3804 1277 3839 1347 ἢ
3878 1297 4020 1350 χωρ-

2435 1360 2756 1426 επίσκοπον,
2783 1364 2815 1433 ἢ
2843 1363 3235 1435 πρεσϐύτερον,
3268 1366 3301 1435 ἢ
3327 1365 3590 1430 διάκονον,
3621 1366 3655 1437 ή
3686 1366 3881 1438 ῑτερόν
3900 1386 4019 1424 τινα

2437 1451 2545 1505 τῶν
2572 1452 2629 1506 ἐν
2656 1452 2735 1522 τῷ
2766 1453 2952 1524 κλήρῳ
2983 1454 3532 1525 καταριθμουμένων,
3578 1456 3613 1527 ἢ
3657 1457 4017 1528 προσάλλοιτο

2437 1542 2530 1593 ἐπὶ
2563 1542 2836 1612 χρήμασιν
2874 1543 3181 1611 οἰκονόμον,
3205 1544 3237 1613 ἢ
3261 1543 3495 1606 ἔκδικον,
3516 1544 3550 1616 ἢ
3575 1549 4014 1616 παραμονάριον,

2438 1632 2473 1702 ἢ
2508 1632 2683 1697 ἄλλως
2710 1634 2834 1686 τινὰ
2855 1633 2950 1687 τοῦ
2976 1634 3204 1704 κλήρου,
3235 1634 3302 1688 δι’
3323 1636 3771 1708 αἰσχροκέρδειαν
3789 1639 4017 1701 οἰκείαν,

2439 1726 2467 1775 ὁ
2488 1723 2664 1793 τούτῳ
2693 1724 3047 1795 ἐπιχειρήσας
3075 1724 3349 1795 ἐλεγχθεὶς
3371 1725 3731 1779 κινδυνευέτω
3762 1728 3905 1798 περὶ
3933 1729 4019 1779 τὸν

2440 1814 2639 1866 οίκεῖον
2666 1813 2901 1883 βαθμόνζ
2934 1817 3029 1867 καὶ
3060 1816 3088 1867 δ
3112 1815 3608 1886 χειροτονούμενος,
3636 1816 3809 1887 μηδὲν
3835 1818 3903 1869 ἐκ
3926 1802 4019 1886 τῆς

776 1909 1054 1963 ordinatur
1082 1942 1094 1965 ,
1133 1902 1265 1955 nihil
1303 1914 1366 1952 ex
1400 1896 1773 1957 ordinatione,
1826 1892 1909 1944 vel
1964 1893 2301 1959 promotione
2323 1931 2337 1951 .
2370 1922 2409 1975 η
2441 1919 2448 1953 ε

2370 1922 2409 1975 η
2441 1904 2560 1953 κατ’
2586 1904 2855 1972 ἐμπορίαν
2878 1901 3195 1969 ὠφελείσθω
3228 1902 3600 1973 χειροτονίας,
3644 1902 3677 1971 ή
3720 1903 4015 1972 προῦολῆς·

784 2014 897 2067 qua!
940 1997 995 2050 [it
1023 1996 1193 2047 instar
1222 1999 1560 2056 mercaturae,
1580 1987 1818 2056 juvetur,
1855 1983 1947 2036 sed
1976 1982 2044 2035 sit
2073 1982 2280 2035 alienus
2307 1997 2337 2034 a

2439 1994 2553 2049 ἀλλ’
2587 1993 2726 2046 ἔστω
2758 1995 3037 2064 ἀλλότριος
3062 1994 3162 2063 τῆς
3191 1993 3349 2058 ἀξίας
3370 2035 3385 2059 ,
3408 1992 3440 2063 ἢ
3468 1991 3563 2045 τοῦ
3589 1996 4015 2063 φροντίσματος,

774 2088 1065 2155 dignitate,
1107 2082 1187 2135 vel
1230 2080 1548 2140 curatione,
1574 2090 1732 2142 quam
1761 2072 2005 2143 pecuniis
2060 2083 2341 2125 assecutus
2439 2106 2446 2133 η

2439 2081 2611 2155 οὗπερ
2638 2087 2728 2137 ἐπὶ
2753 2088 3032 2156 χρήμασιν
3054 2084 3263 2155 ἔτυχεν.
3294 2086 3354 2137 Ei
3386 2084 3443 2137 δέ
3479 2101 3565 2147 τις
3590 2085 3684 2136 καὶ
3715 2084 4021 2153 μεσιτεύων

773 2188 873 2231 est.
904 2177 957 2229 Si
995 2175 1115 2241 quis
1165 2182 1343 2223 autem
1378 2168 1463 2221 his
1500 2165 1749 2233 turpibus
1792 2177 1855 2216 ac
1904 2160 2126 2215 nefariis
2178 2160 2342 2214 lueris
2442 2204 2445 2225 γ

2442 2180 2587 2247 φανῇ
2620 2179 2731 2238 τοίς
2760 2179 3005 2247 αἰσχροῖς
3034 2176 3277 2241 τούτοις,
3301 2177 3396 2228 καὶ
3419 2174 3700 2243 ἀθεμίτοις
3729 2174 3984 2243 λήμμασι
4004 2217 4018 2235 ,

774 2274 1053 2334 sequester
1089 2264 1479 2315 intereessorve
1505 2256 1839 2324 apparuerit,
1869 2253 1915 2305 is
1949 2265 2162 2320 quoque
2193 2251 2237 2304 si
2272 2250 2343 2303 sit
2442 2284 2446 2315 τ

2442 2268 2536 2318 καὶ
2565 2261 2715 2328 οὗτος
2739 2268 2787 2316 εἰ
2812 2266 2908 2335 μέν
2936 2265 3198 2334 κληρικδς
3222 2265 3329 2334 εῐη,
3356 2262 3449 2316 τοῦ
3475 2264 3675 2315 οἰκείου
3706 2264 4022 2314 ἐκπιπτέτω

776 2357 1004 2411 clericus
1029 2396 1043 2421 ,
1090 2369 1117 2406 ο
1151 2353 1326 2423 primo
1354 2350 1520 2420 gradu
1552 2346 1766 2401 excidat
1801 2362 1815 2397 :
1849 2345 1893 2399 si
1928 2354 2107 2398 autem
2136 2342 2339 2405 laicus,

776 2449 859 2503 vel
895 2446 1209 2508 monachus,
1239 2437 1748 2495 anathematizetur.
1787 2453 1805 2485 ι

860 2546 1021 2615 182
1040 2542 1234 2597 BALS.
1252 2540 1630 2598 Pulcherrima
1666 2548 1722 2594 et
1741 2537 1895 2591 valde
1925 2536 2015 2607 pia
2035 2545 2161 2590 sunt
2188 2536 2356 2604 hujus

778 2640 1004 2693 canonis
1028 2648 1341 2691 sanetorum
1366 2635 1589 2689 Patrum
1612 2638 1901 2701 praecepta,
1920 2629 2013 2699 qui
2033 2641 2249 2681 onmem
2271 2627 2357 2680 in-

776 2729 1057 2785 vasionem
1075 2729 1397 2788 satauicam,
1422 2724 1868 2789 diabolicumque
1882 2730 2159 2781 conatum,
2178 2720 2271 2788 qui
2297 2721 2351 2775 in

775 2822 982 2876 donum
996 2821 1284 2891 spirituale
1303 2817 1628 2881 intenditur,
1644 2814 1923 2885 repellitet
1939 2811 2360 2867 rescindit.Nul~

777 2910 830 2963 lo
846 2912 995 2965 enim
1012 2910 1173 2964 modo
1190 2909 1303 2962 vult
1317 2904 1682 2963 ordinationis
1698 2903 2094 2973 promotionem
2113 2900 2361 2967 pecuniis

764 3006 867 3053 aut
901 2996 1040 3062 ﬁeri,
1071 3004 1164 3049 aut
1226 2996 1453 3063 suscipi,
1479 3010 1579 3049 nec
1609 2995 1677 3049 ab
1704 3009 1770 3049 eo
1798 2996 1889 3063 qui
1926 2994 2071 3048 illam
2100 3003 2342 3061 exercet,

776 3074 878 3135 nec
909 3083 977 3136 ab
1023 3096 1088 3136 eo
1124 3083 1212 3150 qui
1250 3083 1611 3138 ordinationis
1655 3082 2050 3148 promotionem
2090 3081 2288 3151 accipit
2325 3098 2340 3135 :

780 3172 873 3225 sed
909 3186 1004 3225 nec
1038 3181 1161 3225 ante
1209 3184 1418 3239 tempus
1463 3170 1854 3232 ordinationis,
1904 3183 2003 3223 nec
2035 3178 2193 3238 post,
2226 3169 2342 3223 dari

2445 2352 2679 2424 βαθμοῦ·
2713 2355 2763 2407 εἰ
2783 2353 2840 2407 δὲ
2863 2352 3133 2423 λσῖκὸς,ἢ
3162 2351 3431 2422 μονάζων,
3460 2349 3967 2420 άναθεμστιζέσθω.
3999 2366 4015 2395 ι

2531 2530 2727 2586 ΒΑΛΣ.
2752 2529 3033 2585 Κάλλιστα
3054 2532 3149 2584 καὶ
3176 2530 3297 2585 λίαν
3316 2530 3514 2600 εὐσεδῆ
3562 2529 3657 2583 τοῦ
3674 2533 3903 2594 κανόνος
3928 2534 4025 2584 τῶι.

2449 2624 2620 2691 ἁγίων
2642 2623 2897 2693 Πατιρων
2912 2623 3146 2693 ὑπάρχει
3164 2625 3228 2679 τὰ
3245 2623 3705 2693 παραγγέλματα,
3728 2625 3918 2677 πᾶσαν
3936 2628 4025 2689 ἐς·

2450 2714 2568 2765 οδον
2610 2711 2928 2782 σατανικήν,
2960 2713 3053 2765 καὶ
3084 2713 3193 2765 πᾶν
3233 2711 3538 2782 ἐγχείρημα
3568 2712 3855 2765 δαδολικὸν
3893 2719 4029 2765 κατὰ

2451 2806 2550 2871 τῆς
2589 2803 2966 2870 πνευματικῆς
2987 2804 3290 2873 φερόμενον
3319 2804 3547 2873 δωρεᾶς,
3573 2804 3950 2873 άπωθούμενά
3976 2824 4029 2858 τε

2450 2895 2548 2946 καὶ
2572 2894 2969 2946 ἀνακύπτοντα.
2991 2894 3066 2947 Οὐ
3086 2892 3334 2962 βούλεται
3367 2897 3475 2967 γὰρ
3509 2895 3762 2962 οὐδαμῶς
3789 2897 3880 2950 διὰ
3902 2916 4031 2966 χρη-

2450 2994 2636 3063 μάτων
2686 2997 2928 3061 γίνεσθαι
2972 3000 3070 3068 τῆς
3112 3001 3451 3070 χειροτονίας
3490 3001 3590 3071 τὴν
3640 3001 3942 3072 προϐολὴν,
3996 3004 4029 3072 ἦ

2447 3083 2825 3153 ὑποδέχεσθαι,
2846 3086 2967 3138 οὕτε
2993 3088 3141 3159 παρὰ
3162 3088 3253 3141 τοῦ
3275 3088 3480 3157 ταύτην
3500 3090 3876 3158 ἐνεργοῦντος,
3908 3092 4028 3144 οὗτε

2449 3174 2597 3241 παρὰ
2637 3175 2730 3227 τοῦ
2772 3177 2869 3245 τῆς
2918 3179 3249 3246 χειροτονίας
3294 3178 3390 3250 τὴν
3448 3179 3715 3248 προϐολήν
3759 3180 4023 3249 ὐτοοδεχοο

784 3262 1039 3329 pecunias
1063 3262 1308 3315 concedit
1340 3280 1354 3315 :
1385 3262 1623 3315 omnium
1653 3260 1793 3313 enim
1822 3260 1874 3311 in
1914 3260 2013 3312 hac
2040 3272 2254 3328 quoque
2287 3274 2344 3313 re
2374 3245 2415 3300 (ἶ
2450 3280 2456 3330 ι

2374 3245 2415 3300 C
2450 3262 2637 3331 μένου,
2674 3265 2789 3317 ἀλλ’
2818 3268 2938 3318 ούδέ
3116 3268 3309 3339 καιροῦ
3346 3245 3443 3339 τῆς
3485 3245 3814 3340 χειροτονίας
3839 3309 3853 3332 ,
3902 3245 4026 3322 οῦδὲ

776 3364 894 3403 esse
922 3354 1123 3413 sordes,
1150 3366 1537 3418 munerninque
1578 3350 1972 3415 corruptionem
2006 3350 2336 3416 pronuntiat.

2448 3353 2583 3419 μετὰ
2612 3353 2701 3405 τὸν
2741 3358 2931 3427 καιρὸν
2954 3358 3056 3426 τῆς
3079 3359 3437 3427 χειροτονίας,
3463 3359 3583 3412 οὐδὲ
3610 3360 3751 3413 κατὰ
3776 3360 3869 3413 τὸν
3901 3377 4026 3413 καις

776 3440 869 3506 ρὸν
902 3440 1062 3492 αὑτὺν
1076 3441 1173 3507 τῆς
1202 3441 1555 3509 χειροτονίας,
1585 3438 1724 3507 ὑπὲρ
1754 3439 1849 3506 τῆς
1879 3437 2215 3506 χειροτονίας
2241 3436 2475 3492 δίδοσθαι
2494 3446 2750 3512 χρήματα
2781 3451 3074 3516 συγχωρεῖ’
3104 3448 3337 3500 καθόλου
3367 3450 3475 3521 γὰρ
3505 3450 3602 3521 τήν
3623 3452 3716 3503 ἐπὶ
3738 3449 3819 3521 τῷ
3838 3451 4024 3521 κράγ-

777 3545 909 3597 ματι
934 3528 1107 3596 τούτῳ
1134 3528 1455 3596 δωροδοκίαν
1480 3527 1774 3593 ἀπέφηνεν.

846 3614 1109 3677 Quoniam
1142 3622 1318 3665 tamen
1356 3612 1423 3664 iis
1448 3612 1519 3664 ita
1548 3621 1731 3677 aperte
1761 3608 2044 3675 prohibitis
2067 3646 2085 3675 ,
2116 3608 2335 3678 quidam

773 3715 898 3756 sunt
930 3704 982 3755 in
1005 3703 1313 3756 Galatarum
1335 3702 1573 3755 Ecclesia
1590 3700 1908 3770 deprehensi
1935 3708 2155 3769 propter
2183 3711 2336 3768 turpe

774 3791 982 3844 lucrum
1019 3800 1072 3844 et
1100 3791 1383 3845 avaritiam
1417 3790 1532 3844 hmo
1562 3790 1817 3843 salutaria
1852 3800 1906 3842 et
1936 3792 2171 3844 lnnnana
2197 3806 2339 3858 pra:-

773 3892 925 3949 eepta
960 3884 1227 3952 negligere
1255 3892 1306 3937 et
1339 3881 1634 3952 transgredi
1669 3894 1764 3934 :ea
1792 3882 2139 3951 quoque§ipsa
2173 3866 2353 3937 nobis

772 3988 1034 4027 renovare
1066 3975 1236 4028 visum
1274 3960 1357 4028 est
1389 3988 1511 4027 cum
1544 3974 1645 4028 hac
1664 3984 1847 4028 sancta
1876 3974 2100 4041 synodo,
2134 3989 2253 4043 qua:
2276 3974 2326 4024 in

773 4064 876 4118 hac
905 4074 1161 4131 regnante
1191 4079 1324 4117 nova
1359 4063 1549 4127 Roma.
1592 4079 1732 4119 nunc
1766 4063 1876 4131 agit
1906 4080 1919 4115 :
1955 4073 2011 4117 ut
2040 4065 2160 4121 sine
2191 4064 2335 4117 omni

773 4154 986 4220 penitus
1045 4152 1350 4205 inventione
1375 4189 1391 4213 ,
1426 4161 1482 4204 et
1530 4151 1675 4205 omni
1709 4159 2004 4219 praetextu,
2035 4152 2337 4221 callidoque

772 4252 1080 4297 commento
1104 4282 1120 4306 ,
1151 4242 1371 4310 impiam
1406 4242 1546 4296 hanc
1574 4251 1625 4295 et
1678 4242 1949 4303 odiosam,
1981 4258 2097 4310 qua:
2152 4244 2334 4297 nescio

772 4335 1040 4401 quomodo
1064 4332 1114 4385 in
1144 4332 1514 4385 sanctissimas
1536 4330 1804 4385 Ecclesias
1830 4333 2012 4394 subiit,
2050 4344 2340 4386 consuetu-

772 4426 948 4479 dinem
974 4425 1192 4477 omnino
1221 4424 1604 4477 exsciadamus
1627 4440 1641 4487 ;
1668 4431 1725 4475 ut
1752 4438 1873 4476 cum
1900 4439 2030 4491 pura
2055 4434 2109 4477 et
2136 4427 2337 4493 absque

771 4517 875 4567 ulla
904 4516 1297 4583 cauponatione
1326 4527 1519 4566 eorum
1548 4515 1637 4582 qui
1681 4514 2019 4578 ordinantur,
2060 4516 2335 4569 renuntia-

2518 3616 2704 3687 Ὅμως
2738 3621 2929 3693 ἐπειδὴ
2953 3620 3071 3684 νῦν,
3103 3620 3279 3672 καίτοι
3319 3621 3602 3692 προδήλως
3626 3622 3833 3676 τούτων
3865 3624 4022 3679 οὕτω

2446 3709 2859 3779 κεκωλυμένων,
2885 3711 3248 3781 ἐφωράθησάν
3276 3729 3420 3775 τινες
3448 3712 3590 3765 κατὰ
3624 3712 3733 3765 τῶν
3753 3714 4022 3767 Γαλατῶν

2442 3798 2853 3868 ὀλιγωροῦντες,
2880 3804 2973 3855 καὶ
2998 3803 3428 3873 παραϐαίνοντες
3454 3804 3519 3855 δι’
3538 3805 4020 3873 αἰσχροκέρδειαν,

2443 3890 2537 3942 καὶ
2558 3891 2938 3963 φιλαργυρίαν·
2961 3894 3028 3946 τά
3050 3894 3292 3964 σωτήρια
3317 3896 3511 3957 ταῦτα,
3537 3896 3631 3948 καί
3651 3895 4023 3964 φιλάνθρωπα

2451 3981 2909 4049 παραγγέλματα,
2943 3980 3002 4035 εὖ
3029 3983 3170 4052 ἔχειν
3195 3984 3342 4048 εδοξε
3365 3986 3458 4037 καὶ
3490 3987 3620 4053 ἡμῖν
3649 3986 3821 4039 ταῦτα
3854 3989 4023 4039 πάλιν

2446 4070 2856 4125 ἀνανεώσασθαι
2882 4074 3019 4142 μετὰ
3040 4074 3135 4141 τῆς
3160 4074 3319 4141 ἁγίας
3357 4075 3597 4139 συνόδου,
3626 4079 3728 4145 τῆς
3749 4078 3872 4145 ἐνδη
3883 4079 4025 4145 μού-

2445 4174 2544 4226 οης
2566 4164 2622 4212 ἐν
2648 4161 2822 4232 ταύτῃ
2842 4166 2908 4231 τῇ
2937 4163 3297 4237 βασιλευούσῃ
3342 4164 3438 4233 νέᾳ
3475 4164 3659 4237 Ῥώμῃ
3685 4206 3700 4229 ,
3729 4166 3870 4220 ὥστε
3895 4170 4025 4236 δίχα

2446 4249 2626 4317 πάσης
2648 4252 2923 4315 ἐπινοίας,
2955 4254 3049 4305 καὶ
3074 4254 3253 4322 πάσης
3287 4254 3642 4324 προφάσεως,
3676 4258 3769 4309 καὶ⁵
3816 4260 4026 4321 παντὸς

2446 4340 2737 4408 σοφισμοῦ,
2773 4341 2873 4411 τήν
2898 4342 3161 4414 βδελυρὰν
3191 4346 3419 4414 ταύτην,
3454 4345 3548 4397 καὶ
3578 4347 3754 4416 ἀσεδῆ
3782 4349 3886 4401 οὐκ
3918 4349 4026 4401 eis“

2445 4430 2589 4491 ὅπως
2615 4432 3035 4486 ἐπεισελθοῦσαν
3060 4435 3348 4504 συνήθειαν
3375 4439 3493 4498 ταῖς
3524 4438 3861 4503 ἁγιωτάταις
3899 4441 4028 4492 ἐκ-

2446 4520 2695 4588 κλησίαις
2727 4524 3006 4586 παντελῶς
3050 4525 3325 4592 ἐκτεμεῐν·
3376 4529 3461 4578 iv:
3512 4528 3731 4595 άληθῶς
3793 4530 4028 4598 ἀκαπηο

773 4607 847 4659 ιίο
873 4607 939 4659 ab
965 4607 1292 4658 antistitibus
1316 4604 1451 4657 facta
1479 4606 1661 4668 fuerit,
1698 4606 1865 4684 gratia
1903 4604 2135 4673 Spiritus
2160 4607 2331 4661 sancti
2378 4611 2420 4665 D
2444 4649 2445 4655 η

2378 4611 2420 4665 D
2444 4608 2631 4661 λεύτου
2654 4647 2671 4672 ,
2714 4610 2812 4661 καὶ
2841 4612 3085 4681 καθαρᾶς
3116 4615 3269 4684 παρὰ
3308 4615 3417 4668 τῶν
3451 4617 3753 4687 ἀρχιερέων
3779 4620 3885 4688 τῆς
3930 4622 4029 4672 ἐπὶ

771 4711 1003 4764 superne
1053 4697 1250 4748 veniat.
1308 4695 1512 4759 Quibus
1552 4696 1739 4750 nescio
1787 4711 1854 4748 an
1904 4711 1999 4764 per
2047 4699 2327 4764 pecuniam

771 4787 1162 4854 promotioncm
1207 4784 1551 4848 facientibus,
1582 4795 1636 4839 et
1685 4801 1846 4841 manu
1900 4802 2003 4839 nun
2036 4803 2166 4854 pure
2203 4802 2333 4855 ope-

774 4888 945 4940 mute,
986 4879 1050 4929 ad
1096 4892 1216 4930 eum
1247 4878 1337 4944 qui
1376 4888 1726 4945 promovetur
1760 4877 1989 4940 accedit,
2031 4878 2327 4931 secundum

775 4982 955 5020 vocem
992 4967 1301 5035 Evangelii,
1356 4977 1410 5020 et
1456 4982 1562 5021 non
1616 4969 1794 5036 pctius
1834 4968 2125 5022 retrahitur
2158 4970 2331 5038 gratia

769 5058 935 5111 sancti
970 5056 1225 5125 Spiritus.

839 5238 990 5291 Scias
1022 5253 1168 5306 ergo,
1205 5252 1237 5292 ο
1269 5235 1351 5291 vir
1384 5234 1791 5303 religiosissime
1817 5246 1873 5287 et
1900 5235 2043 5288 omni
2077 5250 2141 5290 ex
2168 5246 2323 5304 parte

768 5332 1122 5393 sanctissime,
1154 5332 1296 5399 quod
1328 5336 1636 5398 quicunque
1668 5330 1826 5397 hujus
1856 5331 2133 5383 convictus
2163 5328 2320 5384 fuerit

769 5423 1064 5491 episcopus,
1091 5422 1170 5476 vel
1195 5422 1630 5491 chorepiscopus,
1660 5421 1746 5474 vel
1779 5422 1969 5484 viator,
1990 5421 2072 5474 vel
2106 5420 2327 5492 presby-

767 5523 867 5577 ter,
907 5512 985 5566 vel
1023 5514 1304 5577 diaconus,
1334 5513 1415 5566 vel
1442 5513 1619 5581 quivis
1643 5513 1777 5567 alius
1809 5525 1875 5564 ex
1899 5526 2124 5573 cancue,
2151 5511 2231 5565 vel
2258 5527 2323 5566 ex

768 5605 951 5663 luit-is.
1000 5607 1269 5657 communi
1311 5605 1610 5658 antistitum
1673 5603 1908 5665 decreto,
1951 5603 2325 5670 communique

771 5695 1027 5751 sententia
1082 5698 1472 5749 condemnatus
1525 5706 1638 5755 est,
1675 5694 1815 5748 sicut
1860 5694 1926 5748 de
1961 5694 2061 5747 hoc
2111 5707 2323 5761 quoque

774 5794 1083 5837 sanctorum
1115 5783 1331 5837 Patrum
1353 5786 1662 5849 przccctlens
1684 5798 1853 5837 canon
1879 5780 2130 5849 loquitur.
2156 5778 2320 5847 Opor-

2444 4697 2552 4749 τῶν
2574 4702 3057 4769 χειροτονουμένων
3085 4704 3442 4773 ἀναρρήσεως
3466 4707 3777 4777 γινομένης,
3816 4709 4029 4761 ἄνωθεν

2446 4785 2480 4854 ή
2506 4785 2597 4839 τοῦ
2623 4788 2937 4857 Πνεύματος
2968 4792 3125 4860 χάρις
3152 4795 3427 4864 ἐπιφοιτᾷ·
3458 4788 3534 4848 ὧν
3562 4795 3659 4849 νῦν
3689 4814 3752 4865 γε
3782 4800 3887 4852 οὐκ
3913 4797 4029 4851 οἶδα

2444 4875 2529 4928 διὰ
2567 4878 2862 4946 χρημάτων
2888 4880 2987 4949 τὴν
3020 4882 3289 4953 προϐολὴν
3319 4886 3680 4953 ποιουμένων,
3713 4889 3808 4941 καὶ
3840 4891 3904 4940 οὐ
3933 4892 4027 4958 τῆς

2443 4968 2622 5036 χειρὸς
2656 4970 2913 5038 καθαρῶς
2950 4972 3283 5041 ἐνεργούσης
3303 5014 3316 5036 ,
3349 4976 3603 5046 ἐπιφοιτᾷ
3627 4976 3706 5046 τῷ
3737 4996 4024 5048 προχειρι-

2444 5054 2654 5124 ζομένῳ
2694 5058 2833 5109 κατὰ
2861 5056 2959 5125 τὴν
2993 5059 3175 5128 φωνὴν
3206 5059 3301 5111 τοῦ
3337 5062 3691 5131 κηρύγματος
3716 5103 3731 5127 ,
3766 5067 3864 5115 καί
3905 5068 4022 5135 οὐχὶ

2445 5146 2792 5199 συστέλλεται
2826 5147 3025 5215 μᾶλλον
3062 5151 3093 5218 ή
3140 5150 3233 5202 τοῦ
3277 5152 3431 5217 ἁγίου
3483 5152 3804 5222 Πνεύματος
3837 5159 4021 5224 χάρις.

2514 5236 2651 5290 ’ῐσθι
2682 5238 2879 5302 τοίνυν,
2916 5238 2980 5291 τὰ
3019 5240 3194 5293 πάντα
3242 5240 3663 5307 θεοσεϐέστατε,
3704 5246 3890 5299 πάντα
3936 5250 4022 5301 τὸν

2440 5326 2714 5379 ὁντιναοῦν
2745 5328 3035 5397 άλίσκομεν
3064 5329 3155 5380 ἐπὶ
3207 5330 3286 5399 τῷ
3309 5332 3534 5400 τοιούτῳ
3557 5333 3663 5386 τινὶ
3692 5334 4020 5401 ἐπίσκοπον,

2442 5414 2474 5482 ἦ
2513 5416 2947 5485 χωρεττίσκοπςνν,
2983 5417 3013 5485 ἢ
3048 5418 3423 5488 περιοδευτὴν,
3468 5418 3499 5489 ἢ
3553 5415 3955 5490 πρεσϐύτερον,
3992 5424 4020 5491 ἢ

2440 5503 2699 5567 διάκονον,
2733 5508 2764 5575 fy
2794 5506 2951 5559 ἄλλον
2971 5507 3091 5560 τινὰ
3116 5507 3316 5577 δήποτε
3344 5509 3436 5561 τοῦ
3471 5510 3714 5573 κανόνος,
3742 5510 3779 5581 ἦ
3807 5512 4018 5577 λαῖκὺν,

2441 5595 2600 5663 κοινῷ
2644 5596 2874 5667 δόγματι
2910 5598 3019 5653 τῶν
3053 5600 3355 5669 ἀρχιερέων
3391 5600 3829 5670 κατακεκρίσθαι
3855 5644 3870 5663 ,
3930 5605 4018 5656 καὶ

2438 5689 2589 5756 κοινῇ
2621 5688 2788 5758 ψήφῳ
2813 5730 2826 5750 ,
2866 5689 3047 5751 καθὼς
3094 5692 3217 5759 περί
3256 5691 3446 5745 τούτου
3495 5691 3589 5743 καὶ
3614 5695 3643 5745 6
3689 5692 3801 5743 τῶν
3846 5694 4018 5757 άγὲων

2442 5777 2701 5844 Πατέρων
2727 5777 2904 5833 κανὼν
2937 5778 3146 5843 φθάσας
3170 5779 3425 5833 διαλαλεῐ.
3461 5783 3548 5832 Δεῖ
3599 5779 3705 5837 γὰο
3751 5776 3895 5833 εἶναι
3930 5781 4016 5840 χάο
