4234 6450
238 370 348 435 933
1169 365 1248 426 IN
1289 364 1529 428 EPlST.
1566 368 1623 427 S.
1674 368 1957 427 BASlLll
1991 366 2092 425 AD
2132 358 2555 424 NICOPOLIT.
3367 347 3477 412 ρει

244 510 336 567 ριν
372 494 471 564 τὴν
505 494 683 564 χάριν,
723 493 818 548 καὶ
860 492 1111 564 μηδαμοῦ
1151 489 1460 557 μεσιτεύειν
1506 491 1636 558 παρ’
1683 490 1817 557 αὐτῇ
1848 490 1889 541 Α

1803 492 1817 557 ‘1
1848 490 1889 541 Α
1916 499 1987 542 tet
2019 493 2159 544 enim
2196 491 2424 557 gratiam
2451 498 2658 551 semper
2688 497 2808 539 esse
2836 479 3083 549 gratiam,
3110 484 3165 528 et
3197 482 3475 567 argentum

246 560 537 657 ἀργύριον,
566 560 747 636 Ἔστω
774 560 956 635 τοίνυν
989 560 1085 634 καὶ
1112 580 1259 633 εστιν
1289 582 1691 647 ἀποκήρυκτος,
1724 576 1818 628 καὶ

1808 594 1818 628 ι
1922 584 2058 653 apud
2089 598 2206 635 eam
2238 593 2577 649 nequaquam
2637 574 2987 629 intercedere.
3032 566 3116 622 Sit
3159 577 3288 633 ergo
3332 560 3480 615 etab

246 677 428 745 πάσης
458 674 734 744 ἱερατικῆς
758 671 912 737 ἀξίας
940 688 1021 734 τε,
1045 672 1140 723 καὶ
1157 669 1497 739 λειτουργίας
1520 666 1816 735 ἀλλότριος,

250 769 345 830 καὶ
389 770 457 837 τῇ
492 766 707 835 κατάρᾳ.
743 764 837 817 τοῦ
882 763 1223 831 ἀναθέματος
1254 759 1614 829 ὑποκείμενος
1640 798 1655 823 ,
1690 758 1718 810 ὅ
1760 774 1817 811 τε

246 854 453 923 ταύτην
486 854 714 907 κτᾶσθαι
752 853 839 905 διὰ
872 851 1169 921 χρημάτων
1200 848 1475 917 οίόμενος,
1506 848 1598 899 καὶ
1627 849 1656 899 ὀ
1685 845 1817 898 ταύ-

247 961 351 1013 την
372 944 630 1013 παρέχειν
652 945 745 995 ἐπὶ
773 945 1050 1012 χρήμασιν
1074 939 1525 1007 ὑπισχνούμενος,
1550 937 1659 989 εῖτε
1690 937 1822 1003 κλη-

251 1034 425 1102 ρικὺς,
451 1033 559 1085 εῖτε
593 1032 777 1092 λαῖκὸς
807 1031 921 1100 εῖη,
950 1029 1053 1082 κᾶν
1086 1028 1378 1096 ἐλέγχοιτο,
1414 1025 1515 1079 κᾶν
1557 1025 1631 1095 μὴ
1662 1024 1824 1090 ελεγ-

251 1138 404 1193 χοιτο
450 1125 640 1186 ποιεῖν,
699 1123 781 1174 ὅτι
826 1120 946 1173 οὐδὲ
980 1113 1090 1172 οἷόν
1123 1135 1182 1170 τε
1233 1114 1667 1185 συμϐιϐασθῆναί
1699 1130 1827 1167 ποτε

250 1212 324 1265 τὰ
352 1210 616 1281 σύμϐολα,
647 1211 767 1264 οὐδὲ
814 1209 933 1278 Θεῷ
970 1208 1335 1278 συμφωνῆσαι
1365 1205 1458 1258 τὸν
1496 1205 1826 1275 μαμμωνᾶν,

250 1301 289 1373 ἢ
322 1304 445 1363 τοὺς
470 1300 643 1370 τούτῳ
670 1300 1017 1362 δουλεύοντας
1048 1298 1329 1351 δουλεῦσαι
1352 1296 1491 1365 Θεῷ.
1526 1292 1829 1363 Δεσποτικὴ

252 1392 352 1444 καὶ
386 1389 521 1459 αῦτη
553 1390 697 1442 ἐστὶν
722 1389 994 1456 ἀπόφασις
1024 1385 1418 1457 ἀναμφίὸολοςο
1452 1386 1534 1438 Οὐ
1564 1383 1828 1438 δύνασθε

256 1479 380 1544 Θεῷ
411 1480 744 1543 δουλεύειν,
775 1480 871 1531 καὶ
901 1475 1217 1546 μαμμωνᾷ.

331 1569 552 1631 Τούτοις
592 1569 1013 1640 ὲπιθαρροῦντες
1060 1570 1219 1636 ἡμεῖς
1259 1566 1400 1621 κατά
1437 1565 1684 1635 δύναμιν,
1738 1564 1831 1617 καὶ

254 1658 465 1722 τούτοις
494 1660 815 1728 ὑπήκοντες,
857 1660 995 1728 μετά
1020 1658 1114 1710 τοῦ
1157 1657 1330 1710 ταῦτα
1360 1658 1650 1726 φήσαντος,
1691 1654 1832 1706 κατά

253 1749 365 1800 τῶν
382 1747 554 1802 ταῦτα
572 1748 1030 1817 παρανομούντων
1050 1750 1147 1818 τὴν
1165 1749 1439 1815 ἀπόφασιν
1466 1746 1827 1814 πεποιήμεθα.

1921 674 2065 730 omni
2106 670 2430 728 sacerdotali
2463 668 2726 736 dignitate
2766 675 2823 720 et
2848 660 3147 717 ministerio
3175 657 3403 714 alienus,
3429 657 3485 703 et

1923 764 2284 821 anathematis
2320 763 2440 815 loco
2469 760 2743 828 subjectus
2763 796 2776 819 .
2819 755 2910 824 qui
2937 762 2990 807 et
3020 766 3075 805 se
3104 764 3196 819 per
3225 742 3483 815 pecunias

1926 856 2206 925 acquirere
2229 852 2522 913 existimat,
2552 860 2607 902 et
2629 848 2719 917 qui
2746 860 2865 900 eam
2894 842 3129 912 pecuniis
3158 838 3356 925 habere
3376 832 3484 900 pol-

1928 923 2141 1009 licetur,
2165 946 2280 998 sive
2307 943 2380 997 sit
2409 940 2660 1003 clericus,
2693 937 2803 991 sive
2826 934 3015 996 laicus,
3046 931 3158 985 sive
3183 928 3283 981 hoc
3312 923 3487 976 facere

1927 1037 2301 1097 convincatur,
2334 1035 2449 1087 sive
2495 1044 2602 1084 non
2640 1042 2654 1081 :
2705 1026 2829 1097 quia
2881 1022 2993 1077 ﬁeri
3043 1036 3147 1073 non
3186 1022 3395 1087 potest,
3430 1015 3489 1061 ut

1928 1124 2251 1180 conveniant
2284 1135 2402 1189 qua:
2430 1118 2721 1174 convenire
2756 1120 3062 1181 nequeunt,
3088 1123 3184 1163 nec
3214 1114 3273 1159 ut
3315 1114 3489 1155 mam-

1927 1230 2087 1271 mona
2138 1213 2248 1266 Deo
2278 1210 2616 1273 consentiat;
2653 1206 2737 1261 vel
2766 1215 2824 1257 ut
2854 1203 2941 1271 qui
2982 1200 3030 1253 ei
3071 1197 3308 1252 serviunt
3330 1232 3345 1257 ,
3377 1190 3486 1244 Deo

1931 1308 2191 1362 serviant.
2232 1304 2437 1358 Domini
2472 1311 2554 1355 est
2591 1296 2880 1357 sententia,
2923 1292 3009 1348 cui
3049 1283 3346 1344 contradici
3380 1294 3488 1337 non

1926 1407 2103 1470 potest
2133 1414 2152 1451 :
2178 1395 2297 1447 Non
2328 1392 2543 1462 potestis
2568 1387 2675 1442 Deo
2705 1386 2894 1440 servire
2927 1389 2973 1436 et
3003 1394 3330 1433 mammomz.

1999 1572 2109 1626 Nos
2142 1572 2192 1623 in
2225 1569 2308 1623 his
2349 1581 2444 1636 pro
2486 1565 2688 1617 viribus
2741 1559 3118 1619 consulentes,
3159 1564 3210 1609 et
3241 1555 3320 1607 eis
3368 1565 3478 1608 cre-

1933 1666 2142 1724 dentes,
2175 1674 2297 1713 cum
2328 1672 2392 1711 eo
2428 1657 2515 1724 qui
2543 1656 2655 1708 haec
2684 1652 2852 1715 dixit,
2882 1651 3142 1702 adversus
3170 1660 3263 1700 eos
3301 1644 3390 1711 qui
3437 1641 3489 1697 in

1933 1754 1999 1807 iis
2051 1758 2293 1820 peccant,
2333 1745 2653 1800 sententiam
2703 1740 3043 1810 protulimus.
3078 1735 3192 1789 Tua
3234 1734 3495 1787 sanctitas

256 1836 604 1907 Opowmdtw
632 1836 687 1888 δὲ
717 1839 813 1888 καὶ
841 1839 873 1905 ή
913 1835 979 1906 σή
1008 1836 1225 1905 ὁσιότης
1258 1836 1346 1889 διὰ
1383 1834 1564 1905 πάσης
1603 1850 1831 1904 περιφυ·
1865 1821 1904 1874 Β

1822 1861 1831 1873 '
1865 1821 1904 1874 Β
1936 1856 2117 1897 Curam
2147 1846 2320 1907 gerat,
2358 1834 2503 1887 omni
2554 1832 2795 1885 adhibita
2826 1827 3126 1896 diligentia,
3163 1837 3219 1877 ιιι
3253 1825 3367 1877 hac
3400 1835 3494 1890 per

255 1925 433 1995 λακῆς
463 1925 781 1994 ποιουμένη,
829 1924 965 1995 δῆλα
992 1924 1328 1994 καταστῆσαι
1366 1924 1453 1977 διὰ
1482 1924 1832 1993 ἀντιγράφων

258 2015 359 2069 καὶ
389 2018 501 2078 τοῖς
541 2015 645 2067 ὑπὸ
677 2016 734 2067 οὶ
756 2015 1191 2083 Θεοφιλεστάτοις
1228 2013 1546 2077 ἐπισκόποις
1566 2055 1580 2078 ,
1616 2014 1708 2066 καὶ
1740 2030 1834 2065 πε-

260 2104 594 2175 ριοδευταῖς,
626 2106 721 2158 καὶ
753 2109 864 2169 τοῖς
894 2105 1076 2167 ἀλλοις
1100 2106 1323 2160 ἅπασινσ
1358 2105 1445 2158 ῖνα
1478 2107 1534 2158 ὲν
1562 2105 1642 2157 ἑνὶ
1673 2104 1834 2157 πνεύ-

263 2211 394 2264 ματι
416 2233 431 2257 ,
464 2194 556 2247 καὶ
606 2196 705 2264 μιᾷ
735 2194 882 2265 ψυχῇ
914 2196 1116 2258 πάντες
1146 2194 1280 2264 ὁμοῦ
1320 2195 1638 2267 Χριστιανοὶ
1694 2211 1832 2263 συμ-

260 2282 596 2354 φραξάμενοι
637 2284 776 2338 κατά
820 2285 913 2338 τοῦ
961 2286 1142 2339 κοινοῦ
1174 2285 1473 2354 δυσμενοῦς
1525 2284 1833 2353 ἰσχύσωμεν

262 2375 361 2428 σὺν
401 2373 519 2443 Θεῷ
541 2412 556 2436 ,
588 2376 687 2444 τὴν
726 2375 816 2429 ὑπ’
848 2376 1057 2429 ἐκείνου
1092 2375 1449 2445 φυτευθεῖσαν
1488 2377 1545 2427 ἐν
1580 2374 1707 2443 ἡμῖν
1734 2375 1832 2442 τῆς

261 2462 624 2533 φιλαργυρίας
679 2464 855 2535 ῥίζαν,
908 2466 1026 2535 ἀμα
1067 2468 1233 2519 πᾶσιν
1277 2466 1465 2528 αὐτοῖς
1492 2465 1601 2517 τῶν
1647 2462 1832 2515 κακῶν

258 2556 374 2615 τοῖς
412 2552 782 2622 βλαστήμασιν
816 2554 1086 2624 ἰκτεμεῖν.
1138 2556 1325 2609 Πάσαν
1366 2555 1466 2626 τὴν
1501 2556 1597 2608 σὺν
1647 2553 1727 2605 σοι
1776 2553 1833 2605 ὲν

257 2641 483 2711 Χριστῷ
520 2642 853 2713 ἀδελφότητα
903 2644 1315 2714 προσαγορεύω.
1382 2644 1720 2713 Ἐρῤωμὲνος
1771 2642 1828 2693 ιν

258 2731 454 2799 Κυρίῳ
481 2731 784 2801 ύπερεύχου
812 2733 988 2803 ἡμῶν,
1022 2733 1406 2801 θεοφιλέστατε
1436 2734 1653 2802 ἀδελφέ.

338 2820 527 2885 Τούτῳ
554 2819 633 2884 τῷ
667 2822 1094 2892 ἐπιστολιμαίφ
1130 2826 1293 2892 ,λόγῳ
1320 2824 1440 2877 σὺν
1466 2825 1626 2887 abun
1648 2821 1723 2888 δή
1755 2818 1834 2884 τῷ

1936 1931 2257 1999 transcripta
2292 1925 2617 1993 exemplaria
2660 1923 2999 1975 innotescant
3037 1926 3090 1971 et
3130 1914 3493 1971 sanctissimis

1933 2020 2202 2091 episcopis
2232 2017 2320 2086 qui
2352 2015 2445 2068 tibi
2486 2014 2731 2077 subsunt,
2762 2024 2815 2065 et
2844 2008 3211 2079 περιοδευταῖς
3230 2046 3243 2066 ,
3290 2014 3340 2058 et
3369 2003 3493 2057 aliis

1936 2111 2183 2168 omnibus
2215 2126 2229 2161 :
2262 2115 2319 2162 ut
2353 2108 2404 2160 in
2435 2120 2543 2159 uno
2569 2104 2757 2172 spiritu
2793 2112 2843 2155 et
2873 2116 2975 2153 una
3009 2099 3182 2152 anima
3210 2110 3397 2150 omnes
3421 2096 3496 2148 si-

1936 2202 2044 2257 mul
2078 2198 2360 2265 constipati
2392 2193 2688 2249 Christiani
2718 2195 2975 2245 adversus
3012 2201 3351 2243 communem
3386 2184 3493 2237 ini-

1936 2294 2153 2354 micum,
2180 2287 2275 2342 Dei
2301 2285 2517 2347 auxilio,
2541 2282 2809 2353 possimus
2832 2279 3068 2333 avaritia:
3094 2276 3349 2336 radicem,
3376 2286 3496 2340 qua:

1935 2385 2002 2439 ab
2035 2383 2124 2437 illo
2149 2383 2201 2435 in
2229 2378 2379 2433 nobis
2409 2376 2565 2431 insita
2593 2384 2695 2439 est,
2730 2387 2853 2427 cum
2885 2371 3134 2424 omnibus
3163 2380 3347 2421 eorum
3383 2378 3496 2416 ma-

1936 2477 2108 2531 lorum
2140 2470 2474 2543 germinibus
2528 2464 2865 2520 exscindere.
2912 2461 3135 2514 Omnem
3164 2472 3283 2526 qua:
3318 2466 3493 2507 tecum

1936 2578 2019 2624 est
2049 2569 2102 2620 in
2145 2564 2359 2621 Christo
2389 2559 2777 2615 fraternitatem
2808 2556 3121 2610 salutamus.
3152 2548 3330 2603 Fortis
3352 2544 3495 2599 exsi-

1940 2670 2081 2716 stens
2117 2658 2170 2712 in
2197 2655 2430 2720 Christo,
2450 2666 2541 2706 ora
2566 2665 2661 2719 pro
2682 2648 2857 2709 nobis,
2888 2641 3230 2699 sanctissime
3263 2637 3452 2691 frater.

2012 2832 2145 2885 "uir.
2174 2825 2402 2894 epistola:
2448 2840 2563 2876 cum
2592 2822 2704 2888 ipso
2746 2816 3013 2871 Gsnnadio
3070 2810 3489 2878 subscripserunt

251 2906 558 2973 Γενγαδίφ
584 2908 939 2980 ὑπέγραψαν
970 2914 1067 2966 καὶ
1099 2916 1152 2966 οι
1180 2912 1585 2981 ἐϐδομήκοντα
1620 2911 1798 2977 τρεῖς.
1859 2921 1900 2976 c

935 2930 939 2944 ’
970 2914 1067 2966 καὶ
1099 2916 1152 2966 οι
1180 2912 1585 2981 ἐϐδομήκοντα
1620 2911 1798 2977 τρεῖς.
1859 2921 1900 2976 c
1937 2927 2092 2979 ειξιηη
2126 2919 2455 2986 ερριααςὶηια
2484 2924 2607 2967 tres.

672 3166 774 3230 ἘΚ
806 3176 943 3229 ΤΗΣ
980 3175 1157 3229 ΠΡΟΣ
1197 3172 1677 3228 ΝΙΚΟΠΟΔΙΤΔΣ
1710 3167 2096 3223 ΕΠΙΣΤΟΛΗΣ
2129 3166 2268 3219 ΤΟΥ
2320 3167 2650 3221 ΜΕΓΛΛΟΥ
2697 3165 3074 3224 ΒΑΣΙΛΕΙΟΥ.

814 3417 974 3488 183
1010 3424 1110 3484 EX
1148 3424 1529 3486 EPISTULA
1569 3423 1820 3486 MAGNl
1858 3425 2148 3484 BASILII
2184 3426 2288 3485 AD
2331 3424 2965 3487 NICOI‘OLITANOS.

245 3594 313 3647 Ἦ
357 3588 622 3659 ὲπιστολὴ
661 3587 975 3656 διαλιγεται
1027 3589 1158 3659 περὶ
1223 3589 1319 3641 τοῦ
1378 3589 1671 3657 ὑπομενεῖν
1725 3588 1821 3639 καὶ

310 3682 651 3753 εὐχαρίστως
667 3681 860 3751 φοέρειν
887 3683 1016 3743 τοὺς
1051 3678 1393 3750 πειρασμούς
1411 3696 1427 3711 ·
1458 3674 1576 3731 εἶτα
1602 3678 1817 3745 ἐπάγει,

311 3775 382 3829 Τί
416 3772 770 3841 πεπόνθαμεν
785 3772 994 3835 δεινόν;
1023 3771 1072 3825 εί
1106 3771 1181 3841 μή
1199 3770 1339 3839 τάχα
1369 3770 1526 3823 τοῦτο
1553 3768 1821 3839 λυπηρὸν,

311 3868 398 3921 δτι
441 3864 609 3935 μηδὶν
665 3862 1044 3933 πεπόνθαμεν,
1094 3862 1232 3933 μηδὲ
1263 3861 1636 3931 ὲνομίσθημεν
1680 3859 1826 3924 ἀξιοι·

307 3954 422 4007 τῶν
449 3952 593 4022 ὑπὲρ
639 3951 882 4020 Χριστοῦ
911 3952 1282 4023 παθημάτων.
1311 3952 1374 4006 El
1408 3952 1465 4005 δὲ
1494 3943 1575 4004 ὅτι
1604 3950 1632 4003 ὀ
1672 3950 1822 4004 δεῖνα

307 4045 659 4115 κατίχειτδν
692 4040 842 4097 οἷκον
898 4047 996 4115 τῆς
1053 4042 1389 4113 προσευχῆς,
1444 4042 1606 4112 ὑμεῖς
1646 4040 1702 4093 δὲ
1761 4040 1821 4093 ιν

309 4137 572 4208 ὑπαίθρῳ
605 4140 968 4208 προσκυνεῖτε
1003 4135 1098 4187 τδν
1126 4132 1364 4206 οὐρανοῦ
1412 4136 1505 4189 καὶ
1538 4134 1642 4204 γῆς
1696 4151 1820 4186 ποι-

307 4229 469 4299 ητὴν,
499 4229 821 4298 τοῦτούμάς
874 4229 1040 4299 ἀνιᾷο
1100 4227 1225 4280 ἔνου
1259 4228 1445 4297 ·ήθητε
1498 4226 1580 4280 ὅτι
1631 4229 1679 4280 οἱ
1722 4227 1821 4296 μὲν

307 4321 503 4374 ινδεκα
537 4320 779 4389 μαθηταὶ
805 4320 863 4372 ιν
902 4319 981 4389 τῷ
1014 4317 1254 4389 ὑπερῴῳ
1294 4314 1437 4390 ἦσαν
1498 4317 1825 4372 ὑποκεκλει-

308 4408 534 4479 σμένοιο
570 4410 619 4462 οι
647 4409 704 4462 δὲ
744 4405 1167 4477 σταυρώσαντες
1220 4408 1310 4459 τὸν
1372 4406 1578 4476 Κύριον
1644 4406 1701 4457 ὲν
1742 4403 1822 4473 τῷ

310 4516 377 4551 πε
388 4498 623 4569 ριόοήτῳ
644 4498 758 4567 ναῷ
795 4498 896 4566 τὴν
934 4496 1231 4566 ἰουδαῖκὴν
1246 4494 1507 4566 λατρείαν
1524 4496 1820 4565 ἐπλήρουν.

322 4592 526 4655 Ἰούδας
565 4591 697 4660 γὰρ,
740 4590 831 4643 τὸν
874 4589 941 4643 δι’
983 4591 1221 4661 ἀγχόνης
1273 4590 1506 4644 θάνατον
1555 4590 1650 4641 τοῦ
1705 4590 1823 4658 μετ’

314 4684 581 4753 αἰσχύνης
620 4681 719 4751 ζῇν
760 4682 1129 4753 προτιμήσας,
1194 4682 1367 4746 sane:
1407 4682 1549 4751 τάχα
1584 4682 1695 4733 τῶν
1730 4681 1827 4732 νῦν

314 4772 845 4845 ἀπερυθριασάντων
907 4773 1046 4843 πρδς
1094 4774 1276 4826 πᾶσαν
1301 4773 1611 4844 ἀνθρώπων
1656 4773 1827 4827 κατά-

317 4885 544 4936 γνωσιν,
576 4868 667 4920 καὶ
694 4866 783 4919 διὰ
815 4865 975 4919 τοῦτο
1005 4866 1245 4927 ἀναιδῶς
1292 4867 1429 4936 πρὸς
1486 4866 1556 4920 τά
1623 4868 1828 4937 αἰσχρά

313 4958 693 5027 διακειμένων
715 4957 913 5011 ἑαυτὸν
943 4958 1207 5027 αίρετὼτε
1220 4975 1335 5026 ρον.
1370 4958 1547 5012 Μόνον
1578 4957 1654 5028 μὴ
1679 4959 1827 5011 ἀπα-

314 5049 525 5119 τηοῆτε
558 5049 666 5103 ὐπδ
696 5048 805 5101 τῶν
849 5049 1220 5119 ψευδολογιῶν
1253 5049 1436 5101 αὐτῶν
1478 5049 1826 5116 ἀπαγγελλο-

321 5145 503 5213 μένων
540 5140 811 5211 ὀρθότητα
847 5141 1109 5205 πίστεως.
1167 5142 1580 5211 Χριστέμποροι
1617 5142 1726 5209 γὰρ
1773 5140 1825 5192 oi

316 5233 575 5297 τοιοῦτοι,
610 5234 707 5286 καὶ
738 5234 858 5303 οὐχὶ
906 5232 1255 5304 Χριστιανοὶ,
1299 5231 1360 5284 τὸ
1407 5231 1495 5286 ἀεὶ
1546 5232 1691 5285 κατὰ
1735 5232 1827 5284 τὸν

319 5326 437 5397 βίον
466 5326 653 5388 αὐτοῖς
696 5325 1017 5379 λυσιτελοῦν
1074 5323 1168 5377 τοῦ
1217 5324 1357 5377 κατά
1400 5323 1666 5393 ἀλήθειαν
1725 5323 1826 5393 ζῇν

319 5416 723 5489 προτιμῶντες.
762 5418 893 5471 Ὅτε
916 5418 973 5469 δὲ
1011 5416 1275 5488 ενόμισαν
1307 5416 1541 5470 κτᾶσθαι
1593 5421 1695 5484 τὴν
1730 5432 1824 5469 κε-

321 5509 423 5580 νήν
454 5508 661 5579 ταύτην
693 5508 890 5579 ἀρχὴν,
938 5508 1272 5580 προσέθεντο
1302 5509 1418 5571 τοῖς
1467 5506 1685 5577 ἐχθροῖς
1729 5504 1823 5559 τοῦ

319 5600 494 5653 Θεοῦ·
537 5600 627 5653 ὅτε
658 5596 800 5653 εἶδον
855 5601 986 5667 τοὺς
1033 5599 1195 5663 λαοὺς
1240 5600 1650 5669 άγριαὶνοντας,
1687 5615 1823 5668 σχη-

328 5695 649 5766 ματίζονται
678 5694 837 5747 πάλιν
866 5694 965 5764 τὴν
996 5693 1287 5765 ὀρθότητα.
1321 5694 1435 5747 Οὐκ
1458 5687 1575 5747 οἶδα
1618 5694 1665 5745 ει
1704 5692 1824 5745 ἐπι-

320 5804 516 5841 σκοποι
600 5782 734 5854 εἷεν,
799 5786 933 5859 μηδὲ
998 5786 1423 5859 ἀριθμησαίμην
1502 5788 1559 5840 ἐν
1621 5785 1822 5857 ἱερεῦσι

1855 4540 1907 4600 D

1926 3583 2164 3653 Epistola
2196 3593 2393 3638 tractat
2427 3587 2492 3638 de
2537 3587 2873 3639 sustinendis
2910 3596 2964 3638 et
3010 3600 3167 3654 atquo
3204 3588 3388 3641 animo
3429 3589 3509 3645 fe-

1995 3674 2620 3741 rendistentationibus;
2656 3675 2850 3730 deinde
2898 3676 3197 3747 subiungit,
3219 3677 3354 3745 Quid
3381 3680 3506 3734 mali

1994 3768 2141 3837 passi
2188 3767 2418 3823 sumus?
2461 3769 2564 3824 nisi
2623 3771 2805 3822 forsan
2849 3770 2986 3822 istud
3036 3771 3190 3824 triste
3231 3772 3321 3836 sit,
3362 3772 3505 3841 quod

2006 3860 2145 3918 nihil
2175 3860 2340 3930 passi,
2368 3874 2467 3914 nec
2494 3860 2839 3929 passionibus
2868 3876 2964 3929 pro
2983 3860 3200 3916 Christo
3224 3864 3366 3932 digni
3407 3864 3507 3916 ha-

2000 3956 2098 4013 biti
2130 3967 2336 4009 smnus.
2360 3950 2415 4005 Si
2438 3960 2640 4017 autem,
2674 3954 2814 4019 quod
2845 3952 3063 4008 domum
3117 3955 3383 4008 orationis
3417 3971 3510 4009 ne-

1997 4047 2114 4103 scio
2143 4043 2262 4113 quis
2284 4042 2518 4098 detineat
2539 4059 2555 4109 ;
2574 4056 2667 4096 vos
2692 4050 2871 4097 autem
2894 4044 2991 4099 sub
3016 4043 3103 4098 dio
3125 4045 3244 4098 caeli
3269 4056 3321 4099 et
3353 4057 3507 4099 terra-

2000 4136 2347 4194 Conditorem
2382 4133 2645 4195 adoratis,
2674 4134 2774 4188 hoc
2802 4150 2899 4189 vos
2926 4136 3064 4190 male
3096 4136 3292 4202 habet;
3325 4139 3508 4191 t-onsi-

2001 4228 2206 4293 derate,
2238 4223 2380 4293 quod
2420 4225 2668 4278 undecim
2705 4225 2926 4293 quidem
2960 4226 3210 4296 discipuli
3253 4238 3408 4282 erant
3452 4230 3506 4283 in

2001 4316 2283 4374 caenaculo
2307 4314 2499 4369 inclusi
2532 4332 2546 4367 :
2575 4316 2665 4385 qui
2696 4328 2875 4372 autem
2907 4318 3191 4371 Dominum
3222 4323 3509 4374 crucitixe-

2004 4418 2133 4465 runt
2172 4410 2225 4463 in
2258 4406 2463 4461 celebri
2492 4407 2692 4477 templo
2716 4408 3001 4464 Judaicum
3034 4411 3240 4463 cultum
3278 4426 3508 4479 perage-

2003 4504 2155 4559 bant.
2182 4502 2353 4561 Judas
2375 4507 2543 4563 enim.
2577 4502 2667 4567 qui
2698 4502 2992 4571 suspendio
3017 4504 3180 4556 vitam
3209 4503 3362 4558 ﬁnire
3390 4518 3507 4557 ma-

1998 4598 2100 4654 luit
2121 4614 2281 4668 quam
2304 4598 2571 4653 dedecore
2589 4596 2791 4660 vivere,
2813 4596 3050 4649 ostendit
3078 4611 3133 4650 se
3163 4598 3232 4650 iis
3253 4611 3374 4652 esse
3398 4611 3511 4651 me-

1997 4689 2208 4754 liorem,
2231 4692 2323 4760 qui
2348 4691 2415 4743 ad
2439 4703 2655 4743 omnem
2681 4689 2959 4741 hominum
2992 4690 3504 4753 condemnationem

1999 4780 2231 4835 frontem
2252 4780 2679 4852 perfricuerunt,
2705 4790 2757 4835 et
2783 4780 2904 4835 ideo
2936 4781 3276 4851 impudenter
3301 4781 3365 4835 ad
3390 4797 3509 4836 om-

1999 4875 2089 4928 nia
2115 4874 2293 4930 aﬂ'ecti
2343 4883 2491 4929 sunt.
2530 4874 2730 4929 Eorum
2779 4882 2988 4928 tantum
3043 4872 3506 4945 falsiloquiis,qnl

2000 4965 2124 5020 tldei
2190 4965 2568 5020 rectitudinem
2630 4964 2976 5034 proﬁtentur.
3011 4979 3077 5019 ne
3133 4966 3505 5030 seducamini,

1997 5057 2199 5112 Christi
2228 5057 2371 5112 enim
2402 5064 2797 5126 cauponatores
2831 5066 2957 5109 sunt
3005 5057 3063 5121 ii,
3094 5065 3147 5110 et
3196 5072 3301 5110 non
3346 5057 3505 5112 Chri-

1998 5151 2180 5215 stiani,
2215 5149 2307 5217 qui
2344 5149 2421 5215 id,
2449 5150 2589 5215 quod
2624 5150 2702 5203 eis
2740 5163 2958 5216 semper
2992 5148 3046 5202 in
3081 5148 3187 5202 vita
3227 5157 3311 5204 est
3349 5150 3501 5215 utile,

2003 5258 2143 5297 verte
2167 5242 2287 5295 vitae
2319 5240 2631 5307 prmferunt.
2658 5240 2883 5306 Quando
2908 5246 3085 5296 autem
3117 5242 3504 5297 existimarunt

1996 5349 2056 5390 se
2105 5348 2262 5404 posse
2316 5334 2417 5387 hoc
2450 5347 2646 5385 vanum
2700 5331 2987 5399 imperium
3049 5333 3353 5401 acquirere,
3406 5332 3501 5391 Dei

2001 5425 2237 5480 inimicis
2278 5422 2440 5479 add'ti
2470 5431 2594 5476 sunt
2622 5439 2637 5476 :
2671 5424 2885 5491 quando
2915 5425 3165 5479 viderunt
3196 5427 3498 5481 concitatos

2000 5512 2241 5582 p0pnlos,
2271 5525 2461 5566 rursus
2492 5509 2867 5564 rectitudinem
2898 5511 3177 5569 simulant.
3210 5510 3403 5568 Nescio
3429 5528 3497 5568 an

2000 5606 2108 5659 sint
2149 5602 2410 5672 episcopi,
2455 5616 2555 5655 nec
2605 5602 2656 5655 in
2698 5602 2899 5658 Christi
2946 5606 3319 5661 sacerdotibus
3369 5623 3494 5662 cum

1998 5694 2547 5762 enumeraverim,qui
2576 5708 2603 5746 a
2650 5693 2896 5763 profanis
2930 5698 3181 5752 manibus
3218 5698 3283 5753 ad
3316 5699 3415 5755 hoc
3441 5709 3498 5757 ιιι

2000 5790 2222 5861 ιπίεείηι
2254 5788 2307 5843 in
2330 5785 2744 5845 dissolutionem
2778 5787 2898 5845 tidei
2935 5794 3220 5859 promotus
3246 5803 3349 5853 est.
3387 5793 3500 5854 llos
