4214 6450
226 383 343 447 953

1048 385 1430 445 RESPONSA
1475 388 1574 446 AD
1621 389 2353 457 INTERROGATIONES
2392 400 2632 463 MARCK

3323 408 3429 476 ost

221 497 608 567 οἱκουμενικοῦ
667 503 1001 569 πατριάρχου
1041 506 1226 571 κυρίου
1267 505 1558 583 Γεωργίου.
1589 500 1687 558 Ὧν
1718 508 1785 559 τὰ
1815 510 1855 563 A
1895 522 2065 565 annos
2096 522 2286 581 augeat
2320 515 2459 571 Deus
2489 520 2542 570 in
2570 520 2632 571 dit

1895 522 2065 565 annos
2096 522 2286 581 augeat
2320 515 2459 571 Deus
2489 520 2542 570 in
2570 520 2777 571 dici-um
2806 519 3207 586 longitudinem.
3240 518 3424 574 Mense

226 592 326 658 ἐτη
359 591 574 653 αὑξανει
612 595 639 643 ὁ
678 593 806 654 Θεὸς
850 596 927 655 είς
966 596 1283 664 μακρότητα
1341 598 1582 664 ἡμερῶν.
1632 598 1779 666 Μηνὶ

223 682 575 750 Φεϐρουαρίῳ
632 684 1002 749 ἑπινεμήσεως
1035 692 1123 748 ιγ’,
1180 687 1271 736 καὶ
1321 686 1456 738 ἑτῶν
1497 688 1633 755 μετὰ
1681 689 1779 754 τὴν

229 769 505 835 σάρκωσιν
544 768 634 819 τοῦ
678 770 881 836 Κυρίου
915 772 1008 821 καὶ
1046 770 1181 820 Θεοῦ
1215 771 1308 822 καὶ
1338 771 1581 838 Σωτῆρος
1626 772 1779 839 ήμῶν

226 857 405 927 Ἰησοῦ
425 859 683 926 Χριστοῦ,
722 856 876 924 ,ασγ’.

315 950 658 1013 Ἐρώτησις.
687 950 747 1001 At
796 951 922 1017 περὶ
956 951 1022 1001 τὰ
1064 950 1201 1019 μέρη
1236 950 1335 1017 τῆς
1381 950 1778 1021 Ἀλεξανδρείας

231 1042 323 1094 καὶ
347 1041 455 1092 τὼν
491 1038 876 1107 Ἰεροσολύμων
906 1039 1407 1106 ἀναγινωσκόμενοι
1430 1040 1776 1109 λειτουργίαι,

230 1132 323 1183 καλ
348 1130 634 1197 λεγόμεναι
680 1129 1057 1198 συγγραφῆναι
1104 1129 1251 1195 παρὰ
1294 1130 1401 1180 τῶν
1434 1129 1603 1195 ἁγίων
1638 1132 1772 1181 ἁπο-

233 1222 455 1280 στόλων,
517 1218 772 1271 Ἰακώϐου
830 1216 923 1270 τοῦ
986 1217 1329 1283 ἀδελφοθέου,
1379 1220 1470 1270 καὶ
1528 1220 1773 1286 Μάρκου,

229 1312 413 1365 δεκταί
437 1313 539 1363 εισι
565 1313 629 1380 τῇ
658 1311 787 1378 ἁγίᾳ
813 1310 904 1362 καὶ
932 1310 1187 1379 καθολικῇ
1233 1310 1547 1379 Ἐκκλησία,
1580 1312 1611 1379 ἢ
1644 1309 1702 1362 οὗ
1727 1326 1742 1373 ;

298 1407 428 1456 ‘Ax.
484 1404 541 1454 ὐ
571 1402 746 1471 μέγας
790 1399 1085 1462 ἀπόστολος
1114 1400 1346 1463 Παῦλος,
1394 1403 1422 1453 ό
1450 1402 1559 1454 τῶν
1612 1400 1779 1468 ἁγίων

242 1492 578 1561 Ἐκκλησιῶν
607 1490 700 1543 τοῦ
727 1490 859 1542 Θεοῦ
889 1492 1072 1558 ῥήτωρ
1096 1493 1188 1549 καὶ
1214 1490 1550 1556 διδάσκαλος,
1583 1494 1777 1561 Κοριν·

228 1583 361 1643 θίοις
387 1580 732 1645 ἐπιστέλλων,
768 1580 927 1648 φησίν
951 1595 964 1609 ⁶
1005 1581 1266 1648 Ἀδελςιςοὶ,
1304 1582 1606 1653 παρακαλῶ
1633 1584 1777 1652 ὑμᾶς

226 1673 315 1724 διά
345 1672 435 1722 τοῦ
467 1672 726 1737 ὀνόματος
756 1673 848 1724 τοῦ
879 1672 1077 1739 Κυρίου
1114 1672 1267 1740 ἡμῶν
1301 1673 1472 1740 Ἰησοῦ
1523 1673 1775 1740 Χριστοῦ,

233 1763 321 1816 ἵνα
347 1764 405 1815 τὸ
442 1763 576 1814 αὐτὸ
608 1764 797 1831 λέγητε
834 1764 1052 1823 πάντες,
1085 1763 1179 1814 καὶ
1210 1764 1282 1830 μὴ
1404 1766 1460 1813 ἐν
1508 1764 1633 1830 ὑμίν
1661 1764 1776 1830 σχί-

233 1871 415 1922 σματα
445 1870 455 1880 ·
490 1850 585 1921 ἦτε
613 1854 667 1905 δὲ
696 1855 1116 1921 κατηρτισμένοι
1168 1855 1226 1905 ὲν
1260 1854 1334 1925 τῷ
1373 1854 1518 1921 αὐτῷ
1544 1854 1645 1917 νοῒ,
1685 1857 1775 1908 καὶ

226 1946 287 1994 ὲν
307 1948 367 2012 τῇ
399 1945 532 2009 αὐτῇ
560 1944 767 2015 γνώμῃ.
793 1943 974 2012 Φαμὲν
1000 1944 1196 2006 τοίνυν,
1220 1944 1293 2005 ὡς
1324 1943 1446 1996 οὔτε
1477 1946 1583 1996 ἀπὸ
1625 1945 1775 2008 θείας

228 2034 471 2101 Γραφῆς,
506 2033 625 2085 οὔτε
662 2035 768 2085 ἀπὸ
803 2035 1020 2095 κανόνος
1056 2034 1455 2101 ἐκφωνηθέντος
1489 2036 1774 2097 συνοδικῶς

227 2120 666 2187 ἀνεδιδάχθημεν,
688 2121 1077 2187 ίεροτελεστίαν
1110 2120 1212 2172 ὑπὸ
1246 2121 1339 2173 τοῦ
1362 2121 1520 2187 ἁγίου
1551 2125 1775 2174 ἀποστό-

233 2210 325 2261 λου
358 2212 582 2277 Μάρκου
616 2210 973 2277 παραδοθῆναι
997 2226 1010 2239 ο
1049 2209 1205 2277 μόνος
1245 2211 1297 2261 δὲ
1325 2212 1353 2262 ό
1380 2208 1457 2278 λβ⁰
1486 2210 1657 2262 κανὼν
1676 2214 1776 2279 τῆς

230 2303 289 2351 ἐν
320 2302 392 2366 τῷ
435 2298 689 2367 Τρούλ).ῳ
738 2299 829 2351 τοῦ
885 2298 1123 2367 μεγάλου
1179 2298 1441 2351 παλατίου
1504 2300 1774 2370 συστάσης

228 2389 384 2451 ἁγίας
420 2391 516 2441 καὶ
566 2391 948 2458 οίκουμενικῆς
1007 2392 1245 2451 συνόδου,
1287 2390 1453 2459 φησὶν
1526 2392 1628 2444 ὑπὸ
1681 2393 1773 2446 τοῦ

228 2480 385 2548 ἁγίου
414 2480 667 2533 Ἰακώϐου
696 2482 790 2533 τοῦ
819 2481 1141 2551 ἀδελφοθὲου
1171 2483 1436 2553 μυστικὴν
1468 2484 1772 2554 ἱερουργίαν

230 2568 567 2635 συντεθῆναι.
587 2567 646 2623 '0
673 2572 849 2640 μέντοι
874 2572 958 2624 πε⁹
983 2571 1159 2625 κανὼν
1179 2573 1288 2625 τῶν
1316 2574 1485 2641 ἁγίων
1521 2577 1615 2629 καὶ
1639 2594 1775 2631 παν-

232 2662 495 2726 ευφήμων
534 2660 863 2722 ἀποστόλων,
895 2662 991 2714 καὶ
1039 2663 1067 2714 δ
1096 2662 1171 2714 νθ¹
1202 2663 1381 2716 κανὼν
1424 2665 1519 2733 τῆς
1554 2668 1611 2719 ὲν
1636 2669 1775 2720 Λαο-

227 2748 401 2817 δικείᾳ
428 2750 664 2811 συνόδου,
690 2750 1161 2820 ἁπαριθμούμενοι
1207 2752 1275 2803 τὰ
1324 2754 1604 2820 ὀφείλοντα
1650 2758 1774 2826 παρ⁹

231 2835 363 2902 ἡμῖν
406 2834 784 2889 πολιτεύεσθαι
860 2836 1039 2906 βιϐλία
1077 2839 1175 2906 τῆς
1224 2841 1466 2903 Παλαιᾶς
1502 2844 1776 2915 Διαθήκης

232 2922 326 2975 καὶ
384 2924 481 2991 τῆς
528 2926 758 2993 Καινῆς,
824 2927 915 2978 καὶ
980 2927 1120 2980 αὐτὰ
1169 2929 1233 2997 δὴ
1293 2930 1358 2981 τά
1422 2933 1775 2996 ἁποστολικὰ,

1884 593 2195 664 Februario,
2253 602 2564 659 indictionis
2623 606 2703 669 t5,
2760 608 2883 658 arani
2923 618 3041 674 pos;
3098 606 3425 659 incarnatio-

1882 701 2001 739 nem
2060 688 2296 754 Domini,
2346 700 2399 746 et
2458 692 2570 756 Dei,
2605 702 2659 746 ct
2715 694 3019 748 Scrutaris
3074 695 3245 749 nostri
3304 690 3426 751 issu

1880 776 2102 843 Christi,
2133 779 2287 834 1205.

1954 956 2117 1008 Inter.
2146 957 2194 1008 Ι.
2223 956 2349 1022 Quae
2377 958 2429 1011 in
2462 961 2704 1027 partibus
2728 962 3068 1016 Alexandria:
3092 972 3144 1016 et
3175 962 3427 1019 Hieroso-

1882 1045 2140 1114 lymorum
2182 1048 2428 1115 leguntur
2458 1048 2707 1117 liturgite,
2741 1058 2794 1103 ct
2827 1054 3146 1119 conscripta:
3175 1055 3430 1108 dicuntur

1882 1134 2049 1188 fuisse
2097 1149 2126 1187 a
2167 1137 2372 1190 sanetis
2417 1140 2705 1206 apostolis,
2744 1139 2946 1194 Jacobo
2981 1141 3147 1195 fratre
3199 1146 3430 1207 Domini,

1880 1232 1933 1275 ct
1972 1223 2174 1288 Marco,
2211 1227 2535 1293 recipienda:
2566 1239 2696 1283 sunt
2746 1244 2777 1283 a
2822 1245 3011 1286 sancta
3064 1245 3115 1287 ct
3166 1238 3431 1292 catholica

1882 1309 2141 1371 Ecclesia.
2177 1328 2344 1367 necne
2372 1318 2394 1367 Υ

1950 1398 2069 1453 Res.
2116 1400 2339 1471 Magnus
2381 1404 2664 1472 apostolus
2702 1403 2927 1472 Paulus,
2978 1418 3288 1464 sanctarum
3340 1413 3433 1469 Dei

1881 1484 2244 1540 Ecclesiarum
2278 1500 2463 1543 orator
2489 1502 2542 1545 et
2586 1492 2800 1560 doctor,
2844 1496 2908 1547 ad
2953 1494 3268 1553 Corinthios
3301 1504 3440 1557 scri-

1878 1574 2032 1639 bens,
2088 1577 2163 1629 ait
2200 1594 2213 1629 :
2248 1575 2488 1642 Fratres,
2537 1579 2766 1638 obsecro
2824 1599 2917 1638 vos
2963 1599 3062 1654 per
3100 1605 3297 1645 nomen
3335 1593 3438 1649 Do-

1880 1663 2010 1715 mini
2040 1664 2211 1716 nostri
2249 1662 2377 1718 Jesu
2425 1664 2658 1732 Christi,
2709 1678 2766 1723 ut
2821 1674 2954 1727 idem
2986 1679 3182 1735 dicatis
3224 1696 3435 1747 omnes.

1880 1768 1979 1805 nec
2026 1756 2136 1807 sint
2192 1755 2243 1807 in
2296 1756 2447 1812 vobis
2495 1759 2719 1814 dissidia
2763 1764 2929 1819 :sitis
2987 1780 3165 1824 autem
3213 1786 3438 1841 compo-

1880 1843 1967 1896 siti
2006 1845 2022 1883 ι
2057 1845 2243 1902 cadem
2281 1858 2480 1913 mente,
2531 1850 2825 1919 eademque
2860 1855 3153 1913 voluntate.
3197 1860 3437 1918 Dicimus

1879 1934 2056 2003 igitur,
2116 1951 2215 1991 nos
2269 1954 2445 2007 neque
2503 1954 2534 1993 a
2579 1956 2737 1997 sacra
2807 1942 3116 2016 Scriptura,
3181 1965 3356 2018 neque
3404 1968 3436 2008 ι

1877 2041 2085 2081 canone
2144 2032 2399 2098 synodice
2461 2035 2626 2098 edito,
2679 2037 2904 2094 edoctos
2986 2042 3153 2097 fuisse
3218 2058 3435 2099 sacrum

1878 2114 2237 2169 ministerium
2272 2116 2284 2165 i
2330 2134 2358 2171 a
2399 2118 2454 2173 S.
2489 2124 2735 2189 apostolo
2778 2122 2959 2179 Marco
3004 2128 3286 2181 traditum.
3335 2129 3434 2183 So-

1878 2207 1960 2259 lus
1990 2204 2135 2257 enim
2165 2205 2233 2258 32
2276 2221 2448 2261 canon
2500 2220 2700 2264 sancta:
2745 2221 2795 2266 et
2851 2218 3198 2271 mcumenicae
3244 2220 3435 2287 synodi

1876 2306 2075 2349 coacta:
2105 2296 2157 2349 in
2190 2296 2375 2351 Trullo
2403 2303 2581 2370 magni
2605 2305 2813 2372 palatii,
2855 2307 2930 2358 ait
2958 2321 2986 2359 a
3016 2307 3075 2361 S.
3096 2305 3303 2363 Jacobo
3340 2308 3438 2363 Dei

1876 2384 2044 2441 fratre
2091 2391 2374 2459 mysticum
2436 2395 2763 2449 sacriﬁcium
2816 2397 2988 2454 fuisse
3049 2403 3432 2471 compositum.

1872 2475 2120 2531 Attamen
2158 2479 2227 2533 85
2265 2496 2437 2536 canon
2484 2495 2799 2540 sanctorum
2833 2497 2886 2543 et
2930 2490 3075 2544 omni
3108 2491 3263 2546 laude
3297 2494 3441 2547 cele-

1874 2565 2051 2619 brium
2123 2569 2530 2639 Apostolorum,
2605 2585 2658 2631 et
2742 2576 2816 2632 59
2872 2594 3048 2635 canon
3119 2580 3439 2639 Laodicenis

1875 2656 2089 2726 synodi,
2121 2672 2501 2717 enumerantes
2543 2663 2754 2722 Veteris
2794 2666 3127 2722 Testamenti
3186 2680 3237 2723 et
3278 2670 3437 2739 Novi,

1878 2746 2132 2816 ipsosque
2159 2754 2489 2819 apostolicos
2542 2756 2735 2821 libros,
2774 2760 2866 2827 qut
2908 2759 2963 2811 in
2994 2775 3091 2813 usu
3130 2762 3287 2815 nobis
3315 2777 3439 2817 esse

1878 2838 2096 2903 debent,
2132 2842 2331 2895 nullam
2363 2844 2614 2899 sacriﬁcii
2645 2847 2672 2885 ιι
2714 2849 2887 2902 sancti
2920 2848 3106 2903 Jacobi
3136 2854 3220 2906 vel
3259 2855 3436 2908 sancti
3468 2857 3487 2882 '

1877 2929 2043 2985 Marci
2090 2932 2418 2988 mentionem
2478 2934 2703 2989 faciunt.
2736 2936 2921 3007 Neque
2971 2941 3135 2994 etiam
3168 2943 3436 2997 catholica

238 3014 551 3081 ἱερουργίας
572 3014 663 3065 τοῦ
696 3014 848 3081 ἁγίου
886 3014 1138 3069 Ἰακώϐου
1170 3018 1201 3085 ἢ
1232 3018 1324 3070 τοῦ
1373 3020 1527 3085 ἁγίου
1550 3022 1774 3089 Μάρκου
1880 3021 2212 3074 sanctissimi
2249 3030 2301 3076 et
2352 3031 2632 3079 (eculnenh

1880 3021 2212 3074 sanctissimi
2249 3030 2301 3076 et
2352 3028 2674 3080 (ecumenici
2709 3028 2888 3083 throni
2932 3029 3436 3101 Constantinopolis

234 3101 421 3170 μνείαν
452 3102 587 3163 ὅλως
631 3103 690 3155 οὐ
740 3102 1038 3157 ποιοῦνται.
1084 3106 1243 3159 Ἀλλὰ
1296 3109 1389 3161 καὶ
1431 3109 1463 3178 ή
1521 3110 1781 3182 καθολικὴ
1804 3116 1849 3178 c
1882 3109 2123 3165 Ecclesia
2155 3112 2264 3166 ullo
2292 3114 2450 3169 modo
2485 3130 2575 3170 eas
2610 3118 2623 3170 1

1882 3109 2123 3165 Ecclesia
2155 3112 2264 3166 ullo
2292 3114 2450 3169 modo
2485 3130 2575 3170 eas
2610 3118 2857 3187 liturgias
2892 3123 3158 3188 agnoscit.
3191 3121 3439 3178 Pronun-

245 3192 541 3261 Ἐκκλησία
576 3192 669 3245 τοῦ
702 3194 1009 3260 ἁγιωτάτου
1041 3197 1133 3249 καὶ
1167 3198 1544 3266 οίκουμενικοῦ
1592 3200 1779 3271 θρόνου
1880 3202 2081 3255 tiamus
2111 3202 2297 3269 igitur,
2331 3218 2435 3256 non
2462 3220 2583 3260 esse
2617 3208 2631 3259 l

1880 3202 2081 3255 tiamus
2111 3202 2297 3269 igitur,
2331 3218 2435 3256 non
2462 3220 2583 3260 esse
2617 3208 2711 3262 bas
2741 3212 3095 3279 recipiendas.
3127 3211 3190 3265 Et
3224 3213 3270 3270 si
3291 3215 3433 3271 enim

232 3282 332 3348 τῆς
364 3284 979 3347 Κωνσταντινουπόλεως
1015 3287 1121 3338 οὐδ’
1174 3288 1309 3350 ὅλως
1359 3288 1560 3353 ταύτας
1603 3293 1783 3361 ἐπιγι-

1879 3292 1949 3347 ab
1979 3294 2046 3347 iis
2100 3294 2256 3347 facta:
2286 3295 2413 3357 sint,
2465 3297 2534 3351 ab
2585 3301 2733 3353 omni
2783 3317 2883 3355 usu
2930 3318 3123 3359 vacare
3150 3304 3431 3375 iubentur,

231 3372 445 3425 νώσκει.
477 3373 836 3441 Ψηφιξόμεθα
860 3370 951 3427 οὖν
971 3377 1044 3445 μὴ
1070 3373 1207 3429 εἴναι
1229 3378 1422 3442 δεκτὰς
1443 3382 1633 3443 αὑτάς.
1664 3385 1783 3436 Κᾶν
1880 3394 1939 3437 ιιι
1960 3393 2012 3437 et
2044 3386 2151 3437 alia
2184 3384 2368 3437 multa.
2420 3383 2586 3454 quue
2631 3435 2632 3439 η

1880 3393 2012 3437 utet
2044 3386 2151 3437 alia
2184 3384 2368 3437 multa.
2420 3383 2586 3454 quue
2631 3390 2976 3446 manifestum
3019 3404 3101 3449 est
3141 3370 3203 3450 ex
3247 3397 3318 3451 85
3344 3370 3435 3451 ca;

231 3464 340 3530 γὰρ
365 3462 624 3527 ἐγένοντο,
653 3464 943 3526 παντελοῦς
966 3465 1239 3535 ἀπραξίας
1262 3469 1777 3539 κατεψηφίσθησαν,

230 3552 306 3613 ώς
348 3552 442 3611 καὶ
487 3552 618 3603 ἄλλα
660 3553 847 3607 πολλά.
891 3556 993 3607 Καὶ
1046 3556 1201 3625 δῆλόν
1223 3559 1370 3612 ἐστιν
1425 3561 1531 3613 ἀπὸ
1560 3562 1652 3615 τοῦ
1698 3562 1781 3617 πε’

233 3642 449 3701 κανόνος
470 3642 575 3693 τῶν
591 3644 761 3708 ἁγίων
796 3644 890 3697 καὶ
928 3648 1297 3717 πανευφήμων
1328 3652 1656 3720 ἀποστόλων,
1688 3658 1779 3710 καὶ

230 3730 325 3783 τοῦ
365 3730 409 3799 β’
469 3734 691 3793 κανόνος
734 3736 829 3802 τῆς
880 3736 935 3786 ἐν
975 3736 1051 3805 τῷ
1087 3738 1335 3809 Τρούλλῳ
1390 3742 1484 3795 τοῦ
1542 3747 1777 3812 μεγάλου

234 3821 492 3874 παλατίου
523 3826 789 3893 συστάσης
813 3826 973 3892 ἁγίας
1001 3829 1092 3879 καὶ
1119 3830 1503 3899 οίκουμενικῆς
1538 3838 1775 3892 συνόδου.

243 3911 303 3962 '0
339 3912 435 3977 μὲν
459 3912 586 3977 γὰρ,
609 3914 635 3962 ὁ
684 3914 1037 3977 ἁποστολικδς
1080 3918 1299 3986 δηλαδὴ,
1336 3920 1629 3989 διορίζεται
1681 3926 1778 3990 τὰς

230 3999 324 4051 τοῦ
350 4000 657 4068 Κλήμεντος
679 4002 771 4055 δύο
804 4005 1108 4069 ἐπιστολὰς,
1139 4008 1235 4060 καὶ⁹
1261 4010 1358 4073 τὰς
1394 4012 1653 4081 διαταγὰς
1672 4017 1778 4070 τῶν

229 4087 372 4142 ὀκτὼ
391 4087 606 4155 βιϐλίων
634 4090 797 4142 αὑτοῦ
834 4093 1303 4158 ἀναγινώσκεσθαι
1354 4102 1470 4167 μὲν,
1510 4102 1584 4172 μὴ
1613 4104 1779 4173 δημο-

234 4180 506 4234 σιεύεσθαι
540 4182 618 4245 δὲ,
658 4182 743 4234 διὰ
762 4185 827 4235 τὰ
853 4187 909 4235 ἐν
932 4187 1121 4249 αὑταῖς
1148 4192 1387 4256 μυστικά
1411 4209 1424 4223 ’
1458 4196 1486 4245 ό
1526 4194 1582 4248 δὲ
1635 4197 1777 4249 θέλει

1880 3490 2023 3529 none
2053 3484 2364 3531 sanctorum
2399 3488 2451 3532 et
2490 3479 2899 3534 benedictorum
2947 3485 3337 3551 apostolorum,
3380 3501 3435 3542 et

1876 3563 1911 3616 2
1958 3578 2165 3618 canone
2203 3573 2403 3619 sancta:
2456 3575 2510 3619 et
2558 3568 2908 3622 mcumenicae
2937 3571 3127 3638 synodi
3159 3572 3214 3624 in
3248 3570 3433 3627 Trullo

1878 3655 2057 3723 magni
2125 3655 2309 3723 palatii
2374 3664 2572 3710 coactae
2639 3674 2653 3710 :
2713 3658 2849 3710 alter
2888 3659 3052 3723 enim,
3103 3663 3437 3728 apostolicus

1878 3744 2171 3807 videlicet,
2234 3745 2422 3799 deﬁnit
2503 3745 2633 3799 duas
2684 3746 2979 3802 Clementis
3028 3751 3328 3818 epistolas,
3378 3764 3434 3807 et

1878 3834 2310 3903 dispositiones1
2362 3849 2485 3890 octo
2534 3837 2792 3891 librorum
2844 3841 2983 3907 ejus,
3032 3842 3133 3909 legi
3191 3844 3433 3910 quidem,

1876 3938 2065 3978 verum
2123 3939 2227 3977 non
2280 3927 2542 3994 evulgari,
2576 3927 2645 3980 ob
2696 3943 2893 3983 arcana
2932 3946 3051 3999 qua:
3096 3934 3150 3986 in
3194 3933 3260 3987 iis
3306 3941 3435 3988 sunt

1878 4014 2195 4067 recondita:
2231 4015 2370 4069 alter
2418 4025 2598 4068 autem
2629 4018 2743 4071 vult
2792 4033 2885 4072 eas
2933 4035 3106 4087 neque
3135 4022 3258 4091 legi,
3304 4038 3435 4091 pro-

1878 4114 2058 4175 pterea
2091 4106 2235 4174 quod
2283 4106 2351 4160 iis
2384 4108 2565 4174 spuria
2609 4108 2852 4174 quaedam
2902 4112 3066 4163 multa
3101 4120 3154 4166 et
3182 4128 3209 4164 a
3236 4114 3434 4181 pietate

1879 4196 2053 4248 aliena
2085 4195 2401 4263 interposita
2452 4197 2574 4249 sint’
2611 4196 2678 4250 ab
2723 4198 3011 4253 barreticis.
3068 4201 3429 4265 Quamobrem

229 4267 429 4325 ταύτας
468 4269 600 4336 μηδὲ
635 4268 1119 4337 ἀναγινώσκεσθαι,
1162 4272 1249 4329 διὰ
1286 4279 1347 4329 τὸ
1384 4282 1775 4352 παρεπεθῆναι
1878 4300 2066 4339 omnes
2119 4284 2376 4339 Ecclesia
2426 4286 2517 4340 Dei
2573 4301 2632 4341 se

1878 4300 2066 4339 omnes
2119 4284 2376 4339 Ecclesia:
2426 4286 2517 4340 Dei
2573 4294 2725 4354 sequi
2762 4289 2963 4343 debent
3024 4306 3225 4347 morem
3276 4309 3430 4350 novae

231 4353 419 4414 αὑταῖς
449 4358 598 4422 παρὰ
637 4359 954 4426 ἑτεροδόξων
996 4361 1161 4414 πολλά
1205 4380 1325 4417 τινα
1363 4368 1513 4434 νόθα,
1542 4373 1633 4422 καὶ
1677 4373 1776 4440 τῆς
1810 4428 1851 4445 λ
1879 4372 2082 4438 Romae,
2135 4374 2390 4427 nitnirum
2445 4373 2632 4429 Const:

1879 4372 2082 4438 Romae,
2135 4374 2390 4427 nimirum
2445 4353 2961 4445 Constantinopolis,
2991 4390 3042 4433 et
3093 4397 3248 4437 sacra
3281 4386 3427 4440 cele-

234 4443 516 4506 εὐσεϐείας
538 4446 931 4517 ἀλλότριαγΔιά
952 4466 1032 4502 τοι
1047 4451 1307 4506 τοῦτοκαὶ
1321 4428 1775 4522 ὀφείλουσιπᾶσαι
1810 4428 1854 4481 D
1882 4466 2038 4519 brare
2067 4428 2237 4533 'juxta
2294 4465 2611 4521 traditiones

1882 4466 2038 4519 brare
2086 4465 2237 4533 juxta
2294 4465 2611 4521 traditiones
2667 4482 2983 4535 magnorum
3035 4472 3315 4527 doctorum
3372 4484 3426 4529 et

230 4534 287 4584 αι
346 4535 640 4603 Εκκλτβίαι
665 4536 756 4589 τοῦ
784 4538 915 4592 Θεοῦ
951 4541 1257 4611 ἁκολουθεῖν
1282 4543 1359 4611 τῷ
1387 4546 1494 4599 ἔθει
1522 4549 1618 4618 τῆς
1649 4552 1773 4615 νέας
1880 4558 2227 4611 luminarium
2281 4558 2520 4625 pietatis,
2568 4572 2626 4611 sa

1880 4558 2227 4611 luminarium
2281 4558 2520 4625 pietatis,
2568 4534 3008 4615 sanctiEJoannis
3053 4564 3425 4634 Cbrysostomi

242 4621 479 4691 Ῥώμης,
506 4624 620 4693 ἦτοι
646 4625 741 4693 τῆς
768 4628 1382 4695 Κωνσταντινουπόλεως
1401 4648 1415 4662 ⁸
1449 4637 1541 4689 καὶ
1567 4639 1775 4710 ίερουρο
1877 4657 1931 4703 οι
1982 4650 2158 4702 sancti
2188 4621 2391 4703 Basilii.
2424 4647 2515 4701 Ait
2545 4650 2630 4701 eni

1878 4657 1931 4703 et
1982 4650 2158 4702 sancti
2188 4621 2391 4703 Basilii.
2424 4647 2515 4701 Ait
2545 4650 2689 4701 enim
2742 4650 2802 4703 ιι
2857 4660 3039 4719 caput,
3074 4668 3090 4706 ι
3130 4621 3212 4707 nl.
3245 4656 3279 4706 ε
3326 4621 3421 4711 lib.

227 4716 345 4779 γαῖν
372 4715 512 4766 κατὰ
542 4716 637 4776 τὰς
662 4716 983 4785 παραδόσεις
1013 4719 1124 4772 τῶν
1154 4722 1407 4788 μεγάλων
1438 4724 1771 4783 διδασκάλων
1877 4736 2185 4789 Basilicon:
2222 4734 2295 4789 De
2342 4735 2538 4804 quibus
2575 4750 2631 4789 sc

1878 4736 2185 4789 Basilicon:
2222 4734 2295 4789 De
2342 4735 2538 4804 quibus
2575 4737 2774 4804 scripta
2810 4738 2889 4792 lex
2918 4715 3156 4808 nonest,
3198 4759 3424 4811 morem,

228 4806 323 4855 καὶ
344 4805 645 4873 φωστήρων
710 4806 809 4874 τῆς
866 4808 1166 4873 εὐσεϐείας,
1194 4811 1283 4863 τοῦ
1318 4813 1473 4880 ἁγίου
1524 4817 1768 4874 Ἰωάννου
1876 4841 1987 4895 quo
2016 4824 2185 4879 Roma
2214 4828 2405 4889 utitur,
2434 4829 2632 4879 servari

1878 4841 1987 4895 quo
2016 4824 2185 4879 Roma
2214 4828 2405 4889 utitur,
2434 4829 2635 4879 servari
2670 4837 2902 4896 oportet.

226 4894 320 4946 τοῦ
351 4896 735 4964 Χρυσοστόμου
758 4898 850 4949 καὶ
875 4897 966 4950 τοῦ
1014 4900 1169 4966 ἁγίου
1194 4901 1491 4956 Βασιλείου.
1522 4907 1659 4975 hat
1685 4912 1794 4984 γὰρ
1822 4894 2325 4983 τὸίμαίκεφάλαιον
2354 4914 2446 4965 τοῦ
2495 4921 2543 4966 α’
2572 4894 2751 4968 τίτλου
2820 4918 2913 4969 τοῦ
2971 4918 3016 4987 β’
3058 4919 3261 4988 βιϐλίου
3311 4925 3423 4981 τῶν

225 4984 547 5042 Βασιλικῶν·
607 4989 741 5059 Περὶ
800 4983 874 5042 ὧν
934 4989 1205 5061 ἔγγραφος
1251 4996 1311 5047 οὐ
1349 5000 1524 5051 κεῖται
1583 4983 1772 5069 νόμος,
1796 5006 2238 5076 παραφυλάττειν
2262 5007 2419 5059 δεῖτὸ
2441 5005 2581 5069 ἔθος,
2604 5001 2702 5077 ᾦή
2734 5008 2919 5077 Ῥώμη
2952 4983 3229 5082 κέχρηται.

306 5076 622 5145 Ἐρώτησις
656 5076 736 5140 β’.
786 5079 971 5132 Βιϐλία
1017 5081 1247 5150 διάφορα
1306 5085 1649 5153 εὑρίσκονται
1684 5090 1766 5151 είς
1954 5092 2123 5147 Inter.
2174 5092 2231 5146 ‘2.
2276 5091 2423 5147 Varii
2479 5110 2632 5161 reper

1954 5092 2123 5147 Inter.
2174 5092 2231 5146 ‘2.
2276 5091 2423 5147 Varii
2479 5076 2854 5161 reperiuntur?
2890 5076 3137 5160 libri—,Win
3184 5104 3416 5160 orienta-

222 5167 321 5228 τὰς
368 5167 692 5229 ἁνατολικὰς
743 5171 836 5222 καὶ
887 5172 1095 5233 νοτίους
1148 5172 1365 5241 χώρας·
1419 5178 1515 5229 καὶ
1554 5179 1621 5231 τὰ
1672 5180 1771 5247 μὲν
1878 5183 2023 5237 libus
2053 5193 2107 5237 et
2141 5182 2632 5239 meridionalibusr

1878 5183 2023 5237 libus
2053 5193 2107 5237 et
2141 5182 2590 5239 meridionalibus
2613 5185 2929 5255 regionibus
2968 5207 2981 5242 :
3018 5197 3072 5243 et
3109 5192 3198 5246 alii
3242 5197 3420 5251 nomi-

225 5256 578 5322 ὀνομάζονται
611 5258 951 5311 Διδασκαλίαι
989 5261 1097 5313 τῶν
1126 5263 1296 5329 ἁγίων
1344 5266 1674 5331 ἀποστόλων,
1701 5270 1770 5321 τὰ
1876 5283 2079 5326 nantur
2130 5273 2400 5341 Praecepta
2452 5283 2632 5329 sanctt

1878 5283 2079 5326 nantur
2130 5273 2400 5341 Praecepta
2452 5283 2768 5330 sanctorum
2819 5280 3184 5346 apostolorum
3244 5301 3259 5339 :
3304 5288 3418 5353 alii,

222 5345 299 5407 δὲ,
340 5345 583 5413 Ὀράσεις
613 5346 706 5398 τοῦ
735 5348 890 5413 ἁγίου
923 5350 1151 5403 Παύλου.
1187 5354 1403 5420 Ἐρωτῶ
1431 5356 1521 5408 οὖν
1551 5358 1769 5425 είόφεί-
1879 5359 2131 5415 Visiones
2171 5364 2345 5417 sancti
2383 5364 2557 5418 Pauli.
2603 5365 2632 5430 (ξ

1879 5359 2131 5415 Visiones
2171 5364 2345 5417 sancti
2383 5364 2557 5418 Pauli.
2603 5365 2799 5431 Quaero
2831 5345 2897 5423 an
2934 5369 2986 5424 hi
3023 5372 3180 5428 nobis
3212 5345 3420 5445 legendi

224 5435 386 5503 λομεν
418 5436 803 5501 ἀναγινώσκειν
833 5438 970 5491 αὑτά
995 5456 1009 5498 ς
1871 5452 1979 5504 sint
2002 5450 2025 5503 ἲ
2922 5452 2923 5455 “

1471 5600 1701 5656 VARle
1757 5602 2158 5661 LECTIONES.

297 5685 697 5751 iconqlutittatt.
779 5684 792 5734 i
841 5702 1043 5743 sacram
1089 5692 1473 5747 caremoniam.
1554 5694 2118 5753 ltsect-tvcarimom’w.
2192 5697 2612 5769 lvrwceptiones.
