4214 6450
758 372 865 436 955

768 585 926 639 Jesua
952 581 1204 637 Christus
1225 580 1279 633 in
1308 577 1614 648 Evangeliis
1658 578 1823 640 dicat,
1855 578 2039 633 Videte
2063 595 2129 633 ne
2168 580 2314 633 deci--

768 672 1033 745 piamini:
1072 670 1226 725 multi
1272 672 1416 724 enim
1450 669 1668 724 venient
1697 670 1750 723 in
1783 669 2005 723 nomine
2050 684 2193 733 meo,
2225 670 2313 724 di-

767 775 972 828 centes,
1013 761 1151 828 Quia
1176 776 1275 831 ego
1308 774 1449 823 sum,
1492 768 1545 814 et
1578 769 1790 829 tempus
1821 760 2271 830 appropinquavit
2299 778 2313 814 :

766 854 1182 923 pronuntiamus
1233 860 1286 905 et
1344 866 1466 916 nos,
1526 851 1618 905 Dei
1656 852 1950 905 Ecclesiam
1999 867 2161 907 nosse
2194 861 2235 891 ³
2264 860 2319 907 ct

773 942 1021 997 conllteri
1069 940 1363 1008 apostolica
1389 948 1674 1008 prtecepta,
1722 951 1774 993 et
1812 940 2080 1006 visiones,
2130 950 2182 995 et
2238 942 2319 994 di-

770 1033 999 1100 sciplina
1024 1040 1051 1069 II
1086 1030 1371 1091 librorum,
1415 1043 1535 1095 quat
1564 1029 1634 1082 85
1663 1030 1957 1096 apostolico
1983 1045 2191 1084 canone
2222 1032 2317 1083 dc-

768 1123 1064 1184 clarantur,
1092 1128 1145 1173 et
1168 1118 1259 1171 Dei
1284 1133 1589 1185 praeconum
1617 1133 1775 1172 voces
1809 1118 1874 1173 iis
1909 1134 2031 1173 esse
2055 1120 2312 1175 creditas.

767 1210 965 1264 Prater
996 1211 1096 1264 hos
1133 1210 1295 1262 alium
1332 1209 1537 1261 nullum
1572 1210 1720 1262 novit
1757 1210 2110 1276 apostolicum
2163 1224 2313 1261 com-

769 1302 1091 1355 mentarium
1120 1308 1161 1351 '.
1194 1298 1596 1353 Observandum
1629 1298 1806 1365 igitur,
1853 1306 1911 1349 ut
1947 1297 2015 1350 ab
2047 1298 2314 1351 htnreticis

768 1394 890 1443 ﬁcta
930 1403 1243 1443 aversemur
1274 1388 1576 1441 mendacia.
1618 1389 1909 1442 Absintliio
1962 1390 2106 1441 enim
2160 1404 2313 1441 ama.

766 1482 933 1544 riora,
966 1480 1091 1533 licet
1116 1495 1211 1548 per
1260 1480 1541 1534 nominum
1594 1489 1910 1533 sanctorum
1946 1478 2311 1545 apostolorum

764 1567 1171 1635 inscriptionem
1200 1566 1458 1619 mellitam
1488 1564 1724 1619 referant
1770 1567 2094 1634 placentam.

834 1742 998 1797 Inter.
1031 1744 1085 1796 3.
1119 1741 1409 1809 Sexaginta
1459 1741 1813 1796 Basilicorum
1872 1741 2051 1809 capita
2090 1741 2154 1794 ad
2212 1755 2310 1794 no-
2376 1781 2389 1791 .

2347 1811 2386 1865 Β
2415 1833 2580 1885 λικῶν
2606 1835 2665 1885 οὐ
2690 1811 2999 1902 διεδόθησαν
3034 1835 3111 1894 ei;
3144 1811 3239 1894 τὰς
3263 1832 3443 1901 χώρας
3470 1834 3624 1898 ἡμῶν
3648 1846 3662 1860 '
3700 1832 3790 1885 διὰ
3822 1832 3979 1885 τοῦτο

764 1845 903 1887 stras
934 1834 1183 1900 regiones
1210 1847 1315 1884 non
1348 1840 1704 1899 pervenerunt
1734 1848 1747 1884 :
1783 1830 2009 1899 ideoque
2050 1841 2310 1899 quantum

764 1925 828 1976 ad
870 1938 931 1975 ea
964 1924 1218 1991 pertinet,
1256 1922 1309 1974 in
1344 1921 1583 1974 tenebris
1630 1935 1933 1973 versamur.
1984 1920 2310 1986 Quaerimus,

764 2029 828 2065 an
867 2014 934 2065 ob
961 2027 1075 2066 eam
1098 2027 1209 2065 rem
1246 2012 1582 2065 damnentur.

836 2102 952 2153 Res.
974 2100 1321 2166 Quatcunque
1355 2101 1433 2152 lex
1460 2101 1558 2162 ait,
1593 2099 1658 2153 iis
1704 2101 1775 2153 ait
1820 2100 1911 2169 qui
1944 2101 1995 2153 in
2023 2102 2135 2169 lege
2163 2115 2307 2168 sunt,

763 2194 1056 2245 secundum
1080 2204 1330 2255 magnum
1362 2190 1699 2256 Apostolum.
1723 2190 1824 2255 Qui
1861 2191 2025 2259 igitur
2055 2193 2124 2244 ob
2145 2193 2306 2247 vitam

764 2284 1065 2349 gloriantur
1112 2280 1492 2341 orthodoxam,
1532 2280 1644 2333 sive
1676 2295 1740 2333 cx
1784 2282 1990 2336 oriente
2031 2286 2160 2345 sint,
2198 2285 2309 2338 sive

761 2388 824 2425 ex
870 2369 1358 2423 Alexandrinorum
1402 2370 1576 2437 plaga,
1617 2370 1735 2422 sive
1781 2372 2020 2437 aliunde,
2076 2372 2304 2426 Romani

760 2464 1036 2520 dicuntur,
1072 2468 1125 2511 et
1155 2458 1452 2511 secundum
1487 2458 1630 2527 leges
1655 2457 1839 2513 vivere
1866 2470 2155 2529 coguntur.
2188 2460 2305 2516 Non

760 2554 1133 2619 astringuntur
1169 2558 1348 2601 tamen
1372 2549 1506 2618 lege.
1534 2565 1655 2618 qua:
1683 2550 1778 2613 ait,
1811 2548 1927 2605 Non
1951 2560 2161 2621 Oportet
2198 2556 2307 2607 lto-

761 2656 977 2695 manum
1034 2640 1208 2691 virum
1263 2638 1406 2707 leges
1446 2638 1716 2707 ignorare.
1773 2640 1812 2693 li
1864 2642 2006 2693 enim
2048 2642 2171 2705 soli,
2216 2645 2305 2709 qui

732 2730 1011 2813 .liabitant
1038 2729 1287 2789 Romam.
1322 2726 1522 2797 regiam
1575 2729 1823 2783 videlicet
1859 2730 2155 2793 civitatem,
2188 2748 2309 2801 qua:

758 2817 1028 2871 similibus
1049 2824 1133 2869 est
1152 2818 1357 2869 munita
1394 2818 1830 2884 propugnaculis,
1856 2827 1907 2871 et
1929 2820 2113 2873 multis
2136 2820 2309 2873 abun-

761 2911 854 2962 dat
905 2908 1261 2976 jurisperitis,
1293 2907 1487 2960 horum
1533 2905 1727 2960 ferreis
1774 2916 2029 2962 tenentur
2080 2910 2305 2977 pedicis.

758 2999 990 3067 ideoque
1021 2998 1068 3051 si
1110 2996 1166 3051 hi
1202 2996 1372 3064 legem
1414 2995 1669 3062 ignorare
1698 3010 1758 3050 se
1801 2995 2051 3063 allegent,
2092 3000 2304 3052 veniam

2000 370 2273 433 THEOD.
2315 370 2802 432 BALSAMONiS

844 492 965 547 lica.
998 488 1135 546 Cum
1182 488 1443 543 Dominus
1478 494 1535 543 et
1560 484 1705 543 Deus
1734 492 1787 543 et
1822 484 2083 541 Senator
2130 496 2318 543 noster
2346 495 2392 553 Α

3879 378 3989 441 956

2500 491 2631 546 ’Δις
2675 490 2780 543 Τοῦ
2827 490 3031 561 Κυρίου
3064 492 3155 543 καὶ
3198 490 3332 545 Θεοῦ
3382 491 3474 543 καὶ
3524 492 3767 561 Σωτῆρος
3821 496 3989 563 ἡμῶν

2431 580 2602 651 Ἰησοῦ
2632 580 2866 653 Χριστοῦ
2886 583 2943 633 iv
2963 581 3313 648 εὐαγγελίοις
3344 582 3605 642 sinistro;-
3635 582 3881 635 Βλέπετε
3907 588 3983 654 μὴ

2418 670 2721 741 πλανηθῆτε
2749 687 2764 703 ·
2804 670 2989 723 πολλοὶ
3031 670 3139 740 γὰρ
3188 670 3491 721 ιλεύσονται
3523 671 3611 722 ἰπὶ
3644 670 3722 738 τῷ
3751 673 3985 740 ὀνόματί

2421 778 2544 829 μου,
2576 763 2845 829 λέγοντες,
2882 764 3003 813 Ὀτι
3038 761 3145 827 ἐγώ
3172 762 3307 829 είμι,
3348 763 3440 813 καὶ
3465 766 3494 815 δ
3520 767 3704 831 καιρὸς
3743 766 3982 833 ᾕγγικιο

2416 852 2765 921 ψηφιζόμεθα
2786 852 2877 903 καὶ
2903 852 3086 919 ἡμεῖς,
3106 852 3185 903 ὅτι
3215 852 3574 913 ἀποστολικὰς
3602 853 3981 916 διδασκαλίας,

2420 945 2513 996 καὶ
2540 944 2778 1012 δράσεις,
2821 942 2916 994 καὶ
2940 941 3170 1003 διδάξεις
3200 943 3231 1009 η
3259 940 3353 993 τοῦ
3385 941 3519 993 Θεοῦ
3560 941 3864 1011 Ἐκκλησία
3897 962 3981 1009 γι-

2416 1032 2614 1085 νὼσκει
2643 1032 2739 1084 καὶ
2767 1030 3019 1097 ὁμολογεῖ
3038 1030 3106 1082 τὰ
3129 1033 3185 1081 ἐν
3204 1030 3280 1098 τῷ
3312 1035 3395 1080 πε¹
3422 1030 3759 1099 ἀποστολικῷ
3792 1034 3983 1083 κανόνι

2414 1120 2714 1189 δηλούμενα
2748 1118 2945 1189 βιϐλία,
2998 1120 3090 1171 καὶ
3134 1119 3494 1185 πιστευόμενα
3532 1116 3671 1171 εἶναι
3710 1120 3822 1171 τῶν
3861 1120 3983 1171 Θεο-

2418 1210 2670 1281 κηρύκων
2698 1211 2877 1275 φωνάς
2896 1226 2909 1240 ·
2937 1210 3195 1275 tuva
3227 1226 3281 1260 τι
3320 1211 3469 1279 παρὰ
3506 1208 3674 1262 ταῦτα
3704 1212 3808 1261 οὐκ
3837 1205 3981 1263 οἶδεν

2414 1300 2766 1354 ἀποστολικ)ιν
2823 1300 3175 1368 σύγγραμμα.
3226 1299 3648 1368 Παρατηρητέον
3690 1296 3786 1351 οὖν
3838 1300 3989 1369 ἀνιο-¹

2420 1387 2743 1458 στρὲφεσθαι
2793 1388 2859 1438 τὰ
2906 1386 3265 1455 πεπλασμένα
3327 1386 3477 1455 παρὰ
3524 1385 3633 1437 τῶν
3679 1387 3980 1456 αίρττικῶν

2417 1478 2805 1545 σχεδιάσματα.
2870 1475 3141 1543 ’Ᾱψινοίου
3188 1477 3293 1545 γὰρ
3347 1458 3646 1545 πικρότερά
3694 1480 3825 1538 τίσι,
3876 1478 3980 1529 κᾶν

2418 1566 2508 1634 με)
2524 1564 2766 1617 ιτοῦτταν
2795 1565 2881 1617 διὰ
2910 1566 3007 1633 τῆς
3052 1565 3363 1633 ἐπιγραφῆς
3412 1564 3519 1615 τῶν
3557 1568 3839 1634 ὀνομάτων
3870 1567 3979 1617 τῶν

2414 1654 2585 1721 ἁγίων
2620 1655 2931 1707 ἀποστόλων
2967 1655 3387 1724 ὑποκρίνωνται.

2498 1744 2811 1810 Ἐρώτησις
2853 1751 2922 1812 7’.
2962 1745 3041 1796 Τὰ
3070 1743 3329 1812 ἐξήκοντα
3370 1742 3636 1809 κεφάλαια
3670 1741 3781 1794 τῶν
3818 1743 3982 1794 Βασι-

2416 1923 2845 1995 νυκτοϐατοῦμιν
2873 1925 2995 1977 ὅσον
3019 1923 3078 1974 τὸ
3114 1925 3191 1985 si;
3238 1924 3395 1974 αὑτά.
3440 1923 3721 1989 Ζητοῠμεν
3745 1918 3843 1975 οὖν
3871 1940 3977 1993 μα-

2415 2014 2547 2075 θεῖν,
2577 2015 2623 2065 εί
2654 2013 2902 2066 ἐντεῦθεν
2930 2013 3391 2081 κατακρινόμεοα.

2495 2107 2613 2158 Ἄπ.
2647 2104 2789 2158 Ὅσα
2813 2106 2841 2157 ό
2868 2104 3029 2169 νόμος
3067 2103 3237 2167 λαλεῖ,
3279 2105 3389 2165 τοῖς
3423 2106 3481 2155 ἐν
3507 2104 3581 2172 τῷ
3609 2104 3765 2173 νόμῳ
3808 2106 3976 2172 λέγει,

2411 2178 2551 2247 κατά
2582 2192 2672 2245 τὸν
2698 2193 2869 2261 μέγαν
2918 2190 3256 2243 Ἀπόστο).ον.
3291 2191 3354 2242 Oi
3384 2189 3512 2256 γοῦν
3534 2190 3834 2259 αὐχοῦντες
3863 2192 3979 2259 βίον

2411 2283 2722 2353 ὀρθόδοξον,
2773 2281 2874 2333 κᾶν
2904 2281 2962 2343 ἐξ
3002 2279 3277 2334 ἀνατολῶν
3309 2274 3433 2342 ὦσι,
3484 2279 3583 2331 κάν
3613 2280 3673 2343 ἐξ
3727 2278 3980 2345 ’Δλεξαν-

2413 2372 2603 2442 δρέων,
2638 2371 2741 2424 κᾶν
2770 2370 3055 2439 ἑτέρωθεν,
3102 2370 3360 2437 Ῥωμαῖοι
3407 2370 3676 2437 λέγονται,
3708 2373 3804 2421 καὶ
3834 2372 3979 2423 κατὰ

2413 2464 2601 2531 νόμους
2637 2460 3030 2527 ἀναγκάζονται
3066 2458 3441 2510 πολιτεύεσθαι
3464 2475 3479 2490 ο
3526 2458 3604 2529 τῷ
3631 2460 3785 2529 νόμῳ
3815 2460 3874 2513 δὶ
3903 2461 3980 2529 τῷ

2412 2555 2691 2620 φάσκοντι,
2717 2552 2788 2603 Οὐ
2823 2551 2904 2601 δεῖ
2938 2550 3205 2619 Ῥωμαῖον
3238 2549 3404 2618 ἄνδρα
3449 2551 3613 2618 νόμον
3638 2553 3884 2617 ἀγνοεῖν,
3916 2554 3975 2603 οὗ

2413 2643 2822 2709 συσφίγγονται.
2865 2641 3030 2693 Μόνοι
3072 2640 3178 2708 γὰρ
3212 2640 3259 2691 oi
3291 2640 3673 2702 κατοικοῦντες
3703 2642 3805 2709 την
3844 2642 3978 2694 Ῥώ-

2414 2750 2540 2803 μην,
2574 2733 2671 2800 τὴν
2703 2730 2947 2801 βασιλίδα
2982 2729 3221 2798 δηλονότι
3269 2728 3377 2782 τῶν
3423 2731 3648 2797 πόλεως),
3693 2733 3795 2799 τὴν
3843 2749 3979 2783 κατ-

2410 2818 2821 2887 ησνραλισμένην
2838 2816 3040 2885 ὁμοίοις
3064 2814 3415 2885 πυργώμασι,
3438 2816 3529 2867 καὶ
3554 2816 3784 2878 πολλοὺς
3816 2816 3980 2870 πλω-

2408 2908 2605 2961 τοῦσαν
2657 2906 3004 2975 νομομαθεϊς,
3051 2907 3171 2968 ταῖς
3215 2908 3278 2957 ix
3327 2906 3533 2959 τούτων
3589 2907 3979 2976 σιδηροπέδαις

2408 2997 2747 3066 κατέχονται.
2780 2997 2869 3050 Διὸ
2897 2991 3046 3049 οὗτοι
3080 2997 3177 3065 μὶν
3204 2998 3467 3067 ἀγνοῆσαι
3493 2999 3654 3067 νόμον
3698 3000 3979 3053 διενιστά-

763 3105 873 3142 non
919 3094 1346 3155 consequuntur,
1398 3083 1512 3137 sive
1571 3084 1850 3139 manuales
1898 3085 2009 3139 sint
2044 3090 2303 3155 operarii.
2333 3106 2427 3172 ci

2333 3111 2379 3172 ρ
2413 3103 2581 3157 μενοι,
2628 3087 2688 3138 οὐ
2741 3084 3235 3152 συγγινώσκονταιο
3290 3088 3391 3141 κάν
3436 3089 3828 3158 χτιρωνάκται,
3882 3092 3978 3143 κᾶι

763 3181 876 3233 sive
898 3175 1321 3231 circumforanei
1345 3175 1456 3230 sint
1501 3175 1691 3244 aliqui,
1723 3182 1778 3229 et
1807 3174 2109 3230 litterarum
2135 3180 2303 3248 impe-

760 3268 849 3320 riti
885 3283 899 3319 :
931 3275 987 3317 ut
1013 3264 1106 3332 qui
1151 3264 1361 3331 possint
1400 3278 1430 3315 a
1461 3264 1576 3317 suis
1615 3264 1825 3321 civibus
1864 3266 2042 3336 legum
2094 3267 2305 3324 discere

758 3367 1023 3408 tinorem.
1056 3351 1160 3415 Qui
1197 3360 1378 3404 autem
1431 3358 1581 3404 extra
1623 3349 1849 3406 Romam
1910 3363 2095 3423 agunt,
2152 3369 2298 3423 agre-

761 3454 871 3498 stes
899 3452 924 3491 ρ
959 3441 1188 3505 scilicet,
1226 3449 1282 3493 et
1310 3439 1522 3507 reliqui,
1554 3439 1831 3509 multoque
1861 3444 2031 3511 magis
2066 3444 2300 3497 Alexan-

759 3532 925 3595 drini,
958 3532 1128 3600 legem
1148 3529 1360 3584 civilem
1392 3528 1726 3598 ignorantes.
1763 3532 1974 3584 veniam
2004 3540 2297 3587 merentur.

758 3620 963 3673 Bonum
996 3631 1127 3685 ergo
1189 3624 1295 3680 est,
1356 3624 1417 3669 ut
1471 3616 1528 3669 hi
1584 3631 1802 3687 quoque
1834 3619 2191 3689 interrogent,
2249 3629 2305 3675 et

758 3709 997 3777 legitima
1024 3712 1288 3774 pracepta
1315 3704 1548 3759 discant.
1583 3704 1739 3770 Quod
1774 3708 1821 3762 si
1849 3718 1930 3762 est
1953 3707 2187 3771 dillicile,
2214 3727 2304 3763 ve-

757 3803 899 3853 niam
939 3806 1065 3851 suut
1089 3795 1453 3850 consecuturi.

828 3886 999 3941 Inter.
1036 3886 1093 3937 4.
1126 3885 1207 3937 An
1239 3890 1393 3937 extra
1435 3883 1759 3951 periculum,
1802 3889 2027 3949 sacrati,
2068 3889 2301 3956 itemque

756 3978 879 4031 laici
930 3973 1101 4028 lenori
1130 3966 1258 4027 dent
1282 3970 1587 4040 pecuniam,
1622 3986 1692 4025 an
1726 3975 1907 4042 potius
1927 3975 1997 4029 sit
2026 3976 2091 4030 iis
2108 3977 2301 4031 exitio-

754 4066 918 4124 sum?

828 4154 947 4207 Res.
977 4152 1211 4207 Mosaica
1246 4150 1463 4220 quidem
1486 4150 1594 4214 lex,
1622 4148 1740 4204 Non
1784 4150 2075 4219 fenerabis,
2100 4152 2296 4223 inquit,

754 4253 1039 4311 argentum
1088 4250 1241 4295 tuum
1288 4240 1443 4293 fratri
1474 4246 1568 4293 tuo
1600 4255 1617 4292 :
1645 4239 1822 4295 civilis
1840 4253 2019 4295 autem
2054 4245 2299 4313 agnoscit

754 4346 951 4388 usuras
973 4328 1301 4384 centesimas
1330 4335 1384 4381 et
1431 4326 1673 4382 trientes.
1710 4327 1904 4383 Deﬂnit
1936 4332 2080 4384 enim
2119 4342 2177 4385 ut
2211 4346 2297 4386 se-

2412 3177 2642 3247 ἀγύρται
2669 3175 2811 3238 τινὲς
2833 3169 2955 3236 ὦσι,
3001 3176 3094 3229 καὶ
3122 3176 3463 3247 γραμμάτων
3494 3178 3715 3246 ἀνήκοοι
3736 3193 3751 3207 ·
3779 3180 3859 3241 ὡς
3888 3181 3980 3231 δυο

2411 3265 2630 3333 νάμενοι
2656 3266 2721 3316 τὰ
2755 3263 2861 3315 τῶν
2890 3263 3071 3331 νόμων
3112 3262 3302 3330 μαθείν
3330 3264 3437 3317 ἀπὸ
3456 3265 3563 3317 τῶν
3592 3268 3979 3329 συγκατοίκων

2410 3352 2608 3407 αὐτῶν.
2653 3352 2715 3403 Οί
2759 3352 2815 3403 δὲ
2848 3350 2952 3413 ιξω
2979 3350 3080 3419 τῆς
3128 3350 3343 3419 Ῥώμης
3387 3352 3687 3418 διάγοντες,
3740 3355 3979 3419 ἀγρόται

2409 3442 2668 3510 δηλονότι,
2701 3440 2796 3493 καὶ
2838 3439 3039 3501 λοιποὶ,
3084 3439 3261 3508 πολλῷ
3288 3440 3345 3493 δὲ
3369 3440 3531 3493 πλέον
3576 3441 3977 3512 Ἀλεξανδρεῖς,

2410 3534 2571 3600 νόμον
2602 3530 2877 3583 πολιτικὸν
2892 3528 3253 3595 ἀγνοήσαντες
3280 3529 3764 3597 συγγινώσκονται.
3793 3534 3979 3585 Καλὸν

2410 3624 2539 3692 γοῦν
2583 3625 2697 3675 ἔστι
2747 3621 2841 3674 καὶ
2876 3619 3096 3682 τούτους
3124 3621 3353 3688 ερωτᾷν,
3403 3621 3497 3673 καὶ
3563 3622 3868 3688 μανθάνειν
3913 3625 3980 3677 τά

2411 3712 2609 3781 νομικά
2641 3706 3073 3779 παραγγέλματα
3094 3719 3110 3737 ⁶
3142 3707 3189 3757 εί
3210 3705 3266 3759 δὲ
3292 3706 3546 3779 δυσχερές
3568 3704 3702 3773 ιστι,
3725 3711 3978 3779 συγγνὼ-

2414 3820 2517 3873 μης
2554 3801 2973 3868 ἀξιωθήσονται.

2480 3892 2807 3963 ,Ἐρώτησις
2834 3888 2903 3942 δ’.
2948 3890 3251 3943 ’Δκίνδυνόν
3301 3891 3415 3941 εστι
3467 3891 3577 3950 τοῖς
3624 3888 3972 3956 ίτρωμὲνοις,

2409 3983 2496 4037 ναὶ
2540 3982 2723 4050 μέντοι
2758 3979 2851 4033 καὶ
2880 3979 2993 4042 τοῖς
3038 3977 3267 4043 λαῐκοῖς,
3294 3978 3387 4030 ini
3434 3977 3576 4045 τόκῳ
3613 3976 3909 4041 δανείζειν.
3939 3978 3970 4031 ἢ

2410 4071 2609 4142 μᾶλλον
2640 4067 2882 4139 ὀλέθριον
2900 4084 2917 4135 ς

2490 4158 2609 4210 Ἁπ.
2658 4155 2718 4206 Ὀ
2753 4154 2851 4223 μιν
2914 4155 3205 4217 Μωσαῗκδς
3243 4154 3439 4223 νόμος,
3491 4152 3604 4205 Οὐκ
3660 4152 3966 4216 ὲκτοκιστς,

2410 4245 2563 4315 φησὶ,
2590 4245 2652 4295 τὸ
2695 4243 2957 4314 ἀργύριόν
3003 4260 3095 4297 σου
3121 4244 3197 4313 τῷ
3230 4242 3443 4312 ἀδελφῷ
3491 4259 3581 4295 σου
3614 4258 3630 4274 ’
3662 4245 3689 4295 6
3711 4243 3770 4294 δὲ
3811 4244 3964 4295 πολι-

2405 4333 2554 4395 τικὸς
2600 4332 2950 4400 ὶπιγινώσκει
2998 4330 3191 4394 τόκους
3250 4330 3675 4393 ἑκατοστιαίους,
3731 4331 3829 4384 καὶ
3859 4332 3966 4382 ἀπὸ

754 4431 973 4475 natores
1011 4416 1279 4483 accipiant
1309 4429 1505 4469 usuras
1536 4416 1782 4478 trientes,
1814 4418 2071 4471 nimirum
2102 4421 2157 4473 in
2187 4420 2301 4474 sin—
2332 4426 2376 4480 1)
2403 4440 2418 4473 ιι

2299 4449 2301 4458 π
2332 4426 2376 4480 D
2403 4424 2593 4493 τρίτης
2644 4423 2962 4487 ἑκατοστῆς.
3016 4420 3318 4490 Διορίζεται
3371 4422 3477 4489 γὰρ
3504 4420 3629 4480 τοὺς
3665 4422 3963 4488 συγκλητι-

750 4522 907 4580 gutas
937 4510 1105 4562 libras
1140 4517 1391 4559 nummos
1428 4514 1685 4573 quatuor.
1724 4505 2095 4576 Negotiatores
2120 4516 2298 4562 autem

754 4602 1072 4668 vulgarcss,
1098 4604 1153 4649 et
1181 4605 1427 4658 caeteros,
1464 4594 1744 4647 dimidiam
1774 4596 2109 4663 centesimas,
2142 4598 2302 4652 nimi-

750 4703 872 4742 rum
906 4688 960 4739 in
987 4685 1227 4754 singulas
1256 4683 1420 4737 libras
1452 4681 1703 4739 nummos
1739 4699 1855 4738 sex.
1887 4683 1995 4739 Eos
2026 4700 2176 4749 vero,
2207 4686 2300 4755 qui

754 4776 1085 4829 maritimum
1137 4773 1293 4826 {enus
1319 4772 1647 4826 contrahunt
1689 4781 1733 4837 ι’,
1760 4787 1863 4841 pro
1891 4772 2123 4842 singulis
2147 4774 2299 4829 libris

751 4879 1004 4921 nummos
1038 4863 1345 4916 duodecim.
1404 4860 1649 4925 Quonam
1695 4871 1871 4915 autem
1925 4864 2085 4917 modo
2120 4873 2299 4917 cente-

748 4957 902 5009 sima:
936 4962 1198 5006 vocentur
1227 4966 1423 5014 usurae,
1478 4966 1600 5005 cnm
1667 4951 1817 5005 libra:
1867 4952 2142 5021 quantitas
2190 4968 2297 5005 non

754 5042 1033 5111 perveniat
1064 5039 1128 5093 ad
1162 5038 1365 5094 solidos
1421 5049 1660 5105 centum,
1694 5035 1787 5096 sed
1843 5042 1910 5095 ad
1960 5042 2300 5111 septuaginta

749 5136 924 5189 duos:
954 5146 1061 5185 non
1093 5137 1177 5184 est
1210 5130 1422 5184 dicendi
1450 5138 1682 5197 tempus,
1713 5148 1781 5187 ne
1807 5148 1945 5201 opus
1984 5131 2073 5185 ﬂat
2106 5143 2301 5202 praeter

752 5237 912 5291 Opus.
948 5221 1015 5275 Et
1044 5222 1153 5276 haec
1174 5222 1393 5289 quidem
1417 5220 1484 5275 de
1532 5223 1709 5277 laicis.
1753 5224 1995 5277 Sacratis
2042 5238 2173 5276 vero
2222 5224 2300 5277 fe-

751 5313 1032 5367 neratione
1062 5326 1283 5381 prorsus
1335 5310 1679 5369 interdictum
1724 5322 1827 5369 est.
1862 5316 1951 5368 Ait
2002 5315 2149 5368 enim
2185 5316 2299 5368 luci:

2397 4514 2523 4574 κοὺς
2550 4511 2845 4580 λαμϐάνειν
2873 4510 3061 4573 τόκους
3090 4512 3196 4563 ἀπὸ
3220 4510 3408 4580 τρίτης
3440 4512 3737 4574 ἑκατοστῆς
3755 4524 3770 4537 ·
3797 4510 3963 4578 lno-av

2396 4600 2481 4668 ιφ’
2514 4602 2716 4671 ἑκάστῃ
2765 4600 2924 4672 λίτρα
2974 4600 3282 4670 νομίσματα
3313 4598 3375 4652 δ’.
3425 4600 3562 4660 Τοὺς
3614 4598 3962 4660 κοινολαιτας

2398 4688 2840 4756 πραγματευτὰς.
2865 4687 2959 4739 καὶ
2974 4686 3212 4752 λοιποὺς,
3227 4687 3260 4756 η
3270 4685 3740 4755 μιεκατοστιαίους
3759 4700 3769 4711 ·
3794 4685 3961 4753 ἤγουν

2397 4776 2481 4842 ἀφ’
2537 4776 2742 4846 ἑκάστῃ
2785 4776 2945 4848 λίτρᾳ
2997 4776 3306 4845 νομίσματα
3336 4775 3413 4841 ς’.
3460 4777 3595 4838 Τοὺς
3624 4777 3683 4831 δὲ
3716 4776 3954 4838 διδόντας

2397 4864 2703 4916 διαπόντιον
2730 4864 2959 4926 δάνειον,
2988 4864 3130 4935 ΰπὶρ
3172 4866 3407 4933 ικάστης
3434 4864 3622 4930 λίτρας
3647 4864 3959 4932 νομίσματα

2402 4953 2487 5023 ιβ’,
2522 4954 2709 5015 ὀπως
2747 4953 2803 5005 δὲ
2834 4953 3121 5007 καλοῦνται
3150 4956 3199 5006 οί
3225 4954 3375 5007 τόκοι
3426 4955 3817 5018 ἑκατοστιαῐοι,
3865 4956 3961 5023 τῆς

2401 5047 2588 5116 λίτρας
2642 5046 2717 5118 μὴ
2761 5047 3216 5118 συμποσουμόνης
3266 5049 3347 5111 είς
3399 5050 3710 5117 νομίσματα
3744 5046 3818 5117 ρ’,
3849 5045 3962 5101 ἀλλ’

2401 5137 2479 5198 τίς
2510 5133 2607 5202 οβ’,
2636 5135 2823 5205 καιρὸς
2848 5135 2948 5188 οὐκ
2978 5134 3092 5188 [στι
3115 5134 3311 5204 λέγειν·
3335 5136 3423 5189 ῐνα
3452 5136 3525 5205 μὴ
3546 5136 3709 5204 ιργον
3733 5136 3798 5187 τὸ
3826 5138 3962 5204 πάρ·

2402 5241 2562 5293 ιργον
2615 5224 2857 5293 γένηται.
2907 5225 3017 5279 Καὶ
3067 5223 3240 5278 ταῦτα
3271 5226 3367 5292 μιν
3400 5227 3527 5294 περὶ
3564 5224 3794 5277 λαῖκῶν.
3827 5225 3963 5284 Τοὺς

2410 5314 2737 5383 ίερωμείνους
2761 5314 2819 5367 δὶ
2838 5313 3017 5377 τοκίζε
3028 5331 3073 5366 ιν
3106 5315 3380 5377 παντιλῶς
3407 5314 3805 5385 ἀπηγόρευται.
3830 5315 3964 5382 Φησὶ

2034 5494 2115 5546 VA
2128 5494 2265 5547 ἰλΙῶ
2307 5489 2709 5546 LECTIONES.

820 5611 855 5637 ω
879 5616 1175 5668 agnoscere.
1278 5611 1306 5641 ³
1339 5605 1619 5660 doctrinas.

1718 5618 1732 5637 '
1763 5610 2031 5677 scriptum.

745 5671 897 5726 dant.

2139 5620 2165 5659 ιι
2202 5611 2407 5664 rustici.

2517 5607 2749 5661 alaicos.
2858 5608 2989 5675 'qm‘
3045 5608 3391 5675 trajecticiam
3464 5604 3735 5673 pecuniam
3782 5618 3962 5659 mutua
