4214 6450
253 406 364 464 937
1069 400 1460 458 RESl‘ONSA
1507 405 1608 463 AD
1642 403 2383 464 INTERROGATIONES
2425 406 2688 467 llIARlIl.
3350 408 3453 473 958

254 542 359 592 γαρ
392 526 416 573 6
443 520 523 590 μδ’
549 522 722 573 κανὼν
752 524 855 573 τῶν
886 523 943 589 ἀι
962 525 1052 573 ίων
1073 524 1380 574 ἀποστόλων
1406 524 1577 575 ταῦτα
1602 525 1798 594 ῥητῶς·
1833 531 1881 587 Α
1908 540 1918 576 1

1788 525 2225 587 -Anonrinatim
2287 522 2356 576 Η
2417 532 2734 577 sanctorum
2790 521 3156 589 apostolorum
3209 535 3380 576 canon
3434 539 3448 577 :

268 614 586 671 Ἐπίσκοπος
620 611 651 677 ἢ
686 611 1050 677 πρεσϐύτερος
1089 614 1119 679 ἦ
1150 613 1392 671 διάκονος
1421 612 1611 673 τόκους
1644 614 1806 664 ἁπαι-
1911 614 1932 665 Ι

1786 642 1806 652 -
1911 614 2234 682 Episcopus,
2257 622 2346 665 aut
2373 611 2677 681 presbyter,
2716 618 2809 663 aut
2834 609 3122 672 diaconus,
3155 623 3352 665 usuras
3383 610 3450 664 ab

257 704 363 751 τῶν
388 704 507 762 τοὺς
531 702 590 751 δα
607 703 955 767 δειζομένους,
980 704 1009 769 ἦ
1034 701 1349 763 παυσάσθω,
1370 702 1401 769 ἢ
1424 702 1804 771 καθαιρείσθω.
1911 706 1921 756 i

1791 742 1804 753 .
1911 704 1977 756 iis
2009 704 2252 771 exigens,
2287 703 2485 772 quibus
2520 712 2764 753 mutuutn
2792 700 2961 765 dedit,
2989 700 3072 753 vel
3100 699 3339 762 desinat,
3368 699 3454 753 vel

257 794 361 840 l‘i;‘t
389 794 414 841 ὁ
450 792 512 851 ιζ’
547 790 723 839 κανὼν
753 792 844 856 τῆς
873 792 1032 856 ἁγίας
1070 791 1162 840 καὶ
1192 792 1579 859 οίκουμενικῆς
1606 799 1651 843 α’
1687 809 1809 845 συν-
1912 810 1921 845 ι

1784 822 1809 833 -
1912 793 2234 860 deponatur.
2270 791 2335 844 Et
2385 792 2447 844 l7
2495 805 2670 843 canon
2702 798 2901 843 sancta
2943 798 2995 842 ct
3045 788 3448 842 meumenictel

254 880 372 927 63w
418 880 585 928 ταυτα
623 878 903 937 διέξεισιν·
958 880 1170 944 Ἐπειδὴ
1200 880 1381 931 πολλοὶ
1412 882 1467 931 ἐν
1515 882 1590 950 τῷ
1625 886 1805 935 κανόνι
1911 898 1918 934 ι

1792 901 1805 934 ι
1911 882 2099 949 synodi
2128 880 2240 933 ha-e
2276 897 2291 935 :
2320 881 2585 944 Quoniam
2618 879 2794 941 multi,
2826 876 2918 946 qui
2942 877 2996 930 in
3030 890 3243 930 canone
3267 890 3456 929 recen-

259 967 655 1031 ςξεταςόμενοι.
709 965 798 1033 τὴν
849 966 1163 1028 πλεονεξίαν
1217 972 1309 1019 καὶ
1340 970 1399 1019 το
1430 971 1807 1039 αίσχροκερδὲς
1910 987 1923 1024 t

1788 990 1807 1033 ;
1910 980 2119 1033 sentur,
2149 971 2299 1037 plura
2332 970 2564 1023 habendi
2624 968 2864 1023 studium
2923 976 2976 1021 et
3024 975 3180 1035 turpe
3240 966 3452 1018 lucrum

255 1053 557 1113 δετὶικοιιτες,
608 1054 927 1104 ἐπελάθοντο
953 1054 1044 1104 τού
1078 1054 1221 1106 θείου
1248 1057 1593 1124 Γράμματος,
1630 1060 1811 1126 λέγον·
1911 1074 1919 1126 ι

1791 1090 1811 1099 -
1911 1068 2316 1126 persequentes,
2364 1060 2558 1109 divina:
2619 1058 2914 1124 Scriptura:
2954 1056 3107 1109 obliti
3148 1064 3294 1117 sunt,
3336 1069 3455 1123 qua

259 1158 371 1201 τος,
407 1143 475 1193 'l")
512 1144 773 1209 ἀργύριον
826 1143 990 1193 αὑτοῦ
1024 1145 1123 1193 οὐκ
1172 1145 1367 1196 ἔδωκεν
1399 1148 1488 1195 ἐπὶ
1518 1150 1691 1215 τόκῳ·
1721 1152 1813 1200 καὶ
1910 1165 1923 1201 ι

1792 1152 1813 1199 ὶ
1910 1150 2041 1201 dicit
2087 1164 2099 1199 :
2137 1150 2426 1217 Argentum
2460 1164 2614 1202 suum
2669 1162 2775 1200 non
2808 1147 2958 1199 dedit
2989 1146 3055 1198 ad
3100 1161 3321 1199 usuram
3354 1162 3369 1209 ;
3405 1151 3456 1197 et

258 1231 590 1292 δανείζοντες
660 1233 957 1292 ἑκατοττὰς
1022 1234 1361 1297 ἀπαιτοῦσιν,
1423 1237 1810 1307 ἐδικαίωσενή

1794 1241 1810 1307 ιι
1922 1239 2230 1293 fenei-antes
2271 1240 2598 1291 centesimas
2654 1238 2922 1304 exigunt:
2980 1250 3192 1303 aequum
3246 1235 3458 1288 censuit

263 1321 391 1385 ἁγία
425 1323 516 1371 καὶ
563 1321 766 1389 μεγάλη
800 1322 1033 1386 σύνοδος,
1066 1323 1140 1384 ὠς
1182 1324 1232 1375 εἴ
1268 1341 1351 1386 τις
1384 1328 1630 1395 εὑρεθείη
1677 1328 1813 1395 μετὰ
1913 1344 1927 1381 ε

1797 1331 1813 1379 ι
1913 1339 2104 1381 sancta
2128 1338 2177 1380 et
2210 1332 2406 1395 magna
2443 1326 2710 1394 synodus,
2746 1335 2802 1377 ut
2832 1325 2876 1379 si
2910 1326 3034 1393 quis
3068 1324 3320 1377 inventus
3343 1322 3461 1374 fue-

256 1411 349 1461 τὸν
376 1412 499 1478 ὃρυν
528 1409 619 1461 τοῦ
632 1429 712 1462 τον
742 1412 927 1473 τόκους
950 1412 1239 1473 λαμϐάνων
1268 1416 1330 1466 ὲκ
1357 1420 1811 1485 μεταχειρήσεως,
1912 1431 1920 1469 l

1796 1459 1811 1483 ,
1912 1417 1983 1469 rit
2006 1424 2126 1484 post
2161 1418 2261 1470 hoc
2298 1421 2564 1469 statutum
2597 1428 2795 1467 usuras
2847 1421 3037 1466 mutuo
3092 1424 3331 1472 sumere,
3375 1408 3459 1462 vel

257 1499 293 1567 ἢ
320 1500 490 1561 ἄλλως
549 1502 909 1570 ἐπερχόμενος
962 1503 1020 1554 τὸ
1054 1505 1302 1573 πρᾶγμα,
1330 1504 1362 1573 ἢ
1390 1505 1637 1574 ἡμιολίας
1665 1508 1817 1559 ἁπαι-
1913 1521 1921 1553 ι

1795 1536 1817 1550 η-
1913 1519 2031 1557 eam
2087 1520 2198 1558 rem
2232 1504 2390 1557 aliter
2417 1503 2693 1572 persequi,
2729 1501 2815 1555 vel
2865 1500 3049 1568 sesqui
3095 1499 3294 1551 alteras
3343 1497 3459 1551 exi-

257 1591 391 1650 τῶν,
437 1592 683 1659 ῆὲτερόν
729 1610 782 1643 τι
833 1594 1057 1645 ἐπινοῶν
1120 1596 1567 1663 αἰσχροκερδείας
1629 1598 1813 1659 ἕνεκα,
1914 1610 1921 1647 ι

1800 1638 1813 1659 ,
1914 1607 2061 1659 gere,
2098 1593 2181 1646 vel
2216 1592 2422 1661 aliquid
2477 1592 2623 1645 aliud
2667 1592 2978 1660 excogitare
3004 1589 3181 1655 turpis
3213 1596 3459 1656 quaestus

259 1678 717 1747 καθαιρεθήσεται
748 1683 841 1732 τού
876 1682 1097 1751 κλήρου,
1152 1687 1245 1735 καὶ
1284 1684 1555 1753 ἀλλότριος
1594 1686 1685 1739 τοῦ
1716 1704 1813 1737 κα·
1914 1699 1923 1753 ι

1794 1716 1813 1725 -
1914 1683 2107 1753 gratia,
2148 1696 2177 1735 e
2231 1682 2375 1735 clero
2425 1681 2748 1751 deponatur,
2802 1688 2858 1734 et
2899 1679 2971 1734 sit
3025 1678 3234 1731 alienus
3284 1692 3313 1729 a
3372 1691 3458 1730 ca-

260 1766 411 1828 νόνος
460 1770 623 1819 ἔσται.
662 1770 738 1820 Τὰ
787 1771 925 1822 αὐτὰ
972 1788 1105 1839 φησι
1140 1772 1231 1822 καὶ
1264 1775 1291 1824 6
1319 1772 1359 1824 δ’
1396 1773 1574 1826 κανὼν
1628 1776 1725 1843 τῆς
1760 1780 1816 1827 ἐν
1920 1791 1924 1821 ι

1794 1792 1816 1827 ν
1920 1787 2078 1824 nune.
2112 1772 2312 1830 Eadem
2345 1772 2418 1825 ait
2447 1781 2501 1827 et
2531 1771 2565 1823 4
2605 1784 2783 1825 canon
2813 1767 3133 1823 Laodicenae
3161 1766 3376 1836 synodi,
3404 1773 3458 1821 et

260 1857 549 1926 Λεοδικείᾳ
580 1860 818 1919 συνόδου,
859 1864 950 1911 καὶ
992 1862 1186 1930 ἕτεροι.
1848 1857 1888 1909 Β
1919 1862 2031 1915 alii.
2164 1918 2167 1921 ,

351 1947 667 2011 Ἐρώτησις
700 1954 761 1999 ε’.
806 1950 1111 2001 Ἀκίνδυνόν
1150 1954 1295 2005 ἐστιν
1328 1951 1623 2018 ἱερατεύειν
1656 1952 1811 2021 ὀρθο-
1986 1951 2015 2004 Ι

1796 1982 1811 1993 -
1986 1951 2149 2004 Inter.
2191 1952 2241 2007 5.
2294 1960 2382 2008 An
2431 1952 2718 2006 orthodoxi
2770 1952 2890 2021 Syri
2942 1961 2995 2005 et
3054 1967 3117 2005 ex
3164 1952 3460 2015 Armeniis,

259 2036 467 2099 δέξους,
500 2039 724 2108 Σύρους,
759 2044 850 2095 καὶ
879 2042 935 2107 ἐξ
976 2043 1290 2110 Ἀρμενίων,
1329 2044 1462 2094 ἀλλὰ
1498 2045 1603 2111 μὴν
1637 2047 1728 2095 καὶ
1754 2046 1811 2109 ὲξ
1917 2056 1923 2093 I

1796 2046 1811 2109 ξ
1917 2056 2124 2095 necnon
2175 2057 2237 2096 ex
2294 2043 2413 2097 aliis
2463 2043 2774 2113 regionibus
2814 2041 2977 2111 aliqui
3020 2042 3202 2095 ﬁdeles
3246 2042 3460 2109 propria

262 2129 465 2195 ἑτέρων
496 2132 683 2196 χωρῶν
718 2133 867 2193 τινας
902 2133 1144 2193 πιστοὺς,
1185 2134 1325 2186 κατά
1354 2133 1449 2201 τὴν
1476 2135 1676 2184 οίκείαν
1702 2134 1813 2188 διά·
1918 2132 1926 2184 l

1803 2162 1813 2172 -
1918 2132 2097 2200 lingua
2132 2142 2283 2186 extra
2324 2134 2620 2201 periculum
2660 2147 2814 2187 saera
2862 2132 3156 2194 celebrent,
3211 2146 3279 2184 an
3336 2146 3467 2184 vero

262 2217 548 2288 λεχτονοῆ
596 2223 863 2283 παντοίως
907 2221 1303 2288 ἀναγκάζονται
1346 2222 1484 2291 μετα
1518 2223 1813 2293 Ἑλληνίδος
1918 2243 1926 2273 ι

1801 2241 1813 2286 ;
1918 2231 2181 2291 cogantur
2212 2241 2435 2295 prorsus
2476 2240 2598 2279 cum
2632 2226 2821 2280 Graeca
2861 2227 3130 2294 scriptura
3167 2223 3465 2279 sacerdotio

268 2309 563 2374 ἱερατεύειν
594 2311 809 2377 γραφῆς
832 2326 845 2373 ;
1916 2309 2096 2381 fungi?

352 2397 700 2460 Ἀπόκρισις.
753 2397 808 2449 '0
853 2400 1022 2467 μέγας
1068 2399 1361 2461 ἀπόστολος
1406 2400 1624 2461 Παῦλος
1670 2400 1815 2453 Ῥω·
1987 2400 2016 2453 Ι

1805 2430 1815 2440 -
1987 2400 2110 2454 Res.
2170 2402 2396 2472 Magnus
2474 2402 2755 2471 apostolus
2818 2402 3017 2456 Paulus
3075 2403 3141 2455 ad
3198 2401 3469 2456 Romanos

270 2487 448 2552 μαίοις
472 2488 792 2538 ἐπιστέλλων
811 2490 989 2557 φησίν·
1014 2486 1089 2542 Ἦ
1127 2490 1389 2543 Ἰουδαίων
1416 2492 1589 2559 μόνων
1610 2494 1636 2543 6
1656 2491 1813 2555 656;;
1921 2505 1934 2544 I

1805 2509 1813 2555 ;
1921 2493 2166 2546 scribens
2193 2494 2366 2562 inquit
2396 2511 2409 2546 :
2450 2494 2528 2546 An
2558 2494 2864 2547 Judteorum
2885 2502 3094 2547 tantum
3139 2493 3310 2547 Deus?
3333 2492 3469 2547 Num

267 2580 387 2645 οἰχὶ
420 2579 472 2633 δὲ
514 2582 604 2629 καὶ
634 2581 833 2643 ἐθνῶνς
868 2582 956 2632 ναὶ
1004 2581 1095 2632 καὶ
1136 2581 1321 2633 ἐθνῶν.
1359 2582 1419 2632 Ol
1452 2581 1579 2647 γοῦν
1607 2582 1818 2649 ὀρθοδο-
1921 2597 1931 2632 ι

1806 2610 1818 2620 -
1921 2589 1974 2633 et
2019 2581 2307 2648 gentium?
2334 2591 2481 2637 certe
2516 2592 2569 2637 et
2612 2584 2873 2653 gentium.
2905 2583 3006 2648 Qui
3044 2583 3209 2649 igitur
3238 2592 3384 2637 recte
3418 2582 3470 2635 in

272 2668 487 2735 ξούντες
516 2671 571 2719 ὲν
605 2673 755 2735 πᾶσι,
783 2672 881 2722 κᾶν
905 2666 1003 2722 ὦσι
1026 2672 1117 2738 τῆς
1144 2670 1442 2737 Ἑλληνίδος
1470 2671 1649 2738 φωνῆς
1672 2671 1819 2738 πάμ-
1923 2687 1936 2723 t

1808 2699 1819 2710 -
1923 2672 2175 2724 omnibus
2204 2673 2270 2725 de
2303 2673 2405 2726 lide
2448 2675 2709 2737 sentiunt,
2742 2684 2793 2727 et
2820 2676 2863 2727 si
2895 2676 3005 2727 sint
3034 2673 3230 2727 Graeca:
3278 2673 3472 2742 lingua

274 2776 383 2808 παν
414 2762 693 2827 ἀμέτοχοι,
740 2763 873 2829 μετᾶ
901 2762 997 2829 τῆς
1052 2763 1184 2823 ίδίας
1218 2761 1492 2813 διαλέκτου
1543 2763 1822 2830 ίερουργή-
1925 2774 1938 2812 ι

1807 2789 1822 2799 -
1925 2761 2144 2813 omnino
2170 2772 2438 2829 expertes,
2460 2765 2681 2832 propria
2732 2763 2961 2817 dialecto
2986 2777 3136 2817 sacra
3161 2762 3471 2827 conﬁcient,

274 2867 479 2913 σουσιν,
501 2853 803 2919 ἀντίγραφα
831 2853 1040 2920 ἔχοντες
1060 2854 1165 2904 τῶν
1194 2853 1434 2920 συνήθων
1465 2851 1631 2917 ἁγίων
1652 2852 1821 2919 εὐχῶν
1925 2866 1938 2902 ι

1809 2870 1821 2904 ρ
1925 2851 2248 2919 exemplaria
2270 2862 2650 2906 consuetarum
2673 2868 2949 2908 sacrarum
2976 2867 3193 2921 precum
3216 2833 3473 2905 habentes

274 2940 686 3009 ἁπαράλλακτα,
714 2943 786 3004 ὡς
828 2944 1242 3013 μεταγραφέντα
1282 2943 1345 2993 ὲκ
1374 2944 1667 2996 κοντακίων
1694 2943 1823 2994 καλ-
1926 2953 1938 2989 l

1811 2969 1823 2982 -
1926 2951 2032 2989 non
2061 2939 2377 3004 evariantia,
2410 2948 2467 2993 ut
2500 2941 2779 3008 desumpta
2813 2957 2876 2995 ex
2906 2940 3170 2994 contaciis
3212 2940 3475 3008 graecani-

274 3032 719 3099 λιγραφηθὲντων
744 3034 830 3091 δᾴ
863 3034 1199 3104 γραμμρτων
1235 3033 1578 3101 Ἑλληνικῶν.
1927 3044 1938 3079 t

1235 3033 1578 3101 Ἑλληνικῶν.
1927 3030 2007 3081 cis
2036 3028 2229 3082 litteris
2258 3022 2530 3099 eleganter
2562 3030 2871 3099 descriptis.

362 3125 677 3188 Ἐρώτησις
708 3121 781 3185 ς’.
838 3122 1278 3192 Ἥῤῥαεωνίσατό
1318 3140 1400 3182 τις
1448 3124 1700 3188 γυναῖκα,
1733 3121 1824 3172 καὶ
1851 3164 1894 3221 C
1998 3116 2024 3168 l

1812 3123 1894 3221 ιο
1998 3116 2162 3170 Inter.
2226 3118 2278 3172 6.
2329 3118 2677 3187 Desponsavit
2731 3121 2853 3189 quis
2901 3120 3004 3173 sibi
3059 3118 3365 3182 mulierem,
3420 3125 3476 3173 et

277 3214 595 3282 ἐτελεύτησε
644 3214 747 3280 πρὸ
786 3213 878 3264 τοῦ
924 3212 1326 3282 ίερολογηθῆναι
1367 3213 1481 3280 μετ’
1522 3212 1722 3280 αὐτῆς,
1752 3212 1827 3273 ὡς
1854 3207 1894 3221 “’
1930 3223 1941 3275 |

1813 3228 1827 3273 ;
1854 3207 1894 3221 “'
1930 3209 2242 3275 priusquam
2271 3224 2393 3261 cum
2429 3223 2489 3262 ea
2519 3224 2610 3278 per
2635 3208 3081 3272 benedictionem,
3110 3210 3253 3263 sicut
3276 3207 3477 3262 consti-

278 3303 606 3364 νενόμισται,
629 3303 721 3354 καὶ
754 3302 855 3367 πρὸ
881 3302 973 3353 τοῦ
999 3302 1329 3368 συναφθῆναι
1353 3302 1511 3367 αὐτῇ,
1550 3300 1825 3352 ἀκίνδυνόν
1929 3302 1942 3346 1

1809 3318 1825 3351 ν
1929 3302 2100 3347 tntum
2158 3304 2262 3358 est,
2312 3297 2634 3359 initiaretur,
2695 3305 2747 3351 et
2807 3312 2930 3351 cum
2980 3312 3043 3351 ea
3104 3299 3473 3365 copularetur,

282 3397 401 3449 ἐστι
430 3395 629 3460 ταύτην
659 3392 841 3443 λαὸεἶν
870 3392 961 3444 τδν
995 3391 1183 3444 τούτου
1220 3390 1462 3458 ἀδελφὺν,
1492 3391 1525 3459 ἢ
1561 3389 1656 3454 οὓς
1930 3398 1946 3434 ί

1930 3384 2164 3438 decessit
2220 3400 2235 3437 :
2297 3401 2364 3438 an
2429 3399 2491 3440 ea
2556 3387 2776 3455 impune
2838 3386 3005 3441 nubet
3069 3386 3231 3455 hujus
3295 3386 3474 3453 fratri,

1929 3475 2138 3527 necne?

368 3574 492 3629 ‘Aa.
534 3569 607 3622 Τὸ
656 3570 814 3620 καλὸν
852 3570 949 3621 οὐκ
980 3570 1093 3619 ἔστι
1126 3569 1307 3628 καλὸν,
1342 3569 1389 3619 εί
1427 3569 1501 3636 μὴ
1535 3566 1711 3628 καλῶς
1736 3567 1829 3632 γέ·
1998 3562 2032 3614 Π

1810 3596 1829 3608 .
1998 3562 2118 3616 Res.
2157 3561 2308 3626 Quod
2351 3562 2571 3629 bonum,
2626 3578 2731 3617 non
2778 3563 2976 3617 bonum
3030 3572 3131 3629 est,
3187 3563 3294 3617 nisi
3338 3563 3474 3620 bene

283 3674 458 3726 νηται.
484 3658 544 3707 Et
571 3656 698 3722 γοῦν
724 3659 755 3722 ἡ
790 3657 1071 3723 μνηστεία,
1096 3657 1211 3724 ἦτοι
1235 3658 1262 3707 6
1283 3654 1557 3724 ἀρῤαὗὼν,
1577 3654 1827 3723 ἐτελέσθη
1932 3654 1947 3705 l

1811 3672 1827 3723 ι
1932 3654 2041 3705 hat.
2105 3652 2160 3705 Si
2200 3655 2361 3719 igitur
2402 3654 2674 3721 sponsalia
2718 3663 2771 3706 et
2804 3654 3126 3708 arrhabonis
3174 3652 3322 3707 datio
3357 3669 3475 3722 per-

282 3742 423 3793 κατὰ
472 3742 569 3808 τὴν
618 3739 962 3791 ὑποτύπωσιν
1002 3741 1097 3808 τῆς
1153 3741 1350 3809 νεαρᾶς
1387 3740 1700 3808 νομοθεσίας
1738 3740 1828 3793 τοῦ
1930 3738 1946 3791 ί

1807 3740 1828 3793 5
1930 3738 2070 3791 fecta
2109 3738 2218 3791 sint
2242 3739 2396 3805 juxta
2429 3739 2841 3807 dispositionem
2877 3740 3099 3792 novella:
3126 3740 3471 3792 constitutio.

282 3830 527 3899 ἀοιδίμου
572 3829 828 3897 βασιλέως
872 3829 1057 3898 κυρίου
1114 3830 1346 3893 Ἀλεξίου
1392 3831 1481 3882 τοῦ
1526 3830 1828 3899 Κομνηνοῦ,
1932 3845 1946 3882 I

1814 3869 1828 3893 ,
1932 3829 2015 3883 nis
2072 3828 2254 3897 inclyti
2310 3829 2674 3896 imperatoris,
2724 3828 2925 3883 domini
2980 3827 3133 3881 Alexi
3190 3828 3473 3892 Comnenl,

288 3903 427 3988 μετὰ
450 3920 668 3988 τελετῆς
712 3920 817 3969 τῶν
861 3920 1101 3985 συνήθων
1146 3919 1313 3985 ἁγίων
1347 3919 1557 3988 εὐχῶν·
1597 3920 1694 3986 τῆς
1733 3937 1830 3986 γυο
1933 3933 1952 3974 c

1806 3949 1830 3963 -
1933 3933 2053 3974 cum
2085 3918 2532 3973 consecratione!
2567 3919 2849 3973 solitarum
2890 3924 3195 3975 sanctarum
3228 3932 3470 3985 precum,

286 4012 472 4071 ναικὸς
502 4009 663 4076 οὔσης
694 4009 1078 4072 δωδεκαετοῦς,
1108 4009 1200 4062 τοῦ
1231 4010 1285 4061 δὲ
1308 4010 1495 4079 ἀνδρὸς
1527 4010 1616 4063 τὸν
1640 4027 1832 4063 τεσσα-
1933 4008 1950 4061 f

1811 4040 1832 4053 -
1933 4008 2131 4063 femina
2181 4006 2474 4062 excedente
2500 4022 2699 4060 annum
2732 4007 3131 4066 duodecimum,
3172 4006 3345 4059 virum
3380 4021 3475 4059 au-

290 4101 701 4169 ρεσκαιόἑκατον
731 4101 915 4168 χρόνον
950 4100 1266 4163 ἀνύσαντος,
1302 4101 1359 4151 ευ
1386 4100 1608 4168 λήψεται
1631 4100 1831 4167 ταύτην
1932 4108 1952 4151 t

1811 4118 1831 4155 ν
1932 4108 2037 4153 tem
2086 4100 2352 4153 decimum
2401 4109 2672 4168 quartum,
2727 4100 2833 4151 non
2893 4097 3048 4150 ducet
3092 4110 3209 4150 eam
3256 4112 3475 4149 uxorem

287 4192 369 4247 είς
409 4189 579 4254 γάιον
611 4191 637 4241 6
685 4190 907 4257 ἀδελφὸς
946 4188 1129 4240 αὑτοῦ.
1174 4188 1229 4240 Ὀ
1264 4189 1369 4257 γὰρ
1398 4188 1536 4241 οὕτω
1564 4189 1832 4252 τελεσθεὶς
1932 4189 1951 4243 ί

1812 4207 1832 4252 ς
1932 4189 2099 4243 frater
2126 4189 2267 4257 ejus.
2296 4188 2477 4258 Itaque
2499 4190 2640 4242 enim
2672 4186 2938 4257 perfectus
2961 4186 3195 4239 arrhabo
3220 4185 3476 4253 legitimis

288 4275 540 4342 ᾁρρμὕὼν
574 4279 628 4326 ὲν
652 4277 781 4326 πᾶσι
809 4276 885 4345 τῷ
912 4282 1124 4345 νομίμῳ
1153 4276 1313 4341 γάμῳ
1333 4276 1660 4337 ταυτίζεται.
1685 4277 1747 4327 El
1775 4276 1832 4328 δὲ
1931 4292 1952 4330 Ῑ

1814 4278 1832 4328 ι
1931 4277 2135 4344 nuptiis
2174 4277 2228 4329 in
2252 4276 2504 4329 omnibus
2535 4274 2887 4329 assimilatur.
2911 4272 3066 4340 Quod
3093 4273 3136 4326 si
3164 4272 3318 4339 juxta
3344 4286 3478 4325 conc

290 4369 428 4419 κατὰ
462 4366 555 4433 τὴν
588 4366 888 4432 κρατοῦσαν
915 4365 1221 4433 συνήθειαν,
1255 4364 1327 4425 ῶς
1371 4365 1728 4433 μανθάνομεν,
1756 4366 1833 4427 είς
1935 4381 1954 4419 ε

1814 4383 1833 4427 ς
1935 4365 2292 4427 suetudinem,
2320 4378 2438 4433 qum
2469 4364 2549 4431 (ut
2578 4360 2884 4430 didicimus)
2906 4362 3113 4414 obtinet
3143 4362 3197 4414 in
3228 4362 3478 4416 omnibus

290 4453 467 4503 mina
494 4452 671 4519 σχεδον
695 4452 760 4501 τὰ
794 4451 931 4518 μέρη
960 4445 1053 4501 τοῦ
1071 4450 1239 4500 Νότου
1270 4451 1362 4501 καὶ
1392 4452 1486 4517 τῆς
1528 4450 1831 4519 Ἀνατολῆς,
1864 4474 1909 4530 D
1936 4455 1954 4507 f

1816 4489 1831 4515 .
1864 4474 1909 4530 ι)
1936 4455 2045 4508 fere
2071 4455 2255 4508 Austri
2286 4463 2338 4506 ct
2356 4452 2593 4507 Orientis
2622 4453 2882 4520 partibus,
2923 4458 3281 4519 premortuus
3325 4451 3480 4502 aliter

291 4539 653 4605 ἀλλοτρόπως,
675 4539 701 4587 ὁ
732 4536 903 4589 θανὼν
940 4538 1035 4604 τὴν
1071 4536 1369 4604 περιοῦσαν
1400 4538 1830 4607 ὴρραὁωνίσατο,
1939 4561 1955 4599 ε

1816 4577 1830 4604 ν
1939 4544 2041 4599 sibi
2067 4544 2410 4611 superstitem
2440 4543 2894 4610 desponsaverat:
2926 4541 3087 4608 hujus
3114 4554 3401 4608 germanus
3430 4543 3480 4597 ei

293 4629 607 4696 συζευχθείη
632 4628 869 4695 νομίμως
898 4629 1033 4695 αὐτῇ
1073 4629 1099 4678 6
1130 4626 1315 4678 τούτου
1344 4628 1688 4694 αὑτάδελφος.
1937 4636 1954 4689 ι

918 4629 1033 4695 ιύτῇ
1073 4629 1099 4678 6
1130 4626 1315 4678 τούτου
1344 4628 1688 4694 αὑτάδελφος.
1937 4633 2172 4702 legitime
2207 4632 2582 4700 coniungatur.

377 4716 689 4781 .Ep‘bmmc
730 4716 791 4774 (τ,
866 4717 1398 4783 Ἀπροκριματίστως
1440 4715 1740 4789 διακονικοῦ
1798 4718 1830 4788 ἢ
2013 4724 2040 4777 1

1817 4718 1830 4788 l
2013 4724 2179 4777 Inter.
2212 4724 2263 4776 7.
2294 4725 2375 4775 An
2418 4724 2532 4775 sine
2560 4720 2871 4789 pratjudieio
2901 4722 3183 4775 diaconico
3212 4730 3264 4775 et
3294 4735 3481 4775 sacer-

296 4807 566 4874 ἱερατικοῦ
600 4805 803 4875 βαθμοῦ
835 4805 1087 4871 ἀξιωθείη
1112 4805 1140 4853 6
1169 4803 1252 4857 διὰ
1308 4805 1367 4855 τὸ
1396 4786 1707 4874 τελευτῆσαι
1734 4786 1833 4875 τὴν
1942 4816 1960 4868 ε

1817 4786 1833 4857 ι
1942 4814 2109 4869 dotali
2151 4813 2317 4882 gradu
2362 4786 2573 4880 dignus-
2611 4786 2913 4873 habebitur,
2960 4810 3050 4877 qui
3094 4824 3216 4862 cum
3268 4819 3481 4864 mortua

298 4896 718 4964 μνηστευθεῖσαν
745 4895 910 4961 αὐτῷ,
943 4896 1129 4959 ἑτέραν
1158 4893 1383 4961 σύμόιον
1417 4897 1769 4966 ἀγαγόμενος,
1801 4897 1831 4966 ἢ
1939 4905 1962 4972 i3

1812 4897 1831 4966 ἢ
1939 4904 2109 4972 ipsius
2142 4910 2285 4956 esset
2331 4916 2554 4970 sponsa,
2612 4901 2774 4953 alium
2845 4899 3127 4968 conjugem
3175 4898 3365 4963 duxit,
3413 4914 3476 4950 an

293 4987 366 5045 ὡς
404 4986 625 5051 δίγαμος
655 4985 1052 5052 κωλυθήσεται;
1937 5010 1957 5046 η

1937 4994 2083 5047 velut
2114 4994 2347 5047 binubus
2382 4989 2793 5059 prohibebitur?

380 5077 496 5127 'Ax.
532 5076 591 5127 El
618 5076 714 5141 μὲν
758 5076 896 5124 κατὰ
934 5076 1030 5142 τὴν
1060 5075 1155 5141 τῆς
1192 5075 1447 5143 ρηθείσης
1477 5075 1672 5143 νεαρᾶς
1711 5074 1837 5125 ὐπο-
2014 5082 2044 5135 ι

1817 5103 1837 5113 ο
2014 5082 2135 5136 Res.
2177 5081 2233 5134 Si
2264 5081 2478 5149 quidem
2507 5081 2658 5147 juxta
2703 5077 2972 5145 praedictae
3005 5076 3225 5130 novella
3258 5075 3481 5128 formam

296 5164 536 5215 τύπωσιν
567 5162 976 5232 ηῤῥαὸωνίσατο
1016 5163 1112 5231 τὴν
1154 5164 1517 5231 ἀποιχομένην
1574 5164 1835 5231 μνηστὴν,
1946 5193 1960 5225 ι

1821 5201 1835 5226 ι
1946 5173 2300 5241 desponderat
2323 5170 2427 5222 sibi
2454 5178 2717 5221 mortuam
2742 5180 3015 5234 sponsam,
3050 5173 3170 5232 post
3195 5165 3311 5230 ejus
3339 5180 3482 5218 mor-

297 5255 459 5322 ἑτέρᾳ
488 5254 702 5319 γυναικὶ
729 5254 861 5317 μετὰ
898 5253 987 5303 τὸν
1022 5252 1220 5321 ταύτης
1248 5252 1474 5304 θανατον
1498 5252 1834 5321 συζευχθιὶς,
1946 5266 1961 5308 ι

1822 5293 1834 5314 .
1946 5266 2051 5308 tem
2087 5254 2177 5307 alii
2222 5254 2377 5307 uxori
2410 5252 2733 5319 conjunctus
2776 5265 2885 5303 non
2923 5254 3285 5316 consequetur
3313 5250 3481 5299 ullum

296 5347 396 5398 οὐκ
424 5342 675 5409 ἀξιωθείη
706 5341 908 5411 βαθμοῦ
952 5358 1093 5402 τινος
1120 5341 1227 5392 τῶν
1264 5340 1355 5392 τοῦ
1388 5339 1648 5409 βήματος.
1677 5338 1838 5406 Δίγα-
1947 5361 1960 5397 ς

1817 5368 1838 5379 -
1947 5346 2133 5398 altaris
2159 5344 2383 5413 gradum
2424 5342 2704 5397 :binubus
2751 5341 2893 5394 enim
2940 5346 3207 5394 censetur.
3260 5336 3354 5390 Sin
3386 5351 3481 5390 au-

306 5453 399 5504 μος
430 5436 535 5502 γὰρ
561 5432 851 5502 λογίζεται,
872 5433 934 5485 El
954 5431 1008 5485 δὲ
1037 5433 1184 5503 παρὰ
1204 5430 1299 5502 τὴν
1330 5431 1531 5501 ταύτης
1552 5429 1837 5501 περίληψιν
1944 5440 1970 5482 ιι

1821 5450 1837 5481 ν
1944 5440 2049 5486 tem
2116 5441 2309 5502 prteter
2365 5431 2485 5501 ejus
2535 5439 2774 5485 tenorem
2827 5443 2950 5484 cum
3010 5436 3223 5485 mortuo
3287 5441 3485 5497 sponsa

1550 5612 1780 5665 VAIllA-J
1809 5608 2203 5666 LECTlONES.

386 5712 407 5742 ⁸
443 5707 750 5773 pt'rurtionc.
