4214 6450
242 371 349 431 965

1014 364 1399 428 ΗΕΞΡΟΝΞΛ
1437 367 1536 422 Al)
1580 366 2319 429 lN'I'ERBOGATlONES
2346 369 2607 435 MAJICI.

3381 376 3485 439 966

242 507 362 553 σεις
390 490 583 557 Πάσχα
621 488 808 557 Κυρίῳ
840 487 914 555 τῷ
941 487 1058 555 Θεῷ
1088 507 1202 542 σου.
1237 490 1518 542 Ἐντεῦθεν
1557 491 1811 559 καθαρῶς
1843 495 1886 547 Δ

1810 510 1811 516 ‘
1843 495 1886 547 Δ
1917 492 1999 545 bis
2030 492 2319 561 Paschalis
2356 494 2587 547 Domino
2618 493 2727 549 Deo
2759 504 2876 550 tuo.
2904 494 3031 551 Inde
3059 496 3208 552 clare
3238 496 3474 556 innuens

236 582 608 649 αἰνιττόμενος
674 579 766 630 τοῦ
841 580 1134 632 Ἰουδαϊκοῦ
1191 583 1378 650 Πάσχα
1426 580 1805 648 τῆν’·ιταντελῆ

235 673 541 745 ἀπραξίαν,
578 672 666 725 διὰ
699 672 758 723 τδ
784 672 877 723 τοῦ
930 674 1095 723 τόπου
1150 670 1477 739 μονώτατοι).
1541 672 1598 719 'ti
1626 671 1681 722 δὲ
1729 668 1805 721 νθ¹

236 765 417 818 κανὼν
470 765 567 831 τῆς
599 765 655 814 ὲν
693 763 771 831 τῷ
802 762 1057 831 Τρούλλῳ
1102 762 1196 815 τοῦ
1250 764 1488 830 μεγάλου
1543 763 1806 813 παλατίου

236 856 514 921 συστάσης
542 853 703 918 ἁγίας
735 853 827 904 καὶ
859 854 1247 921 οἰκούμενικῆς
1281 852 1520 911 συνόδου,
1553 853 1645 902 καὶ
1668 854 1695 904 ό
1725 852 1806 903 πδ⁹

235 945 418 995 κανὼν
450 945 543 1012 τῆς
573 944 631 993 ἐν
666 943 998 1013 Καρθαγένῃ
1036 944 1279 1004 συνόδου,
1312 942 1632 1010 καθαιρέσει
1667 941 1802 994 καθ-

236 1034 599 1086 υποὸάλλουσι
623 1035 712 1085 τὸν
735 1037 793 1085 ὲν
820 1033 1095 1102 εύκτηρίῳ
1114 1032 1249 1102 οἴκῳ
1282 1034 1423 1085 θεῖον
1446 1033 1806 1085 ὲκτελέσαντα

234 1124 537 1191 βάπτισμα.
579 1123 915 1194 Διορίζονται
960 1124 1070 1192 γάρ
1124 1126 1181 1175 ιν
1227 1123 1541 1184 καθολικαῖς
1607 1122 1808 1190 ἐκκλη-

234 1216 379 1274 σίαις
400 1217 465 1266 τὰ
493 1213 844 1283 βαπτίσματα
867 1215 1132 1279 γίνεσθαι.
1180 1214 1342 1266 ’Δλλὰ
1375 1214 1468 1266 καί
1485 1214 1606 1266 όλα¹
1629 1211 1808 1265 κανὼν

227 1305 329 1369 τῆς
360 1306 415 1355 ἐν
444 1304 520 1371 τῷ
549 1304 801 1374 Τρούλ>.ῳ
838 1305 1079 1367 συνόδου,
1113 1306 1206 1357 καὶ
1236 1307 1263 1358 ό
1295 1305 1359 1374 ιβ’
1406 1302 1586 1356 κανὼν
1615 1304 1715 1371 τῆς
1751 1306 1809 1355 ἐν

230 1393 310 1462 τῷ
344 1393 455 1462 ναῷ
485 1395 593 1447 τῶν
644 1395 814 1461 ἁγίων
867 1394 1190 1447 ἀποστόλων
1238 1396 1515 1462 συστάσης
1567 1397 1806 1456 συνόδου,

230 1483 613 1537 διατάττονται
655 1485 793 1553 μετὰ
831 1485 1187 1554 ἐκχωρήσεως
1220 1488 1582 1549 ἰπισκοπικῆς
1608 1485 1701 1536 καὶ
1730 1485 1810 1546 εἰς

231 1574 555 1643 εὐκτηρίους
584 1573 767 1635 οῖκους
799 1575 1070 1627 τελεῖσθαι
1105 1574 1480 1641 βαπτίσματα.
1527 1574 1585 1625 Ὀ
1624 1574 1809 1642 μέντοι

232 1666 479 1732 ἀοίδιμος
506 1665 757 1731 βασιλεὺς
784 1666 971 1734 κύριος
1003 1666 1177 1729 Λέων,
1202 1668 1230 1717 ό
1255 1667 1438 1733 σοφὸς,
1473 1664 1684 1732 βλέπων
1712 1664 1811 1733 τὴν

233 1752 514 1823 ὀρθόδοξον
562 1752 745 1804 πίστιν
804 1753 1212 1821 εὐθηνουμένην
1268 1752 1344 1815 ὡς
1391 1752 1674 1821 ἄμπελον,
1718 1753 1811 1804 καὶ

232 1844 605 1911 αὐξανομένην
654 1843 731 1905 ὡς
763 1845 997 1911 νεόφυτα
1047 1843 1265 1907 ὶλαιῶν,
1315 1842 1503 1910 κύκλῳ
1542 1843 1642 1911 τῆς
1677 1858 1810 1911 τρα-

235 1935 411 2003 πέζης
448 1934 556 1985 τῶν
600 1933 803 2002 ταύτης
847 1932 1176 2001 ἐκκλησιῶν,
1226 1933 1519 2002 διωρίσατο
1552 1934 1607 1984 εν
1645 1930 1687 1983 δ’
1718 1932 1811 1983 καὶ

234 2027 294 2075 ἐν
338 2031 397 2075 ιε’
444 2024 631 2094 Neap;
677 2024 1005 2093 θεσμοθεσία
1058 2023 1225 2076 αὐτοῦ
1281 2024 1355 2093 μὴ
1393 2024 1553 2093 μόνον
1599 2024 1679 2085 είς
1704 2023 1810 2085 ,τὰς

235 2119 533 2189 ἐκκλησίας
585 2118 716 2172 ἀλλὰ
768 2119 860 2171 καὶ
919 2120 1001 2180 εἰς
1050 2119 1176 2179 τοὺς
1232 2117 1557 2185 εὐκτηρίους
1627 2119 1811 2179 οῖκους

235 2211 597 2271 άδιαστίκτως
622 2210 1018 2280 ιεροτελεστίας
1042 2210 1135 2263 καὶ
1169 2209 1520 2279 βαπτίσματα
1543 2208 1807 2275 γίνεσθαι.

234 2302 329 2353 Διὸ
362 2302 501 2353 κατὰ
530 2301 627 2369 τὴν
666 2302 868 2352 τούτων
899 2300 1213 2369 περίληψιν,
1244 2300 1272 2350 ὀ
1303 2300 1439 2368 μετὰ
1469 2300 1812 2369 ἀντιμινσίου

235 2392 637 2463 ἱερουργήσας,
669 2391 702 2459 ἢ
737 2392 1006 2459 βαπτίσας
1056 2393 1134 2454 εἰς
1179 2392 1468 2461 εὐκτήριον
1514 2387 1696 2453 οἷκον,
1738 2391 1813 2461 μὴ

237 2483 530 2553 ίερωθέντα
560 2483 624 2535 δι’
667 2484 963 2550 ὲγκαινίων
993 2482 1263 2546 ἁνοιξίων,
1297 2483 1391 2535 καὶ
1419 2481 1510 2535 τοῦ
1550 2484 1811 2554 συνήθους

233 2573 610 2644 ἐνθρονισμοῦ,
639 2574 726 2627 ναὶ
756 2575 941 2643 μέντοι
988 2576 1079 2627 καὶ
1108 2573 1198 2626 διὰ
1228 2573 1499 2643 λειψάνων
1529 2573 1700 2639 ἁγίων
1725 2575 1813 2625 έν-

236 2666 537 2736 σοριασμοῦ
565 2666 767 2737 (ταῦτα,
789 2667 895 2735 γάρ
942 2666 1047 2719 εἰσι
1082 2665 1191 2719 τῶν
1240 2664 1539 2718 καθολικῶν
1576 2665 1810 2733 Ἐκκλη-

236 2758 369 2810 si.th
400 2756 927 2825 ἁποθησαυρίσματα
952 2757 1044 2809 καὶ
1067 2754 1518 2824 ὑψώματα),·ἁλλ’
1544 2756 1622 2817 εἰς
1648 2756 1814 2826 εὐχὴν

235 2849 492 2919 οἰκιακὴν
522 2847 885 2917 ἀφορισθέντα
916 2847 1146 2912 πιστῶν,
1179 2846 1212 2916 ἦ
1246 2848 1326 2909 εἰς
1361 2846 1602 2899 οἰκίσκον
1630 2846 1816 2899 πλοια-

240 2940 358 3006 ρίου
401 2939 545 2998 τινδς
589 2936 1064 3004 ἁποταμιευθέντα
1109 2936 1251 3007 Θεῷ,
1305 2936 1402 2989 καὶ
1430 2937 1611 3006 ἁγίαις
1644 2938 1815 2990 εἰκόσι

239 3028 646 3097 κοσμούμενον,
702 3028 763 3080 οὑ
818 3028 1313 3098 προκριματισθείη
1364 3028 1440 3090 ὡς
1494 3029 1819 3098 παραϐάτης

1908 579 2117 634 Judaici
2152 572 2436 635 Paschalis
2465 582 2674 649 plenam
2711 586 3070 648 vacationem,
3114 596 3335 653 propter
3370 588 3471 643 loci

1910 672 2363 739 singularitatem.
2391 671 2580 724 Canou
2612 682 2794 727 autem
2824 674 2893 727 59
2920 685 3124 728 sancta
3145 684 3199 728 et
3227 690 3472 730 conme-

1908 764 2046 817 nica:
2087 764 2506 833 synodicoactae
2531 766 2583 817 in
2616 766 2804 820 Trullo
2837 771 3017 836 magni
3054 768 3263 837 palatii.
3294 780 3348 823 et
3381 785 3475 823 ca-

1910 871 2018 909 non
2075 854 2145 908 84
2187 855 2381 925 synodi
2448 856 2923 926 Cartliaginensis,
2972 856 3296 924 dep'ositioni
3344 864 3475 916 sub-

1904 943 2123 1013 jiciunto
2182 960 2331 1007 eum,
2417 944 2513 1014 qui
2566 946 2620 999 in
2676 951 2916 1001 oratoria
2993 950 3157 1003 domo
3232 950 3477 1003 divinum

1912 1036 2206 1103 perﬁciunt
2235 1037 2526 1103 baptisma.
2584 1036 2845 1091 Statuunt
2871 1040 3018 1092 enim
3053 1041 3381 1105 baptismata
3425 1043 3477 1095 in

1912 1125 2201 1179 catholicis
2247 1125 2511 1181 Ecclesiis
2540 1128 2739 1182 debere
2769 1124 2908 1182 ﬁeri.
2966 1130 3071 1182 Sed
3100 1139 3155 1183 et
3188 1132 3250 1184 31
3304 1147 3477 1184 canon

1910 1216 2100 1285 synodi
2122 1216 2175 1268 in
2205 1216 2414 1277 Trullo,
2477 1223 2534 1272 et
2590 1217 2657 1269 l2
2699 1232 2875 1272 canon
2918 1220 3111 1287 synodi
3167 1229 3370 1273 coactae
3426 1222 3479 1271 in

1914 1308 2116 1375 templo
2153 1317 2470 1362 sanctorum
2522 1310 2919 1375 apostolorum,
2955 1312 3299 1363 constituunt
3335 1320 3393 1361 ut
3430 1318 3481 1361 et

1913 1396 1966 1448 iu
1998 1397 2255 1449 oratoriis
2276 1395 2536 1451 domibus
2559 1398 2884 1465 baptismata
2910 1399 3039 1451 (lant
3068 1415 3191 1453 cum
3210 1401 3479 1467 permissu

1912 1486 2179 1554 episcopi.
2242 1487 2487 1555 Inclytus
2543 1502 2676 1541 sane
2727 1489 3022 1556 imperatur
3080 1490 3337 1543 dominus
3374 1488 3482 1540 Leu

1912 1575 2298 1644 philosophus,
2329 1577 2522 1629 videns
2548 1577 2911 1630 orthodoxam
2961 1578 3120 1631 fidem
3177 1579 3483 1631 exuberan-

1912 1674 2017 1717 tem
2039 1673 2097 1717 ut
2128 1667 2315 1730 vitem,
2345 1673 2398 1720 et
2424 1678 2761 1721 crescentem
2818 1676 2875 1721 ut
2925 1670 3191 1721 olivarum
3234 1669 3483 1736 palniin-s

1914 1751 1967 1804 in
2028 1752 2263 1806 circuitu
2324 1766 2527 1805 mensa
2590 1753 2949 1807 ecclesiarum
3018 1754 3158 1823 ejus.
3243 1754 3487 1809 deﬁnivit

1914 1841 1970 1894 in
1999 1841 2031 1894 ι
2064 1850 2119 1896 et
2144 1843 2211 1896 15
2253 1840 2497 1903 Novella,
2546 1857 2657 1896 non
2695 1852 2907 1897 tantum
2955 1843 3008 1897 in
3053 1845 3345 1899 catholicis
3383 1862 3486 1900 ec-

1914 1933 2126 1993 clesiis,
2160 1933 2253 1986 sed
2278 1942 2331 1986 et
2358 1932 2412 1986 in
2438 1936 2701 1987 oratoriis
2735 1934 2990 1989 domibus
3038 1934 3355 1990 indistincte
3399 1952 3489 1990 sa-

1913 2038 2003 2076 cra
2039 2022 2365 2085 ministeria,
2422 2031 2476 2076 et
2539 2025 2867 2092 baptismata
2926 2025 3064 2079 ﬁeri.
3111 2024 3483 2090 Quamobrem

1910 2111 2066 2178 juxta
2104 2110 2298 2165 barum
2361 2118 2632 2173 tenorem,
2671 2113 2762 2179 qui
2795 2125 2918 2164 cum
2963 2111 3295 2164 antimensio
3328 2126 3485 2165 sacra

1916 2200 2129 2264 fecerit,
2200 2209 2295 2254 aut
2336 2200 2692 2268 baptisaverit
2734 2202 2789 2255 in
2841 2202 3078 2255 oratoria
3140 2201 3322 2265 domo,
3377 2216 3488 2256 non

1915 2301 2240 2347 consecrata
2271 2308 2368 2361 per
2399 2292 2729 2345 initiatorias
2764 2292 3162 2353 dedicationes,
3195 2302 3249 2345 et
3287 2292 3489 2344 solem-

1916 2398 2040 2438 nem
2069 2383 2248 2439 throni
2294 2382 2800 2451 iuaugurationem,
2863 2384 2996 2451 quin
3061 2390 3113 2435 et
3146 2397 3239 2450 per
3267 2388 3491 2433 sancta-

1916 2490 2038 2529 rum
2074 2474 2429 2541 reliquiarum
2484 2471 2754 2524 tumuium
2830 2471 2908 2539 (bi
2961 2471 3104 2524 eiiim
3139 2479 3267 2524 sunt
3299 2468 3491 2522 catho-

1918 2568 2145 2622 licarum
2173 2564 2545 2619 Ecclesiarum
2580 2565 2825 2618 thesauri
2858 2573 2911 2617 et
2937 2562 3345 2630 exaltationes),
3393 2562 3487 2615 sed

1920 2660 1972 2712 in
1998 2657 2358 2713 domesticam
2391 2655 2699 2710 orationem
2738 2654 2981 2710 fidelium
3013 2660 3286 2723 separata,
3316 2661 3409 2705 aut
3435 2653 3490 2705 in

1920 2750 2119 2820 navigii
2157 2749 2387 2815 alicujus
2420 2747 2753 2801 domuncula
2787 2746 2895 2800 Deo
2915 2747 3214 2808 destinata,
3271 2755 3325 2798 et
3368 2758 3494 2796 san-

1919 2840 2029 2894 ctis
2090 2839 2419 2907 imaginibus
2449 2844 2663 2901 ornata,
2696 2852 2802 2890 non
2829 2837 3067 2903 patietur
3098 2834 3493 2904 prajiidicium,

1921 2928 2149 2999 perinde
2183 2944 2247 2982 ac
2280 2929 2323 2983 si
2354 2942 2626 2983 canonum
2662 2937 3031 2997 transgressor
3058 2938 3226 2990 esset,
3261 2927 3497 2980 nullam-

1920 3038 2029 3093 que
2064 3037 2252 3076 eorum
2279 3021 2544 3074 rationem
2583 3020 2888 3074 habuisset.
2915 3019 3005 3073 Sic
3038 3019 3185 3072 enim
3213 3018 3493 3079 etclerici,

241 3122 485 3175 κανόνων
514 3119 608 3173 καὶ
647 3118 957 3188 ἀδιάφορος.
998 3118 1155 3172 Οὕτω
1185 3119 1294 3190 γὰρ
1326 3120 1421 3172 καὶ
1446 3119 1496 3170 οἰ
1533 3118 1670 3188 μετὰ
1711 3118 1819 3171 τῶν
1848 3145 1890 3201 c

1848 3145 1890 3201 ο
1925 3116 2018 3184 qui
2053 3124 2182 3169 sunt
2213 3114 2268 3167 in
2309 3114 2700 3178 imperatorum
2750 3113 3035 3175 comitatu,
3074 3112 3127 3163 in
3157 3110 3367 3177 campis
3400 3123 3494 3161 so-

242 3215 661 3285 αὺτοκρατόρων
733 3215 992 3281 ἑπόμενοι
1061 3213 1349 3282 κληρικοί,
1416 3213 1497 3275 είς
1558 3212 1818 3275 πεδιάδας

242 3305 488 3374 ιρήμους
565 3305 871 3374 ἱερουργεῖν
949 3303 1366 3366 δεδικαίωνται,
1457 3301 1599 3355 κατὰ
1660 3303 1820 3370 μόνον

241 3394 305 3447 τὸ
360 3396 440 3455 εἰς
482 3394 784 3464 ἐκκλησίαν
839 3392 1138 3464 ἀφορισοεν
1200 3392 1525 3464 βαμϐίκινον
1575 3392 1822 3445 οἱκισκάη

245 3500 389 3553 ρων.

313 3572 639 3640 ἐρώτησις
664 3573 750 3625 ιδ’.
787 3572 1109 3632 ’Δκινδύνως
1145 3572 1490 3641 ἰερουργήσει
1523 3586 1607 3632 τις
1636 3570 1819 3637 ἢσυν-

247 3667 461 3728 ceam
511 3665 647 3732 μετὰ
700 3663 1012 3733 αἱρετικῶν,
1072 3662 1404 3716 Ἰακωόιτῶν
1462 3660 1666 3729 δηλαδὴ
1732 3660 1824 3712 καὶ

246 3756 649 3827 Νεστοριανῶν,
684 3758 761 3817 εἰς
816 3754 1115 3824 ἐκκλησίαν
1167 3753 1370 3815 αὐτῶν,
1422 3754 1532 3805 εἴτε
1573 3752 1678 3821 μὴν
1730 3751 1823 3803 καὶ

249 3848 555 3916 ἡμετέραν·
583 3847 616 3914 ἢ
650 3847 833 3913 κοινῆς
865 3846 984 3915 μετ’
1016 3845 1193 3897 αὐτῶν
1228 3844 1474 3915 μετάσχῃ
1506 3841 1819 3911 τραπέζης·

247 3942 529 4012 ἢποιήσει
579 3941 837 4009 ἁνάδοχον
875 3941 939 3991 ὲκ
988 3938 1083 3991 τοῦ
1129 3940 1286 4007 ἁγίου
1343 3938 1746 4008 βαπτίσματος·
1788 3935 1821 4004 ἢ

250 4033 653 4103 κατοιχομένων
736 4032 955 4101 ποιήσει
1032 4030 1396 4101 μνημόσυναο
1447 4029 1478 4098 ἢ
1530 4025 1826 4103 μεταδώσει

248 4123 359 4176 τῶν
431 4124 591 4175 θείων
668 4123 1023 4190 ἁγιασμάτων
1089 4121 1309 4185 αὐτοῖς,
1375 4120 1441 4172 Ἦ
1497 4118 1829 4187 στενοχωρία

250 4214 361 4283 γὰρ
390 4213 484 4265 τοῦ
520 4213 687 4266 τόπου
734 4210 907 4264 πολλὰ
951 4211 1179 4265 τοιαῦτα
1214 4212 1378 4263 ποιεῖ.
1430 4211 1542 4263 Καὶ
1592 4208 1740 4277 ζητῶ
1768 4208 1829 4260 τδ

250 4303 526 4373 ποιητέον.

338 4394 461 4446 ‘Ax.
493 4392 583 4462 Μὴ
619 4393 735 4445 δότε
776 4392 843 4444 τὰ
877 4390 1010 4459 ἁγια
1058 4393 1169 4452 τοῖς
1225 4390 1384 4442 κυσὶν
1414 4389 1462 4460 (ό
1494 4389 1699 4458 Κύριος
1736 4388 1829 4442 καὶ

1924 3208 2119 3262 litariis
2156 3222 2309 3261 sacra
2338 3208 2441 3262 rite
2477 3207 2655 3261 facere
2687 3212 3010 3267 censentur,
3043 3203 3149 3255 sub
3189 3201 3309 3254 solo
3346 3200 3495 3254 born-

1922 3298 2141 3369 bycino,
2180 3298 2324 3369 quod
2355 3306 2439 3353 est
2470 3298 2714 3353 ecclesiae
2736 3295 3087 3357 destinatum,
3118 3292 3381 3347 tentorio.

1995 3576 2163 3631 Inter.
2206 3577 2294 3630 Η.
2328 3580 2409 3631 An
2440 3577 2560 3632 sine
2594 3577 2844 3646 periculo
2878 3590 3032 3630 sacra
3066 3575 3148 3629 vel
3186 3583 3308 3628 vota
3335 3573 3500 3627 simul

1928 3667 2085 3721 [ναῖοι
2118 3668 2316 3736 aliquis
2338 3682 2467 3720 cum
2508 3667 2802 3731 lmreticis,
2837 3666 3099 3721 Jacobitis
3142 3666 3392 3719 videlicet
3448 3672 3503 3719 et

1926 3758 2285 3825 Nestorianis,
2329 3762 2383 3812 in
2424 3775 2609 3813 corum
2645 3760 2900 3821 ecclesia,
2936 3760 3017 3813 vel
3080 3760 3245 3811 etiam
3297 3758 3349 3810 in
3401 3772 3503 3811 no-

1928 3855 2070 3911 stra,
2099 3854 2191 3901 aut
2228 3862 2573 3901 communem
2598 3863 2720 3901 cum
2760 3849 2825 3902 iis
2854 3847 3203 3915 participabit
3236 3861 3502 3906 mensam,

1931 3946 2024 3990 aut
2049 3936 2209 3992 faciet
2235 3954 2299 3992 ex
2329 3946 2525 3991 sancto
2546 3937 2761 3991 lavacro
2796 3946 3195 4006 susceptorem,
3231 3946 3322 3989 aut
3353 3952 3505 3989 mor-

1930 4038 2147 4083 tuorum
2183 4028 2489 4083 celebrabit
2542 4029 2862 4091 memorias,
2930 4036 3022 4081 aut
3080 4028 3341 4096 largietur
3398 4025 3505 4077 illis

1929 4119 2145 4173 divinas
2239 4118 2757 4173 sanctificationes?
2838 4117 2971 4171 Nam
3054 4118 3157 4171 loci
3244 4120 3505 4187 angustia:

1930 4210 2102 4263 multa
2156 4208 2473 4278 hujusmodi
2542 4207 2774 4263 faciunt.
2848 4210 3045 4275 Quaero
3106 4212 3239 4282 quid
3298 4210 3507 4264 facien-

1929 4300 2083 4353 dum.

2007 4389 2128 4443 Res.
2160 4388 2241 4446 Ne
2263 4391 2405 4447 detis
2429 4401 2619 4446 sancta
2658 4392 2916 4457 canibus,
2965 4392 3190 4460 (inquit,
3244 4391 3507 4446 Dominus

250 4484 385 4544 Θεὸς
414 4484 446 4551 ἡ
458 4483 572 4548 μῶν
602 4483 870 4553 εἴρηκεν),
912 4482 1046 4553 μηδὲ
1080 4482 1279 4551 βάλητε
1308 4482 1437 4544 τοὺς
1488 4481 1829 4549 μαργαρίτας
1862 4497 1905 4552 D

1862 4497 1905 4552 ι)
1934 4488 1988 4534 et
2022 4481 2164 4535 Deus
2194 4482 2403 4550 noster)
2436 4498 2536 4536 nec
2563 4482 2866 4551 projiciatis
2893 4485 3213 4552 margaritas
3232 4494 3357 4536 ante
3386 4500 3509 4549 poi--

253 4575 362 4624 τὼν
391 4575 587 4643 χοίρων
616 4573 969 4643 ιπίπροσθεν.
1009 4574 1109 4625 Διά
1153 4590 1234 4626 τοι
1265 4572 1425 4624 τοῦτο
1453 4574 1545 4624 καὶ
1570 4574 1597 4624 ό
1624 4571 1693 4635 ξδ’
1730 4589 1829 4624 καφ

256 4663 362 4716 νὼν
388 4665 495 4719 τῶν
528 4664 878 4735 θεοκηρύκων
904 4666 1076 4733 ἁγίων
1098 4665 1412 4718 ἀποστόλων
1440 4664 1623 4735 φησὶν,
1653 4663 1720 4716 El'
1746 4680 1829 4726 τις

258 4756 523 4827 κληρικδς
552 4758 585 4830 ἢ
630 4755 820 4820 λαῖκδς
850 4757 1071 4827 εἰσέλθῃ
1096 4758 1174 4820 είς
1212 4756 1532 4825 συναγωγὴν
1560 4754 1829 4807 Ἰουδαίων

260 4846 290 4915 ἢ
350 4847 643 4915 αἰρετικῶν
690 4847 1116 4917 προσεύξασθαι,
1172 4846 1542 4917 καθαιρείσθω
1588 4847 1682 4899 καὶ
1724 4847 1828 4913 ἁφ-

262 4938 548 5005 οριζέσθω.
579 4938 690 4991 Καὶ
714 4941 740 4991 ό
759 4937 839 5006 λγ¹
858 4938 1041 4992 κανὼν
1060 4938 1161 5006 τῆς
1190 4940 1249 4990 ὲν
1278 4937 1563 5007 Λαοδικείᾳ
1590 4937 1828 5001 συνόδου,

263 5029 400 5083 ἀλλὰ
441 5028 547 5097 μὴν
579 5030 676 5080 καὶ
706 5031 733 5081 ὁ
760 5026 813 5093 ς’
842 5018 989 5082 καὶὸ
1027 5028 1123 5089 λδθ,
1173 5028 1347 5081 ταῦτά
1393 5043 1522 5097 φησι
1571 5030 1699 5099 περὶ
1738 5026 1831 5080 τοῦ

261 5120 567 5187 συγχωρεῖν
621 5119 732 5180 τοῖς
768 5118 1064 5188 αἰρετικοῖς
1102 5117 1329 5170 εἰσιέναι
1366 5117 1445 5181 εἰς
1482 5112 1629 5168 οῖκον
1673 5114 1830 5183 Θεοῦ,

260 5210 581 5276 ἐπιμένουσι
615 5213 680 5279 τῇ
728 5210 960 5281 αἱρέσει,
997 5210 1079 5262 δτι
1109 5210 1183 5262 Οὐ
1218 5208 1300 5262 δεῖ
1356 5208 1621 5279 αἱρετικῷ
1651 5209 1683 5280 ἢ
1715 5225 1832 5279 σχι-

263 5300 516 5370 σματικῷ
541 5303 762 5371 συνεύχε
774 5301 1049 5354 σθαι.⁶’οτι
1070 5302 1129 5353 οὐ
1155 5302 1235 5352 δεῖ
1253 5301 1574 5370 Χριστιανὸν
1601 5304 1836 5368 ἐγκατα-

262 5390 475 5444 λείπειν
517 5396 799 5462 μάρτυρας
836 5390 1098 5463 Χριστοῦ,
1133 5394 1229 5445 καὶ
1260 5392 1480 5445 ἀπιέναι
1525 5393 1661 5461 πρὸς
1709 5392 1833 5455 τοὺς

259 5487 715 5558 ψευδομάρτυρας
734 5503 746 5515 ·
772 5488 1048 5539 τουτέστιν
1071 5485 1400 5555 αῖρετικοὺς,
1424 5486 1456 5555 ἢ
1480 5485 1676 5548 αὐτοὺς
1710 5487 1835 5549 τοὺς

265 5577 695 5646 προειρημένους
745 5578 1060 5648 αἰρετικοὺς
1116 5579 1461 5646 γενομένους.
1522 5571 1682 5631 Οὗτοι
1728 5580 1837 5648 γὰρ

265 5669 539 5740 ἀλλότριοι
572 5667 667 5722 τοῦ
694 5670 827 5721 Θεοῦ
862 5670 1243 5740 τυγχάνουσιν.
1275 5671 1558 5727 Ἔστωσαν
1589 5669 1681 5723 οῦν
1710 5672 1839 5723 ἀνά-

269 5762 412 5833 θεμα
447 5763 496 5816 οἰ
527 5762 886 5833 ἀπερχόμενοι
916 5762 1051 5832 πρὸς
1071 5747 1287 5826 αὐτούς.
1319 5763 1416 5827 Διά
1443 5780 1522 5815 τοι
1554 5762 1711 5817 τοῦτο
1741 5764 1834 5816 καὶ

1932 4586 2049 4627 eos.
2082 4570 2203 4637 Qua
2241 4572 2308 4627 de
2328 4588 2495 4628 causa
2533 4582 2588 4627 et
2621 4577 3002 4643 sexagesimus
3042 4583 3276 4643 quartus
3326 4590 3503 4628 canon

1933 4664 2025 4720 Dei
2055 4682 2369 4736 praeconum
2398 4673 2714 4722 sanctorum
2742 4666 3114 4736 apostolorum
3147 4666 3221 4718 ait
3246 4684 3258 4719 :
3290 4664 3345 4718 Si
3382 4666 3506 4733 quis

1932 4756 2194 4820 clericus,
2220 4767 2316 4809 aut
2348 4756 2545 4823 laicus,
2572 4758 2769 4811 orandi
2810 4771 2978 4811 causa
3013 4750 3296 4824 ingressus
3348 4754 3509 4809 fuerit

1934 4845 1990 4899 in
2024 4861 2359 4917 synagogam
2390 4845 2729 4911 Judazorum,
2762 4848 2845 4901 vel
2894 4846 3298 4911 haereticorum,
3339 4845 3506 4913 depu-

1934 4946 2096 4992 natur
2120 4946 2175 4991 et
2220 4938 2746 4992 excommunicetur.
2807 4936 2874 4991 Et
2931 4938 3248 5009 tri‘gesimus
3314 4937 3509 4989 tertius

1935 5044 2112 5083 canon
2148 5027 2465 5082 Laodicenae
2527 5030 2758 5099 synodi,
2800 5029 2929 5083 item
2963 5038 3153 5083 sextus
3202 5035 3254 5080 et
3295 5026 3509 5095 trigesi-

1937 5136 2061 5174 mus
2086 5127 2341 5189 quartus,
2370 5119 2486 5174 haec
2515 5123 2591 5174 ait
2629 5122 2692 5175 de
2715 5120 2873 5175 venia
2909 5118 3087 5173 danda
3138 5118 3418 5171 haereticis
3453 5117 3505 5169 in

1938 5227 2035 5268 sua
2062 5214 2254 5267 haeresi
2284 5213 2662 5280 perstantibus
2695 5211 3038 5281 ingrediendi
3084 5210 3309 5264 domum
3365 5207 3459 5261 Dei
3490 5223 3503 5259 :

1938 5304 2085 5374 quod
2114 5320 2223 5360 non
2248 5313 2464 5375 Oportet
2497 5320 2606 5359 una
2640 5319 2763 5357 cum
2805 5303 3061 5357 heretico
3110 5302 3194 5355 vel
3242 5302 3513 5355 schisma.

1942 5398 2051 5450 lico
2081 5412 2242 5451 orare
2285 5418 2299 5450 :
2334 5397 2491 5463 Quod
2522 5413 2632 5452 non
2665 5405 2881 5468 oportet
2922 5398 3091 5450 ullum
3131 5394 3510 5449 Christianum

1940 5488 2144 5544 Christi
2174 5498 2447 5560 martyras
2479 5491 2819 5560 relinquere,
2854 5499 2904 5544 et
2938 5490 3003 5544 ad
3032 5488 3200 5541 falsos
3222 5492 3513 5555 martyras,

1940 5580 2044 5633 hoc
2074 5589 2158 5635 cst
2190 5580 2495 5641 haereticos.
2540 5582 2712 5647 abire,
2745 5582 2826 5635 vel
2851 5596 2967 5642 eos,
3000 5580 3092 5648 qui
3125 5578 3284 5648 prius
3330 5578 3504 5629 haere-

1947 5672 2035 5726 tici
2061 5670 2235 5725 fuere.
2274 5670 2342 5725 lii
2387 5673 2535 5726 enim
2568 5684 2699 5727 sunt
2739 5688 2766 5725 a
2795 5673 2903 5727 Deo
2961 5672 3147 5725 alieni.
3206 5668 3328 5723 Sint
3377 5681 3507 5734 ergo

1945 5761 2257 5829 anathema,
2288 5759 2387 5829 qui
2417 5760 2484 5815 ad
2514 5775 2609 5816 eos
2636 5762 2858 5816 abeunt.
2896 5760 3024 5814 Eam
3051 5763 3119 5816 ob
3158 5775 3269 5814 rem
3306 5768 3359 5811 et
3410 5768 3509 5809 nos
