4214 6450
215 409 325 470 969

1056 403 1431 461 RESI‘UN3A
1474 404 1572 461 AD
1619 403 2342 467 INTERROGATIONES
2384 411 2641 475 MARCI.

3311 419 3419 482 970

204 532 304 595 τῆς
360 529 505 587 θείας
559 528 967 595 ἱερνιτελεττίας.
1027 529 1119 580 καὶ
1174 529 1271 594 τῆς
1304 527 1608 587 τελευταίας
1666 526 1868 587 τοῦΑι

1749 527 1756 576 i
1788 532 1833 587 Α
1864 528 2063 581 ultimae
2094 529 2447 580 sacrilicantis
2478 526 2804 595 precationis
2854 529 3413 599 rcmuncrationisque

205 618 611 685 ἱερουργοῦντος
637 618 815 685 εὐχῆς,
876 619 966 669 καὶ⁵
1019 618 1111 669 τοῦ
1139 617 1430 686 ἁντιδώρου
1461 617 1562 684 τῆς
1596 633 1760 680 μετα-

203 707 439 774 λήψεως,
502 704 880 774 ψηφιζόμεθα·
926 704 1019 756 καὶ
1081 707 1191 765 τοῖς
1234 703 1374 756 οὕτω
1428 708 1500 773 μὴ
1549 706 1758 757 ποιοῦσι

203 799 302 863 τὴν
322 800 384 847 ἐκ
416 795 507 847 τοῦ
535 797 755 857 κανόνος
789 796 1102 863 ἑπισείομεν
1135 796 1527 863 ἀγανάκτησιν.
1576 798 1758 848 Μετα-

202 886 496 953 λατιιῦἁνειν
525 887 580 938 δὲ
611 887 804 946 αὐτοὺς
833 887 932 936 οὐκ
966 884 1366 951 ἀναγκάζομεν,
1402 885 1490 937 διὰ
1533 885 1629 953 τὴν
1661 888 1758 953 τῆς

205 975 557 1042 συνειδήσεως
587 974 835 1041 βάσανον.
874 974 1208 1040 Προσεκτέον
1237 970 1349 1034 οῦν,
1376 974 1514 1026 κατὰ
1536 974 1635 1043 τὴν
1662 975 1756 1026 τοῦ

204 1065 456 1131 ῥηθέντος
505 1064 721 1122 κανόνος
768 1064 1077 1131 περίληψιν,
1137 1068 1211 1131 μὴ
1272 1064 1619 1124 ἀσυντάκτως
1690 1068 1756 1117 lx

202 1156 304 1216 τῆς
353 1153 660 1219 ἱερουργίας
714 1153 1013 1219 ὑποχωρεῖν
1068 1155 1191 1213 τοὺς
1254 1152 1752 1220 ἐκκλησιάζοντας

202 1243 316 1292 ἀλλ’
337 1241 455 1293 ἐπεὶ
483 1240 617 1308 αὓτη
651 1239 712 1291 Ex
736 1256 794 1290 τε
828 1242 925 1307 τῆς
959 1238 1197 1302 Παλαιᾶς
1226 1240 1498 1308 Διαθήκης
1523 1243 1615 1291 καὶ
1642 1240 1743 1307 τῆς

200 1332 343 1391 Νέας
378 1335 456 1389 εἰς
500 1332 625 1397 μίαν
673 1331 975 1395 ταυτότητα
1012 1330 1394 1395 μεγαλύνεται,
1458 1333 1552 1381 καὶ
1587 1331 1750 1399 μέχρι

203 1422 305 1488 μὲν
331 1421 428 1487 τῆς
458 1421 566 1471 τῶν
606 1422 777 1485 ἁγίων
820 1419 1167 1485 Εὐαγγε).ίων
1210 1418 1615 1486 ἁνακηρύξεως,
1654 1420 1751 1487 τῆς

199 1515 484 1577 Δαυῖτικῆς
516 1512 741 1578 κινύρας
790 1510 858 1561 τὰ
891 1510 1142 1578 ψαλτῳδή
1154 1526 1300 1576 ματα
1327 1510 1417 1561 τοῦ
1456 1510 1750 1578 μυστηρίου

198 1602 294 1668 τὴν
322 1600 547 1665 δύναμιν
589 1598 912 1665 ἁγιὰζουσι·
950 1598 1085 1667 μετὰ
1120 1598 1177 1650 δὲ
1212 1598 1415 1665 ταύτην
1461 1597 1560 1665 τῆς
1604 1600 1755 1651 ἁναι-

198 1692 404 1757 μάκτου
431 1690 615 1751 θυσίας
646 1692 947 1754 ἀνοίγονται
975 1690 1040 1741 τὰ
1070 1688 1356 1757 προαύλια,
1387 1690 1751 1758 ἐπιτρέποντα

1865 618 2295 685 participationis
2331 620 2639 680 ,intcressc
2703 617 2953 669 concioni
3019 619 3214 673 debere
3278 636 3409 673 cen-

1862 722 2066 762 semus.
2103 706 2164 759 Et
2211 706 2275 759 iis
2307 746 2320 769 ,
2370 707 2461 773 qui
2503 708 2581 759 sic
2612 721 2714 758 non
2769 707 2993 770 faciunt,
3045 710 3268 762 canonis
3322 711 3408 762 in-

1860 798 2228 866 dignationem
2298 799 2575 849 vibramus
2631 817 2642 849 :
2698 798 3026 866 participare
3078 809 3255 853 autem
3314 816 3408 856 eos

1862 902 1967 943 non
2019 890 2283 957 cogimus,
2326 889 2395 941 ob
2441 889 2788 942 conscientiae
2836 898 3186 943 tormentum.
3219 889 3406 944 Anim-

1858 978 2243 1033 advertendum
2281 980 2463 1043 igitur,
2491 978 2644 1045 juxta
2679 978 2920 1045 prmdicti
2973 980 3198 1033 canonis
3254 987 3408 1033 teno-

1858 1084 1996 1128 rem,
2065 1086 2131 1123 ne
2182 1072 2272 1137 qui
2339 1070 2628 1122 conventui
2680 1069 2968 1129 intersunt.
3030 1070 3333 1125 inordinate
3377 1088 3406 1125 a

1858 1160 2122 1213 sacrillcio
2183 1167 2541 1213 revertantur.
2578 1159 2682 1212 Sed
2721 1174 2844 1212 cum
2884 1160 3060 1225 ipsum
3112 1175 3177 1212 ex
3227 1162 3406 1215 Veteri

1856 1248 2112 1319 Novoque
2162 1248 2504 1302 Testamento
2552 1250 2667 1315 pari
2714 1248 2874 1301 modo
2927 1250 3319 1315 magniﬁcetur,
3354 1261 3407 1304 et

1855 1340 1920 1391 ad
1962 1340 2328 1394 recitationem
2354 1338 2570 1406 quidem
2612 1353 2785 1405 usque
2812 1348 3118 1391 sunctorum
3168 1338 3407 1408 Evange-

1854 1431 2071 1492 liorum,
2104 1431 2367 1483 Davidica
2401 1431 2622 1483 cithara:
2652 1431 2891 1483 carmina
2942 1431 3267 1484 sacramenti
3309 1446 3405 1484 ce-

1853 1517 2059 1571 lebrent
2088 1527 2404 1587 potestatem
2441 1536 2453 1569 :
2485 1527 2667 1585 postea
2692 1527 2870 1571 autem
2898 1519 3187 1571 incruenta:
3220 1518 3405 1573 hostia-

1853 1609 2168 1673 aperiantur
2199 1608 2489 1671 vestibula,
2543 1608 2878 1661 antistitibus
2913 1608 3279 1675 permittentia
3310 1623 3403 1662 su-

1852 1697 2277 1763 perhumeralem
2310 1698 2563 1749 amictum
2603 1696 2892 1762 deponere,
2931 1696 3021 1763 qui
3062 1697 3180 1763 agni
3236 1696 3403 1764 ﬁgura

198 1783 287 1833 καὶ
316 1784 425 1841 τοῖς
449 1781 757 1850 ἀρχιερεῦσι
787 1781 845 1831 τὸ
874 1780 970 1846 μὲν
1004 1780 1314 1847 ἑπωμὰδιον
1348 1780 1655 1848 ὠμοφόριον
1688 1780 1745 1831 τὸ
1782 1850 1792 1851 7
1851 1803 1862 1833 ι

1737 1799 1745 1830 ι
1782 1850 1792 1851 7
1851 1783 2126 1851 eleganter
2156 1782 2447 1835 fabricatus
2488 1789 2591 1842 est,
2619 1791 2671 1834 ct
2706 1792 2937 1835 tractare
2968 1784 3077 1835 veri
3099 1784 3401 1850 vivitieique

197 1874 273 1932 εἰς
325 1872 491 1922 τύπον
538 1871 630 1922 τοῦ
680 1870 851 1936 ἀμνοῦ
894 1869 1313 1937 καλλιτεχνηθὶν
1366 1869 1739 1931 ἀποτίθεσθαι,
1774 1850 1861 1925 Bt

1738 1912 1739 1921 χ
1774 1850 1816 1903 Β
1846 1850 1982 1941 Agni
2015 1884 2409 1926 sacramentum
2444 1890 2458 1926 :
2497 1876 2539 1926 si
2573 1874 2787 1941 quidem
2812 1874 2871 1935 ii,
2900 1873 2990 1941 qui
3023 1874 3075 1925 in
3106 1888 3402 1943 congrega-

197 1963 659 2031 μεταχειρίζεσθαι
682 1963 736 2014 δὲ
762 1962 855 2014 τοῦ
885 1961 1115 2031 ἀληθοῦς
1141 1962 1234 2013 καὶ
1256 1961 1516 2023 ζωοποιοῦ
1541 1961 1740 2029 ’Δμνοῦ

194 2054 251 2103 τὸ
280 2054 608 2122 μυστήριον·
639 2054 687 2104 εί
727 2052 824 2121 μὶν
856 2054 903 2103 oi
932 2050 1379 2120 ἐκκλησιάζοντες
1416 2051 1577 2113 εὐθὺς
1609 2050 1745 2118 μετὰ

193 2144 258 2195 τὰ
301 2144 428 2209 ᾰγια
493 2143 824 2208 Εὑαγγέλια,
874 2141 1211 2210 αὐθαιρέτως
1276 2142 1743 2208 ὑποχωρήσουσιν,

191 2235 289 2284 οὐκ
318 2233 720 2301 αἰτιαθήσονται
752 2248 768 2264 ο
806 2233 855 2283 εί
893 2232 949 2283 δι
1000 2232 1135 2299 μετὰ
1188 2232 1286 2296 τὴν
1331 2231 1607 2299 καταρχὴν
1648 2230 1743 2298 τῆς

191 2322 527 2387 ἁναιμόατου
556 2320 746 2381 θυσίας
768 2320 863 2371 καὶ
899 2320 1192 2387 μυστικῆς,
1246 2319 1320 2379 ὡς
1371 2320 1595 2371 ἄτακτοι
1650 2322 1743 2373 καὶ

194 2394 572 2463 σκανδαλισταὶ
602 2409 823 2471 δικαίως
847 2409 1329 2477 ἁφορισθήσονται.

272 2499 588 2565 Ἐρώτησις
621 2498 705 2558 ιζ’.
763 2499 825 2550 0i
886 2499 1020 2566 μετὰ
1060 2498 1153 2549 τοῦ
1203 2499 1503 2566 ἀρχιερέως
1536 2499 1569 2566 ἦ
1607 2496 1743 2565 μετὰ

190 2590 281 2639 τοῦ
302 2590 487 2657 ἱερέως
515 2587 1048 2656 συλλειτουργοῦντες
1066 2588 1323 2647 διάκονοι.
1351 2589 1739 2657 ἀπαραιτήτως

192 2677 627 2744 μεταλαμϐάνειν
649 2676 973 2742 ὀφείλουσιν,
1004 2675 1038 2741 ἧ
1078 2674 1173 2740 οὓς

276 2764 404 2817 ‘Aa.
446 2766 503 2816 Ὀ
525 2764 575 2831 η’
607 2764 789 2817 κανὼν
808 2764 915 2815 τῶν
941 2764 1110 2830 ἁγίων
1144 2764 1453 2816 ἀποστόλων
1473 2763 1613 2816 οὓτω
1640 2782 1742 2833 φη-

190 2857 292 2916 σὶν,
352 2855 417 2906 Εἰ
448 2871 529 2915 τις
582 2854 895 2916 ἐπίσκοπος,
929 2854 962 2921 ἢ
992 2853 1380 2923 πρεσϐύτερος,
1415 2854 1448 2922 ἢ
1474 2854 1735 2919 διάκονος,

190 2944 343 3013 ἢτοῦ
388 2946 686 3011 καταλόγου
736 2943 831 2997 τοῦ
885 2943 1183 3013 ἱερατικοῦ,
1220 2946 1533 3013 προσφορᾶς
1594 2961 1739 3011 γινο-

192 3034 361 3102 μένης
392 3032 465 3104 μὴ
494 3032 789 3104 μεταλάϐῃ,
821 3033 919 3101 τὴν
944 3033 1119 3084 αἰτίαν
1140 3033 1366 3088 είπὰτω.
1394 3033 1504 3087 Καὶ
1561 3034 1655 3085 ἐὰν

189 3122 426 3191 εὔλογος,
486 3125 813 3191 συγγνώμης
859 3122 1195 3191 τυγχανέτω.
1232 3122 1293 3175 El
1343 3122 1400 3175 δὲ
1446 3122 1521 3193 μὴ
1568 3122 1735 3190 λέγει,
1763 3153 1807 3215 C

189 3212 548 3281 ἁφοριζὲσθω,
577 3213 652 3273 ὡς
705 3213 872 3272 αῐτιος
900 3211 1102 3280 βλάϐης
1151 3213 1431 3280 γινόμενος
1471 3212 1549 3283 τῷ
1602 3214 1735 3282 λαῷ,

188 3301 283 3353 καὶ
322 3301 574 3353 ὑπόνοιαν
627 3299 859 3367 ποιήσας
916 3299 1056 3350 κατὰ
1119 3300 1214 3350 τοῦ
1278 3301 1738 3368 προσενέγκαντος

188 3390 263 3450 ὡς
302 3388 375 3455 μὴ
429 3387 596 3453 ὑγιῶς
656 3386 1131 3454 προσενεγκόντος.
1198 3388 1620 3457 Παρατηρητέον
1648 3389 1741 3443 οῦν

189 3482 312 3541 τοὺς
335 3479 712 3539 ὑποδιακόνους
762 3476 857 3529 καὶ
887 3478 1009 3538 τοὺς
1047 3476 1346 3540 διακόνους,
1402 3478 1495 3529 καὶ
1541 3479 1738 3547 μᾶλλον

190 3570 315 3630 τοὺς
375 3569 845 3638 χειραπτήσαντας
923 3564 1361 3634 μεταλαμϐάνειν
1423 3565 1530 3617 τῶν
1581 3565 1739 3617 θείων

188 3660 544 3727 ἁγιασμὰτων
577 3671 591 3685 ⁸
622 3657 654 3725 ἢ
700 3655 806 3726 μὴν
854 3656 952 3724 τὴν
1008 3655 1188 3706 αἰτίαν
1216 3654 1396 3722 λέγειν
1448 3655 1516 3707 δι’
1552 3655 1619 3725 ἢν
1646 3654 1737 3708 τοῦ

188 3746 390 3814 ἀγαθοῦ
419 3745 607 3798 τούτου
626 3745 960 3812 ἀπέστησαν.
992 3742 1163 3795 Τοῦτο
1190 3743 1297 3811 γὰρ
1325 3745 1398 3811 μὴ
1440 3743 1736 3809 ποιοῦντες,

187 3838 640 3906 ἁφορισθήσονται
698 3833 840 3888 κατὰ
889 3833 988 3886 τὶν
1036 3833 1129 3885 τοῦ
1189 3833 1448 3902 ῥηθέντος
1519 3833 1740 3896 κανόνος

189 3923 493 3991 περίληψιν.

255 4012 577 4079 Ἐρώτησις
598 4009 694 4077 ιη’.
725 4009 1025 4063 ’Δκίνδυνόν
1078 4011 1195 4063 ἐστι
1238 4011 1481 4078 γίνεσθαι
1506 4012 1606 4081 τὴν
1632 4012 1741 4065 τῶν

187 4108 349 4159 θείων
400 4105 756 4174 ἁγιασμὰτων
795 4104 1029 4157 διάδοσιν
1082 4106 1175 4156 καὶ
1243 4104 1546 4173 μετάληψιν
1603 4105 1740 4174 μετὰ

187 4197 395 4267 ψυχροῦ
449 4196 591 4250 οἴνου
627 4198 722 4248 καὶ
759 4193 982 4257 θδατοςυ
1018 4194 1051 4263 ἢ
1083 4196 1461 4264 ἀπαραίτητόν
1491 4198 1607 4247 ἐστι
1644 4198 1739 4248 καὶ⁵

190 4291 309 4342 ζέον
345 4287 489 4358 ὕδωρ
529 4286 668 4341 κατὰ
685 4287 780 4339 τὸν
808 4286 996 4353 καιρὸν
1024 4284 1125 4352 τῆς
1166 4284 1518 4353 μεταλήψεως
1549 4286 1634 4347 είς
1665 4285 1733 4337 τὰ

189 4382 321 4447 ἅγια
348 4378 561 4449 βάλλειν
577 4394 593 4443 ;

1848 1964 2048 2016 tionem
2077 1970 2465 2021 convenerunt.
2504 1963 2681 2015 statim
2714 1974 2836 2031 post
2880 1970 3068 2016 sancta
3115 1960 3402 2029 Evangelia

1846 2061 2037 2119 sponte
2080 2053 2381 2115 discedant,
2427 2067 2535 2105 non
2591 2053 2954 2119 culpabuntur
2989 2070 3001 2103 :
3036 2050 3131 2105 sed
3178 2050 3224 2103 si
3281 2056 3406 2117 post

1846 2143 2141 2197 incruenta:
2168 2145 2514 2212 mysticmque
2541 2145 2766 2196 victima
2796 2143 3142 2212 principium,
3168 2150 3228 2194 ut
3253 2141 3398 2194 inor-

1844 2232 2012 2286 dinati
2037 2242 2091 2286 et
2119 2234 2417 2288 oil'ensores
2443 2235 2586 2301 justo
2623 2232 3258 2287 excmnmunicabuntur.

1913 2502 2078 2555 Inter.
2114 2501 2199 2555 Π.
2233 2499 2335 2565 Qui
2375 2513 2498 2553 cum
2533 2497 2790 2568 pontiﬁce
2819 2496 2901 2550 vel
2935 2496 3218 2549 sacerdote
3249 2504 3397 2546 com~

1843 2593 2153 2646 ministrant
2224 2592 2459 2651 diaconi,
2526 2590 2725 2643 debent
2790 2589 2924 2641 citra
2992 2586 3397 2641 excusationem

1842 2682 2282 2735 communionem
2312 2695 2612 2740 assumere,
2653 2680 2881 2733 annon?

1908 2772 2028 2826 Res.
2063 2772 2253 2825 Canon
2302 2774 2333 2825 8
2389 2780 2701 2826 sanctorum
2750 2773 3118 2840 apostolorum
3172 2775 3251 2826 sic
3281 2772 3397 2825 ait:

1842 2862 1895 2914 Si
1947 2861 2069 2930 quis
2119 2862 2430 2929 episcopus,
2485 2862 2788 2931 presbyter,
2843 2864 2926 2916 vel
2979 2864 3265 2925 diaconus,
3312 2869 3401 2921 vel

1838 2965 1900 3003 ex
1934 2950 2251 3004 sacerdotali
2284 2952 2549 3018 catalogo,
2593 2953 2733 3007 facta
2782 2953 3054 3009 oblatione
3108 2969 3213 3007 non
3247 2969 3398 3008 com-

1837 3042 2211 3103 municaverit,
2252 3056 2472 3097 causam
2510 3042 2655 3095 dicat
2685 3060 2697 3094 :
2732 3044 2856 3097 etsi
2894 3044 3185 3111 probabilis
3215 3044 3397 3102 fuerit.

1838 3132 2049 3184 veniam
2079 3141 2443 3199 consequetur
2474 3148 2488 3196 ;
2523 3133 2607 3187 sin
2665 3147 2796 3185 vero
2829 3135 3029 3191 minus,
3066 3141 3397 3201 segregetur,

1843 3230 1900 3272 nt
1934 3221 2024 3287 qui
2063 3221 2260 3288 popqu
2290 3221 2607 3274 oli‘ensionis
2638 3235 2800 3273 causa
2833 3222 2921 3283 sit,
2956 3231 3007 3274 et
3034 3223 3396 3289 suspicionem

1841 3308 2049 3360 dederit
2075 3309 2335 3362 adversus
2360 3324 2508 3371 etinu,
2536 3310 2628 3377 qui
2668 3309 2885 3371 obtulit,
2919 3312 3071 3377 quasi
3102 3326 3207 3363 non
3238 3310 3398 3379 digne

1840 3396 2114 3451 obtulerit.
2141 3398 2543 3452 Observandum
2576 3396 2758 3465 igitur,
2777 3407 2835 3451 ut
2865 3398 3266 3462 subdiaconi,et
3284 3402 3398 3453 dia-

1841 3487 1962 3539 coni
1988 3497 2039 3539 et
2062 3489 2239 3555 potius
2260 3503 2409 3541 sacra
2430 3495 2842 3551 contrectantes,
2864 3487 3075 3542 divinas
3097 3489 3392 3543 sanctifica-

1840 3575 2014 3629 tiones
2045 3583 2360 3639 assumant,
2400 3576 2477 3628 vel
2513 3588 2657 3629 certe
2678 3590 2897 3630 causam
2925 3577 3205 3639 dicant,ob
3235 3592 3396 3644 quam

1841 3678 1905 3716 eo
1930 3664 2073 3717 bono
2094 3665 2488 3718 abstinuerunt.
2512 3664 2570 3719 Id
2604 3667 2748 3719 enim
2783 3668 2829 3720 si
2870 3681 2973 3720 non
3000 3664 3222 3731 faciant,
3245 3667 3396 3734 juxta

1842 3754 2083 3822 pra-dicti
2114 3757 2342 3810 canonis
2374 3766 2612 3811 tenorem
2648 3758 3287 3811 excommunicabuntur.

1913 4017 2078 4073 Inter.
2110 4018 2195 4073 l8.
2222 4020 2302 4071 An
2335 4018 2450 4072 sine
2487 4019 2729 4088 periculo
2759 4018 3063 4073 divinarum
3090 4021 3397 4074 sanctiﬁca-

1841 4112 2046 4165 tionum
2077 4110 2387 4164 distributio
2431 4120 2482 4164 et
2514 4114 2811 4178 assumptio
2857 4112 2985 4164 [iant
3028 4126 3149 4165 cum
3202 4109 3396 4180 frigido

1839 4203 1967 4255 vino
2011 4211 2065 4256 et
2092 4216 2229 4268 aqua
2267 4219 2280 4254 :
2321 4216 2389 4254 an
2438 4204 2555 4255 sine
2605 4203 2957 4256 excusatione
2987 4216 3124 4269 aqua
3180 4200 3393 4254 fervens

1843 4291 2268 4360 participationis
2296 4298 2535 4360 tempore
2557 4293 2611 4345 in
2639 4303 2827 4346 sancta
2859 4292 2932 4345 sit
2963 4291 3258 4345 mittenda?

269 4468 399 4522 Ἀπ’.
441 4469 547 4521 Τοῦ
588 4464 665 4536 λβ¹
715 4464 939 4527 κανόνος
1000 4465 1097 4533 τῆς
1136 4466 1193 4517 εν
1248 4464 1325 4534 τῷ
1355 4466 1608 4537 Τρούλλῳ
1645 4469 1739 4522 τοῦ
1770 4458 1817 4514 υ
1910 4464 1933 4517 ι

1726 4470 1739 4522 3
1770 4458 1817 4514 υ
1910 4464 2031 4518 Rea.
2062 4463 2195 4518 Cum
2222 4464 2291 4517 δε
2316 4478 2487 4517 canon
2518 4471 2719 4517 sancta
2736 4472 2788 4517 et
2808 4465 3160 4518 mcumeniea‘.
3178 4465 3390 4534 synodi,

192 4559 429 4627 μεγάλου
448 4556 712 4610 παλατίου
742 4558 1015 4620 συστάσης
1037 4554 1202 4621 ἁγίας
1246 4557 1338 4608 καὶ
1364 4558 1742 4629 οἱκουμενικῆς

188 4650 408 4702 συνόδου
464 4647 780 4716 καθαιρέσει
838 4646 1339 4708 ηθυποσὰλλοντος
1378 4648 1504 4708 τοὺς
1552 4649 1626 4717 μὴ
1657 4665 1736 4702 ιη.

185 4738 463 4800 λειοῦντας
486 4736 547 4786 τὸ
601 4734 745 4787 θεῖον
784 4734 878 4785 καὶ
902 4733 1056 4799 ἅγιον
1079 4735 1335 4804 ποτήριον
1374 4736 1432 4801 ἐξ
1474 4736 1619 4790 οῐνου
1649 4740 1743 4789 καὶ

189 4828 403 4888 ὓδατος,
439 4824 756 4894 αἰρεσιῶταί
789 4840 936 4879 τινες
959 4824 1057 4877 οὐκ
1077 4824 1363 4892 ἀνέχονται
1386 4826 1599 4893 βάλλειν
1623 4826 1744 4890 ζέον

186 4920 267 4978 είς
296 4917 356 4969 τὸ
384 4915 538 4981 ἁγιον
562 4915 655 4967 καὶ
686 4914 823 4966 θεῖον
843 4914 1099 4982 ποτήριον
1118 4929 1132 4945 ο
1161 4914 1282 4966 ὀτι
1313 4915 1487 4983 (φασὶ)
1520 4917 1585 4968 τὰ
1617 4919 1743 4985 περὶ

170 5009 374 5076 ,τούτου
408 5006 490 5075 τῷ
514 5005 698 5057 κανόνι
724 5005 782 5056 οὐ
814 5003 1198 5073 διιλήφθησαν.
1238 5003 1518 5059 ’Δκούουσι
1549 5006 1631 5071 δὲ,
1660 5008 1739 5060 ὃτι

184 5100 246 5151 τὸ
306 5097 426 5163 ζέον
471 5095 549 5164 τῷ
605 5096 744 5163 ἁγίῳ
812 5094 1004 5163 αἵματι
1052 5094 1471 5163 προστιθέμενον
1524 5098 1622 5167 τὴν
1676 5100 1742 5150 δι’

193 5185 383 5246 ὓδατος
440 5184 534 5235 καὶ
570 5182 711 5234 οἴνου
750 5180 941 5233 ῑνωσιν
992 5181 1087 5234 τοῦ
1140 5182 1297 5249 ἁγίου
1348 5186 1605 5254 ποτηρίου
1645 5188 1743 5240 οὐκ

187 5276 393 5328 ἁιλοιοι
453 5274 567 5327 ἐπεὶ
599 5271 732 5341 μηδὲ
762 5271 949 5339 έτερόν
1005 5278 1054 5323 τι
1090 5272 1240 5340 παρὰ
1284 5274 1344 5325 τὸ
1403 5273 1545 5344 ὕδωρ
1597 5278 1735 5333 έστί.

186 5366 447 5419 Βάλλεται
480 5364 538 5416 δὶ
598 5366 676 5424 είς
742 5362 1115 5431 πληροφορίαν
1164 5364 1257 5417 τοῦ
1314 5360 1454 5417 εἶναι
1504 5366 1739 5430 ζωοποιὰ

186 5458 255 5508 τὰ
280 5454 547 5523 ῥεύσαντα
582 5451 687 5505 ἀπὸ
714 5452 813 5519 τῆς
830 5452 989 5517 ἁγίας
1023 5450 1263 5519 πλευρᾶς
1292 5453 1387 5506 τοῦ
1428 5456 1630 5527 Κυρίου
1650 5460 1742 5511 καὶ

186 5546 323 5599 Θεοῦ
344 5547 437 5599 καὶ
461 5544 708 5611 Σωτῆρος
735 5542 890 5611 ἡμῶν
934 5540 1110 5607 Ἰησοῦ
1166 5543 1426 5611 Χριστοῦ,
1453 5546 1593 5599 κατὰ
1650 5547 1740 5600 τὸν

188 5640 381 5706 καιρὸν
409 5636 503 5689 τοῦ
525 5635 793 5703 σωτηρίου
823 5632 1025 5694 πάθους
1054 5633 1239 5695 αὑτοῦ,
1264 5636 1322 5686 τδ
1337 5629 1473 5703 αἷμα
1497 5638 1740 5705 δηλονότι

189 5730 284 5782 καὶ
315 5729 374 5780 ab
396 5726 569 5792 ῦδωρ’
607 5725 764 5777 ἅτινα
793 5722 1118 5792 έξέρῤευσαν
1152 5722 1340 5785 ζέοντα
1381 5725 1455 5788 ὡς
1485 5728 1548 5779 ἐκ
1598 5727 1734 5790 ζωο-

512 5826 775 5891 Damon.
816 5827 929 5885 (in.
981 5823 1388 5886 CXXXVHI.

1840 4562 2048 4607 coacta
2079 4555 2131 4606 in
2164 4552 2350 4617 Trulla
2386 4554 2565 4622 magni
2598 4554 2802 4622 palatii.
2837 4552 3159 4620 depositioni
3219 4554 3392 4621 subji-

1842 4644 1948 4695 ciat
1997 4658 2116 4704 eos,
2168 4643 2261 4709 qui
2308 4643 2549 4695 divinum
2595 4651 2650 4696 et
2689 4650 2937 4695 sanctum
2990 4642 3241 4710 poculum
3285 4658 3392 4696 non

1843 4738 2166 4783 consecrant
2194 4746 2258 4784 ex
2290 4732 2415 4784 vino
2440 4742 2493 4785 et
2528 4744 2668 4799 aqua
2701 4746 2717 4793 ;
2746 4730 3042 4793 haeresim:
3086 4730 3247 4797 aliqui
3285 4746 3391 4784 non

1842 4820 2120 4886 patiuntur
2153 4820 2383 4874 calidam
2416 4820 2622 4874 infundi
2656 4820 2708 4873 in
2755 4831 3000 4874 sanctum
3051 4828 3104 4874 et
3147 4821 3391 4893 divinum

1840 4908 2130 4974 poculum,
2185 4907 2343 4973 Quia,
2408 4911 2685 4979 inquiunt,
2736 4911 2803 4963 de
2857 4925 2922 4964 eo
3000 4908 3131 4966 nihil
3183 4924 3393 4963 canone

1842 5001 2288 5068 comprehensum
2346 5008 2450 5055 est.
2508 5000 2751 5054 Audiunt
2808 5008 3011 5060 autem,
3096 4997 3390 5053 ferventem

1840 5098 2030 5143 sam-to
2086 5089 2334 5157 sanguini
2380 5091 2639 5150 additam,
2693 5090 2946 5143 unionem
2988 5103 3140 5155 aqua:
3175 5097 3229 5141 ct
3282 5089 3391 5141 vini

1841 5182 2015 5235 sancti
2078 5182 2264 5235 calicis
2310 5196 2416 5235 non
2472 5188 2704 5241 mutare,
2759 5180 2886 5250 quia
2956 5187 3148 5247 prater
3196 5192 3389 5245 aquam

1842 5272 1978 5326 nihil
2004 5278 2085 5326 est
2112 5271 2277 5323 aliud.
2308 5270 2613 5324 lnlunditur
2657 5279 2860 5332 autem,
2916 5278 2972 5321 ut
3018 5269 3226 5323 vivinca
3270 5284 3393 5322 esse

1841 5372 2074 5423 constet,
2102 5378 2221 5433 qua
2248 5362 2423 5417 ﬂuunt
2446 5378 2476 5417 e
2506 5373 2691 5415 sancto
2718 5361 2884 5413 latere
2915 5358 3146 5422 Domini,
3177 5367 3231 5412 ct
3264 5360 3353 5413 Dei
3368 5374 3391 5423 ',

1842 5464 1894 5507 et
1928 5452 2232 5507 Servatoris
2266 5453 2435 5506 nostri
2459 5449 2585 5505 Jesu
2615 5450 2837 5506 Christi.
2866 5457 3106 5515 tempore
3135 5448 3391 5503 salutaria

1838 5544 2108 5613 passionis
2166 5543 2326 5611 ejus,
2372 5542 2683 5610 sanguinem
2743 5541 2987 5594 videlicet
3044 5546 3097 5593 et
3157 5553 3392 5608 aquam,

1840 5649 1960 5703 quae
2013 5632 2270 5687 ferventia
2314 5631 2654 5693 enituerunt,
2683 5631 2830 5683 velut
2881 5646 2947 5684 ex
2991 5628 3207 5684 vivilico
3244 5630 3394 5683 dcit].

1842 5734 1967 5779 cato
2000 5738 2227 5793 corpore
2274 5722 2508 5779 viviﬁca.
2539 5722 2640 5790 Qui
2677 5724 2760 5778 sic
2806 5722 2970 5791 igitur
3003 5737 3113 5777 non
3166 5721 3392 5788 faciunt,

3014 5823 3081 5881 31
