4214 6450
226 406 333 464 9⁸13

1068 407 1458 467 llESl‘ONSA
1501 407 1601 464 AD
1642 404 2382 467 lNl‘ElUlOGA'l‘lONES
2425 408 2685 473 MARCI.

3343 414 3447 475 οη

324 524 622 591 ερώινησις
646 534 750 580 κιί.
790 530 1034 593 Ἔξεστιν
1064 535 1141 595 εἱς
1165 534 1454 606 διαφόρους
1484 535 1776 601 ἐκκλησίας
1809 536 1851 590 Α
1952 537 1988 590 lt

1809 536 1851 590 Δ
1952 537 2300 607 Interrogatio
2322 537 2508 589 21.An
2534 535 2705 601 possit
2728 534 2850 603 quis
2879 531 2931 586 in
2954 532 3182 587 diversis
3207 533 3449 587 ecclesiis

224 614 573 684 κληρωθῆναι
602 637 741 683 τινα,
778 621 808 687 ἢ
844 621 937 682 οὕς

311 711 436 760 Ἀπ.
468 707 632 761 Εἶπον
676 713 733 760 ὲν
778 711 1126 777 Εὐαγγελίοις
1153 718 1180 767 6
1212 716 1432 785 Κύριος,
1473 716 1658 775 Οὐδετς
1696 713 1787 766 δύο

222 815 383 850 ναται
412 799 529 851 δυσὶ
548 800 751 868 κυρίοις
777 801 1065 855 δςυλεύειν.
1088 806 1195 856 Ἰόῡ
1213 806 1318 873 γὰρ
1338 806 1451 865 ἑνὸς
1479 806 1780 866 ἀνθέξεται,

222 891 318 941 καὶ
358 891 448 942 τοῦ
472 893 653 960 ἑτέρου
703 896 1122 962 καταφρονήσει.
1159 898 1321 949 Ὅθεν
1343 899 1433 949 καὶ
1463 900 1489 949 6
1520 904 1575 948 ιε’
1608 896 1786 949 κανὼν

224 985 323 1047 τῆς
356 984 512 1048 ἁγίας
556 984 650 1036 καὶ
680 986 1060 1053 οἱκουμενικῆς
1095 987 1138 1049 ζ’
1192 988 1407 1039 συνόδου
1449 987 1620 1040 ταῦτα
1648 988 1786 1039 κατα

228 1074 379 1137 ῥῆμα
407 1072 646 1136 διέξεισι,
684 1076 955 1143 Κληρικδς
986 1076 1197 1129 ἀπὸτοῦ
1220 1079 1479 1144 παρόντος
1516 1078 1588 1147 μὴ
1619 1095 1787 1131 κατα-

225 1157 501 1208 ταττέσοω
576 1162 631 1210 ὲν
684 1160 831 1211 δυσὶν
905 1162 1244 1232 ἐκκλησίαις.
1303 1165 1627 1234 Ἐμπορείας
1683 1167 1787 1235 γὰρ

224 1247 320 1295 καὶ
362 1248 803 1316 αἰσχροκερδείας
866 1250 994 1301 ίδιον
1030 1252 1204 1313 τοῦτο,
1240 1252 1333 1304 καὶ
1365 1252 1640 1320 ἀλλότριον
1694 1256 1788 1305 ἐκ·

229 1336 618 1402 κὶησιαστικῆς
646 1338 946 1407 συνηθείας.
987 1340 1328 1410 Ἦκούσαμεν
1374 1344 1481 1411 γὰρ
1522 1344 1581 1405 ἐξ
1619 1343 1789 1409 αὐτῆς

227 1430 325 1496 τῆς
350 1433 629 1499 Κυριακῆς
664 1434 823 1498 ἁγίας
848 1433 1051 1500 φωνῆς,
1091 1436 1173 1486 ὅτι
1205 1437 1265 1488 οὐ
1302 1436 1524 1488 δύναταί
1552 1453 1635 1495 τις
1673 1437 1791 1487 δυσὶ

808 1526 838 1592 ἢ
887 1526 995 1595 γὰρ
1049 1527 1140 1578 τὸν
1176 1526 1273 1579 ἱνα
1310 1528 1549 1595 μισήσει,
1575 1529 1667 1580 καὶ
1702 1529 1792 1580 τδν

212 1598 415 1680 ’ἕτερον
457 1614 728 1682 ἀγαπήσει
774 1629 786 1643 ·
823 1616 854 1683 ἢ
906 1616 997 1667 τοῦ
1040 1616 1158 1679 ἑνὸς
1205 1616 1509 1681 ἀνθέξεται,
1555 1619 1645 1669 καὶ
1699 1616 1790 1669 τοῦ

230 1704 419 1770 ἐτέρου
454 1706 874 1773 καταφρονήσει.
930 1706 1195 1769 Ἕκαστος
1217 1704 1331 1770 οὖν,
1364 1706 1510 1759 κατά
1530 1708 1625 1774 τὴν
1660 1709 1793 1760 ἀπο-

229 1794 481 1861 στολικὴν
526 1794 729 1860 φωνὴν,
778 1799 835 1847 ὲν
889 1789 933 1861 ᾧ
986 1796 1211 1863 ἐκλήθη,
1262 1800 1316 1847 ὲν
1360 1797 1533 1866 τούτῳ
1588 1798 1791 1864 ὀφείλει

228 1524 435 1590 κυρίοις
466 1523 731 1576 δουλεύειν
762 1541 775 1554 ·

1882 627 2116 680 clericus
2148 628 2410 687 ordinari.
2447 640 2615 679 necne
2644 625 2667 675 τ

1955 714 2075 770 Res.
2115 716 2255 769 Dixit
2293 718 2344 769 in
2381 715 2683 783 Evangeliis
2735 714 3016 776 Dominus,
3068 712 3233 766 Nemo
3279 721 3453 781 potest

1886 803 2097 857 duobus
2124 805 2358 858 dominis
2378 806 2601 857 servire.
2635 802 2765 855 Nam
2789 804 2879 855 uni
2905 803 3215 863 adherehit,
3241 809 3293 853 et
3320 805 3452 853 alte-

1887 912 2005 950 rum
2058 896 2457 962 aspernabitur.
2509 895 2665 949 Unde
2721 902 2773 947 et
2828 908 2999 946 canon
3062 893 3126 945 l5
3178 902 3378 946 sanctte
3403 903 3455 945 et

1890 984 2242 1037 (ecurnenicar
2276 984 2306 1036 7
2343 985 2530 1052 synodi
2589 984 2701 1036 haec
2761 983 2823 1035 ad
2877 984 3093 1035 verbum
3154 982 3450 1048 exprimit:

1887 1075 2130 1131 Clericus
2165 1076 2232 1128 ab
2272 1076 2371 1128 hoc
2411 1076 2666 1141 deinceps
2705 1082 2947 1141 tempore
2990 1075 3043 1125 in
3103 1072 3312 1125 duabus
3363 1088 3454 1124 ec-

1890 1169 2070 1221 clesiis
2112 1182 2218 1219 non
2268 1166 2568 1219 collocetur
2605 1180 2616 1214 :
2652 1166 2750 1217 hoc
2782 1166 2924 1217 cnim
2958 1172 3038 1217 est
3076 1164 3455 1231 negotiationis

1891 1268 1942 1313 et
1965 1260 2138 1325 turpis
2173 1258 2303 1311 lucri
2331 1258 2630 1324 proprium,
2670 1264 2723 1308 et
2756 1255 2822 1307 ab
2845 1255 3209 1307 ecclesiastica
3234 1268 3454 1304 consue—

1893 1347 2076 1399 tudine
2138 1347 2394 1398 alienum.
2443 1344 2525 1397 Ab
2576 1346 2689 1411 ipsa
2729 1346 2869 1396 enim
2902 1344 3111 1396 Domini
3148 1358 3275 1396 voce
3308 1347 3457 1397 audi-

1896 1435 2092 1495 vimus,
2121 1450 2225 1487 non
2254 1450 2413 1503 posse
2441 1436 2749 1502 quempiam
2782 1434 2995 1486 duobus
3021 1433 3253 1485 dominis
3289 1437 3455 1488 servi-

1896 1541 1953 1579 re
1982 1543 1996 1578 :
2032 1526 2113 1578 vel
2146 1541 2311 1577 unum
2342 1525 2467 1578 odio
2503 1524 2738 1587 habebit,
2766 1533 2818 1576 et
2841 1524 3067 1576 alterum
3102 1523 3285 1587 diliget
3319 1540 3331 1586 ;
3380 1526 3455 1575 vel

1899 1631 2063 1669 unum
2089 1615 2463 1682 amplectetur,
2483 1624 2535 1666 et
2554 1615 2780 1665 alterum
2805 1614 3055 1681 negliget.
3080 1611 3450 1681 Unusquisan

1898 1722 2046 1775 ergo,
2082 1715 2137 1759 ut
2177 1722 2277 1759 vox
2315 1716 2395 1757 est
2428 1706 2747 1773 apostolica,
2781 1706 2834 1757 in
2873 1721 2956 1764 eo,
2998 1706 3048 1757 in
3087 1718 3194 1772 quo
3235 1714 3445 1756 vocatus

1898 1808 2003 1857 est.
2054 1798 2209 1850 debet
2259 1812 2497 1859 manere,
2549 1804 2600 1849 et
2651 1797 2700 1847 iu
2758 1811 2861 1849 una
2911 1796 3149 1849 Ecclesia
3197 1795 3447 1848 assidere.

234 1859 448 1948 μένειν,
490 1859 579 1934 καὶ
644 1859 1027 1952 προσεδρεύειν
1084 1859 1141 1936 ἐν
1177 1859 1293 1955 ⁷μιᾷ
1340 1859 1656 1955 Ἐκκλησία..
1709 1886 1787 1937 Τὰ
1826 1859 1898 1924 Β⁴

1786 1930 1787 1933 η
1826 1859 1862 1911 Β
1892 1887 2020 1951 Qure
2043 1888 2184 1939 enim
2213 1895 2430 1954 propter
2457 1896 2613 1956 turpe
2640 1888 2848 1940 lucrum
2877 1888 3009 1940 liunt
3040 1888 3091 1939 in
3124 1884 3450 1939 ecclesiasti-

227 1973 339 2041 γάρ
394 1974 460 2025 δι’
506 1976 950 2044 αἰσχροκέρδειαν
985 1978 1244 2044 γινόμενα
1284 1979 1373 2030 ἰπὶ
1427 1978 1535 2031 τῶν
1590 1982 1789 2049 ἐκκλη-

228 2064 525 2114 σιαστικῶν
555 2069 911 2133 πραγμάτοιν,
942 2067 1193 2137 ἀλλότρια
1233 2068 1326 2120 τοῦ
1357 2067 1491 2120 Θεοῦ
1528 2069 1791 2135 καθεστῆ-

230 2170 377 2203 κασι.
415 2154 551 2221 Ιίρδς
580 2156 636 2205 δὲ
663 2158 760 2224 τὴν
784 2158 875 2209 τοῦ
911 2157 1024 2224 βίου
1073 2158 1260 2210 τούτου
1288 2160 1478 2227 χρείαν
1507 2160 1791 2226 ἐπιτηδεύ-

234 2244 375 2309 ματά
438 2246 540 2294 εἱσι
584 2245 835 2315 διάφορα.
880 2247 968 2309 Ἐξ
1008 2247 1187 2299 αὐτῶν
1225 2244 1317 2300 οὖν
1361 2247 1514 2310 εἴτις
1556 2248 1792 2317 βούλοιτο

228 2332 297 2382 τὰ
346 2333 576 2401 χρειώδη
632 2336 722 2386 τοῦ
794 2337 1044 2404 σώματος
1099 2339 1421 2408 ποριζέσθω.
1462 2340 1605 2407 Ἔφη
1634 2339 1794 2410 γὰρό

242 2421 584 2485 Ἀπόστολος,
619 2426 750 2486 Ταῖς
773 2427 983 2493 χρείαις
1006 2445 1104 2495 μου
1130 2430 1221 2481 καὶ
1252 2433 1362 2490 τοῖς
1388 2428 1503 2481 οὖσι
1523 2429 1638 2496 μετ’
1661 2428 1792 2495 ἐμοῦ

231 2514 577 2581 ὑπηρέτησαν
600 2519 651 2567 αἱ
671 2519 843 2585 χεῖρες
865 2514 1040 2571 αὗται.
1059 2520 1484 2589 Παρατηρητέον
1503 2516 1592 2573 οὖν
1610 2522 1678 2572 τὰ
1704 2521 1796 2573 τοῦ

1896 1978 1975 2029 cis
2013 1976 2265 2044 negotiis,
2299 1991 2359 2029 ea
2397 1991 2423 2028 a
2455 1975 2562 2029 Deo
2594 1985 2719 2030 sunt
2750 1978 2942 2029 aliena.
2980 1976 3055 2027 Ad
3092 1975 3253 2042 hujus
3279 1982 3455 2027 autem

1899 2069 2020 2121 vitae
2047 2083 2201 2121 usum
2235 2076 2361 2121 sunt
2390 2067 2602 2122 diversa
2634 2067 2830 2121 studia.
2858 2066 2932 2119 Ex
2974 2068 3039 2121 iis
3069 2081 3217 2134 ergo,
3260 2066 3303 2120 si
3336 2064 3459 2132 quis

1894 2160 2043 2221 velit,
2072 2174 2131 2212 ea
2160 2174 2279 2225 quae
2302 2167 2427 2211 sunt
2452 2162 2664 2225 corpori
2685 2158 2748 2209 ad
2776 2174 2928 2211 usum
2964 2157 3282 2215 necessaria,
3308 2170 3460 2207 com-

1899 2256 2067 2316 paret.
2109 2247 2251 2299 Dixit
2285 2247 2428 2299 enim
2473 2246 2787 2316 Apostolus,
2834 2245 3033 2299 Usibus
3077 2246 3229 2306 meis,
3270 2252 3321 2297 ει
3388 2244 3453 2297 iis

1903 2340 1992 2407 qui
2026 2352 2236 2390 mecum
2287 2345 2434 2401 sunt,
2474 2336 3021 2390 subministraverunt
3066 2349 3255 2385 manus
3308 2348 3455 2385 WC'J'.

1899 2429 2308 2483 Observandum
2346 2431 2530 2497 igitur,
2576 2438 2631 2479 ut
2669 2427 2753 2479 hic
2800 2442 2971 2479 canon
3008 2427 3292 2477 inviolatus
3324 2440 3459 2477 cun-

1900 2528 2149 2572 servetur
2183 2535 2194 2567 τ
2229 2532 2420 2586 magna
2452 2518 2596 2571 enim
2641 2517 2738 2569 fuit
2773 2517 2933 2584 hujus
2968 2517 3318 2582 contemptio.

213 2605 376 2658 -6:-.€ou
426 2608 609 2660 τούτου
650 2612 869 2671 κανόνος
914 2611 1289 2680 συντηρεὶσθαι
1317 2611 1800 2680 ἀπαρεγχείρητα·
1838 2609 2002 2675 πολλὴ
2037 2609 2143 2678 γὰρ
2172 2610 2392 2675 γέγονεν
2428 2607 2588 2659 αὑτοῦ
2627 2610 3046 2675 κκταφράνηπις-

314 2697 621 2764 Ἐρώτησις
652 2698 764 2763 κβ.
819 2701 1064 2769 ’Λρχαῗον
1097 2701 1215 2762 ἔθος
1253 2703 1330 2764 εἱς
1362 2703 1460 2769 τὴν
1490 2701 1594 2753 τῶν
1639 2702 1792 2753 Ἀλεο

232 2784 500 2852 ξανδρὲων
529 2787 795 2853 ἐκράτησε
828 2786 1029 2854 χώραν,
1062 2789 1184 2849 τοὺς
1227 2790 1588 2851 τελευτῶντας
1636 2791 1795 2857 ἱερεὶς

230 2877 327 2927 καὶ
357 2877 627 2944 ἀρχιερεῖς
654 2877 742 2928 διὰ
796 2878 953 2943 ἁγίου
981 2878 1152 2947 μύρου
1186 2880 1454 2947 χρίεσθαι,
1509 2881 1603 2933 καὶ
1642 2882 1798 2932 εντα-

231 2966 524 3029 ᾳιὰζεσυαι
557 2983 569 2996 ·
600 2969 690 3019 καὶ
712 2968 981 3036 ζητοῦμεν
1011 2969 1200 3036 μαθεῖν
1226 2972 1273 3020 εἱ
1302 2971 1799 3040 ἀπροκριμάτιστον

231 3057 390 3109 τοῦτό
418 3060 584 3110 ἐστιν.

304 3149 426 3200 Ἀπ.
460 3147 821 3213 Εύαγγε).ικόν
870 3150 986 3202 ἐστι
1014 3150 1399 3217 παράγγελμα,
1427 3149 1572 3213 ἅπαξ
1606 3148 1798 3217 βαπτί-

233 3237 423 3299 ζεσθαι
446 3240 568 3301 τοὺς
612 3240 1007 3301 πιστεύσαντας
1057 3243 1133 3302 εἱς
1164 3241 1222 3291 τὸ
1254 3241 1427 3309 δνομα
1458 3240 1549 3293 τοῦ
1592 3240 1800 3306 Πατρός

230 3327 327 3375 καὶ
348 3324 440 3376 τοῦ
466 3325 591 3376 Υἱοῦ
625 3329 717 3377 καὶ
748 3328 837 3378 τόῦ
867 3328 1017 3391 ἁγίου
1048 3329 1383 3397 Πνεύματος.
1412 3331 1508 3382 Διά
1540 3346 1620 3380 τοι
1647 3329 1801 3381 τοῦτο

231 3415 329 3467 καὶ
364 3419 388 3466 ὁ
426 3415 511 3481 μζ*
558 3418 736 3469 κανὼν
780 3419 886 3469 τῶν
931 3419 1100 3484 ἁγίων
1153 3421 1461 3473 ἀποστόλων
1489 3420 1661 3473 ταῦτά
1690 3437 1789 3489 φη·

234 3522 341 3565 σιν,
393 3506 716 3569 Ἐπίσκοπος
760 3509 791 3577 ἢ
840 3509 1207 3578 πρεσϐύτερος
1237 3512 1327 3562 τὸν
1364 3513 1504 3563 κατά
1540 3511 1801 3577 ἀλήθειαν

232 3596 424 3667 ἔχοντα
455 3596 733 3665 βάπτισμα
763 3599 856 3651 ἐὰν
895 3600 1100 3652 ἄνωθεν
1146 3600 1401 3671 βαπτίση,
1450 3601 1599 3670 ἢτδν
1636 3617 1804 3669 μεμο-

230 3682 500 3749 λυσμένον
532 3688 682 3755 παρά
730 3689 838 3739 τῶν
876 3688 1086 3740 ἀσεϐῶν
1117 3690 1191 3758 μὴ
1235 3690 1493 3761 βαπτίση,
1524 3690 1803 3759 καθαιρεί-

234 3774 391 3826 σθω·
426 3775 499 3837 ὡς
534 3777 706 3843 γελῶν
752 3780 844 3831 τὸν
899 3779 1127 3849 σταυρὸν
1172 3780 1389 3833 καὶτὸν
1448 3780 1540 3832 τοῦ
1601 3780 1801 3849 Κυρίου

230 3866 483 3928 θάνατον,
521 3869 611 3921 καὶ
649 3870 723 3936 μὴ
753 3870 1043 3938 διακρίνων
1074 3871 1256 3939 ἱερέας
1284 3870 1660 3940 ψευδοῖερέων.
1694 3871 1803 3923 Καὶ

227 3960 258 4008 6
311 3962 380 4024 ιη’
411 3959 591 4008 κανὼν
637 3960 734 4025 τῆς
772 3960 829 4010 ὲν
885 3953 1210 4031 Καρθαγένῃ
1257 3962 1472 4013 συνόδου
1523 3962 1691 4013 ταῦτα
1726 3961 1805 4013 δι·

228 4049 449 4112 ἔξεισιν,
492 4048 615 4100 Ἐάν
654 4067 735 4109 τις
766 4048 1023 4118 κληρικδς
1046 4050 1649 4121 χειροτονῆται,ὸφεὶλει
1674 4051 1806 4103 ὑπο-

235 4141 639 4207 μιμνήσκεσθαι
680 4143 807 4202 τοὺς
834 4142 991 4209 ὅρους
1038 4142 1326 4210 φυλάττειν
1367 4157 1380 4170 ·
1419 4143 1509 4194 καὶ
1556 4143 1642 4193 ἴνα
1692 4145 1803 4205 τοῖς

232 4230 449 4294 σέλμασι
481 4228 589 4279 τῶν
651 4228 1027 4281 ἀποθανόντων
1078 4230 1393 4301 εὐχαριστία
1427 4231 1501 4300 μὴ
1547 4231 1789 4297 διδῶται,

233 4316 369 4385 μηδὲ
406 4318 707 4386 βάπτισμα.
736 4319 797 4369 Oi
842 4317 972 4385 γοῦν
1032 4319 1121 4372 διά
1174 4320 1345 4388 μύρου
1382 4321 1624 4389 χρίοντες
1678 4324 1802 4383 τοὺς

1975 2699 2329 2766 Interrogatio
2361 2698 2448 2749 2'2.
2481 2696 2649 2751 Vetus
2679 2694 3014 2749 consuetudo
3059 2697 3108 2748 in
3144 2694 3459 2749 Alexandri-

1905 2807 2097 2845 norum
2150 2790 2368 2857 regione
2425 2788 2677 2849 obtinuit.
2731 2797 2786 2839 ut
2831 2786 3025 2839 mortui
3072 2786 3379 2839 sacerdotes
3406 2792 3461 2839 et

1909 2880 2193 2951 pontiﬁces
2220 2889 2411 2931 sancto
2439 2890 2775 2947 ungerentur
2802 2886 3100 2946 tmguento,
3124 2887 3177 2931 et
3211 2879 3278 2930 ita
3311 2893 3463 2942 sepe-

1907 2971 2155 3022 lirentur.
2205 2967 2286 3020 An
2330 2966 2458 3021 illud
2500 2975 2652 3021 extra
2698 2967 3070 3035 prtejudicium
3119 2966 3208 3029 sit,
3259 2966 3466 3019 discere

1825 3062 1867 3122 C
1903 3062 2172 3128 cupimus.

1972 3150 2092 3205 Res.
2123 3151 2503 3221 Evangelicum
2534 3157 2618 3203 est
2653 3159 3003 3217 pra‘ceptum,
3038 3155 3201 3202 semet
3232 3164 3346 3210 eos,
3371 3150 3464 3218 qui

1903 3242 2270 3295 crediderunt.
2303 3242 2568 3310 baptizari
2600 3243 2652 3294 in
2683 3242 2898 3293 nomine
2924 3239 3122 3298 Patris,
3152 3248 3200 3291 et
3241 3236 3383 3301 Filii,
3413 3250 3467 3294 et

1905 3331 2144 3400 Spiritus
2172 3333 2368 3385 sancti.
2396 3330 2477 3385 Ob
2503 3345 2621 3385 eam
2649 3346 2763 3384 rem
2794 3339 2847 3382 et
2868 3329 2933 3384 47
2956 3343 3128 3382 canon
3155 3340 3462 3382 sanctorum

1906 3421 2276 3487 apostolorum
2323 3420 2435 3473 haec
2461 3420 2634 3486 inquit
2669 3436 2680 3469 :
2717 3416 3014 3486 Episcopus
3054 3418 3130 3470 vel
3167 3419 3465 3487 presbyter,

1902 3524 2048 3575 eum,
2069 3511 2297 3577 quivere
2323 3511 2480 3564 habet
2512 3510 2864 3577 baptismum,
2894 3508 2938 3561 si
2970 3508 3033 3559 de
3056 3508 3261 3575 integro
3296 3509 3469 3576 bapti-

1904 3602 2125 3663 zaverit,
2166 3602 2248 3653 vel
2274 3601 2317 3653 si
2342 3616 2486 3663 eum,
2514 3600 2605 3667 qui
2660 3599 2725 3651 ab
2757 3599 2937 3666 impiis
2959 3597 3197 3662 pollutus
3230 3608 3329 3658 est,
3362 3614 3467 3652 non

1914 3691 2289 3760 baptizaverit,
2320 3691 2638 3757 deponatur,
2676 3697 2733 3741 ut
2768 3689 2859 3757 qui
2893 3688 3116 3740 irrideat
3154 3703 3380 3741 mortem
3414 3701 3469 3743 et

1902 3799 2121 3839 crucem
2155 3784 2455 3844 Domini,et
2479 3798 2584 3838 non
2610 3782 2887 3837 discernat
2914 3782 3225 3836 sacerdotes
3258 3797 3286 3833 a
3322 3782 3471 3835 falsis

1904 3873 2300 3929 sacerdotibus.
2352 3874 2413 3927 Et
2466 3873 2529 3925 18
2582 3886 2754 3926 canon
2811 3872 3003 3943 synodi
3044 3873 3471 3940 Carhaginensis

1904 3965 2019 4018 haec
2078 3964 2379 4032 exprimit:
2415 3961 2470 4016 Si
2526 3963 2648 4031 quis
2694 3963 2927 4017 clericus
2981 3962 3281 4024 ordinetur,
3317 3962 3472 4015 debet

1906 4054 2207 4116 admoneri,
2239 4064 2297 4106 ut
2320 4063 2500 4107 servet
2523 4053 2738 4106 decreta
2768 4069 2783 4116 ;
2817 4061 2870 4106 et
2894 4062 2952 4105 ut
2980 4061 3318 4104 mortuorum
3350 4065 3471 4103 cor-

1908 4145 2134 4215 poribus
2163 4143 2507 4197 Eucharistia
2544 4158 2652 4197 non
2684 4143 2862 4206 detur,
2888 4157 2987 4196 nec
3023 4142 3346 4223 baptismus.
3369 4138 3469 4203 Qui

1905 4236 2070 4304 igitur
2118 4243 2393 4304 unguento
2440 4234 2712 4288 deliniunt
2756 4244 2999 4288 mortuos
3037 4232 3369 4292 sacerdmes,
3417 4238 3472 4284 et

1906 4326 2206 4396 pontiﬁces,
2246 4334 2338 4378 aut
2374 4325 2508 4379 alios
2548 4324 2794 4394 quosvis,
2836 4334 2888 4379 et
2919 4325 3000 4379 sic
3034 4324 3322 4393 sepeliunt,
3358 4337 3472 4373 ma-

226 4409 594 4469 τελευτῶντας
627 4409 789 4478 ἱερεὶς
836 4408 929 4460 καὶ
978 4409 1272 4477 ἀρχιερεῖς,
1311 4410 1344 4480 η
1397 4410 1617 4477 ἑτέρους
1656 4412 1806 4473 τινάς
1838 4401 1881 4455 Ῑ)

1838 4401 1881 4455 Ῑ)
1911 4427 2014 4482 gna
2047 4418 2174 4464 sunt
2219 4412 2578 4479 castigatione
2623 4411 2793 4478 digni,
2834 4410 2916 4463 vel
2964 4418 3025 4461 ut
3067 4415 3471 4463 contemnentes

229 4500 323 4548 καὶ
353 4498 523 4557 οὕτως
580 4498 1012 4566 ἐνταφιάζοντες,
1078 4497 1316 4567 μεγάλης
1372 4500 1479 4550 εἱσὶ
1534 4500 1804 4561 κολάσεως

229 4588 371 4651 ἄξιοι
401 4603 413 4613 ·
450 4586 479 4656 ῆ
511 4586 580 4649 ὼς
608 4587 1108 4653 καταγινώσκοντες
1149 4586 1259 4640 τῶν
1304 4587 1674 4656 βαπτιζόντων
1706 4590 1797 4657 ὀρ-

231 4677 458 4740 θοδόξων
490 4679 770 4747 αύτοὺς.ἢ
814 4678 887 4739 ὡς
944 4678 1018 4745 μὴ
1074 4676 1443 4748 πληροφορίαν
1482 4678 1695 4747 ἔχοντες
1722 4682 1804 4731 ὲν·

224 4766 379 4833 τελῆ,
409 4770 519 4829 τοῖς
568 4766 865 4836 ὀρθοδόξοις
901 4762 1037 4817 εἶναι
1075 4766 1294 4828 τούτους
1345 4768 1655 4831 κοινωνοὺς.
1711 4768 1799 4820 καὶ

228 4860 335 4925 προ
363 4857 737 4928 κατακρίσεως
772 4857 1208 4927 κατακρίνοντες.

315 4945 637 5012 Ἐρώτησις
694 4944 802 5015 κγ’.
864 4946 1255 5015 Λελωόημένος
1310 4948 1343 5016 ἢ
1398 4948 1796 5017 ἑτερόφθαλμος

224 5029 482 5100 ἀξιωθείη
509 5030 715 5099 βαθμοῦ
748 5033 1057 5100 ἱερατικοῦ;
1086 5034 1117 5103 ἢ
1157 5036 1183 5085 6
1214 5035 1350 5102 μετά
1378 5034 1475 5103 τὴν
1498 5037 1797 5105 ἱερωσύνην

224 5121 550 5189 καταπαθὴς
612 5122 871 5189 γεγονὼς,
928 5124 1130 5178 ἐσεῖται
1195 5125 1287 5175 καὶ
1329 5124 1464 5193 μετά
1520 5124 1581 5178 τὸ
1628 5125 1796 5189 πάθος

225 5211 552 5283 ἱερουργῶν,
582 5212 614 5283 ἢ
648 5212 738 5276 οὓς

314 5312 443 5359 Ἀπ.
478 5306 583 5357 Καὶ
632 5304 816 5358 ἄλλοτε
858 5306 1082 5373 εἴπομεν
1111 5305 1217 5357 ἀπὸ
1250 5304 1344 5357 τοῦ
1393 5306 1686 5359 Μωσαῖκοῦ
1714 5309 1797 5360 νό-

229 5413 331 5464 μου
366 5396 489 5456 τοὺς
512 5394 783 5455 τοιούτους
814 5396 891 5456 εἱς
921 5396 1221 5463 ἱερωσύνην
1247 5395 1321 5463 μὴ
1338 5396 1781 5464 ⁸ιτροδιδάζεσθαι·

234 5483 296 5536 '0
320 5485 374 5536 δὲ
412 5484 485 5546 οξ
516 5484 693 5539 κανὼν
727 5486 833 5536 τῶν
863 5484 1028 5551 ἁγίων
1058 5485 1149 5536 καὶ
1171 5486 1538 5555 πανευφήμων
1563 5487 1789 5539 ἀποστό⁶

222 5579 334 5629 λων
362 5576 533 5629 ταῦτά.
563 5593 745 5645 φησιν·
784 5578 849 5627 Εἴ
876 5594 956 5638 τις
994 5577 1269 5646 ἀνάπηρος
1379 5579 1467 5631 τὸν
1492 5578 1790 5646 ὀφθαλμὸν,

1912 4502 2267 4565 orlhodoxos,
2314 4502 2405 4569 qui
2441 4517 2535 4555 eos
2568 4500 2914 4569 baptizarunt
2950 4517 2965 4563 ;
3023 4500 3108 4553 vel
3152 4507 3208 4551 ut
3259 4501 3470 4567 plenam

1912 4606 2019 4645 non
2053 4592 2316 4645 habentes
2363 4590 2821 4653 testiﬁcationem,
2854 4590 2997 4659 quod
3030 4589 3081 4642 hi
3128 4604 3250 4641 cum
3286 4588 3473 4641 ortho-

1910 4683 2064 4736 doxis
2088 4681 2291 4736 fuerint
2316 4683 2635 4751 participes,
2671 4690 2725 4736 et
2756 4690 2882 4735 ante
2909 4680 3175 4749 judicium
3216 4679 3473 4731 condem-

1911 4780 2125 4826 nantes.

1976 4952 2142 5006 Inter.
2188 4952 2277 5005 25.
2333 4952 2555 5005 Mancus
2594 4962 2686 5005 aut
2725 4952 3050 5005 monoculus
3110 4950 3470 5003 habebitnrne

1907 5045 2074 5114 gradu
2108 5043 2429 5097 sacerdctali
2460 5042 2694 5111 dignus?
2719 5051 2809 5095 aut
2833 5043 2923 5109 qui
2955 5050 3075 5110 post
3107 5040 3471 5095 sacerdotium

1911 5135 2194 5188 mutilatus
2213 5144 2313 5198 est,
2341 5136 2758 5203 permitteturne
2803 5142 2926 5203 post
2946 5135 3134 5186 vitium
3164 5132 3474 5187 sacriﬁcare

1910 5224 2139 5277 annon?

1982 5313 2099 5366 Res.
2118 5312 2180 5365 Et
2205 5313 2331 5367 alibi
2356 5311 2616 5379 diximus,
2642 5315 2743 5370 hos
2768 5316 2831 5368 ad
2856 5314 3216 5369 sacerdotium
3242 5314 3471 5367 Mosaica

1916 5416 2013 5467 ege
2040 5415 2145 5452 non
2174 5400 2502 5467 promoveri.
2539 5400 2725 5455 Canon
2757 5410 2934 5454 autem
2970 5402 3035 5454 77
3067 5408 3381 5456 sanctorum
3416 5409 3474 5453 et

1905 5488 2314 5542 benedictorum
2375 5492 2744 5558 apostolorum
2787 5491 2903 5544 haec
2953 5493 3075 5544 ait:
3113 5491 3167 5544 Si
3220 5491 3343 5559 quis
3390 5497 3469 5544 vel

1905 5580 2067 5632 oculo
2131 5580 2356 5634 orbatus
2407 5581 2489 5635 vel
2538 5581 2745 5638 femore
2791 5584 3026 5637 oblazsus
3066 5594 3111 5646 ο,
3156 5582 3469 5652 episcopatu

1481 5670 1715 5725 VARIIE
1756 5670 2150 5726 LECTIONES.

306 5768 331 5796 ο
362 5760 434 5811 vel
479 5776 627 5812 cruce
675 5762 850 5813 la'sus.
