4214 6450
778 368 882 430 97)

2078 367 2354 427 THEOD.
2412 366 2882 428 li.\l.S.-\M=fl.\'iS

3919 370 4033 429 9ἴῦ

783 495 960 538 autem
986 485 1180 552 dignus
1213 484 1301 545 sit,
1335 484 1443 538 ﬁat.
1470 483 1597 560 Non
1632 484 1774 537 enim
1808 486 2054 553 corpmis
2085 474 2421 545 damnuan

2360 474 2421 545 λ
2453 485 2484 552 ἦ
2516 485 2575 536 τὸ
2598 488 2784 548 σκέλος
2815 488 3213 555 πεπληγμένος,
3246 489 3389 553 ἄξιος
3421 490 3473 541 δέ
3508 491 3651 539 ἐστιν
3675 486 4024 554 ἐπισκοπῆς,

782 591 905 628 eum
946 576 1152 643 polluit,
1196 576 1287 628 sed
1335 578 1526 629 anima:
1563 575 1885 643 inquinatio.
1939 576 2002 627 Et
2059 576 2125 625 78
2169 590 2342 628 canon

784 666 1095 720 eorumdem
1157 677 1465 719 sanctorum
1517 669 1883 736 apostolorum
1931 667 2008 719 sic
2046 667 2285 733 loquitur
2324 682 2337 718 :

786 755 885 818 Qui
914 762 1092 807 autem
1127 763 1209 808 est
1236 755 1433 807 surdus
1468 768 1520 808 et
1560 770 1757 819 caecus,
1800 772 1865 809 ne
1926 755 1996 808 sit
2030 757 2342 823 episcopus,

783 859 890 897 non
924 853 983 896 nt
1016 845 1270 913 pollutus,
1302 843 1395 897 sed
1437 858 1501 897 ne
1529 845 1901 897 ecclesiastica
1943 846 2340 909 impediantur.

784 936 1105 1001 Quicunque
1135 935 1300 1003 igitur
1318 937 1632 988 morborum
1667 938 1971 1002 aliquorum
2014 937 2141 988 sitio
2171 937 2345 1002 prohi-

784 1024 878 1073 biti
936 1022 1135 1075 fuerint
1186 1025 1601 1075 saccrdotalinm
1635 1025 1895 1090 graduum
1934 1025 2055 1090 jura
2089 1026 2338 1092 exsequi,

788 1111 1129 1163 ordinatione
1158 1110 1302 1180 digni
1335 1127 1437 1164 non
1477 1113 1839 1165 habebuntur.
1881 1113 1978 1176 Qui
2009 1122 2187 1166 autem
2226 1123 2347 1179 post

784 1201 1181 1251 ordinationem
1238 1201 1315 1253 sic
1363 1202 1499 1254 male
1549 1202 1727 1253 affecti
1771 1211 1919 1264 sunt,
1972 1218 2124 1255 sacra
2169 1203 2347 1255 facere

784 1288 972 1337 morbo
1000 1300 1105 1336 non
1140 1284 1522 1349 impediuntur.
1559 1285 1624 1340 Et
1657 1290 1727 1338 ita
1764 1289 2033 1341 imbecilla
2063 1290 2345 1339 constituti

789 1371 1117 1435 valetudine,
1175 1372 1342 1424 libere
1404 1374 1810 1427 sacrificabunt.
1871 1374 1961 1427 Dei
2008 1376 2345 1441 praeconibus

786 1461 927 1512 enim
976 1460 1194 1527 placuit,
1240 1476 1333 1528 per
1368 1464 1763 1516 mutilationem
1791 1466 2037 1530 corporis
2066 1480 2093 1514 a
2140 1465 2340 1517 sacriti-

785 1549 995 1601 catione
1044 1565 1152 1602 non
1208 1550 1480 1617 prohiberi
1521 1568 1865 1618 quemquam.
1902 1554 2053 1616 Quod
2101 1554 2145 1606 si
2174 1556 2343 1606 morbi

785 1638 1021 1690 debitum
1042 1638 1220 1691 ofﬁcio
1248 1638 1535 1692 sacerdotii
1562 1641 1632 1691 sit
1663 1640 2065 1708 impedit‘nento,
2094 1656 2345 1694 exercere

786 1726 990 1779 desinet
1007 1735 1295 1794 aegrotans,
1320 1742 1346 1778 a
1366 1726 1625 1795 dignitate
1652 1737 1829 1781 tamen
1851 1743 1955 1782 non
1986 1730 2340 1791 alienabitur,

786 1814 916 1879 quin
974 1816 1151 1882 potius
1210 1815 1551 1868 miserandus
1601 1818 1725 1882 erit,
1789 1832 1850 1868 ac
1896 1818 2077 1883 priore
2131 1818 2343 1883 quidem

787 1906 990 1957 honore
1021 1905 1252 1968 fruetur,
1280 1906 1497 1958 habebit
1531 1919 1706 1959 autem
1740 1909 1899 1959 etiam
1931 1922 2051 1974 quae
2091 1910 2155 1959 ad
2182 1908 2345 1961 vitam

786 1996 1194 2047 sustentandam
1242 1995 1529 2057 sufﬁciant,
1562 2005 1613 2049 et
1657 1997 1882 2065 reliqua,
1920 1996 2069 2062 juxta
2110 1998 2344 2064 priorem

788 2084 1261 2136 consuetudinem.
2144 2146 2145 2149 η

860 2170 1019 2221 Inter.
1058 2172 1145 2223 26.
1182 2173 1261 2224 An
1295 2173 1567 2232 sacerdos,
1606 2182 1686 2225 vel
1716 2174 1979 2226 diaconus
2010 2213 2023 2235 ,
2059 2179 2174 2227 sine
2203 2176 2345 2240 peri-

789 2261 910 2310 (ult)
941 2260 1026 2312 fiat
1062 2262 1476 2325 nummularius,
1506 2266 1583 2315 vel
1615 2264 2078 2328 commerciarius,
2114 2265 2193 2317 vel
2230 2280 2346 2318 nte-

785 2351 958 2412 dirus,
988 2352 1067 2403 vel
1100 2352 1421 2419 astrologus,
1456 2354 1667 2405 necne?

855 2438 972 2492 Res.
1022 2442 1207 2492 (Zanon
1246 2451 1559 2493 sanctorum
1590 2450 1642 2494 et
1673 2442 1817 2494 onmi
1854 2443 2011 2496 laude
2058 2444 2341 2497 beatorum

787 2529 1156 2594 apostolorum
1178 2569 1190 2591 ,
1219 2528 1329 2581 hac
1359 2530 1530 2597 inquit
1556 2547 1567 2580 :
1589 2528 1908 2598 Episcopus,
1928 2532 2009 2583 vel
2042 2532 2343 2598 presbyter,

786 2617 866 2668 vel
902 2618 1162 2672 diaconus
1189 2620 1460 2673 seculares
1494 2635 1655 2673 curas
1686 2637 1791 2673 non
1819 2624 2081 2689 suscipiat
2106 2639 2119 2677 :
2142 2623 2342 2690 alioqui

784 2708 1103 2773 deponatur.
1140 2708 1306 2761 Nemo
1336 2710 1477 2762 enim
1515 2718 1691 2778 potest
1722 2711 1933 2764 duobus
1962 2710 2196 2765 dominis
2230 2726 2343 2765 ser-

786 2796 917 2847 vire.
962 2794 1025 2847 Et
1061 2796 1119 2849 8|
1169 2810 1339 2849 canon
1368 2798 1499 2849 dicit
1549 2814 1561 2849 :
1616 2798 1880 2863 Diximus,
1930 2816 2035 2852 non
2091 2807 2342 2866 oportere

786 2887 1119 2953 episcopum,
1165 2888 1243 2938 vel
1279 2888 1672 2955 presbyterum,
1711 2888 1944 2955 seipsum
1986 2888 2051 2939 ad
2096 2890 2340 2956 publicas

787 2978 1287 3031 administrationes
1344 2978 1645 3033 demittere.
1701 2979 1793 3030 sed
1845 2963 1899 3029 in
1953 2979 2343 3032 ecclesiasticis

788 3068 1013 3135 negotiis
1046 3070 1269 3121 versari.
1300 3068 1468 3122 Ncmo
1526 3070 1669 3123 enim
1720 3077 1897 3136 potest
1926 3068 2139 3122 duobus
2171 3070 2344 3124 domi-

785 3159 870 3211 nis
902 3158 1128 3217 servirc,
1159 3159 1460 3211 secundum
1512 3159 1855 3212 Dominicum
1887 3160 2134 3212 verbum.

863 3245 951 3302 Vel
998 3264 1125 3317 ergo
1160 3250 1230 3300 ita
1276 3265 1381 3302 non
1424 3248 1597 3303 facere
1655 3250 2064 3318 persuadeatur,
2117 3251 2199 3304 vel
2249 3250 2346 3303 dc-

786 3346 1039 3404 ponatur.
1086 3339 1151 3390 Et
1204 3352 1377 3392 canon
1446 3338 1477 3391 6
1533 3339 1723 3407 synodi
1770 3338 2212 3407 Carthaginensis
2252 3339 2344 3392 de-

789 3429 938 3490 tinit,
992 3442 1055 3479 ex
1116 3426 1301 3479 infami
1360 3427 1444 3479 vel
1497 3430 1642 3496 turpi
1697 3430 1910 3495 negotio
1967 3437 2211 3480 sacratos
2270 3430 2350 3480 vi-

784 3526 929 3568 ctum
980 3531 1082 3568 non
1131 3530 1466 3582 comparare.
1521 3517 1585 3569 Et
1625 3532 1796 3569 canon
1857 3516 1921 3568 10
1977 3517 2215 3583 ejusdem
2262 3532 2348 3585 sy-

787 3606 913 3659 n~di
966 3605 1030 3658 ad
1088 3605 1460 3659 institutiones
1512 3621 1796 3673 puerorum
1846 3617 1896 3658 et
1944 3605 2345 3675 Scripturarum

786 3696 1068 3749 lectionem
1135 3695 1331 3747 debere
1390 3704 1609 3763 paratos
1665 3712 1784 3749 esse
1842 3695 2068 3748 clericos
2127 3695 2347 3757 definit,

785 3794 839 3837 et
880 3801 984 3838 non
1044 3786 1327 3838 mundanis
1364 3795 1415 3838 et
1453 3786 1803 3838 sarcularibus
1866 3786 2013 3839 curis
2067 3785 2348 3854 occupari.

787 3878 879 3929 Est
917 3890 1041 3927 vero
1088 3876 1248 3927 etiam
1290 3875 1461 3943 jussio
1501 3875 1516 3911 ί
1574 3876 1756 3942 inclyti
1811 3876 2189 3942 imperatoris,
2254 3875 2349 3927 do-

788 3967 918 4018 mini
969 3957 1569 4027 Manuelis'Comneni,
1619 3966 1761 4018 edita
1811 3979 1996 4018 mense
2027 3963 2350 4026 Novembri,

790 4056 980 4111 indict.
1035 4058 1118 4119 15,
1157 4055 1223 4109 ad
1264 4055 1624 4123 quorumdam
1676 4056 1997 4109 clericorum
2047 4054 2352 4106 nummula-

794 4146 991 4196 riorum
1036 4142 1454 4211 suggestionem,
1510 4144 1787 4197 insinuata
1842 4144 1894 4195 in
1926 4151 2137 4197 secreto
2170 4142 2355 4195 dome—

792 4234 1048 4286 sticorum
1091 4235 1137 4295 Β,
1202 4247 1385 4285 mense
1422 4232 1729 4292 Novembri,
1776 4232 1961 4286 indict.
2006 4232 2093 4295 15,
2139 4238 2193 4283 et
2242 4230 2353 4283 hanc

791 4322 1091 4391 expressim
1147 4320 1511 4389 praecipiens:
1564 4320 1643 4371 Ad
1692 4333 2048 4386 quoscunque
2095 4333 2353 4385 pervenc—

2444 575 2702 648 ywésOw.
2727 580 2799 629 Οὔ
2829 580 2935 647 γὰρ
2966 579 3108 647 λώὸη
3142 581 3388 647 σώματος
3418 581 3577 630 αὐτὸν
3622 579 3849 643 μιαίνει,
3874 577 4021 628 ἀλλὰ

2443 662 2617 731 ψυχῆς
2647 667 2933 732 μολυσμὸς.
2994 667 3100 718 Και
3121 669 3149 718 ό
3174 674 3253 734 σπη’
3288 669 3466 720 κανὼν
3494 668 3600 718 τῶν
3628 667 3806 718 αὐτῶν
3836 667 4018 731 ἁγίων

2446 754 2755 806 ἀποστόλων
2788 756 2928 805 οὕτω
2982 754 3219 818 διέξεισι,
3275 757 3467 821 κωφὸς
3513 757 3603 804 καὶ
3639 755 3864 819 τυφλὸς,
3924 754 4005 820 μὴ

2444 842 2673 909 γινέσθω
2711 843 3003 905 ἐπίσκοπος
3032 862 3045 875 ·
3071 847 3167 913 οὐχ
3201 846 3274 905 ὡς
3329 844 3721 911 μεμιασμένος,
3775 841 3895 892 ἀλλ’
3926 845 4018 891 ἵνα

2449 933 2523 999 μὴ
2549 930 2616 981 τὰ
2668 932 3087 998 ἐκκλησιαστικά
3125 932 3621 1001 παρεμποδίζοιντο.
3650 931 3717 980 Ὀ
3737 946 3817 980 σοι
3835 931 4019 979 τοίνυν

2448 1022 2511 1070 ἐκ
2546 1020 2748 1082 πάθους
2782 1023 3224 1091 ἀρρωστημάτων
3267 1022 3426 1071 τινῶν
3458 1020 3748 1086 ἱερατικῶν
3786 1018 4017 1083 βαθμῶν

2447 1109 2683 1177 ἐνεργεῖν
2710 1111 3042 1162 νεκιὶιλυνται
3075 1111 3255 1162 δίκαια
3286 1110 3617 1178 χειροτονίας
3649 1108 3749 1158 οὐκ
3775 1108 4018 1171 ἀξιωθή-

2448 1216 2648 1251 σονται.
2679 1202 2740 1249 Οἱ
2789 1201 2845 1251 δὲ
2875 1202 3008 1267 μετὰ
3055 1202 3150 1267 τὴν
3202 1199 3533 1267 χειροτονίαν
3558 1197 3700 1248 οὕτω
3750 1196 4016 1255 παθόντες

2448 1289 2651 1350 κακῶς,
2683 1290 2781 1339 οὐκ
2805 1289 3179 1356 ἐμποδίζονται
3212 1288 3299 1338 διὰ
3345 1288 3443 1353 τὴν
3480 1287 3634 1337 νόσον
3686 1285 4014 1351 ἱερουργεῖν.

2448 1378 2541 1427 καί
2574 1377 2744 1438 οὓτως
2785 1377 3082 1446 ἀρρώστως
3130 1378 3365 1444 ἔχοντες,
3392 1374 3685 1434 ἀκωλύτως
3718 1372 4015 1441 ἱερουργή-

2448 1482 2619 1520 σουσι.
2666 1468 2788 1527 Τοῖς
2840 1467 2947 1534 γὰρ
2984 1465 3299 1533 θεοκήρυξιν
3355 1463 3523 1525 εδοξε,
3568 1462 3657 1513 διὰ
3681 1462 3868 1527 λώϐην
3910 1461 4013 1510 ecb-

2450 1574 2614 1623 ματος
2655 1557 2753 1623 τῆς
2785 1556 3089 1625 ίερουργὶας
3114 1554 3237 1606 τινά
3278 1540 3350 1621 μὴ
3382 1550 3702 1604 κωλύεσθαι.
3731 1551 3795 1602 El
3826 1550 3886 1599 δὲ
3912 1549 4012 1614 τῆς

2450 1646 2715 1712 ίερατείας
2739 1646 2797 1696 τὸ
2819 1645 3133 1713 σπούδασμα
3157 1644 3433 1712 ἐμποδίζει
3451 1645 3549 1709 τῆς
3573 1640 3730 1693 νόσου
3752 1638 3813 1691 τδ
3838 1638 4012 1706 διελη-

2449 1754 2543 1800 μα.
2593 1736 2692 1802 τῆς
2752 1736 3024 1803 ἐνεργείας
3071 1734 3408 1802 ’καυθήσεται
3473 1732 3501 1782 ό
3552 1730 3741 1791 νοσῶν,
3800 1728 3898 1780 τοῦ
3951 1728 4009 1779 δὲ

2376 1804 2417 1858 Β
2448 1824 2750 1893 ἀξιώματος
2785 1826 2884 1877 οὐκ
2934 1824 3420 1893 ἀλλοτριωθήσεται
3447 1836 3460 1849 ·
3503 1820 3635 1872 ἀλλά
3680 1819 3882 1887 μᾶλλον
3923 1812 4009 1870 δι-

2450 1912 2890 1980 κτειρηθήσεται,
2950 1914 3041 1964 καὶ
3097 1911 3391 1963 ἀπολαύσει
3434 1910 3531 1976 μὲν
3580 1909 3679 1974 τῆς
3735 1908 4009 1975 προτέρας

2447 2004 2628 2070 τιμῆς,
2648 2002 2756 2064 ἕξει
2786 2004 2839 2054 δὲ
2868 2004 2959 2054 καὶ
2991 2002 3058 2053 τὰ
3085 2002 3217 2069 πρὸς
3238 2000 3558 2067 ζωάρκειαν,
3592 1997 3685 2047 καὶ
3725 1996 3794 2047 τά
3823 1995 4007 2058 λοιπὰ,

2448 2088 2586 2141 κατά
2613 2089 2708 2157 τὴν
2742 2091 3008 2157 προτέραν
3043 2088 3350 2155 συνήθειαν.

2529 2180 2847 2245 Ἐρώτησις
2879 2179 2984 2232 κδ’.
3036 2180 3351 2238 Ἀκινδὺνως
3385 2178 3592 2242 γίνεται
3615 2176 3790 2241 ίερεὶις
3824 2174 3854 2239 ἦ
3899 2172 4008 2223 δ;ἁ-

2448 2288 2599 2332 κονος
2628 2271 3018 2337 καταλλάκτης,
3067 2271 3098 2336 ἢ
3143 2268 3590 2337 κομμερκιάριος,
3636 2268 3667 2332 ἢ
3716 2265 3925 2332 ἰατρὸς,
3975 2261 4008 2329 ἢ

2450 2359 2787 2427 ἀστρολόγος,
2818 2358 2847 2425 ἦ
2870 2357 2929 2409 οὗ
2954 2377 2967 2422 ;

2526 2450 2653 2500 ‘Aa.
2705 2448 2760 2498 '0
2794 2445 2843 2508 ς’
2876 2444 3051 2496 κανὼν
3100 2444 3209 2495 τῶν
3266 2443 3432 2507 ἁγίων
3484 2442 3578 2492 καὶ
3632 2441 4012 2507 πανευφήμων

2446 2537 2751 2588 ἀποστόλων
2794 2535 2963 2587 ταῦτά
2996 2550 3182 2600 φησιν·
3245 2534 3590 2592 Ἐπίσκοπος,
3634 2532 3666 2597 ἦ
3710 2529 4015 2595 πρεσϐύτε-

2449 2641 2560 2694 ρος,
2590 2626 2620 2692 ἢ
2648 2626 2891 2685 διάκονος
2920 2624 3186 2691 κοσμικὰς
3210 2622 3492 2690 φροντίδας
3525 2621 3597 2688 μὴ
3630 2618 4016 2684 ἀναλαμϐανέ·

2444 2735 2522 2770 τω
2548 2734 2558 2745 ·
2584 2721 2631 2769 εί
2656 2718 2711 2769 δὲ
2739 2719 2834 2787 μὴ,
2861 2717 3243 2786 καθαιρείσθω.
3280 2718 3465 2779 Οὐδεὶς
3497 2716 3605 2783 γὰρ
3630 2715 3850 2766 δύναται
3887 2714 4017 2764 δυσὶ

2444 2809 2649 2875 κυρίοις
2671 2808 2954 2860 δουλεύειν.
2982 2809 3090 2859 Kal.
3121 2811 3147 2859 ό
3175 2804 3262 2859 πα¹
3295 2806 3470 2857 κανὼν
3499 2799 3673 2867 εἶπεν,
3700 2804 3776 2854 ὅτι
3800 2804 3873 2854 Οὐ
3904 2804 4019 2870 χρὴ

2445 2897 2801 2965 ὲπίσκοπονῆ
2843 2896 3209 2964 πρεσϐύτερον
3258 2896 3499 2946 καθιέναι
3545 2894 3737 2945 ἑαυτὸν
3786 2895 3865 2952 είς
3915 2891 4011 2957 ὁηη

2448 2985 2709 3051 μοσιακάς
2727 2987 3034 3051 διοικήσεις,
3066 2984 3199 3035 ἁλλά
3224 2984 3635 3051 προσευκαιρεῖν
3658 2983 3771 3040 ταῖς
3809 2980 4018 3045 ἐκκλη-

2452 3077 2755 3135 σιαστικαῖς
2786 3074 3013 3143 χρείαις.
3045 3074 3230 3134 Οὐδεὶς
3267 3073 3373 3141 γὰρ
3403 3072 3624 3125 δύναται
3647 3073 3765 3123 δνσὶ
3792 3072 4011 3139 κυρίοις

2450 3163 2738 3224 δουλεύειν,
2773 3163 2911 3214 κατά
2942 3164 3037 3229 τὴν
3078 3163 3357 3231 Κυριακὴν
3395 3161 3787 3227 παραγγελίαν.

2521 3252 2584 3302 Ἦ
2621 3249 2884 3301 πειθέσθω
2916 3249 3005 3301 οὖν
3038 3250 3191 3301 τοῦτο
3222 3250 3294 3316 μὴ
3328 3252 3517 3309 ποιεῖν,
3552 3251 3584 3317 ἢ
3615 3248 4015 3315 καθαιρείσθω,

2448 3343 2556 3395 Καὶ
2595 3343 2622 3394 ὁ
2667 3340 2719 3404 ς’
2752 3342 2926 3393 κανὼν
2986 3342 3077 3409 τῆς
3114 3343 3170 3392 ἐν
3208 3341 3533 3409 Καρθαγένῃ
3580 3341 3796 3391 συνόδου
3839 3340 4017 3404 διορί-

2449 3431 2637 3494 ζεται,
2700 3430 2806 3482 ἀπὸ
2868 3430 3061 3497 ἀτίμου
3134 3429 3165 3497 ἢ
3227 3430 3450 3496 αἰσχροῦ
3510 3430 3834 3497 πράγματος
3886 3430 4017 3486 τοὺς

2450 3518 2772 3588 ἱερωμένους
2821 3522 3021 3588 τροφὴν
3070 3517 3143 3587 μὴ
3199 3518 3532 3586 πορίζεσθαι.
3588 3519 3695 3569 Kal.
3746 3516 3773 3564 ὁ
3826 3523 3858 3566 ι’
3909 3533 4015 3565 κα-

2450 3609 2552 3659 νὼν
2611 3608 2709 3674 τῆς
2770 3609 2936 3674 αὐτῆς
3006 3607 3218 3658 συνόδου
3281 3606 3413 3675 πρὸς
3469 3606 3813 3664 διδασκαλίας
3883 3605 4015 3654 παῖ·

2451 3698 2551 3749 δων
2609 3699 2700 3750 καὶ
2751 3697 3052 3763 ἀνάγνωσιν
3104 3696 3332 3764 Γραφῶν
3381 3695 3625 3764 ἑτοίμους
3683 3690 3822 3745 εἶναι
3886 3694 4017 3753 τοὺς

2452 3787 2739 3856 κληρικοῦς
2814 3787 3147 3854 διορίζεται,
3225 3787 3317 3836 καὶ
3393 3785 3465 3851 μὴ
3539 3786 3829 3849 κοσμικαῖς
3916 3785 4015 3832 καὶ

2453 3876 2729 3945 βιωτικαῖς
2791 3876 3059 3946 φροντίσιν
3114 3874 3535 3942 ἐνασχολεῖσθαι.
3581 3872 3735 3924 Ἐστι
3796 3872 3855 3923 δὲ
3923 3873 4018 3921 καὶ

2455 3966 2777 4034 πρόσταγμα
2810 3964 2901 4016 τοῦ
2950 3964 3193 4031 ἀοιδίμου
3225 3964 3480 4032 βασιλέως
3531 3962 3719 4029 κυρίου
3755 3961 4018 4028 Maximi-,1

2452 4054 2545 4106 τοῦ
2588 4055 2911 4122 Κομνηνοῦ,
2962 4053 3235 4122 ἐξενεχθὲν
3299 4054 3396 4123 μὲν
3452 4055 3587 4104 κατά
3645 4052 3787 4119 μῆνα
3838 4051 4016 4117 Νοεμ-

2455 4144 2626 4213 6ριον,
2670 4148 3039 4211 ὲπινεμήσεως
3090 4150 3170 4205 ιε’,
3212 4144 3301 4194 ἐπὶ
3356 4146 3654 4210 ὑπομνήσει
3684 4142 3849 4192 τινῶν
3885 4143 4015 4209 κλη-

2459 4233 2622 4302 ρικῶν
2666 4233 3081 4284 καταλλακτῶν·
3122 4232 3501 4300 καταστρωθὲν
3550 4232 3605 4280 ὲν
3648 4231 3722 4295 τῷ
3772 4231 4016 4295 σεκρέτῳ

2454 4322 2560 4373 τῶν
2615 4322 2925 4379 οίκειακῶν,
2982 4321 3119 4372 κατὰ
3182 4322 3325 4387 μῆνα
3377 4319 3696 4387 Νοέμϐριον,
3748 4320 4015 4384 ἐπινεμή-

794 4415 905 4465 rint
934 4428 995 4468 ex
1035 4412 1305 4479 emptione
1343 4409 1478 4463 tales
1523 4407 2008 4459 nummulariarum
2042 4420 2349 4459 mensarum
2386 4431 2429 4484 υ

2347 4402 2592 4484 ευσεὼς
2663 4407 2758 4466 ιε’,
2826 4409 2916 4460 καὶ
2975 4408 3142 4458 ταῦτα
3210 4407 3384 4474 ῥητῶς
3457 4406 4011 4472 παρακελευόμενον·

794 4504 1054 4565 τρώει-ηερ,
1100 4501 1385 4568 imperium
1428 4512 1606 4551 meum
1640 4506 1956 4565 potestatem
1993 4495 2085 4549 dat
2116 4491 2350 4550 transfe-

792 4591 944 4645 rendi
967 4606 1059 4644 eas
1090 4590 1143 4642 in
1164 4590 1445 4643 honestam
1476 4599 1529 4642 et
1564 4590 1858 4641 Romanam
1897 4602 2208 4655 personam,
2237 4602 2355 4653 qua:

792 4676 1295 4733 occurrerit.Vobis
1325 4679 1492 4739 enim,
1517 4671 1713 4731 sacrati
1738 4694 1858 4731 cum
1888 4678 2031 4742 sitis,
2069 4677 2228 4729 talem
2268 4692 2354 4729 ar-

794 4779 899 4825 tem
932 4784 1181 4825 exercere
1215 4784 1324 4821 non
1362 4768 1522 4831 licet,
1569 4769 1694 4836 quia
1748 4785 1847 4823 nec
1886 4769 2114 4837 potestis
2153 4783 2353 4821 convc-

792 4861 963 4914 nienti
994 4858 1353 4926 castigatione
1401 4858 1668 4915 coerceri.
1695 4859 1738 4910 si
1770 4859 1896 4926 quid
1936 4867 2133 4926 praeter
2161 4856 2357 4924 praefe-

793 4945 1017 4999 ctoriam
1061 4944 1433 4998 deﬁnitionem
1486 4943 1723 5007 faciatis,
1772 4958 1894 4998 cum
1950 4946 2071 4999 sitis
2130 4943 2353 4998 sacrati.

796 5033 1115 5100 Quicunque
1150 5034 1311 5100 igitur
1343 5042 1577 5088 vestrum
1610 5036 1901 5102 emptione,
1929 5047 1984 5087 ut
2016 5035 2219 5087 dictum
2249 5044 2355 5095 est,

800 5124 895 5176 has
947 5123 1323 5191 acquisierint,
1388 5123 1579 5191 dignas
1621 5127 1686 5177 ad
1725 5124 2035 5193 prtefectum
2083 5123 2358 5177 adducant

799 5228 1083 5281 personas,
1115 5221 1228 5266 tum
1261 5224 1319 5267 ut
1350 5214 1595 5268 admittat
1624 5231 1734 5279 eas,
1763 5224 1874 5267 tum
1906 5224 1962 5266 ut
1996 5217 2357 5269 mensularios

802 5317 900 5371 pro
934 5303 1065 5371 ipsis
1096 5304 1263 5371 gratis
1302 5310 1354 5356 et
1396 5305 1599 5371 absque
1631 5305 2030 5357 consuetudine
2070 5305 2356 5358 dationerc

2458 4500 2640 4561 Ὀσοις
2696 4498 2982 4566 περιῆλθον
3039 4498 3095 4561 ἐξ
3138 4498 3431 4564 ἀγορασίας
3480 4498 3549 4547 τὰ
3598 4494 3822 4546 τοιαῦτα
3883 4512 4017 4546 κατ-

2454 4588 2749 4642 αλλακτικά
2810 4586 3236 4657 τραπεζοτόπια,
3284 4586 3494 4638 δίδωσιν
3540 4585 3719 4637 ἄδειαν
3763 4587 3795 4652 ἠ
3862 4585 4016 4654 βασι·

2458 4679 2574 4730 λεία
2601 4694 2698 4745 μου
2742 4676 3098 4743 ἑναλλαγῆναι
3130 4674 3301 4726 ταῦτα
3354 4677 3428 4737 εἰς
3476 4674 3613 4741 ἅπερ
3645 4674 3709 4728 ἂν
3739 4677 4013 4745 εὑρήστῃιε

2461 4765 2711 4832 ἀξιόλογα
2742 4766 2829 4816 καὶ
2877 4764 3157 4832 Ῥωμαϊκὰ
3191 4764 3661 4832 πρόσωπα.⁹ῐ”μεῖς
3686 4762 3820 4831 γὰρ,
3860 4766 4011 4833 ίερω-

2466 4854 2655 4920 μένους
2693 4854 2851 4915 ὄντας
2898 4853 2999 4917 τὴν
3029 4852 3282 4918 τοιαύτην
3319 4855 3624 4918 ἐπιστήμην
3658 4854 4013 4918 μετέρχεσθαι

2458 4944 2555 4995 οὐκ
2598 4943 2890 5012 ἐνδέχεται,
2933 4942 3014 4993 ὅτι
3047 4942 3166 4994 οὐδὲ
3210 4942 3432 4994 δυνατὸν
3471 4941 3897 4994 ἀναστέλλεσθαι
3930 4942 4012 4992 διὰ

2456 5034 2817 5100 προσήκοντος
2891 5031 3288 5099 σωφρονισμοῦ,
3376 5033 3605 5099 ὁπηνίκα
3696 5048 3747 5081 τι
3814 5033 4010 5080 ποιεῖτε

2456 5125 2606 5193 παρά
2636 5123 2726 5175 τὸν
2761 5122 3057 5191 ὲπαρχικὸν
3109 5122 3353 5191 ὁρισμὸν,
3390 5121 3473 5173 διά
3502 5120 3563 5172 τὸ
3604 5116 3743 5172 εἶναι
3790 5121 4010 5189 ἱερωμέο

2463 5231 2603 5274 νους.
2639 5214 2792 5265 Ὀσοι
2819 5212 2910 5265 οὖν
2934 5213 2993 5276 ἐξ
3021 5212 3173 5281 ὑμῶν
3208 5212 3267 5275 ἐξ
3304 5213 3619 5281 ἁγορασίας,
3651 5212 3724 5273 ὼς
3775 5213 4012 5278 εἴρηται.

2461 5304 2630 5356 ταῦτα
2658 5303 2944 5372 κέκτησθε,
2974 5304 3498 5373 προσκομισιὴωσαν
3548 5301 3806 5371 ἀξιόλογα
3840 5302 4007 5370 πρόσ-

2088 5492 2313 5546 VARI/1'3
2379 5492 2773 5547 ιΕοτιοΝεε.

897 5663 912 5702 ³
942 5658 1187 5714 edictum.

1261 5662 1286 5699 ⁸
1315 5660 1534 5713 relatum
1570 5662 1619 5712 in
1652 5661 1983 5713 senatorium
2012 5674 2180 5712 rerum
2202 5658 2558 5727 privatorum:
