4214 6450
184 418 287 479 τιτι

1035 411 1417 471 ἐὶΕὸιὊΧΒᾹ
1466 412 1565 469 AD
1606 409 2334 470 INTERROGACIIUNES
2374 410 2633 470 MARCI.

3302 413 3331 470 '3
3344 411 3407 468 ῖτς

187 549 311 584 ωτια
363 529 438 597 τῷ
472 530 727 596 ἐπάρχῳσ
768 530 859 581 καὶ
893 531 971 581 ἵνα
1002 532 1216 600 δέξηται
1251 532 1411 595 αὐτὰ,
1444 533 1538 584 καὶ
1565 549 1740 601 σφραο
1770 537 1821 593 Α

1770 537 1821 593 Α
1857 536 1964 586 ulla
2026 535 2286 601 sigillotb.
2353 536 2492 588 Sane
2531 534 2599 586 38
2644 546 2817 586 canon
2860 529 3174 605 baodicenaa
3217 536 3405 603 synodi

190 620 317 688 γίσῃ
367 618 699 687 τραπεζίτας
759 620 870 668 ἀντ’
921 619 1119 678 agam.
1185 620 1326 671 κατά
1368 620 1596 688 δωρεὰν,
1650 622 1742 673 καὶ

188 709 317 760 ἄνευ
350 707 633 775 συνηθείας
695 710 785 759 καὶ
826 706 1021 769 δόσεως
1071 710 1419 776 οίασδήτινος.
1460 711 1519 762 '0
1564 710 1743 779 μέντοι

188 797 279 859 λς’
313 797 489 848 κανὼν
520 798 615 864 τῆς
655 799 713 847 ἐν
754 798 1038 865 Λαοδικείᾳ
1084 800 1297 852 συνόδου
1344 800 1517 854 mm
1551 817 1736 869 φησιν,

185 888 268 937 ὅτι
333 886 405 936 63
468 886 548 936 δεῖ
604 888 910 955 ίερατικοῦς
963 888 994 955 ἢ
1046 889 1355 956 κληρικοῦς,
1423 892 1625 957 μάγους
1704 892 1737 957 ῆ

190 977 471 1037 nauseo;
501 971 658 1037 εἶναι,
694 978 726 1044 ἢ
760 976 1197 1045 μαθηματικοὺς,
1231 980 1262 1047 ἢ
1293 982 1670 1049 ἀστρολόγους,
1708 981 1742 1048 ἢ

192 1070 366 1116 ποιεῖν
412 1068 478 1117 τὰ
508 1067 772 1133 λεγόμενα
817 1069 1153 1135 φυλακτήρια
1173 1086 1187 1099 ⁸
1220 1069 1374 1123 ἅτινά
1400 1072 1505 1121 εἱσι
1534 1071 1742 1138 δεσμωο

189 1155 356 1222 τήρια
392 1153 495 1204 τῶν
520 1154 704 1220 ψυχῶν
748 1155 944 1207 αὐτῶν.
990 1156 1127 1217 Τοὺς
1181 1158 1237 1208 δὲ
1289 1158 1603 1226 φοροῦντας,
1668 1157 1743 1223 ρί-

190 1241 421 1293 πτεσθαι
448 1243 510 1291 ἐκ
531 1240 623 1305 τῆς
666 1240 981 1305 Ἐκκλησίας
1013 1242 1394 1309 ἐκελεύσαμεν.
1434 1244 1541 1295 Καὶ
1572 1243 1630 1294 τὸ
1660 1241 1742 1310 »ιβ’

192 1330 481 1395 κεφάλαιον
532 1329 624 1380 τοῦ
686 1329 760 1380 λθ¹
820 1331 995 1381 τίτλυυ
1065 1332 1158 1382 τοῦ
1224 1332 1262 1393 ξ’
1322 1332 1524 1398 βιϐλίου
1572 1332 1742 1384 ταῦτα

190 1426 439 1490 διέξεισιν
465 1442 478 1455 ·
523 1424 585 1477 'll
624 1424 721 1492 μέν
762 1426 1105 1494 γεωμετρικὴ
1144 1424 1375 1493 δημοσίᾳ
1414 1426 1738 1487 διδάσκεται,

191 1519 225 1584 ἡ
250 1516 307 1567 δὲ
336 1515 688 1583 μαθηματικὴ
706 1516 1105 1581 κατακρίνεται.
1134 1516 1239 1567 Καὶ
1275 1515 1303 1565 ό
1334 1515 1563 1575 Παλαιὸς
1589 1530 1740 1581 φησιο

190 1606 592 1673 Μαθηματικὴν
604 1602 724 1656 εἷπε
739 1604 833 1674 τὴν
847 1606 1220 1673 ἀστρονομίαν,
1237 1604 1300 1655 Ol
1316 1604 1441 1671 γοῦν
1454 1605 1746 1673 τολμήσαν-

188 1710 283 1757 τες
316 1695 583 1761 κληρικοὶ,
620 1694 795 1758 πολλῷ
825 1694 917 1744 καὶ
955 1693 1112 1744 πλέον
1145 1694 1194 1744 οἱ
1232 1692 1323 1744 τοῦ
1366 1692 1625 1761 βήματος,
1650 1694 1745 1762 δη-

192 1782 471 1851 μοσιακῶν
502 1781 753 1833 δουλειῶν
777 1780 1051 1849 ἐνεργείας
1078 1780 1450 1843 ἀναδέξασθαι,
1485 1782 1515 1847 ἢ
1553 1798 1747 1850 συστη-

1853 625 1969 678 haec
2026 625 2099 676 ait
2140 624 2301 677 :Non
2346 630 2552 690 oportet
2599 638 2716 681 eos.
2756 622 2847 690 qui
2893 631 3020 674 sunt
3061 623 3282 679 sacrati.
3328 624 3405 676 vel

1844 711 2051 773 clerici,
2082 725 2202 763 esse
2237 724 2441 777 magos,
2469 709 2549 761 vel
2578 708 2962 767 incantatores.
3004 707 3083 759 vel
3103 708 3398 759 mathema-

1847 802 2006 863 ticos,
2042 801 2120 853 vel
2153 802 2476 865 astrologos.
2523 798 2603 849 vel
2653 795 2834 848 facere
2876 810 2960 858 ea,
2994 811 3111 863 qua:
3146 795 3405 848 dicuntur

1847 890 2104 951 aumleta,
2153 905 2271 956 qum
2298 888 2511 955 quidem
2550 895 2672 938 sunt
2703 886 2939 953 ipsarum
2968 887 3268 938 animarum
3299 887 3408 939 viu'

1845 981 1967 1033 cuia
2002 997 2013 1031 :
2048 995 2141 1032 eos
2171 990 2351 1031 autem
2391 978 2480 1043 qui
2514 976 2693 1028 lerunt
2716 977 2758 1035 ί,
2788 975 2907 1043 ejici
2932 990 2994 1028 ex
3026 976 3263 1029 Ecclesia
3297 976 3407 1043 jus-

1846 1069 2033 1121 simus.
2071 1069 2135 1120 Et
2162 1068 2231 1118 2‘2
2260 1083 2377 1135 cap.
2414 1066 2479 1118 39
2513 1068 2593 1117 tit.
2632 1064 2721 1127 60.
2759 1064 2878 1117 libri
2912 1062 3268 1117 Basilicarum
3296 1068 3407 1118 hare

1845 1158 2058 1212 habet:
2106 1156 2411 1209 Geometria
2470 1157 2688 1223 quidem
2742 1156 2957 1222 publice
3020 1155 3265 1218 docetur,
3319 1172 3408 1207 ars

1845 1254 2024 1298 autem
2077 1245 2453 1297 mathematica
2517 1244 2824 1296 damnatur.
2877 1242 2943 1294 Et
2995 1243 3158 1297 Vetus
3198 1246 3405 1313 inquit:

1846 1336 2278 1389 llathematicam
2311 1336 2446 1387 dixit
2472 1334 2881 1387 astronomiam.
2921 1331 3119 1385 Clerici
3159 1348 3308 1401 ergo,
3344 1346 3397 1386 et

1846 1426 2019 1477 multo
2058 1424 2229 1491 magis
2270 1424 2328 1486 ii,
2371 1424 2461 1490 qui
2495 1424 2649 1475 altari
2690 1422 3026 1485 ministrant,
3067 1422 3110 1475 si
3160 1422 3405 1489 publiea-

1847 1532 1963 1568 rum
1990 1516 2003 1565 i
2048 1516 2368 1568 servitutum
2400 1514 2701 1566 furwtiones
2724 1514 2841 1567 ausi
2877 1512 3077 1565 fuerint
3102 1512 3403 1580 suscipere,

1845 1615 2253 1673 corporatorum
2274 1602 2508 1656 ollicium
2531 1612 2583 1656 et
2609 1602 3131 1655 administrationem
3156 1602 3404 1659 mercari,

1848 1694 2195 1746 nuntmularii
2248 1694 2384 1746 forte
2425 1692 2577 1754 facti,
2629 1695 2710 1747 vel
2767 1693 2980 1762 prandii
3050 1693 3410 1746 distractores

1850 1782 1929 1834 vel
1971 1782 2078 1834 viui
2125 1782 2457 1843 venditores.
2504 1781 2607 1849 ipsi
2656 1782 2819 1834 etiam
2864 1782 3188 1842 astronomi.
3240 1794 3407 1849 spon-

194 1870 443 1938 ματικῶν
470 1868 740 1921 πολιτείαν
773 1871 865 1920 καὶ
910 1870 1291 1937 μεταχείρησιν
1325 1868 1743 1937 ἐμπορεύεσθαι,
1773 1859 1822 1918 Β
1849 1888 1858 1924 ι

1738 1910 1743 1929 μ
1773 1859 1822 1918 Β
1849 1873 2000 1925 sione
2027 1872 2184 1923 lidcm
2217 1872 2441 1933 dabunt,
2471 1886 2528 1924 se
2578 1871 2645 1925 ab
2685 1872 2770 1924 his
2800 1871 3000 1924 illicitis
3032 1871 3243 1924 artibus
3276 1874 3402 1924 abs-

193 1958 582 2022 καταλλάκται,
615 1957 774 2023 τυχὸν
821 1959 1117 2023 γενόμενοι,
1154 1958 1185 2024 ἢ
1223 1957 1672 2025 πρανδιοπράται,
1709 1957 1741 2026 ἢ

190 2049 536 2115 οίνοπράται,
567 2049 657 2100 καὶ
690 2048 844 2098 αὐτοὶ
871 2048 926 2099 δὲ
972 2049 1019 2099 οί
1047 2049 1392 2117 ἀστρονόμοι,
1430 2064 1743 2118 παρεγγυη-

190 2140 449 2206 θήσονται
486 2139 589 2189 τῶν
642 2138 1007 2193 ἀκανονίστων
1040 2139 1243 2191 τούτων
1296 2139 1743 2206 ἐπιτηδευμάτων

191 2229 530 2295 ἀπέχεσθαι·
591 2231 686 2280 καὶ
731 2230 804 2297 μὴ
844 2229 1171 2297 πειθόμενοι,
1242 2229 1555 2294 καθαιρέσει
1610 2228 1737 2279 καθ-

194 2319 685 2386 υποϐληθήσονται.
724 2319 787 2370 Ἢ
822 2320 878 2370 δὲ
905 2320 1064 2387 τέχνη
1088 2319 1193 2369 τῶν
1231 2318 1444 2387 ἰατρῶν,
1484 2319 1584 2370 κᾶν
1628 2317 1741 2386 ὁρί-

194 2408 357 2474 ζηται
384 2410 532 2475 παρά
557 2408 662 2458 τῶν
710 2408 883 2475 σοφῶν
917 2409 1100 2474 ὑγεεας
1147 2403 1285 2460 εἶναι
1333 2407 1741 2477 περι-ποιητικὴ,

1849 1965 2114 2011 teuturos.
2150 1959 2305 2021 Quod
2372 1958 2415 2011 si
2448 1972 2554 2010 non
2590 1966 2833 2026 pareant,
2867 1959 3192 2027 depositioni
3233 1960 3404 2026 subji-

1850 2048 2082 2100 cientur.
2117 2047 2220 2099 Ars
2265 2055 2443 2099 autem
2498 2047 2726 2111 medica,
2768 2048 2892 2101 licet
2948 2062 2976 2100 a
3024 2048 3402 2117 philosophis"

1851 2136 2139 2189 deﬁniatur
2164 2137 2418 2190 sanitatis
2451 2151 2570 2190 esse
2598 2138 2960 2198 conciliatrix.
3001 2138 3051 2191 id
3092 2146 3270 2193 tamen
3310 2154 3393 2190 ne-

1850 2226 2088 2279 cessario
2118 2240 2223 2279 non
2266 2228 2343 2279 lit.
2377 2225 2609 2278 Fallacia
2628 2228 2770 2279 enim
2806 2236 2931 2280 sunt
2966 2229 3245 2283 hominum
3280 2243 3381 2281 con

1850 2318 1991 2378 silia.
2012 2326 2064 2368 et
2090 2318 2384 2370 multorum
2411 2317 2611 2384 judicia
2634 2317 2993 2385 prava,juxta
3015 2326 3246 2371 veterem
3281 2333 3391 2371 set;-

1844 2412 2089 2465 tentiam.
2121 2410 2230 2464 Cur
2254 2411 2416 2477 igitur
2436 2409 2691 2462 abscedat
2708 2410 2962 2472 clericus,
2988 2410 3267 2478 multoque
3287 2426 3400 2463 ma-

189 2499 310 2551 ἀλλ⁹
339 2501 438 2550 οὐκ
480 2499 535 2564 ἐξ
585 2502 824 2566 ἀνάγκης
868 2500 1073 2564 γίνεται
1111 2502 1288 2553 τοῦτο.
1327 2500 1597 2569 Σφαλεραὶ
1631 2501 1739 2569 γάρ
1839 2516 1853 2570 ι

1839 2503 1921 2570 gis
1952 2501 2204 2554 sacerdos
2223 2508 2277 2552 et
2301 2500 2583 2556 diaconus.
2608 2501 2673 2550 ab
2692 2500 2952 2556 attributo
2976 2501 3075 2553 sibi
3102 2502 3403 2555 ministerio

192 2592 333 2640 εἰσιν
363 2592 419 2643 αἱ
445 2591 553 2641 τῶν
586 2592 882 2659 ἀνθρώπων
917 2592 1167 2655 ἐπίνοιαι,
1200 2593 1293 2643 καὶ
1323 2592 1427 2643 τῶν
1456 2591 1662 2643 πολλῶν
1686 2592 1740 2643 at
1838 2589 1851 2641 i

1739 2631 1740 2636 η
1838 2586 2299 2655 irrcprehensibili
2335 2595 2387 2639 et
2418 2588 2594 2645 llrmo.
2620 2593 2676 2639 et
2698 2585 2762 2639 ad
2796 2586 2866 2652 id,
2902 2587 3043 2655 quod
3065 2587 3330 2640 lubricum
3351 2603 3403 2645 ct

190 2676 508 2741 διαγνώτεις
542 2677 730 2737 δειλαὶ,
781 2676 918 2729 κατά
957 2677 1017 2727 τὸ
1046 2676 1272 2728 παλαιὸν
1326 2677 1736 2745 γνωμοδότημσ.

1837 2677 2171 2743 ambiguum,
2225 2690 2364 2743 saepe
2391 2676 2554 2729 etiam
2597 2674 2988 2743 periculosum,
3028 2691 3085 2729 se
3114 2677 3406 2744 conjiciat?

192 2766 366 2819 Ἳνατί
396 2768 525 2833 γοῦν
556 2769 824 2835 ἀποσταίη
882 2770 910 2819 ό
944 2767 1220 2835 κληρικδς,
1254 2766 1429 2835 πολλῷ
1484 2766 1539 2817 δὲ
1579 2768 1739 2818 πλέον
1798 2769 1825 2819 ό
1859 2769 2032 2835 ἱερεὺς
2085 2768 2177 2818 καὶ
2226 2768 2253 2818 ὁ
2302 2766 2566 2825 διάκονος,
2624 2766 2719 2831 τῆς
2767 2766 3205 2834 ἀπονεμηθείσης
3256 2768 3404 2835 αὑτῳ

189 2861 491 2921 διακονίας.
515 2861 612 2928 τῆς
644 2862 930 2929 ἀμέμπτου
960 2862 1052 2911 καὶ
1074 2859 1368 2927 ἀσφαλοῦς,
1424 2861 1516 2911 καὶ
1546 2861 1625 2921 εις
1686 2859 1955 2929 σφαλερὰν
1981 2861 2072 2911 καὶ
2096 2858 2396 2929 ἀμφίδολον
2422 2856 2681 2917 πολλάκις
2725 2856 2817 2907 καὶ
2850 2856 3185 2909 ἐπικίνδυνον
3218 2859 3407 2910 ἑαυτὸν

189 2950 471 3019 δπιρρίψει
494 2966 508 3011 ;

281 3045 600 3111 Ἐρώτησις
651 3051 752 3095 κε’.
830 3043 1203 3113 Μονοθελήτης
1282 3045 1550 3113 ἱερατικὸν
1608 3044 1745 3113 ἔχων

198 3135 546 3200 ἐπάγγελμα,
583 3133 671 3183 διὰ
705 3133 989 3199 μετανοίας
1021 3131 1356 3201 ὑπέστρεψεν
1387 3136 1461 3195 είς
1501 3132 1596 3201 τὴν
1626 3134 1745 3185 καθ’

196 3228 345 3295 ἡμᾶς
394 3223 664 3292 όρθόδοξον
715 3223 919 3284 πίστιν,
959 3223 1049 3274 καὶ
1089 3222 1299 3291 ἐδέχθη,
1344 3223 1436 3274 καὶ
1471 3222 1701 3290 ἡγιάσθη
1731 3238 1744 3250 ·

1917 3043 2084 3098 Inter.
2136 3042 2226 3095 9.3.
2295 3040 2700 3095 Monotheleta1
2764 3040 3148 3095 sacerdotalem
3204 3040 3407 3095 halm»:

1849 3134 2265 3187 admonitionem
2286 3142 2345 3195 αι,
2382 3148 2476 3201 per
2518 3133 2885 3199 paenitentiam
2930 3132 2995 3185 ad
3030 3139 3267 3185 nostram
3315 3149 3405 3182 nr-

1845 3223 2130 3275 thodoxam
2164 3222 2318 3275 ﬁdem
2354 3223 2532 3283 rediit,
2592 3230 2645 3275 et
2681 3232 2963 3290 susceptus
3011 3229 3088 3275 cst
3125 3236 3185 3274 ac
3213 3224 3405 3274 sancti-

201 3316 344 3385 μετά
374 3316 563 3383 μικρὸν
588 3314 642 3364 δὲ
670 3313 924 3381 στραφεὶς
961 3314 1037 3372 εἰς
1068 3313 1155 3364 τὸν
1186 3313 1317 3363 ἴδιον
1349 3312 1562 3379 ἔμετον,
1595 3314 1743 3381 αἱρε-
1771 3336 1813 3390 C
1848 3311 1865 3363 ί

1734 3336 1813 3390 ιε
1848 3311 2056 3364 licatus.
2106 3311 2273 3363 Paulo
2313 3320 2491 3364 autem
2532 3320 2674 3379 post,
2725 3312 2790 3365 ad
2827 3312 3100 3378 proprium
3150 3326 3398 3365 reversus

198 3406 423 3473 σιώτης,
476 3406 549 3464 ὡς
612 3404 895 3472 πρότερον,
960 3405 1221 3469 γέγονεν·
1302 3403 1413 3455 ἀλλ’
1442 3399 1611 3465 αὖθις,
1670 3402 1742 3463 ὡς

199 3498 368 3561 λέγει.
400 3495 519 3545 καθ’
553 3494 740 3545 ἑαυτὸν
787 3492 1043 3558 γεγονὼς,
1086 3490 1259 3541 καὶτὸ
1291 3491 1590 3558 ἁμάρτημα
1620 3506 1742 3539 συν.

194 3588 299 3645 εὶς,
358 3586 433 3643 είς
460 3585 556 3651 τὴν
595 3582 871 3649 όρθόδοξον
896 3581 1075 3631 πίστιν
1102 3581 1391 3647 κατέφυγε,
1417 3581 1506 3631 καὶ
1534 3579 1738 3647 ἐδέχθη,

196 3674 343 3725 κατά
388 3673 477 3721 τὸν
529 3670 705 3730 καλῶς
767 3669 1177 3737 ὑποστρέψαντα
1225 3669 1462 3720 ἄσωτονο
1509 3669 1629 3718 ἐπεὶ
1687 3668 1742 3718 δὲ

193 3762 341 3815 θέλει
389 3762 482 3811 καὶ
526 3758 815 3829 ἱερωσύνης
862 3757 1175 3824 ἀξιωθῆναι,
1207 3756 1471 3824 ζητοῦμεν
1497 3757 1555 3807 τὸ
1586 3772 1741 3823 ποιη-

194 3850 315 3901 τέον
348 3850 555 3916 μαθεῖν.

283 3940 413 3992 Ἀπ.
448 3938 636 3997 Οὐδεὶς
670 3934 846 4005 βαλὼν
875 3935 970 4002 τὴν
1004 3937 1159 4003 χεῖρα
1190 3933 1353 3986 αὑτοῦ
1383 3933 1467 3984 ἐπ’
1492 3934 1740 4002 ἄροτρον,

197 4031 294 4081 καὶ
322 4028 579 4096 στραφεὶς
610 4028 687 4086 εἰς
713 4026 778 4076 τὰ
800 4023 990 4085 όπίσω,
1023 4023 1236 4084 εὔθετός
1262 4024 1407 4072 ἐστιν
1432 4023 1509 4083 είς
1531 4022 1627 4090 τὴν
1650 4022 1743 4089 βα-

199 4120 404 4171 σιλείαν
436 4117 541 4166 τῶν
578 4113 838 4181 οὐρανῶν,
885 4114 945 4163 τὸ
992 4113 1134 4181 ἱερόν
1184 4128 1347 4180 φησιν
1395 4112 1737 4177 Εὑαγγέλιον.

197 4203 292 4255 μιὸ
322 4203 459 4253 κατά
489 4202 579 4251 τὸν
618 4200 675 4250 ιδ’
721 4198 922 4250 κανόνα
964 4199 1060 4266 τῆς
1089 4200 1143 4248 ἐν
1195 4198 1398 4267 Νικαία
1446 4199 1603 4264 ἁγίας
1651 4200 1743 4249 καὶ

195 4292 577 4358 οἱκουμενικῆς
626 4291 841 4341 συνόδου
897 4289 1042 4354 (τάδε
1093 4288 1232 4339 κατά
1264 4288 1413 4356 ῥῆμα
1450 4288 1745 4356 διαλαμσά-

196 4400 377 4445 νοντα,
431 4383 561 4448 Περὶ
600 4380 709 4432 τῶν
748 4378 1161 4447 κατηχουμένων
1186 4381 1279 4429 καὶ
1318 4383 1742 4448 παραπεσόντων

196 4470 340 4531 εδοξε
386 4471 452 4535 τῇ
514 4468 643 4534 ἁγίᾳ.
714 4466 807 4518 καὶ
880 4468 1086 4533 μεγάλῃ
1133 4468 1351 4533 συνόδῳ,
1394 4468 1533 4519 ὥστε
1578 4469 1742 4536 τριῶν

195 4558 332 4609 ἐτῶν
362 4557 554 4615 αὐτοὺς
582 4555 957 4621 ἀκροωμένους
997 4553 1175 4621 μόνον,
1210 4554 1347 4621 μετά
1384 4554 1553 4606 ταῦτα
1591 4554 1741 4623 εὔχε-

1849 3402 2127 3463 vomitum,
2159 3401 2443 3454 haereticus
2468 3400 2549 3469 (ut
2585 3400 2763 3469 antea)
2795 3399 2969 3453 factus
2998 3410 3079 3454 est
3115 3418 3128 3454 :
3158 3403 3249 3454 sed
3283 3417 3403 3453 rur-

1845 3504 1959 3549 sus.
1987 3498 2041 3540 ut
2079 3490 2272 3557 inquit.
2298 3504 2419 3541 cum
2451 3490 2593 3556 apud
2634 3503 2697 3540 se
2727 3497 2894 3548 esset,
2931 3494 2981 3538 et
3011 3496 3287 3554 peccatum
3323 3490 3401 3539 iu-

1846 3580 2127 3647 tclligerct.
2158 3579 2222 3630 ad
2254 3578 2608 3631 orthodoxam
2638 3577 2793 3627 (idem
2824 3574 3085 3640 confugit,
3115 3584 3169 3627 et
3200 3576 3399 3627 admis-

1846 3682 1940 3721 sus
1978 3677 2082 3729 est,
2121 3668 2171 3718 in
2213 3667 2429 3719 modum
2486 3673 2787 3732 opportune
2829 3665 3101 3717 redeuntis
3131 3665 3396 3731 prodigii;

1842 3774 1962 3812 cum
2015 3769 2191 3812 autem
2246 3758 2607 3811 sacerdotium
2643 3757 2867 3819 ambiat,
2920 3757 3234 3824 quazrimus,
3275 3758 3400 3824 quid

1845 3847 2147 3902 faciendum
2189 3848 2285 3908 sit.
2318 3848 2546 3901 discere.

1911 3938 2029 3991 Ret.
2067 3937 2234 3991 Nemo
2269 3938 2487 3990 mittens
2519 3950 2738 3989 manum
2772 3950 2923 3989 suam
2954 3934 3016 3987 ad
3054 3942 3315 3997 aratrum,
3350 3940 3405 3987 ct

1845 4036 1987 4081 retro
2024 4040 2336 4086 conversus,
2374 4035 2533 4094 aptus
2577 4035 2658 4078 est
2717 4026 2781 4078 ad
2834 4040 3057 4093 regnum
3118 4024 3402 4086 caelorum,

1845 4118 2020 4185 inquit
2064 4131 2276 4170 sacrum
2319 4118 2686 4184 Evangelium.
2729 4114 3112 4179 Quamobrem,
3145 4113 3299 4180 juxta
3335 4114 3403 4163 lt

1842 4220 2105 4259 canonem
2154 4213 2359 4259 sanctae
2430 4215 2483 4258 et
2547 4205 2895 4257 mcumenicze
2947 4202 3136 4271 synodi
3190 4202 3401 4254 Niccnm

1843 4294 1977 4363 (haec
2010 4294 2551 4362 comprehendentcm
2591 4294 2656 4346 ad
2686 4296 2927 4355 verbum,
2962 4294 3033 4345 De
3055 4293 3401 4346 catechume'

1843 4384 1929 4438 nis
1946 4383 2084 4438 etiis
2106 4384 2197 4451 qui
2232 4383 2365 4452 lapsi
2389 4390 2534 4446 sunt,
2558 4384 2729 4435 visunt
2766 4390 2847 4435 est
2877 4390 3079 4433 sancta:
3103 4389 3155 4433 et
3190 4395 3397 4447 magum

1844 4472 2071 4539 synodo.
2100 4480 2156 4522 ut
2180 4471 2215 4523 ii
2250 4470 2423 4525 tribus
2447 4471 2602 4523 annis
2637 4479 2845 4522 tantum
2883 4470 3184 4531 audientes,
3218 4480 3398 4536 postea

1843 4565 1997 4611 orent
2026 4573 2147 4611 cum
2185 4552 2635 4626 catechumenis),
2679 4556 2872 4611 sullicit
2903 4557 3027 4608 huic
3056 4564 3162 4609 tam
3200 4556 3403 4625 perdite

198 4645 323 4698 σθαι
360 4645 497 4712 μετὰ
526 4644 634 4695 τῶν
667 4644 1129 4709 κατηχουμένων),
1165 4646 1323 4710 ἀρκεῖ
1353 4644 1430 4711 τῷ
1470 4644 1615 4696 οὕτω
1644 4663 1740 4696 κα-
1772 4626 1816 4683 Ῑ)
1846 4647 1862 4700 ι

1736 4676 1740 4685 -
1772 4626 1816 4683 Ῑ)
1846 4647 2017 4714 lapso,
2048 4655 2101 4699 et
2131 4647 2236 4700 huc
2268 4655 2428 4715 atque
2460 4649 2585 4701 illuc
2632 4649 2853 4716 agitato.
2904 4648 2947 4698 si
2988 4647 3139 4714 juxta
3177 4646 3400 4699 canonis

197 4735 307 4795 ιιῶς
352 4733 718 4799 ὀλισθήσαντι,
774 4733 863 4781 ιιαὶ
914 4732 1040 4798 τῇδε
1089 4734 1310 4782 κάκεῖσε
1355 4735 1740 4803 μεταῤῥιπιζο-

196 4822 364 4888 μένῳ,
418 4819 667 4888 δεχθῆναι
722 4820 860 4869 κατά
908 4819 1003 4887 τὴν
1050 4819 1141 4870 τοῦ
1175 4822 1393 4882 κανόνος
1427 4823 1734 4892 περίληψιν.

208 4909 499 4977 Ἰερατείας
526 4910 631 4975 γάρ
659 4908 756 4958 οὐκ
784 4907 1163 4975 ἀξιωθήσεται.

276 5003 593 5069 Ἐρώτησις
625 5000 737 5063 κς’.
780 5000 1097 5059 Ἀκινδύνως
1122 5003 1404 5052 ἐπίσκοποι
1432 5003 1650 5071 μοναχοί
1682 5020 1740 5055 τε

194 5096 287 5144 καὶ
313 5092 566 5160 κληρικοὶ
594 5090 836 5156 γίνονται
863 5090 1173 5157 φροντισταὶ
1189 5091 1458 5157 δημοσίων
1474 5092 1740 5159 όφφικίων

190 5183 283 5233 καὶ
300 5181 574 5245 δουλειῶν,
593 5181 687 5232 καὶ
704 5181 997 5249 κηδεμόνες
1022 5182 1357 5247 πραγμάτων
1379 5183 1732 5249 ἀρχοντικῶν,

189 5270 353 5341 ηοῦς

270 5362 400 5413 ‘Ax.
445 5361 507 5410 Οἱ
566 5361 625 5411 ἐν
684 5360 983 5426 Χαλκηδόνι
1048 5357 1389 5421 συνελθόντες
1456 5362 1727 5424 ἐξακοσιοι

187 5449 477 5517 τριάκοντα
527 5449 672 5517 ἅγιοι
718 5448 977 5516 Πατέρες,
1028 5448 1118 5498 καὶ⁵
1146 5450 1245 5515 τὴν
1284 5449 1442 5512 ἁγίαν
1474 5452 1735 5519 τετάρτην

1847 4745 2083 4789 tenorem
2104 4736 2453 4801 admittatur;
2484 4750 2607 4789 nam
2641 4733 3003 4790 sacerdotium
3038 4748 3147 4787 nou
3188 4748 3402 4800 prome-

1845 4824 2067 4879 rebitur.

1919 5004 2081 5059 lnter.
2116 5005 2205 5058 26.
2235 5005 2315 5058 An
2352 5004 2611 5073 episcopi,
2654 5006 2927 5070 monachi,
2964 5014 3015 5060 et
3058 5004 3242 5059 clerici
3286 5004 3401 5057 sine

1845 5095 2086 5163 periculo
2106 5094 2233 5146 liant
2249 5093 2716 5147 administratores
2743 5094 3071 5161 publicorum
3098 5090 3397 5147 ciliciorum

1843 5191 1895 5237 et
1934 5183 2379 5244 ministeriorum,
2408 5191 2460 5235 et
2489 5193 2770 5235 curatores
2818 5184 3155 5252 negotiorum
3184 5181 3251 5237 ad
3284 5195 3400 5237 nta-

1843 5273 2101 5343 gistratus
2126 5272 2527 5340 pertinentium,
2568 5272 2776 5324 necne?

1912 5360 2030 5414 Res.
2067 5363 2167 5425 Qui
2215 5360 2554 5414 Chalcedone
2602 5370 2967 5414 convenerunt
3014 5367 3249 5417 sexcenti
3298 5369 3391 5415 tri-

1841 5451 1985 5521 ginta
2020 5452 2191 5503 sancti
2240 5449 2428 5503 Patres
2468 5461 2518 5503 et
2562 5458 2802 5505 sanctant
2842 5462 3088 5521 quartam
3131 5454 3388 5521 synodus.

1435 5563 1667 5618 VARUE
1710 5562 2000 5617 LECTION
2010 5563 2107 5617 ES.

249 5653 275 5691 κ
306 5653 589 5724 conﬁrmet.
660 5654 674 5691 ι
723 5654 811 5722 qui
855 5654 960 5710 ha’c
999 5664 1218 5724 gestant.
1295 5656 1307 5705 ι
1346 5659 1625 5724 ﬁscalium.

186 5727 223 5751 "
254 5720 638 5789 professionem.

1708 5669 1731 5695 ι
1764 5658 1825 5709 ab
1857 5656 2093 5710 eruditis.
2159 5654 2174 5692 ι
2213 5655 2316 5719 ραι
2339 5676 2495 5712 unam
2526 5662 2573 5713 in
2602 5660 2807 5715 Christo
2831 5663 3143 5715 voluntatem
3172 5668 3375 5720 statim.
