4214 6450
726 378 834 443 959

2030 371 2127 429 ’ΠΙ
2147 371 2307 431 ΕΟῡ.
2359 372 2450 429 ΠΛ
2469 372 2840 434 LSAMONIS

734 507 1077 557 contractum
1112 498 1360 562 inivcrat,
1398 497 1513 551 sine
1548 495 1940 563 impedimento
1972 491 2298 546 sacrabitur.
2331 493 2364 547 Α

2408 489 2469 548 το
2508 489 2837 557 τελευτῆσαν
2879 488 3286 556 εμνηστεύσατο
3310 487 3564 557 γύναιονς
3602 489 3980 559 ἀπαρεμποδί·

731 604 794 644 ut
823 590 915 657 qui
951 589 1195 655 liigamus
1222 604 1325 638 non
1363 594 1668 638 censeatur.

805 678 971 734 Inter.
1002 678 1054 733 8.
1086 677 1141 728 Si
1196 675 1453 729 sacerdos
1505 684 1698 728 tonsus
1754 672 1934 733 fuerit,
1982 680 2306 723 concessum

729 769 832 822 erit
860 769 907 819 ei
941 776 1060 833 post
1095 775 1375 819 tonsuram
1413 764 1743 824 sacrificare,
1776 760 1987 815 annon?

805 856 919 910 Ra.
958 856 1093 909 Cum
1120 855 1392 909 secundus
1428 869 1602 907 canon
1633 862 1836 907 sanctae
1866 861 1920 905 et
1953 848 2307 906 mcumenicze

731 950 920 1019 synodi
955 956 1159 1001 coactae
1198 950 1251 998 in
1293 946 1644 999 sanctissimo
1690 943 1884 995 throno
1912 938 2304 995 Constantino-

730 1040 869 1107 polis
928 1039 1043 1090 hac
1094 1035 1414 1088 nominatim
1469 1036 1787 1103 pronuntiet
1838 1049 1853 1089 ς
1917 1031 2140 1085 Etiamsi
2195 1029 2305 1082 huc

732 1143 905 1195 usque
940 1125 1186 1178 nonnulli
1218 1124 1512 1186 antistites,
1544 1124 1634 1189 qui
1675 1122 1740 1174 ad
1774 1120 2166 1173 monachorum
2207 1118 2305 1170 ha-

733 1220 908 1272 bitum
960 1215 1383 1274 descenderant,
1422 1216 1560 1266 utin
1597 1212 1892 1281 episcopali
1933 1210 2149 1279 fastigio
2187 1224 2306 1261 ma-

733 1318 941 1364 nerent.
996 1308 1102 1360 vim
1152 1306 1517 1358 adhibuerunt
1569 1322 1584 1356 :
1628 1312 1683 1356 et
1727 1318 1850 1356 cum
1900 1302 2001 1353 hoc
2036 1303 2301 1362 facerent,

732 1398 961 1464 neglecti
990 1403 1117 1448 sunt
1154 1412 1167 1445 :
1198 1404 1381 1445 saneta
1410 1402 1589 1444 tamen
1633 1401 1683 1444 et
1727 1390 2047 1445 universalis
2079 1391 2190 1442 haec
2214 1402 2303 1457 sy-

734 1489 932 1541 nudtts.
972 1486 1111 1536 hanc
1146 1482 1531 1551 negligentiam
1566 1496 1783 1547 quoque
1811 1481 2113 1545 corrigens.
2148 1485 2199 1531 et
2232 1477 2300 1530 ad

733 1578 873 1629 ritus
904 1575 1306 1628 ecclesiasticos
1346 1573 1485 1625 hanc
1526 1572 1891 1624 inordinatam
1924 1572 2188 1621 actionem
2218 1582 2301 1620 re-

732 1670 941 1728 diecns,
1002 1666 1194 1720 statuit
1248 1672 1304 1716 ut
1350 1665 1393 1718 si
1443 1666 1567 1731 quis
1614 1664 1925 1731 cpiscopus,
1974 1662 2054 1713 vel
2098 1660 2297 1727 aliquis

732 1758 869 1808 alius
936 1769 998 1806 ex
1061 1751 1354 1821 pontiﬁcali
1395 1752 1675 1819 dignitate.
1726 1750 1959 1804 voluerit
2016 1748 2083 1802 ad
2133 1749 2293 1800 vitam

2414 594 2556 638 στως
2587 578 2967 644 ίερωθήσεται,
2999 577 3072 636 ὡς
3106 579 3181 644 μὴ
3212 578 3557 644 λογιζόμενος
3588 579 3837 646 δίγαμος.

2493 667 2805 732 Ἐρώτησις
2828 673 2901 731 η’.
2950 666 3151 733 Ἰερεὺς
3184 667 3279 718 ἐὰν
3323 669 3601 737 ἀποκαρῇ,
3638 670 3985 738 ὲκχωρηθείη

2414 757 2717 825 ἱερουργεῖν
2751 756 2888 823 μετὰ
2920 760 3016 824 τὴν
3044 759 3373 823 ἁπόκαρσιν,
3409 757 3441 822 ἢ
3468 758 3566 821 οὓς

2491 847 2610 899 ‘Aar.
2659 845 2764 897 ἰὀῠ
2798 846 2841 915 β’
2884 846 3106 907 κανόνος
3131 847 3230 914 τῆς
3265 846 3323 896 ἑν
3377 844 3455 913 τῷ
3482 845 3772 915 ἁγιωτάτῳ
3807 846 3986 915 θρόνῳ

2405 940 2501 1007 τῆς
2531 936 3156 997 Κωνσταντινουπόλεως
3190 934 3462 1002 συστάσης
3491 937 3651 999 ἁγίας
3682 939 3774 988 καὶ
3804 939 3983 989 οἰκου-

2409 1027 2638 1096 μενικῆς
2665 1026 2886 1079 συνόδου
2909 1024 3083 1077 ταῦτα
3105 1025 3247 1076 κατά
3274 1024 3426 1092 ῥῆμα
3453 1023 3766 1086 διεξιόντοςο
3800 1026 3862 1076 Εἰ
3891 1029 3981 1076 καὶ

2407 1114 2569 1183 μέχρι
2596 1112 2689 1165 τοῦ
2732 1113 2827 1165 νῦν
2865 1112 2996 1166 ινιοι
3027 1112 3135 1165 τῶν
3167 1113 3494 1183 ἀρχιερέων,
3525 1115 3606 1174 είς
3634 1110 3698 1164 τδ
3730 1114 3841 1164 τῶν
3874 1130 3981 1181 μο-

2403 1203 2583 1272 ναχῶν
2631 1204 2912 1266 κατιόντες
2952 1204 3162 1273 σχῆμα,
3216 1204 3274 1256 ιν
3309 1204 3385 1275 τῷ
3414 1204 3511 1273 τῆς
3564 1206 3980 1275 ἀρχιερωσύνης

2402 1295 2677 1359 ἐϐιάζοντο
2711 1294 2989 1364 διαμένειν
3034 1293 3180 1360 ὕψει,
3203 1334 3217 1349 .
3241 1331 3260 1350 .
3282 1332 3298 1349 .
3320 1333 3336 1349 .
3356 1332 3371 1347 .
3397 1336 3409 1349 .
3432 1334 3447 1348 .
3475 1295 3594 1349 ἀλλ’
3630 1295 3724 1349 οὖν
3766 1300 3800 1366 ὴ
3850 1299 3981 1364 ἁγία

2402 1385 2498 1437 καὶ⁵
2526 1385 2882 1455 οίκουμενικὴ
2906 1384 3122 1449 σύνοδος
3153 1384 3315 1457 αὕτη,
3343 1389 3435 1440 καὶ
3459 1389 3617 1441 τοῦτο
3638 1389 3979 1458 ρυθμίζουσα

2401 1476 2460 1528 τὸ
2507 1478 2824 1544 παρόραμα,
2874 1477 2967 1530 καὶ
3017 1476 3153 1547 πρὸς
3192 1477 3314 1539 τοὺς
3368 1477 3862 1547 ικκλησιαστικοὺς
3892 1480 3974 1533 Os.

2402 1567 2572 1635 σμοὺς
2606 1567 2703 1637 τὴν
2739 1566 2974 1620 ἄτακτον
2999 1568 3205 1634 ταύτην
3237 1568 3585 1635 ὲπανάγουσα
3608 1570 3976 1639 πρᾶξιν,ὧρι-

2400 1673 2491 1709 σεν
2516 1657 2603 1708 ῐνα
2625 1658 2678 1709 εἰ
2702 1675 2780 1719 τις
2815 1660 3114 1722 ἐπίσκοπος
3144 1660 3176 1729 ἦ
3199 1677 3283 1721 τις
3306 1660 3463 1721 ἄλλος
3481 1660 3574 1712 τοῦ
3592 1662 3978 1730 ἀρχιερατικοῦ

2399 1746 2711 1816 ἀξιώματος
2760 1748 2897 1817 πρὸς
2939 1749 3031 1800 τὸν
3068 1752 3359 1819 μοναχικδν
3401 1751 3646 1818 θελήσειε
3697 1753 3979 1805 κατελθεῖν

736 1848 1088 1897 monasticam
1128 1841 1481 1908 descendere,
1514 1843 1594 1894 vel
1626 1844 1957 1908 pteuitcntize
1997 1842 2172 1893 locum
2199 1840 2299 1892 iin-
2332 1814 2364 1868 Β

2404 1814 2654 1907 picum
2676 1840 2767 1891 τὸν
2789 1814 2886 1908 τῆς
2918 1814 3398 1910 μετανοίαςγτόπον
3424 1814 3845 1911 ἀναπληρῶσαι,
3874 1836 3978 1912 ’μηι

734 1937 898 2000 plere,
959 1948 1025 1985 ne
1076 1932 1309 1999 amplius
1358 1931 1617 1983 antistitis
1669 1930 1991 1997 dignitatem
2054 1936 2295 1994 usurpet.

733 2025 1120 2076 Munachorum
1181 2024 1323 2075 enim
1378 2020 1773 2090 proicssioncs,
1829 2019 2190 2088 sulijectionis
2247 2028 2301 2070 et

732 2115 975 2167 discendi
1017 2112 1332 2180 cupiditatis
1382 2112 1643 2163 rationem
1694 2111 1917 2171 habent,
1968 2124 2075 2162 non
2116 2117 2298 2161 autem

731 2206 992 2257 doctrina1
1026 2205 1106 2254 vel
1146 2204 1409 2268 primatus
1453 2220 1465 2254 :
1515 2216 1612 2254 nec
1642 2202 1781 2253 alios
1818 2214 2064 2269 pascere,
2112 2199 2207 2252 sed
2239 2212 2299 2251 se

732 2296 878 2364 pasci
914 2296 1255 2362 proﬁtentur.
1314 2292 1377 2344 Et
1414 2293 1554 2353 ideo,
1605 2292 2063 2359 quemadmodum
2103 2289 2299 2360 pradi-

731 2396 876 2439 ctum
931 2393 1035 2447 est,
1094 2382 1441 2435 decernimus
1506 2391 1564 2433 ut
1616 2395 1772 2433 nemo
1821 2396 2030 2444 eorum,
2094 2380 2184 2447 qui
2242 2380 2296 2431 in

766 2474 1088 2543 piscopalem
1141 2480 1530 2542 pastorumque
1586 2474 1890 2540 catalogqu
1933 2474 2137 2525 relatus
2189 2479 2293 2534 est,

730 2564 795 2616 ad
830 2579 1038 2625 eorum,
1064 2563 1154 2630 qui
1183 2571 1482 2629 pascuntur
1510 2570 1563 2615 et
1594 2574 1759 2631 agunt
1792 2564 2189 2631 paenitentiam,
2211 2563 2293 2615 lo-

730 2668 941 2706 cumse
985 2653 1252 2705 demittat.
1292 2653 1346 2705 Si
1392 2654 1514 2719 quis
1543 2664 1721 2705 autem
1771 2655 1874 2707 hoc
1909 2653 2086 2706 facere
2130 2667 2296 2706 ausus

730 2745 917 2806 fuerit,
949 2750 1068 2811 post
1097 2742 1565 2796 denuntiationem
1601 2750 1655 2795 et
1683 2742 2101 2795 declaratioaem
2136 2741 2297 2809 hujus

729 2838 885 2889 editte
915 2835 1216 2893 sententia.
1252 2837 1366 2900 ipse
1393 2838 1485 2901 qui
1519 2835 1759 2901 seipsunt
1795 2833 2089 2901 episcopali
2125 2832 2295 2901 gradu

732 2930 979 2994 privavit.
1014 2940 1117 2977 non
1155 2925 1392 2991 amplius
1422 2924 1487 2977 ad
1519 2924 1779 2992 priorem,
1804 2937 1967 2991 quam
2000 2922 2159 2976 factis
2203 2923 2295 2977 de-

737 3018 965 3085 Spicatui
1008 3017 1195 3069 habuit
1225 3017 1541 3084 dignitatem
1579 3025 1896 3069 revertetur.
1920 3014 2295 3083 Comprehen-

728 3109 877 3160 ditur
923 3120 1102 3159 autem
1148 3117 1201 3159 et
1247 3116 1369 3160 ante
1412 3107 1574 3172 hujus
1626 3105 2135 3172 promulgationem,
2184 3119 2294 3156 non
2323 3128 2364 3183 ο

729 3201 900 3251 solum
935 3213 1050 3252 eos.
1079 3198 1170 3265 qui
1205 3198 1361 3250 altari
1399 3198 1667 3260 serviunt,
1720 3193 2089 3249 subdiaconus
2140 3193 2292 3248 vide-

728 3290 853 3342 licet
884 3290 1141 3342 diaconos
1172 3298 1226 3342 et
1268 3287 1615 3351 sacerdotes;
1647 3286 1739 3340 sed
1767 3287 2111 3339 ctautistites
2143 3286 2293 3353 ipsos

725 3381 883 3432 etiam
928 3388 1053 3448 post
1084 3391 1362 3433 tonsuram
1393 3378 1721 3432 sacriﬁcare.
1756 3376 1891 3430 Cum
1938 3378 2105 3443 igitur
2146 3376 2292 3430 anti-

725 3470 881 3523 stites
913 3484 1034 3523 cum
1063 3471 1326 3538 grmitale
1379 3469 1639 3521 canonica
1680 3482 1707 3519 a
1745 3466 2051 3520 sacerdotio
2084 3466 2291 3521 abalie-

726 3563 834 3612 nati
868 3562 995 3621 sint,
1036 3574 1315 3627 propterea
1349 3560 1491 3627 quod
1534 3571 1655 3627 post
1693 3567 1974 3612 tonsuram
2004 3560 2070 3613 ad
2109 3560 2288 3612 locum

722 3649 1117 3715 discipdurnm
1167 3658 1221 3701 et
1270 3650 1650 3715 paenitentiam
1704 3649 1982 3713 venerint,
2054 3648 2289 3717 indeque

722 3739 884 3793 alieni
940 3737 1065 3790 lacti
1118 3736 1318 3791 fuerint
1376 3737 1637 3806 dignitate
1678 3736 1926 3791 doctoria
1972 3738 2285 3792 sacerdotes

720 3830 966 3892 omnino,
1013 3836 1067 3882 et
1111 3829 1203 3896 qui
1250 3828 1570 3896 simpliciter
1614 3828 1774 3881 altari
1834 3828 2077 3881 serviunt
2121 3830 2286 3891 etiam

724 3926 845 3986 post
905 3918 1364 3977 tonsuram,citra
1408 3916 1852 3983 impedimentum
1913 3917 2288 3985 operabuntur

722 4022 841 4075 qua:
894 4007 958 4057 ad
1006 4008 1244 4075 ipsorum
1290 4006 1489 4074 gradus
1533 4006 1825 4073 pertinent.
1882 4004 2015 4058 Nam
2062 4014 2114 4060 et
2159 4014 2286 4060 ante

724 4107 1004 4149 tonsuram
1047 4099 1268 4164 pariter,
1306 4112 1369 4148 ac
1400 4103 1519 4163 pust
1548 4094 1791 4149 eamdem
1825 4094 2039 4148 fuerant
2067 4106 2120 4150 et
2157 4102 2286 4151 sunt

719 4187 970 4254 discipuli
1004 4195 1060 4238 et
1098 4186 1348 4253 subjecti.

793 4274 956 4328 Inter.
989 4275 1042 4329 9.
1087 4274 1143 4327 Si
1176 4275 1349 4329 laicus
1402 4276 1455 4328 in
1496 4280 1701 4329 somnis
1743 4289 2070 4345 imaginatus
2099 4276 2281 4343 fuerit,

723 4375 961 4419 meretur
983 4380 1048 4418 eo
1080 4366 1167 4419 die
1194 4367 1497 4418 divinarum
1535 4366 2025 4420 sanctiﬁcationum
2060 4369 2281 4437 partici-

2403 1932 2518 1983 κέτι
2553 1929 2739 1983 λοιπὸν
2763 1932 2861 2001 τῆς
2893 1933 3285 2002 ἀρχιερατικῆς
3319 1935 3661 2003 ἀντιποιῆται
3695 1935 3880 2001 ἀξίας.
3914 1938 3977 1988 Δί

2401 2022 2509 2091 γὰρ
2531 2022 2638 2074 τῶν
2681 2022 2930 2092 μοναχῶν
2976 2024 3241 2092 συνθῆκαι
3272 2025 3549 2091 ὑποταγῆς
3579 2026 3760 2094 ἔχουσι
3798 2026 3976 2094 λόγον,

2400 2113 2494 2166 καὶ
2516 2113 2836 2183 μαθητείας,
2858 2114 2972 2166 ἀλλ’
3000 2115 3121 2183 οὐχὶ
3136 2115 3480 2178 διδασκαλίας
3500 2117 3594 2167 καὶ
3616 2116 3944 2185 προεδρείας
3962 2133 3975 2147 '

2400 2201 2521 2253 οὐδὲ
2546 2203 2854 2269 ποιμαίνειν
2882 2201 3095 2266 ἄλλους,
3126 2203 3261 2257 ἀλλά
3290 2204 3671 2273 ποιμαίνεσθαι
3703 2206 3978 2273 ἐπαγγελ-

2398 2292 2601 2347 λονται.
2617 2294 2729 2356 Διὸ,
2750 2293 2890 2347 καθά
2905 2295 3251 2365 προείρηται,
3274 2296 3601 2366 θεσπίζομεν
3626 2299 3827 2367 μηκέτι
3857 2298 3977 2351 τινά

2396 2384 2506 2436 τῶν
2527 2386 2586 2438 ἐν
2609 2386 2641 2437 ἁ
2650 2400 2765 2453 ρχιε
2774 2385 2983 2456 ρατικῷ
3005 2386 3293 2454 καταλόγῳ
3314 2388 3408 2439 καὶ
3430 2388 3700 2456 ποιμένων
3722 2386 3981 2452 ἐξεταζο.

2402 2480 2577 2546 μένων
2602 2480 2681 2540 είς
2704 2478 2804 2546 τὴν
2825 2478 2934 2529 τῶν
2964 2478 3405 2546 ποιμαινομένων
3440 2480 3534 2532 καὶ
3568 2477 3982 2545 μετανοούντων

2397 2567 2581 2638 χώραν
2595 2568 2787 2620 ίαυτδν
2809 2566 3219 2630 καταϐιϐάζειν.
3240 2567 3300 2618 Ei
3316 2566 3375 2619 δέ
3395 2583 3478 2631 τις
3504 2566 3661 2619 τοῦτο
3678 2569 3979 2636 τολμήσειε

2399 2658 2605 2726 πρᾶξαι
2624 2657 2763 2726 μετὰ
2779 2657 2875 2726 τὴν
2902 2658 3211 2725 εκφώνησιν
3236 2658 3329 2710 καὶ
3346 2657 3635 2724 διάγνωσιν
3651 2660 3749 2727 τῆς
3764 2659 3862 2709 νῦν
3883 2662 3976 2711 ικ-

2398 2744 2797 2814 πεφωνημίνης
2819 2744 3017 2814 ψήφου,
3051 2745 3213 2807 αὐτὸς
3248 2745 3438 2799 ἑαυτὸν
3459 2747 3553 2799 τοῦ
3584 2748 3977 2816 ἀρχιερατικοῦ

2397 2833 2779 2903 ἀποστερήσας
2811 2833 3043 2903 βαθμοῦ,
3078 2823 3263 2887 οὐκέτι
3295 2836 3430 2901 πρὸς
3456 2835 3516 2888 τὸ
3550 2838 3814 2907 πρότερον
3841 2839 3979 2907 ὅπερ

2396 2924 2625 2992 ὴθέτησε
2650 2924 2737 2975 διὰ
2764 2925 2873 2976 τῶν
2897 2925 3074 2992 ἔργων
3098 2926 3314 2994 ἀξίωμα
3336 2926 3760 2995 επαναστρέψει.
3786 2928 3976 2979 Κατα-

2396 3015 2735 3081 λαμϐάνεται
2757 3015 2811 3066 δὲ
2842 3015 2945 3083 πρὸ
2975 3016 3073 3082 τῆς
3099 3017 3460 3085 ἑκφωνήσεως
3484 3018 3672 3070 τούτου
3708 3019 3783 3086 μὴ
3812 3022 3886 3087 μό
3899 3037 3977 3071 ιον

2398 3107 2525 3164 τοὺς
2573 3104 2666 3155 τοῦ
2712 3105 2978 3173 βήματος,
3026 3105 3193 3173 ἡγουν
3244 3105 3650 3169 ὑποδιακόνους,
3688 3092 3978 3171 διακόνους

2401 3194 2497 3245 καὶ
2527 3196 2709 3264 ίερεῐς,
2748 3195 2885 3246 ἀλλὰ
2927 3196 3020 3248 καὶ
3060 3197 3259 3258 αὐτοὺς
3288 3198 3416 3259 τοὺς
3445 3200 3723 3269 ἀρχιερεῖς
3762 3201 3980 3273 ίερουρ-

2400 3287 2516 3351 γεῐν
2551 3287 2643 3337 καὶ
2677 3287 2818 3354 μετά
2848 3287 2946 3356 τὴν
2988 3286 3315 3356 ἀπόκαρσιν.
3351 3288 3474 3340 Τῶν
3499 3288 3630 3356 γοῦν
3667 3293 3976 3361 ἀρχιερέων

2402 3376 2520 3444 μετ’
2554 3375 2871 3445 εμσριθείας
2902 3378 3188 3446 κανονικῆς
3216 3379 3280 3429 ἑκ
3306 3378 3407 3445 τῆς
3446 3380 3741 3449 ίερωσύνης
3768 3382 3973 3447 dmi:-

2399 3468 2697 3531 νωθέντων,
2732 3468 2819 3521 διὰ
2874 3469 2934 3519 τὸ
2984 3468 3121 3537 μετὰ
3175 3469 3276 3537 τὴν
3332 3469 3640 3540 ἀπόκαρσιν
3670 3472 3750 3531 είς
3805 3475 3975 3527 τόπον

2400 3560 2790 3630 μαθητιὼντων
2838 3560 2931 3610 καὶ
2974 3559 3382 3625 μετανοούντων
3429 3561 3622 3624 ἐλθεῖν,
3673 3564 3971 3615 κάντεῦθεν

2396 3650 2907 3719 ἀπαλλπριωθῆναι
2937 3649 3031 3702 τοῦ
3059 3650 3444 3705 διδασκαλικοῦ
3473 3652 3802 3722 ἀξιώματος,
3834 3657 3973 3707 πᾶν·

2393 3758 2501 3805 τως
2536 3741 2586 3794 οί
2624 3743 2787 3809 ἱερεῖς
2813 3742 2908 3793 καὶ
2938 3738 3124 3804 ἁπλῶς
3153 3741 3202 3793 οἱ
3242 3740 3334 3793 τοῦ
3366 3741 3607 3811 βήματος
3638 3744 3971 3813 ἀπαρεμπο-

2393 3832 2587 3895 δίστως
2632 3830 2727 3883 καὶ
2774 3830 2909 3900 μετά
2956 3831 3056 3899 τὴν
3114 3830 3420 3901 ἀπόκαρσιν
3472 3832 3540 3886 τὰ
3585 3832 3691 3884 τῶν
3742 3833 3975 3902 βαθμιῖν

2393 3924 2747 3993 ινεργήσουσι
2787 3922 2991 3978 δίκαια.
3025 3923 3132 3975 Καὶ
3164 3922 3269 3993 πρὸ
3312 3923 3407 3992 τῆς
3445 3923 3809 3995 ἀποκάρσεως
3860 3932 3972 3996 γὰρ

2394 4012 2674 4075 ὡσαύτως,
2737 4014 2833 4066 καὶ
2886 4012 3023 4083 μετά
3070 4013 3168 4083 τὴν
3221 4014 3526 4084 ἀπόκαρσιν
3571 4016 3815 4086 μαθηταὶ
3874 4020 3972 4071 καὶ

2394 4103 2753 4155 ὑποτακτικοὶ
2779 4099 2922 4173 ἦσαν
2951 4104 3044 4154 καὶ
3077 4102 3204 4157 εἰσί.

2474 4285 2796 4353 Ἐρώτησις
2831 4282 2898 4338 θ’.
2952 4285 3152 4346 Λαῖκος
3215 4285 3306 4338 ἓάν
3355 4285 3661 4355 φαντασθῇ,
3702 4286 3965 4355 ἀξιωθείη

2393 4374 2706 4446 αὐθημερὸν
2742 4376 2839 4446 τῆς
2864 4376 2973 4428 τῶν
3003 4375 3162 4428 θείων
3206 4377 3563 4445 ἁγιασμάτων
3602 4376 3897 4445 μεθέξεως,
3930 4381 3963 4449 ἢ

720 4460 1016 4525 pationem,
1045 4456 1261 4509 necne?
1286 4454 1348 4507 Et
1378 4471 1445 4508 an
1474 4457 1753 4521 sacerdos,
1787 4458 1878 4526 qui
1904 4458 2045 4512 idem
2082 4473 2281 4528 passus
2315 4460 2359 4516 D

2397 4464 2448 4517 οὔ
2471 4483 2486 4530 ;
2517 4467 2609 4518 καὶ
2635 4466 2815 4535 ίερεὺς
2836 4466 2929 4518 ἐὰν
2952 4465 3251 4534 φαντασθῄ,
3278 4468 3617 4536 ίερουργήσει
3646 4469 3769 4519 κατ’
3793 4470 3966 4539 αὐτὴν

717 4558 821 4608 est,
847 4562 996 4599 sacra
1032 4546 1301 4609 conficiet,
1345 4546 1558 4599 necne?

794 4635 913 4690 lies.
945 4638 1231 4689 Antistites
1266 4637 1466 4703 (inquit
1505 4651 1662 4694 saera
1703 4635 2010 4705 Scriptura)
2049 4638 2193 4693 dona
2228 4648 2283 4695 et

715 4730 927 4781 hostias
958 4727 1211 4788 oﬂ‘ereus,
1246 4728 1312 4779 ab
1346 4727 1658 4781 hominibus
1686 4729 1903 4795 accipit,
1935 4739 1987 4781 et
2024 4731 2283 4797 quemad-

718 4820 935 4871 modum
987 4816 1142 4871 oﬂ’ert
1183 4816 1290 4870 Deo
1330 4833 1427 4886 pro
1472 4817 1692 4885 populo,
1736 4817 1817 4870 sic
1857 4827 1909 4870 et
1950 4832 2045 4885 pro
2076 4821 2279 4887 seipso.

717 4908 847 4962 Nam
890 4919 941 4961 et
983 4924 1103 4963 eum
1157 4910 1351 4976 premit
1392 4910 1626 4960 carnalis
1668 4907 2003 4962 inﬁrmitatis
2045 4911 2277 4977 pondus.

718 4998 914 5053 Verum
954 5010 1009 5054 et
1049 5014 1145 5070 per
1192 4997 1374 5051 Mosen
1417 4998 1555 5051 dixit
1586 4997 1867 5061 Dominus,
1916 4998 2098 5052 Mundi
2131 5014 2283 5052 mun-

716 5090 843 5144 dum
872 5091 1088 5143 adeant.
1126 5089 1390 5143 Maculam
1422 5096 1601 5140 autem
1627 5088 1834 5141 habens
1863 5088 1915 5140 in
1943 5091 2142 5152 anima,
2179 5092 2280 5143 sub

716 5181 895 5235 velum
930 5196 1104 5233 meum
1136 5196 1242 5234 non
1292 5179 1647 5247 ingredietur,
1678 5193 1778 5231 nec
1809 5179 1872 5229 ad
1903 5180 2071 5232 altare
2099 5195 2278 5233 meum

714 5272 1193 5342 appmpiuquabit.
1229 5270 1381 5326 Unde
1413 5278 1467 5324 et
1508 5279 1614 5323 tres
1658 5270 1990 5323 sanctissimi
2042 5271 2280 5339 patriar-

714 5365 828 5417 cha:
861 5365 1043 5416 throni
1082 5362 1461 5427 Alexandria,
1498 5368 1721 5413 sanctus
1765 5358 2052 5428 Dionysius
2087 5361 2267 5413 videli-

713 5463 799 5507 cet
833 5453 1138 5508 rescribens
1173 5453 1237 5506 ad
1282 5451 1571 5506 Baéilidem
1598 5444 1934 5519 episcopum,
1964 5459 2016 5504 et
2049 5466 2277 5521 magnus

712 5546 1067 5607 Athanasius,
1093 5545 1334 5615 regulam
1365 5543 1722 5612 praescribens
1757 5544 2022 5596 monacho
2058 5544 2277 5600 cuidam

716 5643 908 5693 Amum
940 5638 1347 5707 cognominato,
1378 5644 1432 5689 et
1467 5645 1688 5690 sanctus
1729 5632 2066 5695 Timotheus,
2099 5636 2167 5691 de
2218 5653 2276 5691 re

712 5728 1018 5800 bujusmodi
1068 5727 1459 5795 respondentes
1494 5726 1837 5794 quibusdam,
1886 5728 1975 5792 qui
2008 5726 2155 5795 ipsos
2191 5729 2277 5782 in-

2389 4556 2489 4625 τὴν
2512 4556 2730 4624 ἡμέραν
2759 4554 2851 4607 τοῦ
2876 4556 3218 4625 φαντασμοῦ,
3259 4556 3291 4624 ἦ
3322 4555 3383 4609 οὗ
3414 4574 3429 4623 ;

2475 4647 2605 4700 ’Δπ.
2654 4646 2710 4698 '0
2745 4646 3073 4715 προσφέρων
3122 4646 3279 4716 (φησι
3308 4647 3367 4698 τὸ
3413 4648 3649 4716 Γράμμα
3687 4649 3746 4701 το
3789 4649 3958 4719 ιερδν)

2388 4736 2537 4806 δῶρα
2582 4739 2675 4788 καὶ
2716 4737 2909 4798 θυσίας
2956 4737 3263 4805 ἀρχιερεὺς,
3289 4736 3348 4800 ἐξ
3397 4738 3695 4807 ἀνθρώπων
3743 4740 3959 4809 λαμεά-

2387 4844 2557 4890 νεται,
2591 4827 2684 4879 καὶ
2716 4826 2900 4889 καθὼς
2931 4828 3057 4896 περὶ
3081 4826 3175 4878 τοῦ
3210 4826 3339 4879 λαοῦ
3378 4829 3673 4899 προσφέρει
3700 4829 3777 4897 τῷ
3815 4830 3957 4900 Θεῷ,

2384 4916 2526 4969 οὕτω
2555 4916 2616 4985 δὴ
2649 4919 2741 4969 καὶ
2774 4917 2901 4987 περὶ
2936 4916 3158 4968 ἕαυτοῖν
3187 4918 3306 4968 ἐπεὶ
3337 4917 3433 4969 καὶ
3456 4917 3605 4987 αὐτῷ
3630 4917 3799 4989 βάρος
3828 4938 3959 4991 cap.

2384 5010 2545 5076 κικῆς
2570 5007 2855 5067 ἀσθενείας
2907 5007 3201 5058 ἐπίκειται.
3247 5006 3405 5060 Ἀλλά
3453 5010 3543 5061 καὶ
3594 5010 3680 5061 διὰ
3710 5012 3959 5076 Μωσέως

2382 5096 2535 5153 εἶπεν
2565 5104 2591 5154 ὁ
2628 5102 2850 5171 Κύριος,
2880 5100 2945 5153 Oi
2976 5101 3203 5170 καθαροὶ
3235 5101 3311 5169 τῷ
3334 5102 3557 5171 καθαρῷ
3586 5107 3954 5170 προσίτωσαν.

2392 5190 2451 5243 Ὀ
2488 5190 2545 5242 δὲ
2600 5189 2788 5259 μῶμον
2837 5188 2976 5258 ἔχων
3015 5191 3153 5242 κατὰ
3198 5188 3400 5259 ψυχὴν,
3429 5193 3565 5259 πρὸς
3615 5191 3677 5244 τὸ
3704 5196 3951 5247 καταπέ-

2381 5279 2567 5348 τασμά
2599 5295 2700 5346 μου
2726 5278 2824 5329 οὐκ
2856 5275 3248 5344 είσελεύσεται,
3272 5279 3365 5329 καὶ
3398 5280 3532 5348 πρὸς
3561 5280 3623 5332 τὸ
3653 5279 3954 5355 θυσιαστή-

2388 5373 2500 5443 ριόν
2567 5389 2670 5434 μου
2724 5372 2823 5423 οὐκ
2872 5373 3081 5439 ιγγιεῖ·
3131 5370 3253 5423 ὅθεν
3298 5372 3392 5425 καὶ
3446 5369 3952 5442 τρείς’ἀγιώτατοι

2384 5465 2720 5533 πατριάρχαι
2756 5461 2848 5514 τοῦ
2881 5462 3072 5531 θρόνου
3106 5461 3207 5530 τῆς
3262 5461 3686 5533 Ἀλεξανδρείας,
3714 5468 3744 5517 ὸ
3792 5466 3951 5533 ἅγιος

2383 5554 2655 5615 Διονύσιος
2683 5552 2904 5622 δηλαδὴ,
2932 5552 3284 5620 ἀντιγράφων
3318 5553 3451 5621 πρὸς
3477 5553 3795 5623 Βασιλείδην
3830 5558 3949 5608 δπί-

2383 5650 2604 5707 σκοπον,
2639 5645 2666 5693 ό
2718 5644 2889 5710 μέγας
2931 5640 3247 5703 ’Δθανάσιος
3280 5640 3576 5705 κανονίζων
3607 5642 3732 5696 τινὰ
3781 5662 3948 5713 μονα..

2383 5734 2495 5801 χδν,
2534 5730 2733 5798 Ἀμοῦν
2757 5730 3249 5800 ἐπονομαζόμενον,
3294 5730 3386 5781 καὶ
3412 5730 3441 5781 ό
3475 5730 3627 5798 ἅγιος
3658 5733 3944 5801 Τιμόθεος,
