4214 6450
254 381 360 442 965

1027 374 1410 438 ΒΕΞΡΟΝΞᾹ
1448 376 1547 432 Al)
1592 376 2330 438 lN'l’ERBOGATlONE’S
2358 379 2618 445 lllAliCl.

3392 386 3496 448 966

254 516 373 563 σεις
401 500 595 567 Πάσχα
633 498 820 567 Κυρίῳ
852 497 926 565 τῷ
953 498 1070 565 Θεῷ
1099 517 1214 552 σου.
1250 500 1529 552 Ἐντεῦθεν
1568 501 1823 569 καθαρῶς
1855 504 1898 556 Α

1822 520 1823 525 η
1855 504 1898 556 Α
1928 502 2011 554 bis
2042 502 2330 571 Paschalis
2368 504 2598 556 Domino
2630 503 2738 558 Deo
2770 515 2887 560 tuo.
2915 504 3043 561 Inde
3071 506 3219 561 clare
3249 506 3486 565 innucns

248 591 619 658 αἰνιττόμενος
685 589 779 640 τοῦ
853 589 1145 642 Ἰουδαῖκοῦ
1202 594 1390 659 Πάσχα
1437 590 1816 657 τὴν“παντελῆ

248 682 553 755 ἀπραξίαν,
590 682 677 735 διὰ
710 682 770 732 τὸ
797 682 888 733 τοῦ
941 684 1106 733 τόπου
1162 681 1488 749 μονώτατοι).
1552 681 1610 729 'tl
1638 681 1693 732 δὲ
1741 678 1816 731 νο’

250 775 430 827 κανὼν
481 775 579 842 τῆς
611 776 667 824 ὲν
705 773 783 841 τῷ
814 772 1069 840 Τρούλλῳ
1114 772 1207 824 τοῦ
1262 774 1499 839 μεγάλου
1554 772 1818 823 παλατίου

248 866 525 931 συστάσης
553 864 715 928 ἁγίας
748 862 839 913 καὶ
870 863 1259 930 οίκονμενικῆς
1293 862 1531 921 συνόδου,
1565 862 1656 912 καί
1680 864 1707 914 ό
1736 862 1818 913 πδ¹

248 955 431 1006 κανὼν
462 955 555 1022 τῆς
585 955 643 1003 ἐν
678 953 1009 1023 Καρθαγένῃ
1048 954 1291 1014 συνόδου,
1325 952 1644 1020 καθαιρέσει
1678 951 1813 1004 καθ-

249 1044 611 1097 υποὸἁλλουσι
634 1045 725 1095 τὸν
747 1047 805 1096 ὲν
832 1043 1107 1112 εὐκτηρίῳ
1126 1043 1261 1113 οῖκῳ
1293 1044 1435 1094 θεῖον
1458 1042 1818 1095 ὲκτελέσαντα

249 1134 549 1201 βάπτισμα.
590 1133 926 1204 Διορίζονται
972 1134 1082 1201 γάρ
1136 1136 1193 1185 έν
1238 1133 1553 1194 καθολικαῖς
1618 1132 1820 1199 ἐκκλη-

249 1227 390 1284 σίαις
412 1227 477 1275 τὰ
506 1223 855 1292 βαπτίσματα
878 1224 1144 1290 γίνεσθαι,
1191 1224 1354 1276 Ἀλλά
1387 1224 1480 1276 καὶ
1496 1224 1617 1275 όλα¹
1641 1221 1819 1275 κανὼν

242 1316 341 1379 τῆς
371 1316 427 1365 ἑν
456 1314 533 1381 τῷ
561 1314 813 1384 τρούλ).ῳ
850 1315 1091 1377 συνόδου,
1125 1316 1218 1367 καὶ
1248 1317 1275 1368 6
1307 1316 1371 1385 ιβ’
1418 1312 1597 1366 κανὼν
1627 1314 1727 1381 τῆς
1764 1316 1820 1365 ἐν

243 1402 321 1472 τῷ
355 1404 468 1472 ναῷ
498 1405 605 1457 τῶν
656 1406 826 1471 ἁγίων
879 1404 1202 1457 ἀποστόλων
1250 1406 1526 1473 συστάσης
1579 1406 1818 1466 συνόδου,

243 1493 625 1547 διατάττονται
668 1495 805 1563 μετὰ
843 1495 1198 1564 ἐκχωρήσεως
1232 1497 1594 1559 ἐπισκοπικῆς
1620 1495 1713 1546 καὶ
1742 1495 1822 1555 εἰς

244 1584 566 1653 εὐκτηρίους
596 1584 779 1645 οἰκους
811 1586 1082 1637 τελεῖσθαι
1116 1584 1491 1651 βαπτίσματα.
1539 1584 1597 1635 Ὀ
1636 1584 1821 1651 μέντοι

245 1676 491 1744 ἀοίδιμος
519 1675 769 1741 βασιλεὺς
796 1675 982 1744 κύριος
1015 1676 1189 1739 Λέων,
1214 1678 1241 1727 ό
1267 1677 1450 1742 σοφὸς,
1485 1673 1695 1741 βλέπων
1724 1674 1822 1742 τὴν

246 1762 526 1834 ὀρθόδοξον
575 1762 757 1814 πίστιν
816 1763 1224 1832 εὑθηνουμένην
1279 1763 1355 1825 ὼς
1402 1762 1685 1831 ἄμπελον,
1730 1763 1823 1813 καὶ

245 1853 617 1921 αὐξανομένην
666 1852 744 1915 ὡς
776 1854 1009 1921 νεόφυτα
1058 1853 1277 1917 ἐλαιῶν,
1327 1851 1515 1919 κύκλῳ
1554 1852 1655 1920 τῆς
1688 1868 1821 1920 τρα-

248 1944 422 2012 πέζης
461 1944 568 1995 τῶν
612 1942 816 2012 ταύτης
860 1942 1188 2011 έκκλησιῶν,
1238 1942 1531 2012 διωρίσατο
1564 1944 1619 1993 ὲν
1656 1939 1699 1993 δ’
1730 1942 1823 1992 καὶ

247 2036 306 2085 ἐν
350 2042 409 2085 ιε’
456 2034 644 2104 Neap;
689 2033 1017 2102 θεσμοθεσία
1070 2032 1237 2085 αὑτοῦ
1293 2034 1367 2102 μὴ
1405 2034 1565 2102 μόνον
1611 2033 1822 2095 εἰςτὰς

248 2129 544 2199 ἐκκλησίας
597 2128 728 2182 ἀλλὰ
780 2128 872 2180 καὶ
931 2129 1012 2189 εἰς
1062 2128 1188 2189 τοὺς
1244 2126 1569 2195 εὐκτηρίους
1639 2128 1823 2188 οίκους

249 2220 609 2281 ἁδιαστίκτως
634 2219 1030 2289 ἰεροτελεστίας
1054 2220 1147 2273 καὶ
1181 2218 1532 2289 βαπτίσματα
1555 2218 1819 2285 γίνεσθαι.

248 2312 341 2363 Διὸ
375 2312 513 2362 κατὰ
542 2310 639 2379 τὴν
678 2311 880 2362 τούτων
911 2309 1225 2379 περίληψιν,
1256 2310 1284 2360 6
1316 2310 1452 2378 μετά
1481 2309 1824 2378 ἁντιμινσίου

249 2402 650 2473 ἱερουργήσας,
682 2401 714 2470 ἢ
750 2401 1019 2469 βαπτίσας
1068 2403 1147 2463 εἰς
1191 2402 1480 2471 εὐκτήριον
1526 2397 1708 2463 οἷκον,
1750 2400 1825 2471 μὴ

250 2492 542 2563 ίερωθέντα
572 2492 637 2545 δι’
680 2494 976 2559 ὲγκαινίων
1006 2492 1275 2555 ἁνοιξίων,
1309 2493 1403 2544 καὶ
1431 2491 1522 2544 τοῦ
1562 2494 1823 2563 συνήθους

247 2582 622 2653 ἐνθρονισμοῦ,
652 2584 738 2637 ναὶ
768 2584 953 2653 μέντοι
1000 2585 1091 2636 καὶ
1121 2583 1210 2636 διὰ
1240 2583 1511 2652 λειψάνων
1541 2582 1711 2649 ἁγίων
1738 2585 1825 2634 έν-

250 2675 549 2746 σοριασμοῦ
576 2675 779 2746 (ταῦτα.
800 2676 907 2745 γάρ
954 2676 1060 2728 εἰσι
1095 2675 1204 2728 τῶν
1252 2674 1551 2727 καθολικῶν
1588 2675 1821 2742 Ἐκκλη-

250 2768 381 2819 σιῶν
411 2766 939 2835 ἀποθησαυρίσματα
965 2766 1056 2819 καὶ
1080 2763 1530 2833 ὑψώματα),·ἀλλ’
1556 2766 1634 2826 εις
1660 2766 1826 2835 εὒκὴν

248 2859 504 2929 οἱκιακὴν
534 2857 897 2927 ἀφορισθέντα
928 2856 1159 2921 πιστῶν,
1191 2856 1224 2925 ἢ
1258 2858 1339 2919 εἰς
1373 2855 1614 2908 οἰκίσκον
1642 2856 1828 2909 πλοια-

252 2950 371 3015 ιίου
414 2948 557 3008 τινδς
602 2946 1077 3014 ἁποταμιευθέντα
1121 2946 1263 3017 Θεῷ,
1318 2946 1414 2999 καὶ
1442 2946 1623 3015 ἁγίαις
1656 2947 1827 2999 εἰκόσι

252 3038 659 3107 κοσμούμενον,
714 3037 775 3090 οὐ
830 3037 1326 3107 προκριματισθείη
1376 3037 1453 3100 ὥς
1506 3038 1830 3107 παραϐάτης

1920 589 2129 643 Jndaici
2164 590 2447 644 Paschalis
2476 591 2686 658 plenam
2722 595 3082 657 vacationem,
3125 606 3347 663 propter
3381 598 3482 652 loci

1921 682 2374 749 singularitatem.
2403 680 2591 734 CanOn
2624 692 2805 736 autem
2836 683 2905 737 59
2932 694 3135 737 sanctae
3157 694 3211 737 et
3239 700 3483 739 acume-

1920 774 2058 827 nicze
2099 774 2293 842 synodi
2314 785 2517 827 coacta:
2543 776 2594 827 in
2628 776 2816 829 Trullo
2849 780 3029 845 magni
3066 777 3275 846 palatii,
3306 789 3358 832 et
3393 795 3487 832 ca-

1922 880 2029 918 non
2087 864 2156 918 84
2199 865 2392 934 synodi
2460 865 2934 935 Carthaginensis,
2983 866 3307 933 dep'ositioni
3355 873 3487 925 sub-

1915 953 2135 1023 jiciunt.
2194 969 2344 1017 eum,
2429 954 2525 1023 qui
2578 956 2631 1008 in
2687 960 2928 1010 oratoria
3005 959 3169 1012 domo
3244 960 3488 1012 divinum

1924 1046 2218 1113 perﬁciunt
2247 1046 2538 1113 baptisma.
2596 1045 2856 1100 Statuunt
2882 1048 3030 1101 enim
3064 1050 3393 1115 baptismata
3436 1053 3489 1105 in

1924 1135 2213 1189 catholicis
2259 1135 2522 1191 Ecclesiis
2553 1137 2751 1191 debere
2780 1133 2920 1192 ﬁeri.
2978 1139 3082 1192 Sed
3112 1148 3167 1193 et
3200 1142 3261 1193 3|
3315 1156 3488 1193 canon

1922 1226 2112 1294 synodi
2134 1227 2186 1278 in
2218 1225 2425 1286 Trullo,
2489 1232 2546 1281 et
2600 1226 2668 1279 12
2710 1241 2886 1281 canon
2929 1230 3123 1297 synodi
3179 1238 3381 1282 coactae
3438 1231 3490 1280 in

1926 1318 2127 1385 templo
2165 1326 2481 1373 sanctorum
2534 1318 2931 1385 apostolorum.
2967 1321 3311 1372 constituunt
3346 1329 3404 1370 ut
3441 1327 3492 1370 et

1925 1406 1978 1458 in
2010 1407 2266 1459 oratoriis
2288 1405 2547 1460 domibus
2571 1408 2896 1475 baptismata
2922 1408 3051 1460 ﬁant
3079 1425 3202 1462 cum
3222 1410 3490 1476 permissu

1924 1496 2191 1564 epise0pi.
2254 1497 2498 1565 lnclytus
2555 1512 2687 1550 sane
2739 1498 3034 1565 iutperator
3092 1500 3349 1552 dominus
3385 1496 3493 1549 Leo

1924 1585 2309 1653 philosophus,
2341 1586 2533 1638 videns
2560 1587 2923 1639 orthodoxam
2973 1588 3131 1640 ﬁdem
3189 1589 3495 1640 exuberan—

1924 1684 2029 1727 tem
2051 1682 2109 1727 ιιι
2140 1676 2326 1739 vitem,
2357 1683 2410 1729 ct
2436 1687 2773 1730 crescentem
2830 1685 2887 1729 ut
2937 1679 3203 1730 olivarum
3246 1678 3495 1746 palmitrs

1926 1761 1979 1813 in
2040 1762 2275 1815 circuitu
2336 1776 2539 1814 mensa
2602 1763 2961 1816 ecclesiarum
3030 1764 3170 1832 ejus.
3254 1763 3499 1818 deﬁnivit

1926 1851 1981 1903 in
2011 1852 2043 1903 ι
2076 1860 2131 1905 et
2157 1852 2223 1905 l5
2264 1850 2509 1913 Novella,
2558 1866 2669 1906 non
2707 1861 2919 1906 tantum
2966 1852 3020 1906 in
3065 1853 3357 1909 catholicis
3394 1871 3498 1909 ec-

1926 1943 2138 2003 clesiis,
2172 1943 2265 1995 sed
2290 1952 2343 1995 et
2371 1942 2424 1995 in
2451 1946 2713 1997 oratoriis
2747 1944 3002 1998 domibus
3050 1943 3367 1999 indistincte
3411 1961 3501 2000 sa-

1925 2048 2015 2086 cra
2051 2032 2377 2094 ministeria,
2433 2041 2488 2085 et
2551 2035 2878 2101 baptismata
2938 2034 3076 2089 ﬁeri.
3123 2033 3495 2099 Quamobrem

1922 2120 2077 2187 juxta
2117 2120 2309 2173 barum
2373 2128 2643 2183 tenorem,
2683 2122 2773 2188 qui
2807 2135 2930 2172 cum
2974 2120 3307 2173 antimensio
3340 2135 3497 2174 sacra

1928 2210 2141 2273 fecerit,
2212 2218 2307 2263 aut
2348 2210 2703 2277 baptisaverit
2745 2211 2800 2264 in
2842 2211 3090 2263 oratoria
3151 2210 3333 2274 domo,
3389 2225 3500 2265 non

1927 2310 2252 2356 censecrata
2283 2317 2379 2370 per
2411 2301 2741 2354 initiatorias
2776 2301 3174 2362 dedicationes,
3207 2310 3261 2353 et
3299 2302 3501 2353 solem-

1928 2408 2051 2447 nem
2082 2392 2261 2448 throni
2306 2391 2811 2461 iuaugurationem,
2875 2393 3007 2460 quin
3072 2398 3125 2444 et
3158 2405 3250 2459 per
3279 2397 3502 2443 sancta-

1928 2499 2049 2538 rum
2086 2484 2441 2550 reliquiarum
2497 2480 2765 2533 tumulum
2842 2480 2920 2548 (hi
2972 2480 3116 2533 enim
3151 2487 3278 2533 sunt
3311 2478 3503 2531 catho-

1930 2577 2157 2631 licarum
2185 2573 2557 2628 Ecclesiarum
2592 2574 2837 2627 thesauri
2870 2582 2923 2626 et
2949 2571 3357 2638 exaltationes),
3405 2571 3499 2624 sed

1932 2670 1984 2721 in
2010 2666 2369 2722 domesticam
2403 2665 2710 2720 orationem
2750 2664 2992 2719 ﬁdelium
3025 2669 3298 2732 separata,
3328 2671 3421 2713 aut
3447 2662 3501 2713 in

1932 2760 2131 2829 navigii
2169 2758 2399 2824 alicujus
2432 2757 2765 2810 domuncula
2799 2755 2907 2809 Deo
2927 2756 3225 2817 destinata,
3283 2764 3337 2807 et
3380 2767 3505 2805 san-

1931 2849 2041 2903 ctis
2102 2848 2431 2915 imaginibus
2461 2854 2675 2911 ornata,
2707 2861 2814 2899 non
2841 2846 3079 2912 patietur
3110 2843 3505 2912 pra-judicium.

1933 2937 2161 3008 perinde
2195 2953 2259 2991 ac
2292 2939 2335 2992 si
2367 2952 2637 2991 canonum
2674 2946 3043 3005 transgressor
3070 2947 3238 2999 esset,
3273 2936 3508 2988 nullam-

1932 3048 2041 3102 que
2076 3047 2263 3085 eorum
2291 3030 2556 3083 rationem
2596 3029 2900 3083 habuisset.
2927 3028 3017 3082 Sic
3050 3029 3197 3081 enim
3225 3028 3505 3089 etclerici,

254 3131 497 3185 κανῦνων
526 3129 620 3183 καὶ
659 3127 969 3197 ἀδιάφορος.
1011 3127 1167 3181 Οὕτω
1198 3128 1306 3199 γὰρ
1338 3129 1433 3181 καί
1458 3128 1508 3179 οἰ
1545 3128 1682 3197 μετὰ
1724 3128 1832 3181 τῶν
1861 3154 1903 3210 C

1861 3154 1903 3210 ο
1937 3125 2030 3193 qui
2066 3133 2193 3179 sunt
2225 3124 2280 3176 in
2322 3123 2712 3187 imperatorum
2761 3122 3047 3184 comitatu,
3086 3120 3138 3172 in
3169 3120 3379 3186 campis
3412 3132 3506 3170 so-

254 3224 675 3295 αὺτοκρατόρων
746 3225 1005 3291 ἑπόμενοι
1074 3222 1362 3292 κληρικοί.
1428 3222 1509 3284 εἰς
1570 3221 1831 3284 πεδιάδας

255 3314 500 3384 ιρήμους
578 3314 883 3384 ἱερουργεῖν
961 3312 1378 3376 δεδικαίωνται,
1470 3310 1612 3364 κατὰ
1672 3312 1832 3379 μόνον

254 3403 318 3456 τὺ
372 3405 452 3465 εἰς
495 3403 796 3473 ἔκκλησίαν
852 3402 1150 3473 ἀφορισθὶν
1213 3400 1538 3473 βαμὸίκινον
1587 3401 1835 3454 οἱκισκάο

257 3510 401 3563 ριον.

326 3582 652 3649 ἐρώτησις
677 3583 763 3634 ιδ’.
800 3581 1122 3641 ’Λκινδύνως
1157 3581 1503 3651 ἰερουργήσει
1535 3596 1619 3641 τις
1649 3579 1831 3646 ἢσυν-

259 3676 473 3737 ε’ξεται
524 3674 660 3741 μετὰ
713 3672 1024 3742 αἱρετικῶν,
1084 3671 1417 3725 ’ἰακωδιτῶν
1475 3669 1679 3738 δηλαδὴ
1744 3668 1835 3721 καὶ

258 3766 661 3836 Νεστοριανῶν,
697 3767 773 3826 εἰς
829 3764 1127 3833 ἐκκλησίαν
1180 3762 1382 3824 αὐτῶν,
1435 3763 1545 3813 εῖτε
1586 3760 1690 3829 μὴν
1742 3760 1835 3811 καὶ

262 3858 567 3925 ἡμετέραν·
596 3856 629 3923 ἢ
662 3856 846 3923 κοινῆς
878 3855 997 3923 μετ’
1029 3855 1206 3905 αὐτῶν
1241 3853 1486 3924 μετάσχῃ
1519 3850 1832 3920 τραπέζης’

259 3952 293 4022 ἢ
327 3952 542 4021 ποιήσει
592 3950 850 4017 ἁνάδοχον
888 3949 953 4000 ὲκ
1001 3947 1096 4001 τοῦ
1142 3949 1299 4015 ἁγίου
1355 3947 1759 4017 βαπτίσματος·
1800 3944 1833 4013 ἦ

263 4042 666 4112 κατοιχομένων
750 4042 968 4109 ποιήσει
1045 4039 1408 4109 μνημόσυνα*
1459 4038 1491 4107 ἢ
1542 4034 1838 4111 μεταδώσει

262 4133 372 4185 τῶν
444 4133 604 4185 θείων
681 4133 1037 4199 ἁγιασμὰτων
1102 4130 1322 4194 αὑτοῖς;
1388 4129 1454 4181 Ἦ
1510 4127 1841 4196 στενοχωρία

264 4223 375 4292 γὰρ
402 4223 497 4275 τοῦ
533 4222 700 4275 τόπου
748 4220 920 4274 πολλὰ
964 4220 1191 4275 τοιαῦτα
1226 4221 1391 4272 ποιεῖ.
1443 4220 1555 4272 Καὶ
1604 4217 1753 4287 ζητῶ
1781 4217 1841 4269 τὸ

265 4313 539 4383 ποιητέον.

352 4403 473 4455 ‘Ax.
506 4402 597 4471 Μὴ
632 4402 748 4454 δότε
788 4401 856 4454 τὰ
889 4400 1023 4469 ἁγια
1071 4402 1182 4462 τοίς
1237 4399 1397 4451 κυσὶν
1427 4398 1475 4469 (6
1507 4398 1711 4467 Κύριος
1748 4398 1842 4451 καὶ

1936 3218 2131 3271 litariis
2168 3231 2321 3271 sacra
2350 3216 2453 3270 rite
2488 3216 2668 3269 facere
2699 3220 3021 3275 censentur,
3055 3212 3161 3264 sub
3201 3210 3321 3263 solo
3358 3210 3507 3263 bom-

1934 3307 2153 3378 bycino,
2193 3306 2336 3378 quod
2367 3314 2451 3362 est
2482 3307 2726 3363 ecclesias
2748 3305 3099 3366 destinatum,
3129 3301 3393 3355 tentorio.

2008 3585 2175 3639 Inter.
2218 3586 2305 3639 Η.
2340 3588 2421 3639 An
2452 3586 2573 3641 sine
2606 3586 2856 3655 periculo
2890 3598 3044 3639 sacra
3078 3584 3161 3638 vel
3198 3592 3320 3637 vota
3348 3582 3513 3636 simul

1940 3676 2097 3730 Lcict
2130 3676 2329 3745 aliquis
2351 3690 2479 3729 cum
2520 3676 2814 3740 ltrcreticis,
2849 3676 3112 3730 Jacobitis
3154 3675 3405 3728 videlicet
3460 3681 3515 3728 et

1939 3766 2297 3833 Nestorianis,
2341 3771 2394 3821 in
2436 3784 2621 3821 eorum
2657 3769 2913 3829 ecclesia,
2949 3769 3030 3821 vel
3092 3768 3257 3819 etiam
3310 3767 3362 3819 in
3412 3780 3515 3819 no-

1941 3865 2083 3920 stra,
2111 3864 2203 3910 aut
2240 3870 2584 3911 communem
2610 3872 2732 3909 cunt
2772 3857 2837 3911 iis
2866 3856 3215 3924 participabit
3248 3870 3515 3915 mensam,

1942 3954 2036 3999 aut
2061 3946 2222 4001 faciet
2247 3962 2312 4001 ex
2342 3955 2537 4000 sancto
2558 3946 2773 4000 lavacro
2808 3950 3207 4015 susceptorem,
3243 3954 3335 3997 aut
3365 3961 3517 3998 mor-

1942 4048 2160 4091 tuorum
2195 4037 2501 4092 celebrabit
2555 4038 2875 4099 memorias,
2942 4044 3035 4090 aut
3092 4037 3355 4105 largietur
3409 4034 3518 4086 illis

1941 4128 2158 4183 divinas
2252 4127 2768 4182 sanctiﬁcationes?
2850 4126 2983 4180 Nam
3066 4126 3170 4179 loci
3256 4129 3517 4195 angustia:

1942 4218 2115 4272 multa
2170 4217 2485 4288 huiusmodi
2554 4216 2786 4272 faciunt.
2860 4218 3057 4283 Quaero
3119 4221 3251 4291 quid
3311 4219 3520 4273 facien-

1940 4309 2095 4363 dum.

2019 4398 2141 4453 Res.
2172 4398 2253 4455 Ne
2275 4400 2417 4456 detis
2442 4410 2631 4455 sancta
2671 4401 2928 4465 canibus,
2978 4401 3203 4469 (inquit,
3256 4400 3519 4455 Dominus

266 4493 399 4553 Θεὸς
427 4494 459 4561 ἠ
471 4492 586 4557 μῶν
616 4492 883 4562 εἴρηκεν),
925 4492 1059 4562 μηδὲ
1093 4491 1291 4561 βάλητε
1321 4491 1449 4553 τοὺς
1501 4490 1842 4558 μαργαρίτας
1874 4506 1917 4561 ι)

1874 4506 1917 4561 ι)
1946 4497 2000 4543 et
2034 4490 2177 4544 Deus
2207 4492 2415 4560 noster)
2449 4507 2549 4545 nec
2575 4492 2879 4560 projiciatis
2906 4494 3226 4561 margaritas
3244 4503 3370 4545 ante
3398 4508 3522 4558 por-

268 4584 376 4633 τὼν
405 4584 601 4652 χοίρων
630 4582 981 4653 ἐπίπροσθεν.
1022 4583 1121 4634 Διὰ
1166 4600 1247 4635 τοι
1277 4581 1437 4634 τοῦτο
1466 4583 1559 4633 καὶ
1583 4583 1610 4633 ό
1637 4581 1706 4645 ξδ’
1743 4598 1841 4633 καφ

270 4673 376 4725 νὼν
402 4675 509 4727 τῶν
542 4674 891 4744 θεοκηρύκων
918 4676 1089 4743 ἁγίων
1110 4675 1425 4727 ἀποστόλων
1452 4673 1636 4744 φησὶν,
1666 4672 1733 4726 Εἰ
1759 4689 1841 4734 τις

273 4766 537 4836 κληρικὺς
566 4768 599 4839 ἢ
644 4764 833 4829 λαῖκὸς
863 4766 1084 4836 εἰσέλθῃ
1108 4768 1187 4829 εἰς
1224 4764 1545 4834 συναγωγὴν
1573 4763 1842 4817 Ἰουδαίων

273 4855 304 4925 ἦ
365 4856 656 4925 αἰρετικῶν
703 4857 1129 4926 προσεύξασθαι,
1184 4856 1555 4926 καθαιρείσθω
1600 4856 1695 4908 καὶ
1737 4857 1841 4923 ἁφ-

276 4947 562 5015 οριζέσθω.
594 4948 703 4999 Καὶ
727 4950 753 5000 6
772 4946 852 5015 λγ¹
871 4947 1054 5001 κανὼν
1074 4947 1174 5015 τῆς
1203 4949 1261 5000 έν
1292 4946 1577 5016 Λαοδικείᾳ
1603 4946 1841 5009 συνόδου,

277 5038 414 5093 ἀλλὰ
455 5038 561 5107 μὴν
593 5038 689 5090 καὶ
719 5040 747 5091 ό
773 5036 827 5102 ς’
855 5027 1002 5091 καίό
1040 5037 1136 5098 λδ¹,
1186 5037 1359 5091 ταῦτά
1406 5052 1534 5106 φησι
1583 5038 1712 5107 περὶ
1750 5035 1844 5089 τοῦ

275 5129 581 5196 συγχωρεῖν
635 5128 745 5189 τοῖς
782 5128 1077 5197 αἱρετικοῖς
1115 5126 1342 5179 εἰσιέναι
1379 5127 1459 5189 εἰς
1495 5122 1642 5178 οἶκον
1686 5123 1843 5193 Θεοῦ,

275 5220 595 5285 ἐπιμένουσι
628 5222 693 5288 τῇ
741 5220 973 5289 αἱρέσει,
1010 5220 1092 5271 ὅτι
1122 5219 1196 5271 Οὐ
1231 5218 1313 5271 δεῖ
1369 5218 1634 5287 αἱρετικῷ
1664 5219 1697 5289 ἢ
1728 5235 1845 5288 σχι-

277 5310 529 5380 σματικῷ
554 5310 1062 5380 συνεύχεσθαι.”οτι
1083 5312 1141 5362 οὐ
1169 5311 1248 5362 δεῖ
1267 5310 1587 5379 Χριστιανὸν
1614 5313 1849 5377 ἐγκατα-

277 5400 488 5453 λείπειν
531 5405 813 5471 μάρτυρας
850 5400 1111 5473 Χριστοῦ,
1146 5403 1242 5454 καὶ
1273 5401 1493 5454 ἀπιέναι
1538 5402 1674 5470 πρὸς
1722 5402 1845 5463 τοὺς

274 5496 728 5568 ψευδομάρτυρας
748 5512 760 5525 ·
785 5497 1061 5548 τουτέστιν
1085 5494 1413 5564 αἰρετικοὺς,
1436 5495 1469 5563 ἢ
1493 5494 1689 5557 αὐτοὺς
1724 5496 1847 5557 τοὺς

280 5586 708 5656 προειρημένους
759 5587 1073 5657 αἰρετικοὺς
1129 5588 1474 5655 γενομένους.
1535 5580 1695 5639 Οὗτοι
1741 5589 1849 5657 γὰρ

280 5679 552 5750 ἀλλότριοι
586 5677 680 5731 τοῦ
708 5679 841 5730 Θεοῦ
876 5679 1256 5749 τυγχάνουσιν.
1288 5680 1571 5736 Ἔστωσαν
1602 5678 1695 5732 οὖν
1723 5681 1851 5732 ἀνά-

284 5771 425 5843 θεμα
461 5774 509 5826 οἰ
540 5771 899 5843 ἀπερχόμενοι
929 5771 1064 5841 πρὸς
1084 5756 1300 5834 αὐτούς.
1332 5772 1429 5835 Δια
1456 5788 1534 5824 τοι
1567 5771 1724 5825 τοῦτο
1754 5773 1847 5825 καὶ

1945 4595 2062 4635 cos.
2095 4578 2215 4646 Qua
2254 4581 2321 4637 de
2341 4597 2508 4637 causa
2546 4590 2600 4635 et
2633 4586 3014 4652 sexagesimus
3054 4592 3289 4652 Quartus
3339 4598 3515 4636 canon

1946 4674 2037 4729 Dei
2067 4690 2381 4744 praeconum
2411 4682 2726 4731 sanctorum
2755 4675 3127 4745 apostolorum
3159 4675 3233 4727 ait
3259 4692 3270 4727 ι
3303 4672 3358 4726 Si
3395 4674 3519 4741 quis

1945 4765 2207 4829 clericus,
2232 4776 2329 4818 aut
2361 4766 2558 4831 laicus,
2584 4767 2781 4820 orandi
2823 4780 2991 4820 causa
3026 4764 3309 4833 ingressus
3360 4763 3521 4817 fuerit

1947 4853 2003 4908 in
2037 4870 2371 4926 synagogam
2403 4854 2742 4921 Judazorum,
2774 4858 2859 4910 vel
2906 4855 3310 4919 hereticorum,
3352 4853 3519 4921 depo-

1948 4956 2109 5000 natur
2133 4955 2187 5000 et
2234 4947 2759 5001 excommunicetur.
2819 4945 2886 4999 Et
2945 4947 3261 5018 trigesimus
3326 4945 3521 4997 tertius

1948 5052 2125 5092 canon
2161 5036 2478 5091 Laodicena‘.
2539 5038 2771 5108 synodi,
2812 5037 2943 5091 item
2976 5046 3165 5092 sextus
3214 5044 3267 5089 et
3308 5034 3522 5103 trigesi-

1950 5145 2074 5183 ntus
2099 5136 2354 5199 quartus,
2384 5128 2498 5182 haec
2528 5132 2604 5183 ait
2642 5131 2705 5184 de
2728 5129 2885 5184 venia
2922 5127 3100 5182 danda
3151 5126 3431 5180 haereticis
3465 5125 3518 5177 in

1950 5236 2047 5276 sua
2075 5222 2267 5276 ἰκετεδὶ
2297 5222 2675 5289 perstantibus
2708 5220 3051 5290 ingrediendi
3097 5218 3321 5273 domum
3378 5216 3472 5269 Dei
3503 5231 3517 5267 :

1951 5313 2098 5383 quod
2126 5328 2236 5368 non
2261 5322 2477 5383 Oportet
2509 5328 2619 5368 una
2653 5328 2776 5366 cum
2818 5311 3074 5366 haeretica
3124 5311 3207 5364 vel
3255 5310 3525 5364 schisma-

1955 5406 2064 5459 tico
2094 5420 2255 5460 orare
2298 5426 2311 5458 :
2346 5406 2505 5472 Quod
2535 5422 2646 5461 non
2678 5414 2893 5477 oportet
2935 5406 3103 5459 ullum
3144 5402 3523 5458 Christianum

1952 5496 2157 5553 Cbristi
2186 5506 2460 5569 martyras
2492 5499 2832 5569 relinquere,
2866 5508 2917 5553 et
2951 5499 3017 5552 ad
3044 5496 3213 5549 falsos
3235 5501 3525 5564 martyras,

1953 5589 2057 5642 hoc
2088 5598 2171 5643 cst
2202 5589 2508 5649 haereticos,
2553 5590 2725 5655 abire,
2759 5592 2840 5644 vel
2863 5605 2980 5650 eos,
3012 5588 3104 5657 qui
3138 5586 3297 5656 prius
3343 5586 3517 5637 haere-

1960 5681 2048 5735 tici
2075 5679 2247 5734 fuere.
2288 5679 2355 5733 lli
2400 5682 2548 5735 enim
2581 5692 2712 5736 sunt
2752 5697 2780 5734 a
2809 5681 2917 5736 Deo
2974 5680 3160 5734 alieni.
3218 5676 3340 5732 Sint
3390 5690 3520 5743 ergo

1958 5770 2270 5839 anathema,
2302 5768 2400 5838 qui
2429 5769 2496 5825 ad
2527 5784 2621 5826 eos
2649 5771 2871 5825 abeunt.
2909 5769 3036 5823 Eant
3064 5771 3133 5825 ob
3171 5783 3282 5822 rem
3319 5777 3373 5820 et
3423 5776 3522 5818 nos
