4214 6450
239 406 349 467 969

1080 399 1454 457 RESI‘UNSA
1498 400 1595 456 AD
1642 399 2365 461 lNTEllllOGATlONES
2407 404 2665 468 MARCI.

3335 412 3442 474 970

229 529 328 593 τῆς
385 526 529 584 θείας
583 524 991 591 ἱερνιτεὶεςτίαςν
1051 525 1143 576 καὶ
1198 526 1295 590 τῆς
1329 522 1632 583 τελε⁹τ²ί³ἶ
1690 522 1893 582 τθῦλ¹

1773 522 1781 571 i
1813 527 1857 582 Α
1888 523 2086 575 ultimae
2118 523 2470 574 sacrilicantis
2501 520 2828 589 precationis
2878 521 3437 591 rcmuneralionisquo

231 616 635 683 ἱερουργοῦντος
660 616 839 681 εὐχῆς.
900 615 990 666 καὶ
1043 614 1135 665 τοῦ
1163 613 1454 682 ἁντιδώρου
1486 613 1586 680 τῆς
1620 629 1783 675 μετα-

230 705 464 771 λήψεως,
526 701 905 770 ψηφιζόμεθαο
950 700 1043 752 καὶ
1106 703 1215 761 τοῖς
1259 699 1398 752 οὕτω
1452 704 1524 768 μὴ
1572 701 1782 752 ποιοῦσι

230 796 327 861 τὴν
347 798 409 843 ἐκ
440 792 531 844 τοῦ
559 794 779 853 κανόνος
813 792 1126 859 ἑπισείομεν
1160 792 1552 858 ἀγανάκτησιν.
1601 794 1782 843 Μετα-

229 884 521 950 λα-μσάνειν
550 884 605 935 δὲ
636 883 829 943 αὐτοὺς
858 883 956 932 οὐκ
991 881 1391 947 ἀναγκάζομεν,
1427 881 1514 932 διὰ
1558 880 1653 948 τὴν
1685 883 1783 948 τῆς

230 972 582 1038 συνειδήσεως
611 971 860 1038 βάσανον.
899 970 1232 1036 Προσεκτέον
1262 966 1374 1030 οὖν,
1400 970 1538 1021 κατά
1561 970 1659 1038 τὴν
1686 970 1779 1021 τοῦ

230 1062 482 1128 ῥηθέντος
530 1061 745 1119 κανόνος
792 1060 1102 1127 περίληψιν,
1162 1064 1236 1127 μὴ
1296 1060 1643 1119 ἀσυντάκτως
1715 1062 1780 1112 ὲκ

227 1153 328 1213 τῆς
378 1151 684 1217 ἱερουργίας
739 1149 1039 1216 ὑποχωρεῖν
1093 1151 1216 1209 τοὺς
1278 1148 1775 1216 έκκῗκησιάζοντας·

226 1240 340 1289 ἀλλ’
362 1238 480 1290 ἐπεὶ
508 1237 642 1305 αῦτη
676 1236 737 1287 έκ
761 1253 818 1287 τε
853 1238 950 1303 τῆς
984 1235 1222 1298 Παλαιᾶς
1251 1236 1523 1303 Διαθήκης
1548 1238 1640 1286 καὶ
1668 1236 1766 1302 τῆς

224 1330 368 1389 Νέας
404 1332 481 1386 είς
526 1329 650 1393 μίαν
698 1327 999 1391 ταυτότητά
1037 1325 1419 1392 μεγαλύνεται,
1484 1329 1577 1376 καὶ
1612 1326 1774 1394 μέχρι

226 1419 330 1485 μὲν
355 1418 454 1483 τῆς
484 1418 592 1467 τῶν
632 1418 801 1481 ἁγίων
846 1415 1192 1481 Εὑαγγε).ίων
1235 1414 1640 1482 ἁνακηρύξεως,
1679 1415 1776 1482 τῆς

222 1512 510 1574 Δαυῖτικῆς
542 1509 766 1575 κινύρας
816 1506 883 1558 τὰ
916 1506 1326 1573 ψαλτῳδήματα
1352 1505 1442 1556 τοῦ
1481 1505 1774 1573 μυστηρίου

222 1599 319 1665 τὴν
348 1597 573 1662 δύναμιν
615 1594 937 1661 ἁγιάξουσι·
976 1594 1110 1663 μετὰ
1146 1594 1202 1645 δὲ
1238 1594 1441 1662 ταύτην
1486 1592 1585 1659 τῆς
1629 1595 1779 1647 ἁναιο

222 1689 430 1754 μακτου
456 1687 641 1748 θυσίας
671 1688 973 1750 ἀνοίγονται
1001 1687 1065 1736 τὰ
1096 1684 1382 1752 προαύλια,
1413 1685 1775 1753 ἐπιτρέποντα

220 1781 313 1830 καί
341 1782 451 1838 τοῖς
474 1778 783 1846 ἀρχιερεῦσι
813 1777 871 1827 τὸ
900 1777 996 1842 μὲν
1030 1776 1340 1843 ἑπωμάδιον
1374 1775 1681 1843 ὼμοφόριον
1713 1776 1771 1826 τὸ

1889 612 2317 679 participationis
2354 613 2662 673 ,intcressc
2727 610 2976 663 concioni
3042 612 3238 665 debere
3303 629 3433 665 cen-

1886 717 2089 756 semus.
2127 700 2187 753 Et
2235 701 2298 753 iis
2330 741 2343 763 ,
2393 701 2484 767 qui
2526 702 2605 753 sic
2635 715 2738 752 non
2793 700 3017 763 faciunt,
3068 702 3292 755 canonis
3346 703 3431 754 in-

1884 793 2251 861 dignationem
2321 793 2599 844 vibramus
2655 811 2666 843 :
2722 792 3049 859 participare
3102 802 3279 845 autem
3338 808 3432 847 eos

1886 898 1992 937 non
2043 885 2306 951 cogimus,
2350 883 2418 935 ob
2465 883 2812 936 conscientiae
2860 892 3210 936 tormentum.
3243 882 3431 936 Anim-

1882 972 2267 1027 advertendum
2305 974 2487 1038 iqitur,
2515 972 2668 1039 juxta
2704 972 2944 1039 praedicti
2997 973 3222 1025 canonis
3279 980 3432 1025 teno-

1882 1079 2020 1123 rem.
2089 1081 2155 1117 ne
2205 1065 2296 1131 qui
2363 1064 2652 1117 conventui
2704 1063 2992 1122 intersunt.
3054 1063 3357 1117 inordinate
3401 1080 3431 1117 a

1882 1155 2146 1209 saerilicio
2207 1161 2565 1207 revertantur.
2603 1153 2706 1206 Sed
2746 1167 2868 1205 cum
2908 1154 3084 1218 ipsum
3136 1167 3201 1205 ex
3252 1154 3430 1207 Veteri

1880 1243 2136 1313 Novoque
2186 1243 2529 1296 Testamento
2576 1245 2691 1309 pari
2738 1242 2897 1295 modo
2950 1242 3343 1308 magniﬁcetur,
3378 1254 3431 1296 et

1880 1334 1945 1386 ad
1986 1334 2352 1388 recitationem
2378 1333 2595 1401 quidem
2637 1346 2809 1399 usque
2836 1342 3142 1384 sunctornm
3193 1331 3431 1401 Evange-

1879 1426 2096 1486 liorum,
2128 1425 2391 1477 Daridica
2426 1425 2646 1477 cithara
2676 1424 2915 1476 carmina
2966 1424 3290 1477 sacramenti
3334 1439 3429 1477 cc-

1878 1512 2083 1566 lebrcnt
2112 1522 2429 1581 potestatem
2466 1530 2478 1563 :
2510 1521 2691 1579 postea
2716 1521 2895 1565 autem
2922 1513 3212 1565 incruenta:
3244 1511 3430 1565 hostia-

1878 1603 2193 1668 aperiantur
2223 1603 2513 1665 vestibula,
2568 1602 2902 1654 antistitibus
2938 1602 3303 1669 permittentia
3334 1616 3429 1655 su-

1878 1691 2302 1757 perbumeralem
2336 1692 2587 1742 amictum
2628 1690 2917 1755 deponere,
2956 1689 3046 1755 qui
3087 1689 3204 1756 agni
3261 1688 3429 1757 figura

1876 1778 2151 1845 eleganter
2181 1777 2472 1829 fabricatus
2513 1783 2616 1835 est.
2644 1785 2696 1828 ct
2730 1785 2962 1828 tractare
2993 1777 3102 1827 veri
3124 1776 3427 1842 vivilieique

220 1871 299 1929 εἰς
350 1869 517 1919 τύπον
564 1867 656 1919 τοῦ
706 1866 877 1932 ἀμνοῦ
920 1865 1339 1933 καλλιτεχνηθὶν
1392 1864 1764 1925 ἀποτίθεσθαι.
1800 1845 1884 1920 ΒΑ

1763 1906 1764 1918 η
1800 1845 1841 1898 Β
1872 1870 2007 1935 Agni
2041 1878 2435 1921 sacramentum
2470 1883 2483 1919 :
2523 1870 2564 1919 si
2599 1868 2812 1934 quidem
2838 1868 2896 1928 ii,
2925 1866 3015 1933 qui
3048 1866 3100 1917 in
3131 1880 3427 1935 congrega-

220 1960 685 2028 μεταχειρίζεσθαι
708 1959 763 2010 δὲ
788 1958 881 2010 τοῦ
912 1957 1141 2027 ἀληθοῦς
1168 1958 1260 2009 καὶ
1282 1956 1542 2018 ζωοποιοῦ
1567 1956 1765 2023 Ἀμνοῦ

217 2050 277 2100 τὸ
306 2051 634 2118 μυστήριονο
666 2050 713 2100 εί
753 2049 850 2116 μὶν
882 2050 929 2099 οἱ
959 2046 1406 2116 ἐκκλησιάζοντες
1443 2046 1602 2107 εὐθὺς
1635 2046 1770 2112 μετὰ

216 2141 284 2191 τὰ
327 2142 455 2206 ἇγια
520 2139 851 2204 Εὑαγγέλια,
900 2137 1237 2205 αὐθαιρέτως
1302 2137 1768 2203 ὑποχωρήσουσιν,

213 2232 315 2281 οὐκ
344 2230 747 2297 αίτιαθήσονται
780 2244 795 2260 ο
833 2229 881 2279 εί
920 2228 975 2279 δὲ
1026 2228 1162 2294 μετὰ
1214 2228 1312 2292 τὴν
1357 2226 1633 2293 καταρχὴν
1674 2225 1769 2292 τῆς

214 2319 554 2384 ἁναιμάκτου
583 2316 773 2377 θυσίας
795 2316 890 2367 καὶ
927 2316 1219 2382 μυστικῆς,
1273 2314 1346 2375 ὡς
1398 2315 1622 2366 ἄτακτοι
1676 2316 1769 2367 καὶ

216 2391 598 2460 σκανδαλισταὶ
629 2405 849 2466 δικαίως
874 2405 1355 2472 ἁφορισθήσονται.

298 2496 615 2561 Ἐρώτησις
649 2494 732 2554 ιζ’.
790 2495 852 2545 Οί
913 2495 1047 2561 μετὰ
1086 2493 1180 2545 τοῦ
1230 2494 1530 2561 ἀρχιερέως
1562 2494 1595 2561 ἢ
1633 2491 1769 2559 μετὰ

212 2586 308 2635 τοῦ
328 2587 515 2653 ἱερέως
542 2584 1075 2652 συλλειτουργοῦντες
1094 2583 1350 2643 διάκονοι,
1378 2584 1766 2651 ἀπαραιτήτως

215 2673 655 2741 μεταλαμϐάνειν
676 2672 1001 2738 ὀφείλουσιν,
1032 2670 1065 2736 ἢ
1105 2669 1200 2735 οῦς

303 2761 432 2813 Ἃπ.
473 2763 531 2813 '0
553 2760 603 2827 η’
635 2760 817 2813 κανὼν
836 2760 943 2811 τῶν
968 2760 1138 2826 ἁγίων
1172 2759 1480 2811 ἀποστόλων
1500 2758 1640 2811 οὓτω
1666 2778 1769 2828 φη-

212 2854 319 2913 σὶν,
380 2852 445 2903 Εἴ
475 2867 556 2911 τις
610 2851 923 2911 ἐπίσκοπος,
957 2850 989 2916 ἢ
1019 2848 1407 2919 πρεσϐύτερος,
1442 2849 1475 2916 ἢ
1502 2849 1761 2913 διάκονος,

213 2941 371 3010 ἢτοῦ
416 2942 714 3007 καταλόγου
764 2940 858 2993 τοῦ
912 2938 1211 3008 ίερατικοῦ,
1248 2941 1560 3008 προσφορᾶς
1621 2955 1766 3006 γινο-

214 3031 388 3099 μένης
420 3029 493 3100 μὴ
522 3028 817 3100 μταλάὸῃ.
849 3029 947 3096 τὴν
972 3029 1147 3080 αἰτίαν
1168 3028 1393 3083 είπάτω.
1422 3027 1531 3081 Καὶ
1588 3028 1682 3079 έὰν

1874 1958 2073 2011 tionem
2102 1964 2491 2015 convenerunt.
2529 1956 2707 2009 statim
2740 1967 2861 2023 post
2906 1962 3093 2009 saneta
3141 1952 3428 2021 Evangelia

1872 2055 2062 2113 sponte
2106 2047 2406 2109 discedant,
2452 2061 2559 2098 non
2616 2046 2979 2113 culpabuntur
3014 2063 3026 2097 :
3062 2043 3156 2098 sed
3203 2043 3249 2096 si
3306 2048 3431 2110 post

1872 2138 2166 2191 incruentas
2194 2138 2539 2206 mysticrcque
2567 2138 2791 2189 victimae
2822 2136 3167 2205 principium,
3194 2142 3253 2187 ut
3279 2134 3423 2186 inor-

1870 2226 2038 2281 dinati
2062 2236 2117 2280 et
2144 2227 2443 2281 olfensores
2470 2228 2611 2295 justo
2649 2225 3284 2280 excoummnicabuntur.

1940 2496 2104 2549 Inter.
2140 2494 2225 2548 l7.
2260 2494 2361 2558 Qui
2401 2507 2524 2546 cum
2559 2490 2816 2561 pontiﬁce
2846 2490 2927 2543 vel
2962 2488 3244 2541 sacerdote
3274 2496 3423 2539 com~

1870 2587 2180 2639 ministrant
2250 2585 2485 2645 diaconi,
2553 2583 2751 2636 debent
2817 2582 2950 2633 citra
3018 2578 3423 2633 excusationem

1869 2676 2309 2728 communionem
2340 2688 2639 2733 assumere,
2680 2673 2907 2726 annon?

1935 2766 2055 2819 Res.
2090 2766 2280 2819 Canon
2329 2768 2361 2817 8
2416 2774 2727 2819 sanctorum
2777 2765 3144 2833 apostolorum
3198 2766 3278 2818 sic
3308 2765 3423 2818 ait:

1869 2856 1922 2908 Si
1973 2855 2096 2924 quis
2146 2856 2457 2923 cpiscopus,
2512 2856 2815 2924 presbyter,
2870 2857 2952 2909 vel
3006 2857 3291 2917 diaconus,
3340 2862 3427 2913 vel

1865 2959 1927 2997 ex
1961 2944 2278 2998 sacerdotali
2312 2945 2577 3011 catalogo,
2620 2946 2759 3000 facta
2809 2946 3081 3001 oblatione
3136 2962 3239 2999 non
3274 2961 3425 3000 com-

1864 3036 2239 3097 municaverit,
2279 3050 2499 3090 causam
2538 3036 2724 3088 dicat:
2759 3043 2811 3089 et
2837 3037 2882 3090 si
2921 3037 3212 3104 probabilis
3242 3035 3423 3094 fuerit.

211 3119 454 3187 εὔλογος.
514 3121 841 3186 συγγνώμης
886 3118 1223 3187 τυγχανέτω.
1260 3117 1321 3170 El
1371 3118 1428 3170 δὲ
1474 3117 1549 3187 μὴ
1595 3116 1762 3185 λέγει,
1790 3142 1875 3209 επ

1759 3159 1762 3176 .
1790 3146 1834 3209 ρ
1866 3126 2077 3178 veniam
2106 3135 2471 3193 consequetur
2502 3142 2516 3189 ;
2551 3126 2634 3180 sin
2692 3140 2823 3178 vero
2856 3127 3056 3185 minus.
3094 3133 3423 3193 segregetur.

211 3208 575 3278 ἁφοριζέσθω,
606 3209 680 3270 ὡς
733 3209 899 3268 αἴτιος
928 3207 1129 3276 βλάϐης
1179 3208 1458 3275 γινόμενος
1499 3208 1577 3277 τῷ
1630 3209 1762 3277 λαῷ,

212 3298 311 3349 καὶ
351 3298 603 3349 ὑπόνοιαν
655 3295 887 3363 ποιήσας
944 3295 1085 3345 κατὰ
1147 3296 1242 3345 τοῦ
1306 3295 1766 3363 προσενέγκαντος

211 3388 293 3447 ὡς
332 3384 404 3451 μὴ
458 3384 625 3450 ὑγιῶς
685 3382 1159 3450 προσενεγκόντος.
1226 3383 1647 3451 Παρατηρητέον
1676 3384 1769 3437 οῦν

214 3479 341 3538 τοὺς
364 3475 740 3535 ὑποδιακόνους
791 3472 1037 3533 καὶτοὺς
1076 3472 1375 3535 διακόνους,
1430 3473 1523 3525 καὶ⁵
1569 3473 1766 3541 μᾶλλον

215 3567 344 3627 τοὺς
404 3565 875 3634 χειραπτήσαντιις
952 3559 1389 3629 μεταλαμϐάνειν
1452 3560 1558 3612 τῶν
1609 3559 1767 3611 θείων

215 3656 573 3723 ἁγιασμάτων
606 3667 620 3681 ·
651 3653 683 3721 ἢ
728 3652 835 3722 μὴν
883 3651 981 3719 τὴν
1038 3651 1216 3702 αἰτίαν
1244 3650 1425 3717 λέγειν
1477 3650 1544 3701 δι’
1579 3650 1647 3719 ην
1673 3648 1765 3702 τοῦ

214 3743 419 3811 ἀγαθοῦ
448 3742 637 3794 τούτου
656 3741 989 3807 ἀπέστησαν.
1022 3738 1192 3791 Τοῦτο
1218 3738 1325 3805 γὰρ
1354 3739 1427 3805 μὴ
1468 3738 1764 3803 ποιοῦντες,

213 3834 670 3903 ἀφορισθήσονται
728 3829 869 3884 κατὰ
918 3828 1017 3881 τίιν
1065 3828 1158 3880 τοῦ
1218 3828 1476 3897 ῥηθέντος
1548 3828 1768 3889 κανόνος

215 3920 523 3989 περίληψιν.

285 4009 606 4075 Ἐρώτησις
628 4005 723 4073 ιη’.
754 4004 1054 4058 Ἀκίνδυνόν
1108 4006 1224 4058 ἐστι
1267 4006 1509 4073 γίνεσθαι
1535 4008 1634 4075 τὴν
1660 4007 1769 4059 τῶν

216 4105 378 4156 θείων
430 4101 785 4170 ἁγιασμάτων
824 4099 1059 4152 διάδοσιν
1112 4101 1205 4151 καὶ
1272 4100 1574 4167 μετάληψιν
1632 4099 1768 4168 μετὰ

216 4194 424 4263 ψυχροῦ
479 4193 620 4245 οἴνου
656 4194 751 4244 καὶ
789 4190 1012 4252 ὕδατος·
1048 4190 1081 4258 ἢ
1113 4190 1491 4259 ἀπαραίτητόν
1520 4193 1635 4241 εστι
1673 4192 1768 4242 καὶ

219 4288 339 4339 ζέον
374 4284 518 4354 ὕδωρ
559 4283 698 4337 κατὰ
715 4283 810 4335 τὸν
837 4281 1026 4349 καιρὸν
1054 4280 1155 4347 τῆς
1195 4278 1547 4348 μεταλήψεως
1578 4280 1663 4341 είς
1694 4279 1762 4331 τὰ

219 4378 350 4443 am
378 4376 623 4445 βάλλεινς

1870 3224 1927 3266 ιιι
1961 3215 2051 3281 qui
2090 3215 2288 3282 pepulo
2318 3214 2635 3267 οίῐνηείοιιίε
2665 3228 2827 3266 causa
2860 3215 2948 3275 sit,
2983 3224 3034 3266 et
3062 3216 3423 3281 suspicionem

1868 3302 2077 3354 dederit
2103 3303 2362 3355 adversus
2388 3317 2536 3364 eum,
2564 3302 2656 3369 qui
2696 3302 2913 3364 obtulit,
2946 3304 3099 3370 quasi
3130 3318 3234 3355 non
3266 3303 3425 3370 digne

1868 3390 2141 3444 obtulerit.
2169 3391 2571 3445 Observandum
2604 3390 2862 3457 igitur,ut
2892 3391 3426 3455 subdiaconi,etdia-

1869 3481 1990 3533 coni
2016 3491 2068 3532 ct
2090 3482 2266 3549 potius
2288 3497 2437 3535 sacra
2458 3488 2870 3544 contrectantes,
2892 3480 3103 3535 divinas
3124 3481 3420 3535 sanctiﬁca-

1868 3568 2042 3623 tiones
2074 3577 2388 3632 assumant,
2428 3569 2506 3621 vel
2541 3580 2685 3621 certe
2706 3583 2925 3622 causam
2953 3569 3233 3631 dicant,ob
3264 3584 3423 3636 quam

1868 3672 1933 3711 eo
1960 3658 2101 3711 bono
2122 3658 2516 3711 abstinuerunt.
2541 3657 2599 3711 ld
2633 3660 2775 3712 enim
2811 3660 2857 3713 si
2898 3674 3001 3712 non
3028 3657 3251 3723 iaciant,
3273 3659 3424 3726 juxta

1870 3748 2111 3816 pradicti
2142 3751 2370 3803 canonis
2402 3760 2641 3803 tenorem
2677 3750 3315 3804 excommunicabnntur.

1942 4011 2106 4067 Inter.
2140 4012 2223 4067 18.
2252 4013 2331 4065 An
2364 4012 2479 4065 sine
2516 4012 2758 4081 periculo
2788 4011 3091 4065 divinarum
3118 4013 3426 4065 sanctiﬁca-

1870 4107 2075 4159 tionum
2105 4104 2415 4157 distributio
2460 4113 2511 4157 et
2542 4106 2840 4171 assumptio
2886 4104 3014 4157 ﬂant
3056 4118 3179 4156 eum
3232 4101 3425 4172 frigido

1868 4196 1995 4249 vino
2040 4204 2095 4249 et
2122 4209 2258 4262 aqua
2296 4213 2309 4248 :
2350 4209 2418 4247 an
2467 4198 2584 4248 sine
2635 4195 2987 4249 excusatione
3016 4208 3153 4261 aqua
3210 4192 3422 4246 fervens

1872 4285 2297 4354 participationis
2325 4292 2565 4353 tempore
2586 4286 2640 4338 in
2668 4294 2856 4339 sancta
2888 4284 2962 4337 sit
2992 4283 3287 4337 mittenda?

298 4465 428 4519 'Ax.
471 4465 577 4517 Τοῦ
618 4460 695 4531 λβ¹
745 4460 968 4522 κανόνος
1030 4460 1127 4529 τῆς
1166 4461 1223 4512 έν
1277 4459 1355 4528 τῷ
1384 4461 1637 4531 Τρούλλῳ
1674 4463 1769 4517 τοῦ
1799 4453 1845 4509 D
1940 4458 1962 4510 Ι

1756 4464 1769 4515 i
1799 4453 1845 4509 D
1940 4458 2059 4511 Res.
2092 4456 2224 4511 Cum
2252 4458 2321 4510 52
2345 4471 2516 4510 canon
2548 4464 2749 4510 sancta:
2765 4464 2817 4509 et
2838 4457 3189 4510 meumenicxe
3208 4457 3420 4526 synodi.

223 4556 458 4625 μεγάλου
479 4552 742 4606 παλατίου
772 4554 1045 4615 συστάσης
1068 4549 1231 4616 ἁγίας
1276 4552 1368 4603 καὶ
1394 4552 1771 4623 οἰκουμενικῆς

218 4646 437 4699 συνόδου
495 4643 811 4712 καθαιρέσει
868 4640 1369 4703 ωθυποσὰλλοντος
1408 4642 1533 4703 τοὺς
1582 4643 1655 4711 μὴ
1687 4658 1765 4696 τι.

216 4735 494 4796 λειοῦντας
516 4732 577 4783 τὸ
631 4730 775 4783 θεῖον
814 4730 909 4781 καὶ
932 4728 1086 4794 ἁγιον
1110 4730 1365 4800 ποτήριον
1404 4731 1463 4795 ἐξ
1504 4730 1648 4784 οῐνου
1679 4734 1773 4783 καὶ

221 4825 433 4885 ὓδατος,
469 4820 787 4890 αίρεσιῶταί
819 4835 967 4875 τινες
989 4819 1087 4871 οὐκ
1108 4819 1393 4887 ἀνέχονται
1416 4821 1629 4888 βάλλειν
1653 4820 1773 4884 ζέον

218 4916 298 4974 είς
327 4914 386 4965 τὺ
415 4913 568 4977 ἁγιον
593 4911 685 4963 καὶ
717 4911 854 4961 θετον
874 4910 1129 4977 ποτήριον
1148 4924 1162 4939 ·
1192 4909 1312 4961 Ὀτι
1344 4910 1517 4978 (φασὶ)
1549 4912 1615 4962 τὰ
1647 4913 1772 4979 περὶ

202 5006 404 5073 ,τούτου
438 5002 520 5071 τῷ
544 5001 729 5054 κανόνι
756 5001 813 5051 οὑ
844 4998 1229 5067 διελήφθησαν.
1269 4998 1549 5052 ’Δκούουσι
1578 5001 1661 5064 δὲ,
1689 5002 1769 5053 ὅτι

216 5097 277 5147 sb
336 5094 457 5159 ζέον
502 5091 579 5160 τῷ
635 5092 775 5159 ἁγίῳ
842 5090 1035 5158 αἵματι
1083 5088 1501 5159 προστιθέμενον
1554 5092 1651 5160 τὴν
1706 5093 1772 5144 δι.

226 5182 413 5243 ὓδατος
470 5180 565 5232 καὶ⁵
601 5178 743 5230 οἴνου
781 5176 973 5229 ῑνωσιν
1024 5176 1118 5229 τοῦ
1172 5176 1328 5243 ἁγίου
1378 5180 1636 5247 ποτηρίου
1675 5182 1773 5233 οὐκ

220 5273 423 5324 ἁιλοιοι
483 5270 598 5323 {ml
631 5267 763 5337 unos
793 5266 980 5334 έτερόν
1036 5274 1085 5318 τι
1121 5267 1271 5335 παρὰ
1315 5268 1375 5319 τὸ
1422 5260 1575 5338 ’ὕδωρ
1627 5272 1765 5327 έστί.

220 5362 478 5415 Βάλλεται
512 5360 568 5412 δὲ
628 5362 707 5419 είς
774 5357 1147 5426 πληροφορίαν
1195 5358 1288 5412 τοῦ
1345 5354 1484 5411 εἷναι
1535 5360 1770 5423 ζωοποιὰ

220 5455 287 5504 τὰ
312 5452 578 5520 ῥεύσαντα
613 5447 719 5501 ἁπδ
746 5448 844 5515 τῆς
861 5447 1020 5512 ἁγίας
1054 5444 1293 5513 πλευρᾶς
1323 5448 1418 5501 τοῦ
1458 5450 1661 5520 Κυρίου
1680 5453 1773 5504 καὶ

220 5542 355 5595 Θεοῦ
376 5544 469 5595 καὶ
492 5540 739 5607 Σωτῆρος
767 5538 921 5606 ἡμῶν
966 5535 1141 5601 Ἰησοῦ
1197 5537 1457 5605 Χριστοῦ,
1484 5540 1623 5593 κατὰ
1682 5541 1771 5593 τὸν

222 5636 413 5703 χαιρδν
441 5632 534 5685 101'-
557 5630 825 5698 σωτηρίου
855 5628 1056 5689 πάθους
1086 5627 1270 5689 αὑτοῦ,
1295 5630 1353 5681 τὺ
1368 5623 1504 5697 αἷμα
1528 5632 1771 5699 δηλονότι

224 5727 317 5779 καὶ
347 5725 406 5776 τὸ
429 5722 601 5788 ὕδωρ·
638 5721 796 5773 ἅτινα
825 5718 1149 5787 ὲξέρῤευσαν
1183 5717 1371 5779 ζέοντα
1412 5719 1487 5782 ὠς
1517 5722 1580 5773 ἐκ
1629 5721 1765 5783 ζωο-

544 5821 807 5887 Parnm“
848 5822 961 5879 (in.
1013 5818 1419 5880 CXXXVIII.

1870 4556 2077 4601 coacta:
2108 4548 2161 4599 in
2194 4545 2380 4611 Trullo
2416 4546 2594 4615 magni
2628 4546 2832 4615 palatii.
2867 4545 3189 4612 depositioni
3250 4546 3423 4613 subji-

1871 4637 1978 4689 ciat
2027 4651 2145 4697 eos,
2197 4636 2291 4702 qui
2337 4636 2578 4688 divinum
2624 4644 2679 4688 et
2718 4642 2967 4687 sanctum
3020 4635 3271 4702 poculum
3315 4650 3422 4688 non

1872 4731 2195 4776 consecrant
2224 4739 2287 4777 ex
2319 4725 2445 4777 vino
2469 4734 2523 4777 et
2558 4737 2697 4792 aqua
2730 4738 2746 4785 ;
2775 4722 3073 4778 haareslota
3116 4723 3278 4789 aliqui
3316 4738 3422 4775 non

1872 4813 2150 4879 patiuntur
2183 4813 2413 4867 calidam
2446 4812 2651 4866 infundi
2685 4812 2737 4865 in
2785 4823 3030 4866 sanctum
3082 4820 3134 4865 et
3178 4812 3421 4884 divinum

1870 4902 2161 4967 poculum,
2215 4900 2373 4966 Quia,
2438 4903 2715 4971 inquiunt,
2766 4903 2833 4956 de
2887 4917 2952 4955 eo
3031 4900 3162 4958 niliil
3214 4916 3424 4954 canono

1872 4994 2318 5061 comprehensum
2377 5001 2480 5047 est.
2538 4993 2781 5047 Audiunt
2838 5000 3042 5052 autem.
3127 4989 3421 5044 ferventem

1870 5092 2061 5136 sant-to
2116 5082 2364 5150 sanguini
2410 5084 2669 5142 additam.
2723 5082 2976 5135 unionem
3019 5095 3171 5148 aqua:
3206 5088 3260 5132 ct
3314 5080 3421 5133 vini

1871 5175 2045 5229 sancti
2108 5175 2295 5227 calicis
2340 5189 2447 5227 non
2502 5181 2734 5233 mutare.
2790 5172 2917 5243 quia
2987 5179 3179 5239 praeter
3228 5184 3420 5237 aquam

1873 5265 2009 5319 nihil
2034 5271 2115 5319 est
2143 5264 2307 5317 aliud.
2339 5263 2643 5316 Infunditur
2687 5272 2891 5325 autem,
2946 5270 3003 5313 ut
3049 5261 3258 5315 vlvillca
3302 5276 3423 5314 esse

1872 5365 2105 5417 constet,
2133 5372 2252 5427 quae
2278 5355 2454 5410 lluunt
2477 5370 2507 5409 e
2536 5365 2721 5407 sancto
2748 5354 2914 5405 latere
2946 5350 3178 5414 Domini.
3209 5359 3263 5403 ct
3295 5351 3422 5415 Dei'.

1873 5458 1925 5501 et
1959 5445 2262 5500 Servatoris
2298 5446 2466 5499 nostri
2490 5442 2616 5498 Jesu
2646 5443 2868 5499 Christi.
2897 5450 3137 5507 tempore
3166 5440 3423 5495 salutaris

1870 5538 2140 5606 passionis
2198 5536 2356 5604 ejus.
2402 5535 2714 5602 sanguinem
2774 5533 3019 5587 videlicet
3076 5539 3129 5585 et
3189 5545 3424 5600 aquam,

1871 5642 1991 5697 quae
2044 5625 2301 5679 ferventia
2346 5624 2685 5686 cﬂluxernnt,
2714 5623 2862 5675 velut
2912 5638 2979 5676 ex
3022 5621 3239 5676 viviﬂco
3276 5622 3426 5675 dein.

1874 5728 1999 5773 cato
2032 5731 2258 5787 corpore
2306 5714 2539 5771 viviﬁca.
2570 5715 2671 5782 Qui
2708 5716 2791 5770 sic
2837 5714 3002 5783 igitur
3035 5729 3145 5769 non
3198 5714 3424 5779 faciunt.

3047 5815 3113 5873 31
