4214 6450
260 409 366 467 οτι

1102 409 1490 468 liESl‘ONSA
1534 408 1634 465 AD
1675 406 2415 467 ιΝιἘιιιιΟοΑἰίοΝΕδ
2458 409 2718 473 ΜᾹΡιίῖῐ.

3376 413 3478 475 978

358 526 656 594 ερώτησις
680 536 784 581 καί.
823 532 1067 594 Ἔξεστιν
1098 537 1175 597 εἱς
1198 535 1487 607 διαφόρους
1517 536 1809 601 ἐκκλησίας
1843 537 1884 591 Α
1984 538 2022 590 It

1843 537 1884 591 A
1984 538 2333 607 Interrogatio
2355 538 2441 590 2|.
2465 539 2541 589 Au
2568 536 2737 601 possit
2762 534 2883 602 quis
2912 531 2964 585 in
2987 532 3215 586 diversis
3240 532 3482 586 ecclesiis

258 618 607 687 κληρωθῆναι
636 638 775 684 τινα,
812 624 842 689 ἢ
878 623 970 683 06;

345 714 469 763 Ἀστ.
502 710 665 764 Εἶπεν
710 715 766 763 ὲν
812 714 1159 780 Εὐαγγελίοις
1186 719 1213 769 ό
1246 717 1465 786 Κύριος,
1506 718 1691 776 Οὐδε“’ς
1728 714 1819 767 δύο

257 817 417 852 ναται
445 802 563 853 δυσὶ
581 801 785 870 κυρίοις
810 803 1099 857 δουλεύειν.
1122 807 1229 857 T06
1246 808 1352 874 γὰρ
1371 808 1484 866 ἑνὸς
1512 807 1813 867 ἀνθέξεται,

256 894 352 943 καὶ
392 894 482 944 τοῦ
505 895 687 962 ἑτέρου
737 899 1156 964 καταφρονήσει.
1192 899 1355 950 Ὅθεν
1377 900 1467 951 καὶ
1496 901 1522 950 ό
1553 906 1609 949 ιε’
1642 898 1819 949 κανὼν

258 988 357 1049 τῆς
389 986 546 1049 ἁγίας
590 985 683 1037 καὶ
714 988 1094 1054 οἰκουμενικῆς
1129 989 1171 1051 ζ’
1225 990 1440 1041 συνόδου
1483 988 1654 1041 ταῦτα
1682 988 1819 1039 κατά

262 1077 413 1139 ῥῆμα
441 1074 679 1138 διέξεισι,
717 1077 989 1145 Κληρικδς
1020 1078 1230 1130 ἀπὸτοῦ
1253 1080 1513 1145 παρόντος
1549 1079 1622 1147 μὴ
1653 1096 1821 1132 κατα-

258 1160 535 1210 ταττέσθω
610 1164 665 1212 ὲν
718 1163 866 1213 δυσὶν
938 1164 1277 1233 ἐκκλησίαις.
1336 1166 1661 1235 ἐμπορείας
1716 1168 1821 1235 γὰρ

257 1250 355 1297 καὶ
397 1250 837 1317 αἰσχροκερδείας
900 1252 1028 1302 [διον
1064 1253 1238 1313 τοῦτο,
1274 1253 1367 1304 καὶ
1399 1253 1673 1321 ἀλλότριον
1728 1257 1821 1305 ὲκ-

262 1337 652 1405 γλησιαστικῆς
680 1340 981 1409 συνηθείας.
1021 1341 1362 1411 Ἠκούσαμεν
1408 1344 1515 1413 γὰρ
1556 1345 1615 1406 ἐξ
1654 1344 1823 1410 αὐτῆς

259 1432 359 1498 τῆς
384 1434 663 1500 Κυριακῆς
698 1436 858 1499 ἁγίας
882 1434 1085 1501 φωνῆς,
1126 1437 1207 1487 ὅτι
1239 1438 1299 1488 ού
1336 1437 1558 1489 δύναταὶ
1587 1454 1670 1495 τις
1708 1438 1825 1487 δυσὶ

260 1527 468 1591 κυρίοις
499 1525 766 1577 δουλεύειν
796 1542 809 1556 ·
842 1527 873 1593 ἢ
922 1527 1029 1596 γὰρ
1083 1529 1174 1578 τὸν
1211 1529 1307 1580 ενα
1344 1530 1583 1596 μισήσει.
1610 1530 1701 1581 καὶ
1736 1530 1826 1580 τὸν

243 1600 449 1681 ’ἕτερον
491 1616 763 1683 ἀγαπήσει
808 1630 821 1644 '
858 1618 889 1685 ἢ
940 1617 1031 1668 τοῦ
1075 1618 1193 1680 ἑνὸς
1240 1618 1543 1682 ἀνθέξεται,
1590 1620 1679 1670 καὶ
1734 1617 1824 1669 τοῦ

262 1706 453 1772 ἑτέρου
488 1707 908 1775 καταφρονήσει.
965 1708 1229 1770 Ἕκαστος
1252 1705 1365 1771 06v,
1398 1707 1544 1760 κατὰ
1564 1709 1659 1775 τὴν
1694 1710 1827 1760 ἀπο·-

262 1796 516 1863 στολικὴν
560 1797 763 1862 φωνὴν,
813 1800 870 1849 ὲν
924 1790 967 1863 ᾧ
1021 1797 1246 1865 ἐκλήθη.
1297 1800 1351 1849 ὲν
1395 1798 1568 1866 τούτῳ
1623 1799 1825 1865 ὀφείλει

1915 628 2150 681 clericus
2181 628 2443 687 ordinari,
2480 640 2648 679 necne
2677 625 2699 675 ?

1987 716 2109 770 Res.
2148 716 2289 770 Dixit
2327 719 2377 769 in
2415 715 2716 783 Evangeliis
2768 714 3049 775 Dominus,
3100 712 3266 765 Nemo
3312 720 3485 779 potest

1920 804 2130 859 duobus
2157 806 2391 859 dominis
2411 806 2634 857 servire.
2669 802 2799 855 Nam
2823 804 2912 855 uni
2938 802 3248 862 adhcrehit,
3274 809 3326 851 et
3354 804 3485 852 alie-

1920 913 2037 950 rum
2092 897 2491 963 aspernabitur.
2542 895 2698 949 Uuile
2754 902 2807 947 et
2862 908 3033 946 canon
3095 893 3159 944 15
3212 901 3411 945 sancta:
3437 902 3488 943 et

1923 985 2276 1038 mcumeuicm
2310 984 2340 1037 7
2376 985 2564 1053 synodi
2623 984 2734 1035 ha'c
2794 983 2857 1035 ad
2910 983 3126 1035 verbum
3188 981 3483 1047 exprimit:

1920 1076 2163 1131 Clericus
2198 1077 2265 1129 ab
2306 1077 2405 1128 hoc
2445 1076 2699 1141 deinceps
2739 1082 2980 1141 tempore
3024 1075 3077 1125 in
3136 1072 3345 1124 duabus
3396 1086 3487 1123 ec-

1924 1169 2103 1221 clesiis
2145 1183 2251 1220 non
2302 1167 2601 1219 collocetur
2639 1180 2649 1214 :
2686 1166 2784 1217 hoc
2816 1166 2957 1217 enim
2992 1171 3072 1215 est
3109 1163 3489 1229 nt‘gtvliutionis

1924 1269 1976 1314 et
1999 1260 2172 1325 turpis
2206 1258 2337 1311 lucri
2364 1258 2664 1324 praprium,
2704 1263 2756 1308 et
2790 1255 2855 1305 ab
2880 1254 3243 1307 ecclesiastica
3268 1267 3487 1303 consue-

1927 1348 2109 1399 tudine
2172 1347 2428 1398 alienum.
2478 1345 2558 1397 Ab
2610 1346 2723 1411 ipsa
2763 1344 2903 1396 enim
2936 1344 3144 1395 Domini
3182 1358 3309 1395 voce
3342 1347 3490 1395 audi-

1930 1436 2126 1494 vimus,
2155 1450 2258 1488 non
2288 1450 2447 1504 posse
2475 1436 2783 1502 quempiam
2816 1434 3029 1486 duobus
3054 1432 3287 1484 dominis
3323 1436 3489 1486 servi-

1930 1542 1987 1579 re
2017 1544 2029 1578 :
2066 1526 2147 1578 vel
2180 1541 2345 1577 unum
2377 1526 2501 1577 odio
2538 1524 2772 1587 habebit,
2800 1524 3101 1575 etalterum
3137 1523 3319 1586 diliget
3354 1540 3365 1584 ;
3414 1524 3489 1574 vel

1933 1632 2096 1669 unum
2123 1616 2497 1682 amplectetur,
2518 1624 2569 1666 et
2588 1616 2814 1665 alterum
2840 1613 3090 1680 ncgliget.
3114 1611 3484 1679 Unusquisque

1932 1722 2081 1775 ergo,
2116 1715 2171 1759 ut
2211 1722 2311 1759 vox
2349 1717 2429 1757 est
2462 1706 2782 1773 apostolica,
2815 1706 2867 1755 iu
2907 1720 2990 1764 eo.
3032 1706 3082 1756 iu
3121 1718 3228 1771 quo
3269 1713 3480 1754 vocatus

1933 1808 2038 1857 est,
2088 1798 2244 1850 debet
2294 1812 2531 1858 manere,
2583 1804 2634 1849 et
2685 1797 2735 1847 in
2792 1811 2895 1849 una
2945 1795 3183 1849 Ecclesia
3231 1794 3480 1847 assidere.

267 1859 483 1950 never),
524 1859 614 1935 καὶ
680 1859 1062 1953 προσεδρεύειν
1119 1859 1176 1937 έν
1212 1859 1328 1956 pag!
1374 1859 1690 1956 Ἐκκλῇσία.
1743 1886 1821 1937 Τὰ
1860 1859 1931 1922 ut

1860 1859 1896 1911 Β
1927 1888 2055 1951 Qure
2078 1888 2219 1939 enim
2247 1894 2464 1954 propter
2492 1895 2647 1955 turpe
2675 1887 2882 1939 lucrum
2912 1888 3043 1939 liunt
3074 1886 3125 1938 in
3158 1884 3485 1938 ecclesiasti-

259 1976 373 2042 γάρ
429 1976 495 2026 δι’
540 1977 985 2045 αἰσχροκέρδειαν
1020 1980 1279 2045 γινόμενα
1319 1981 1408 2031 ἐπὶ
1462 1979 1569 2031 τῶν
1625 1982 1823 2049 ἐκκλη-

261 2066 559 2116 σιαστικῶν
590 2070 947 2134 πραγμάτων,
976 2069 1228 2138 ἀλλότρια
1268 2068 1361 2121 τοῦ
1392 2068 1525 2121 Θεοῦ
1563 2069 1826 2135 καθεστῆ-

264 2172 411 2205 κασι.
449 2157 586 2223 Ιὶρος
616 2158 671 2207 δὲ
698 2160 794 2225 τὴν
820 2159 911 2210 τοῦ
946 2158 1059 2225 βίου
1108 2159 1295 2211 τούτου
1324 2160 1512 2227 χρείαν
1542 2160 1826 2226 ἐπιτηδεύ-

267 2246 410 2311 ματά
472 2248 575 2296 εἱσι
620 2247 870 2315 διάφορα.
916 2248 1003 2310 Ἐξ
1043 2248 1222 2300 αὐτῶν
1260 2244 1351 2301 οὖν
1396 2248 1548 2311 εἴτις
1590 2248 1827 2317 βούλοιτο

262 2334 332 2384 τὰ
381 2335 611 2403 χρειώδη
668 2337 757 2388 τοῦ
830 2338 1080 2405 σώματος
1134 2340 1456 2408 πσριζέσθω.
1497 2341 1639 2407 Ἔφη
1670 2340 1829 2409 γάρό

276 2424 619 2486 Ἀπόστολος,
655 2427 785 2487 Ταῖς
808 2429 1018 2494 χρείαις
1041 2446 1139 2496 μου
1165 2430 1256 2481 καὶ
1288 2433 1397 2491 τοῖς
1424 2429 1538 2481 οὖσι
1558 2429 1673 2497 μετ’
1696 2428 1827 2495 ἐμοῦ

265 2517 612 2583 ὑπηρέτησα»
636 2520 687 2568 αἱ
707 2521 879 2587 χεῖρες
900 2515 1076 2571 αὗται.
1094 2521 1520 2589 Παρατηρητέον
1538 2516 1627 2573 οὖν
1646 2522 1713 2572 τὰ
1738 2521 1830 2573 τοῦ

1930 1978 2010 2030 cis
2048 1976 2299 2044 negotiis,
2333 1991 2393 2029 ea
2431 1991 2458 2027 ιι
2489 1974 2597 2029 Deo
2629 1985 2754 2029 sunt
2785 1977 2977 2028 aliena.
3014 1975 3089 2025 Ad
3127 1974 3287 2041 hujus
3313 1980 3490 2025 autem

1933 2069 2055 2121 vita:
2082 2083 2235 2121 nsnm
2270 2077 2395 2120 sunt
2424 2067 2637 2121 diversa
2668 2067 2863 2121 studia.
2892 2065 2967 2118 Ex
3009 2067 3073 2119 iis
3104 2080 3252 2133 ergo,
3294 2065 3337 2119 si
3370 2063 3493 2131 quis

1929 2160 2077 2221 velit,
2107 2173 2165 2211 ea
2195 2173 2313 2224 quae
2337 2167 2462 2210 sunt
2487 2162 2698 2225 corpori
2719 2158 2782 2209 ad
2811 2174 2963 2210 usum
2999 2156 3317 2214 necessaria.
3342 2169 3494 2207 com-

1934 2256 2102 2316 paret.
2144 2246 2286 2298 Dixit
2320 2247 2463 2299 enim
2508 2246 2821 2315 Apostolus,
2868 2244 3069 2298 Usibus
3112 2245 3264 2306 meis,
3305 2251 3355 2295 ει
3422 2243 3488 2296 iis

1938 2340 2027 2407 qui
2062 2352 2271 2390 mecum
2322 2345 2469 2399 sunt,
2509 2336 3055 2389 subministraverunt
3101 2348 3291 2385 manus
3343 2347 3491 2383 mea.

1934 2428 2343 2483 Observandum
2381 2430 2565 2496 igitur,
2612 2437 2666 2479 ut
2704 2427 2788 2479 hic
2835 2442 3007 2479 canon
3043 2426 3327 2476 inviolatus
3359 2439 3494 2475 con-

1936 2528 2183 2572 scrvetur
2218 2535 2229 2545 ’
2263 2532 2455 2585 magna
2487 2517 2631 2570 enim
2676 2516 2773 2569 fuit
2808 2516 2968 2583 hujus
3004 2516 3353 2581 contemptio.

246 2607 411 2659 -θείου
462 2610 645 2661 τούτου
686 2612 905 2672 κανόνος
950 2611 1324 2681 συντηρεῐσθαι
1353 2614 1604 2680 ἀπαρεγχ
1624 2610 1835 2679 είρητα’
1874 2608 2037 2675 πολλὴ
2072 2609 2179 2678 γὰρ
2208 2610 2427 2674 γέγονεν
2462 2606 2623 2658 αὑτοῦ
2662 2610 3082 2674 καταφρόνησις

350 2699 657 2765 Ἐρώτησις
688 2698 799 2764 κβ.
855 2703 1099 2770 ’Λρχαῖον
1132 2702 1251 2763 ἔθος
1289 2704 1365 2763 εἱς
1398 2703 1495 2769 τὴν
1526 2701 1629 2753 τῶν
1673 2702 1827 2753 Ἀλε-

266 2786 535 2854 ξανδρέων
565 2789 831 2855 inpiaque
864 2788 1065 2855 χώραν,
1098 2790 1219 2849 τοὺς
1262 2790 1623 2851 τελευτῶντας
1671 2791 1830 2857 ἱερεὶς

264 2879 361 2929 καὶ
392 2880 662 2945 ἀρχιερεῖς
690 2878 777 2930 διὰ
832 2879 989 2944 ἀγίου
1017 2878 1187 2947 μύρου
1222 2880 1489 2948 χρίεσθαι,
1544 2881 1638 2932 καὶ
1677 2882 1834 2932 ἱντα-

265 2969 559 3031 ᾳιάξεσυαι
594 2984 605 2997 ·
636 2971 726 3020 καὶ
748 2970 1016 3037 ζητοῦμεν
1047 2969 1236 3037 μαθεῖν
1262 2972 1308 3020 εἱ
1337 2970 1835 3039 ἀπροκριμάτιστον

264 3060 426 3111 τοῦτό
454 3061 620 3111 ἐστιν.

339 3151 461 3201 Ἀττ.
495 3149 857 3214 Εὐαγγε).ικόν
906 3151 1021 3203 ἐστι
1049 3150 1435 3218 παράγγελμα⁹
1462 3148 1607 3213 ἅπαξ
1642 3148 1834 3217 βαπτί-

267 3239 603 3302 ζεσθαιτοὺς
648 3240 1044 3302 πιστεύσαντας
1093 3245 1169 3303 εἱς
1200 3242 1258 3292 τὸ
1290 3242 1463 3309 ονομα
1494 3240 1585 3293 τοῦ
1628 3240 1836 3307 [ἰατρὸς

264 3329 362 3377 καὶ
384 3326 476 3377 τοῦ
502 3327 627 3377 Υἱοῦ
662 3330 754 3379 καὶ
784 3328 874 3379 τόύ
903 3329 1054 3392 ἁγίου
1084 3330 1419 3398 Πνεύματος.
1448 3332 1543 3382 Διά
1577 3347 1657 3381 τοι
1683 3329 1837 3380 τοῦτο

266 3418 365 3469 καὶ
400 3420 424 3468 ὁ
462 3417 546 3483 μζ⁹
594 3419 772 3470 κανὼν
816 3420 923 3471 τῶν
968 3420 1137 3485 ἁγίων
1189 3422 1497 3473 ἀποστόλων
1525 3421 1696 3473 ταῦτά
1727 3436 1825 3488 φη-

268 3524 376 3566 σιν,
429 3508 752 3571 Ἐπίσκοπος
797 3510 827 3577 ἢ
877 3510 1243 3579 πρεσϐύτερος
1274 3513 1363 3563 τὸν
1400 3514 1540 3563 κατά
1576 3511 1837 3577 ἀλήθειαν

266 3598 461 3669 ἔχοντα
492 3597 769 3667 βάπτισμα
799 3600 892 3651 ὲάν
932 3601 1136 3653 ἄνωθεν
1182 3601 1437 3671 βαπτίσῃ,
1486 3602 1517 3670 ἢ
1547 3601 1635 3653 τὸν
1672 3617 1840 3669 μεμο-

265 3685 537 3751 λυσμένον
568 3690 718 3756 παρά
766 3690 874 3739 τῶν
913 3690 1123 3741 ἀσεὸῶν
1154 3691 1227 3759 μὴ
1272 3691 1530 3761 βαπτίσῃ,
1560 3691 1839 3760 καθαιρεί-

268 3776 386 3827 σθω
416 3793 428 3806 ’
463 3777 536 3839 ὡς
570 3778 742 3843 γελῶν
790 3781 880 3832 τὸν
935 3779 1163 3850 σταυρὸν
1209 3781 1425 3833 καὶτὸν
1484 3780 1577 3832 τοῦ
1638 3780 1837 3849 Κυρίου

264 3869 520 3930 θάνατον,
558 3870 649 3921 καὶ
687 3870 761 3937 μὴ
790 3870 1080 3939 διακρίνων
1111 3872 1292 3939 ἱερέας
1320 3870 1696 3941 ψευδοῖερέων.
1731 3871 1840 3923 Καὶ

260 3961 293 4010 ὁ
348 3964 417 4025 ιη’
448 3960 628 4009 κανὼν
674 3961 770 4026 τῆς
810 3962 865 4010 ὲν
922 3954 1247 4032 Καρθαγένῃ
1294 3962 1509 4012 συνόδου
1560 3962 1727 4013 ταῦτα
1763 3960 1841 4012 δι-

263 4050 486 4113 έξεισιν,
529 4050 651 4101 Ἐάν
691 4068 771 4110 τις
803 4049 1060 4119 κληρικος
1084 4050 1686 4121 χειροτονῆται,όφεὶλει
1711 4051 1843 4103 ὕπο-

271 4142 677 4208 μιμνήσκεσθαι
718 4144 844 4203 τοὺς
871 4143 1029 4209 ὄρους
1075 4142 1363 4209 φυλάττειν
1404 4157 1416 4170 ·
1456 4142 1546 4194 καὶ
1594 4143 1679 4193 ἵνα
1729 4144 1840 4205 τοῖς

270 4231 486 4296 σώμασι
518 4229 626 4280 τῶν
688 4229 1065 4281 ἀποθανόντων
1114 4230 1429 4301 εὐχαριστία
1464 4231 1538 4299 μὴ
1584 4230 1827 4296 διδῶται,

271 4318 407 4387 μηδὲ
443 4319 744 4387 βάπτισμα.
773 4320 835 4370 Οἱ
880 4317 1009 4386 γοῦν
1070 4319 1158 4372 διὰ
1211 4319 1382 4389 μύρου
1420 4320 1661 4389 χρίοντες
1715 4324 1839 4383 τοὺς

2010 2698 2365 2766 Interrogatio
2396 2698 2483 2750 2‘2.
2517 2696 2684 2750 Vetus
2714 2694 3049 2749 consuetudo
3094 2696 3143 2747 in
3179 2694 3495 2749 Alexandii-

1940 2806 2133 2845 norum
2186 2790 2403 2856 regione
2460 2788 2713 2849 obtinuit.
2766 2796 2821 2839 ut
2866 2786 3061 2839 mortui
3108 2785 3415 2839 sacerdotes
3441 2792 3497 2838 et

1945 2880 2228 2951 pontiﬁces
2256 2889 2446 2931 sancto
2474 2890 2809 2946 ungercntur
2837 2886 3135 2945 unguento,
3160 2886 3212 2930 et
3247 2879 3313 2929 ita
3347 2892 3499 2941 sepe-

1943 2971 2191 3022 lircutur.
2240 2966 2322 3019 An
2366 2965 2494 3020 illud
2536 2974 2687 3020 extra
2734 2966 3106 3034 prinjudicium
3155 2966 3244 3027 sit,
3294 2966 3502 3017 discere

1861 3061 1903 3121 C
1939 3061 2207 3127 cupimus.

2008 3150 2128 3205 Res.
2159 3150 2539 3220 Evangelicum
2570 3157 2654 3203 est
2689 3158 3039 3216 pra‘ceptum,
3074 3154 3237 3202 semet
3268 3163 3382 3208 eos,
3407 3149 3499 3217 qui

1939 3242 2306 3294 crediderunt.
2340 3242 2604 3309 baptizari
2636 3242 2688 3293 in
2719 3241 2933 3292 nomine
2961 3238 3158 3297 Patris,
3187 3247 3237 3289 et
3277 3235 3419 3301 Filii,
3449 3249 3503 3293 et

1941 3330 2180 3399 Spiritus
2208 3332 2404 3384 sancti.
2433 3330 2513 3384 Ob
2539 3344 2657 3384 eam
2685 3344 2798 3383 rem
2830 3338 2883 3381 et
2904 3328 2969 3383 47
2992 3342 3164 3381 canou
3191 3339 3498 3381 sanctorum

1942 3420 2312 3487 apostolorum
2360 3420 2471 3472 hinc
2497 3420 2670 3485 inquit
2704 3436 2715 3469 :
2753 3416 3050 3485 Episcopus
3090 3417 3167 3469 vel
3203 3418 3502 3486 presbyter,

1939 3524 2084 3574 eum,
2105 3510 2333 3577 quivere
2359 3511 2515 3564 habet
2547 3509 2900 3576 baptismum,
2929 3507 2973 3561 si
3006 3507 3069 3558 de
3093 3508 3297 3573 integro
3332 3508 3505 3574 bapti-

1940 3601 2162 3663 zaverit,
2202 3602 2285 3653 vel
2310 3600 2354 3653 si
2378 3615 2523 3661 eum,
2550 3600 2641 3666 qui
2696 3598 2761 3651 ab
2794 3598 2973 3664 impiis
2995 3596 3233 3661 pollutus
3267 3606 3365 3657 est,
3399 3613 3503 3651 non

1951 3691 2326 3760 baptilaverit,
2356 3690 2675 3756 deponatur.
2712 3697 2770 3741 ut
2805 3687 2895 3757 qui
2930 3687 3153 3738 irrideat
3190 3701 3416 3740 mortem
3451 3700 3504 3741 et

1939 3798 2158 3838 crucem
2192 3783 2492 3843 Domini.et
2516 3798 2621 3837 non
2646 3782 2923 3836 discernat
2952 3781 3261 3835 sacerdotes
3295 3796 3322 3832 a
3359 3780 3508 3834 falsis

1940 3873 2337 3929 sacerdmibus.
2389 3873 2450 3926 Et
2502 3872 2565 3925 18
2619 3885 2791 3925 canon
2848 3871 3038 3942 synodi
3081 3871 3507 3939 Carhaginensis

1941 3964 2056 4017 haec
2115 3964 2415 4032 exprimit:
2452 3960 2506 4015 Si
2562 3962 2685 4030 quis
2731 3962 2964 4016 clericus
3018 3961 3318 4023 ordinetur,
3353 3960 3509 4014 debet

1943 4054 2244 4115 admoneri,
2277 4064 2333 4105 ut
2356 4062 2537 4107 servet
2560 4053 2775 4105 decreta
2805 4068 2820 4115 ;
2855 4059 2906 4105 et
2932 4061 2989 4103 ut
3017 4060 3355 4103 mortuorum
3387 4064 3508 4102 cor-

1945 4144 2171 4215 poribus
2201 4142 2543 4196 Eucharistia
2581 4157 2689 4196 non
2722 4142 2899 4205 detur,
2925 4156 3025 4194 nec
3060 4141 3382 4221 baptismus.
3406 4137 3506 4202 Qui

1942 4236 2107 4303 igitur
2154 4241 2430 4303 unguento
2477 4233 2750 4287 deliniunt
2793 4243 3037 4287 mortuos
3074 4230 3407 4290 sacerdmes,
3454 4236 3509 4282 et

1943 4325 2243 4395 pontiﬁces,
2284 4333 2375 4377 aut
2411 4324 2545 4377 alios
2585 4324 2831 4392 quosvis,
2873 4332 2926 4378 et
2956 4324 3037 4377 sic
3072 4322 3359 4392 sepeliunt,
3395 4334 3509 4371 ma-

263 4410 631 4470 τελευτῶντας
664 4410 826 4479 ἱερεῖς
873 4409 966 4461 καὶ
1016 4409 1310 4477 ἀρχιερεῖς,
1349 4410 1381 4480 ἢ
1435 4410 1654 4476 ἐτέρους
1693 4411 1843 4473 τινὰς
1875 4401 1919 4455 Ῑ)

1875 4401 1919 4455 Ι)
1948 4426 2051 4482 gna
2084 4418 2211 4463 sunt
2256 4410 2615 4478 castigatione
2661 4410 2830 4476 digni,
2871 4409 2953 4461 vel
3002 4417 3062 4460 ut
3104 4413 3508 4461 contemnentes

266 4501 361 4550 xui.
390 4499 561 4558 οὕτως
617 4498 1049 4566 ἐνταφιάζοντες,
1115 4498 1353 4567 μεγάλης
1409 4500 1516 4550 εἱσὶ
1572 4499 1841 4561 κολάσεως

266 4589 408 4652 ἄξιοι
438 4604 451 4615 ·
487 4588 516 4657 ἢ
548 4587 619 4649 ὼς
646 4587 1145 4654 καταγινώσκοντες
1186 4586 1296 4640 τῶν
1342 4587 1712 4656 βαπτιζόντων
1744 4589 1835 4657 ὀρ-

269 4679 495 4741 θοδόξων
527 4680 744 4740 αὐτοὺς.
776 4680 807 4747 ἢ
852 4678 925 4739 ὡς
982 4678 1056 4746 μὴ
1112 4676 1481 4747 πληροφορίαν
1519 4678 1733 4746 ἔχοντες
1760 4682 1842 4731 ἐν.

262 4768 417 4834 τελῆ,
446 4771 556 4830 τοῖς
606 4768 903 4837 ὀρθοδόξοις
939 4763 1075 4818 εἶναι
1113 4766 1332 4828 τούτους
1383 4768 1693 4830 κοινωνοὺς.
1748 4768 1837 4819 καὶ

266 4861 373 4927 πρό
401 4858 775 4929 κατακρίσεως
810 4858 1246 4927 κατακρίνοντες.

352 4946 674 5013 Ἐρώτησις
733 4945 840 5015 κγ’.
902 4946 1293 5015 Λελωόημένος
1348 4948 1381 5016 ἢ
1436 4948 1834 5017 ἑτερόφθαλμος

262 5030 519 5101 ἀξιωθείη
546 5031 754 5100 βαθμοῦ
786 5033 1095 5101 ἱερατικοῦ;
1124 5034 1155 5103 ἢ
1195 5036 1221 5086 ό
1252 5035 1388 5102 μετά
1416 5034 1512 5103 τὴν
1536 5037 1834 5104 ἱερωσύνην

261 5122 587 5191 καταπειθὴς
650 5122 909 5189 γεγονὼς,
966 5124 1168 5178 ὲσεῖται
1234 5125 1325 5175 καὶ
1367 5124 1502 5193 μετά
1559 5124 1619 5177 τὸ
1667 5125 1835 5188 πάθος

264 5212 590 5285 ἱερουργῶν,
620 5213 652 5284 ἢ
686 5213 776 5277 06;

352 5314 481 5360 'Arr.
516 5308 621 5359 Καὶ
670 5306 855 5359 ἄλλοτε
896 5307 1121 5374 εἴπομεν
1150 5306 1256 5357 ἀπὸ
1289 5305 1382 5357 τοῦ
1432 5306 1725 5359 Μωσαϊκοῦ
1752 5309 1835 5359 νό-

267 5414 369 5465 μου
404 5397 527 5458 τοὺς
550 5395 822 5455 τοιούτους
853 5397 930 5457 εἱς
960 5395 1260 5463 ἱερωσύνην
1286 5395 1360 5463 μὴ
1376 5396 1820 5463 προσισάζεσθαι·

273 5484 335 5537 '0
358 5486 411 5537 δὲ
451 5486 523 5548 οζ⁶
554 5485 732 5539 κανὼν
766 5486 872 5537 τῶν
901 5485 1067 5551 ἁγίων
1098 5485 1188 5536 καὶ
1209 5486 1577 5555 πανευφήμων
1602 5486 1828 5539 ἀποστό·

261 5580 372 5630 λων
400 5577 571 5630 ταῦτά
601 5594 785 5646 φησιν·
822 5578 888 5628 Ei’
916 5594 995 5639 τις
1034 5577 1307 5647 ἀνάπηρος
1417 5579 1505 5631 τὸν
1531 5577 1829 5646 ὀφθαλμὸν,

1949 4502 2305 4563 orlbodoxos,
2352 4501 2442 4568 qui
2479 4516 2573 4554 eos
2606 4499 2951 4568 baptizarunt
2988 4516 3003 4561 ;
3062 4498 3145 4551 vel
3189 4506 3246 4549 ut
3297 4499 3507 4565 plenam

1950 4606 2056 4644 non
2090 4591 2353 4644 habentes
2400 4590 2859 4652 testiﬁcationem,
2892 4588 3033 4657 quod
3068 4588 3119 4640 hi
3165 4602 3287 4639 cum
3324 4587 3511 4639 orthoo

1947 4682 2101 4736 doxis
2125 4680 2329 4736 fuerint
2354 4681 2673 4750 participes.
2709 4689 2762 4734 ct
2794 4688 2919 4733 ante
2946 4678 3212 4747 judicium
3254 4677 3511 4729 condem-

1949 4780 2163 4826 nautes.

2014 4951 2180 5005 Inter.
2225 4952 2315 5005 23.
2370 4950 2592 5004 Maucus
2632 4961 2724 5003 aut
2764 4951 3088 5003 monoculus
3148 4948 3507 5001 habebiturne

1944 5045 2111 5113 gradu
2146 5042 2468 5096 sacerdotali
2498 5041 2733 5109 dignus?
2758 5050 2847 5093 aut
2872 5042 2961 5108 qui
2993 5049 3113 5109 post
3145 5039 3509 5094 sacerdotium

1949 5134 2232 5187 mutilatus
2250 5143 2351 5198 est,
2380 5134 2796 5203 perinitteturne
2842 5140 2964 5203 post
2985 5133 3171 5184 vitium
3202 5130 3512 5185 sacrificare

1948 5224 2177 5276 annon?

2020 5312 2137 5365 Res.
2156 5312 2219 5365 Et
2243 5312 2369 5366 alibi
2394 5311 2655 5379 diximus,
2681 5314 2782 5369 hos
2807 5315 2869 5367 ad
2895 5312 3254 5367 sacerdotium
3280 5312 3509 5366 Mosaica

1954 5415 2051 5467 iege
2079 5414 2184 5451 non
2212 5400 2541 5467 promoveri.
2578 5398 2764 5454 Canon
2795 5409 2972 5453 autem
3008 5401 3074 5452 77
3105 5406 3419 5454 sanctorum
3454 5408 3511 5451 et

1943 5487 2352 5542 benedictorum
2413 5491 2783 5557 apostolorum
2826 5490 2941 5543 hac
2991 5492 3113 5542 ait:
3152 5490 3206 5542 Si
3259 5489 3381 5557 quis
3428 5495 3507 5542 vel

1944 5579 2106 5631 oculo
2170 5580 2395 5633 orbatus
2446 5580 2527 5634 vel
2577 5580 2784 5636 femore
2830 5583 3064 5635 oblaesus
3104 5592 3149 5645 ο,
3195 5581 3507 5650 episcopatu

1519 5670 1753 5725 VARle
1794 5669 2189 5726 LECTIONES.

344 5769 369 5799 ⁸
400 5762 473 5812 ιτὶ
518 5777 666 5813 cruce
714 5762 889 5813 Iasus.
