4214 6450
788 372 891 437 979

2000 377 2275 438 'FIIEOD.
2306 372 2535 437 BALSA
2549 374 2777 438 MONIS

3901 379 4018 443 980

788 491 1057 545 eodestem
1090 488 1354 555 fecerunt,
1383 490 1437 544 in
1467 490 1497 543 7
1522 496 1857 559 cauoue_sub
1888 492 1998 545 lucc
2026 498 2092 546 de
2135 494 2201 548 iis
2249 507 2348 548 no—
2379 504 2422 556 Α

2347 504 2422 556 ηΛ
2456 496 2669 550 σύνοδον
2720 500 3143 567 οὐρανὼσαντες,
3213 507 3269 555 ἐν
3322 506 3367 568 ζ’
3415 508 3595 559 κανόνι
3644 510 3822 561 αὐτῶν
3881 516 4011 563 τάδε

788 581 1029 633 minatim
1078 564 1352 649 ele'ganter
1401 582 1736 649 scripserunt
1775 600 1786 634 :
1828 583 1951 641 Eos.
1989 585 2079 650 qui
2112 586 2164 637 in
2195 586 2340 639 clero

786 670 947 723 semel
977 669 1213 723 ordinati
1239 680 1387 735 sunt,
1436 679 1486 723 et
1514 671 1696 725 itidem
1727 674 2023 726 monaclzos
2054 677 2343 729 statuimus

790 773 888 811 nec
917 758 980 810 ad
1013 759 1299 813 militarem
1348 761 1766 828 expeditionem,
1798 776 1896 815 nec
1937 764 2001 815 ad
2034 764 2341 816 szccularem

788 847 1101 914 dignitatem
1152 863 1308 914 posse
1363 850 1567 906 venire.
1613 851 1711 915 Qui
1755 861 1934 904 autem
1989 854 2088 905 hoc
2145 853 2344 906 audent

781 946 833 989 et
872 950 979 989 non
1025 938 1339 1005 pmnitentia
1384 940 1532 992 ducti
1567 941 1630 993 ad
1674 941 1724 994 id
1790 952 2154 1005 revertuntur,
2196 945 2339 1011 quod

784 1036 999 1093 propter
1068 1025 1229 1079 Deum
1308 1028 1457 1095 prius
1511 1030 1804 1098 elegerant,
1872 1033 2337 1087 anathematizari.

782 1112 847 1165 Et
910 1114 979 1166 85
1046 1129 1230 1185 canon
1278 1113 1593 1172 'sanctorum
1651 1122 2014 1187 apostolorum
2053 1123 2164 1177 hac
2212 1126 2336 1177 ait:

778 1189 1099 1272 Episcopus,
1138 1208 1217 1259 vel
1255 1209 1555 1277 presbyter,
1596 1211 1676 1262 vel
1726 1211 2010 1274 diaconus,
2080 1215 2336 1266 exercitui

776 1304 999 1355 vacans,
1054 1302 1107 1345 et
1161 1303 1389 1363 utraque
1419 1298 1666 1350 obtinere
1737 1300 1958 1364 volens,
2038 1300 2335 1354 noriianum

776 1382 981 1436 scilicet
1018 1386 1417 1452 magistratum,
1452 1400 1503 1441 et
1536 1392 1929 1447 sacerdotalem
1983 1374 2337 1447 administra:

776 1472 997 1537 tionem,
1043 1474 1364 1542 deponatur.
1407 1478 1536 1543 Qua:
1578 1491 1705 1535 sunt
1752 1486 1893 1537 enim
1935 1484 2185 1547 Cmsaris,
2224 1486 2337 1539 Cte-

775 1562 921 1624 sari;
958 1569 1010 1615 et
1039 1580 1158 1631 quae
1207 1576 1335 1619 sunt
1369 1566 1481 1630 Dei,
1511 1571 1637 1623 Deo.
1676 1572 1829 1625 Fient
1860 1573 2025 1641 igitur
2054 1574 2105 1626 in
2148 1590 2337 1627 mona-

773 1651 908 1713 chis,
942 1661 994 1705 et
1024 1654 1247 1722 reliquis
1288 1656 1423 1709 adeo
1458 1658 1592 1711 bene
1640 1674 1697 1713 se
1734 1664 2063 1727 gerentibus,
2104 1678 2165 1716 ea
2215 1679 2333 1732 quze

773 1739 1076 1806 bujusmodi
1104 1744 1405 1797 canonibus
1436 1745 1656 1800 deﬁnita
1683 1759 1826 1803 sunt.

842 1827 1007 1882 Inter.
1032 1829 1120 1884 27.
1166 1830 1434 1901 Coniuges
1476 1840 1747 1890 communi
1798 1838 1934 1894 forte
1980 1856 2249 1897 consensu
2280 1854 2332 1898 et

769 1918 967 1984 placito
1003 1921 1197 1974 anima:
1228 1925 1581 1990 condncibili,
1628 1931 1983 1984 monasticam
2020 1934 2184 1986 vitam
2218 1936 2327 1990 elc-

773 2016 995 2074 gerunt.
1022 2010 1155 2074 Quia
1193 2021 1369 2066 autem
1405 2031 1596 2070 rursus
1628 2020 1678 2069 in
1723 2020 1909 2073 eadem
1953 2022 2114 2075 domo
2142 2037 2323 2092 agunt,

766 2098 951 2150 eodem
1012 2102 1179 2164 victu,
1225 2103 1518 2172 eademque
1590 2122 1773 2163 mensa
1845 2120 2073 2175 utentes,
2119 2115 2327 2169 discere

768 2186 924 2239 velim
956 2188 1085 2256 quid
1119 2189 1423 2244 faciendum
1451 2195 1542 2247 sit.

836 2272 955 2328 Hes.
985 2276 1156 2331 Divini
1182 2294 1421 2335 canones
1444 2294 1641 2337 sanetae
1658 2293 1712 2339 et
1738 2290 2090 2343 (ecumenica:
2110 2294 2322 2361 synodi,

768 2372 969 2418 coacta:
1012 2368 1064 2420 in
1112 2370 1311 2437 templo
1353 2381 1663 2427 sanctorum
1705 2378 2092 2444 apostolorum,
2142 2385 2324 2451 appel-

768 2454 886 2508 latae
919 2457 939 2507 1
973 2465 1025 2509 et
1054 2460 1108 2523 2,
1143 2459 1408 2514 deﬁniunt
1458 2483 1469 2516 :
1504 2478 1756 2521 tonsuras
1797 2469 1849 2521 in
1882 2476 2204 2527 monasteria
2247 2478 2326 2531 sic

771 2544 909 2605 ﬁeri.
941 2559 1006 2598 ne
1034 2548 1274 2600 recusari
1308 2552 1538 2618 possint,
1572 2562 1625 2606 et
1655 2558 2041 2613 conventiones
2061 2568 2087 2595 η
2113 2577 2322 2627 eorum,

766 2635 856 2702 qui
898 2635 1211 2697 tondentur.
1247 2653 1276 2691 a
1309 2638 1720 2706 ﬁdejussoribus
1750 2647 1978 2713 suscipi.
2012 2647 2114 2713 Qui
2158 2651 2325 2721 igitur

766 2740 871 2776 non
904 2725 1104 2794 degunt
1128 2728 1181 2780 in
1212 2733 1576 2795 monasteriis,
1614 2733 1666 2787 in
1698 2735 1893 2802 quibus
1926 2740 2109 2791 habitu
2145 2753 2325 2795 muta-

764 2823 914 2877 runt,
946 2826 999 2868 et
1034 2820 1175 2871 tonsi
1214 2828 1358 2885 sunt,
1397 2823 1491 2875 sed
1542 2824 1596 2876 in
1644 2827 1932 2882 mundanis
1974 2829 2321 2898 diversoriis;

763 2906 1159 2972 eompellentur
1195 2923 1223 2961 a
1266 2910 1567 2967 diazceseos
1611 2916 1883 2986 episcopo,
1951 2935 2073 2973 cum
2113 2938 2327 2977 excom-

766 2996 1128 3051 municatione
1152 3009 1204 3052 et
1228 3001 1593 3058 acerbissimis
1616 3006 1788 3073 poenis
1805 3010 1980 3064 redire
2002 3012 2159 3079 bene,
2184 3014 2323 3068 unde

765 3082 902 3134 male
931 3084 1199 3138 exierunt.

834 3260 999 3316 Inter.
1036 3265 1123 3318 28.
1160 3268 1470 3332 Pontiﬁces,
1507 3274 1598 3341 qui
1632 3274 1914 3341 diaconos,
1950 3282 2029 3333 vel
2066 3282 2319 3335 sacerdo-

764 3364 842 3408 tes
870 3356 1145 3420 ordinant,
1184 3360 1307 3411 item
1343 3362 1434 3428 qui
1467 3377 1562 3429 per
1591 3364 1829 3418 divinum
1884 3369 2155 3424 lavacrum
2190 3386 2318 3440 pue-

752 3436 853 3495 ros
895 3444 1344 3509 ortliodoxorum,
1384 3460 1475 3502 aut
1522 3451 1731 3518 aliquos
1766 3454 2045 3511 hereticos
2081 3461 2319 3514 sanctiﬁ-

762 3542 937 3593 eant;
1000 3534 1201 3600 pariter
1255 3536 1345 3603 qui
1409 3538 1680 3605 aliquibus
1744 3543 2053 3597 ministrant
2108 3548 2321 3601 divinas

768 3620 1251 3685 sanctiﬁcationes,
1281 3625 1325 3677 si
1357 3626 1408 3677 in
1453 3627 1653 3681 laboris
1683 3633 1958 3696 praemium
1991 3641 2321 3691 nummarias

764 3707 974 3774 aliquas
1027 3724 1269 3765 summas
1323 3714 1391 3766 ab
1443 3714 1509 3767 iis
1556 3717 1793 3786 exigant,
1843 3732 2056 3778 rectene
2096 3725 2319 3793 faciunt,

761 3799 977 3850 annon?
2320 3878 2321 3883 η

831 3885 949 3939 Res.
1015 3887 1249 3967 Milites,
1297 3890 1506 3959 inquit,
1571 3897 1805 3963 propriis
1865 3900 2148 3966 stipendiis
2212 3919 2317 3957 non

759 3978 997 4030 aluntur.
1034 3976 1098 4030 Et
1146 3995 1239 4047 per
1286 3979 1471 4035 Mosen
1514 3982 1654 4035 dixit
1696 3983 1857 4049 Deus,
1890 3984 2005 4040 Non
2049 3994 2318 4045 constrin-

757 4081 851 4132 ges
898 4082 961 4121 os
1011 4068 1131 4121 bovi
1183 4071 1479 4124 trituranti.
1529 4072 1583 4126 Si
1643 4074 1805 4141 igitur
1855 4092 1950 4143 per
1994 4080 2316 4135 mediocrem

757 4155 1028 4209 dationem
1076 4158 1337 4226 aliquam.
1381 4167 1434 4211 et
1478 4160 1703 4214 arbitrio
1745 4164 1999 4227 ordinati,
2038 4168 2116 4219 vel
2161 4170 2319 4222 aliter

759 4243 1108 4306 sanctiﬁcati,
1137 4245 1389 4297 solatium
1430 4247 1681 4314 accipere
1727 4262 1971 4317 quaerunt
2010 4256 2317 4310 sacerdotes

758 4340 812 4383 et
843 4332 1149 4395 pontiﬁces,
1178 4334 1268 4399 qui
1297 4334 1553 4388 ordinant
1582 4339 1660 4391 vel
1691 4340 1990 4407 baptizant,
2025 4345 2158 4397 nihil
2192 4347 2315 4399 mali

758 4418 985 4474 faciunt.
1015 4420 1148 4474 Nam
1192 4422 1433 4478 solemne
1465 4433 1549 4477 est
1597 4440 1691 4493 per
1730 4434 2200 4496 consuetudinem,
2226 4451 2317 4488 or-

2450 588 2627 655 ρητῶς
2654 590 2780 654 περὶ
2811 589 3009 641 τούτων
3038 593 3532 664 ἐκαλλιγράφησαν,
3582 598 3718 658 Τοὺς
3758 602 3907 664 ἅπαξ
3948 622 4008 649 ιν

2447 678 2632 747 κλήρῳ
2674 679 3039 747 τεταγμένους
3088 685 3179 734 καὶ
3233 688 3499 753 μοναστὲς
3539 688 3820 756 ὡρίσαμεν
3867 694 4004 757 μήτε

2444 767 2536 817 ἐπὶ
2572 767 2877 833 στρατείας,
2898 770 3050 836 ’μήτε
3082 772 3172 822 ἐπὶ
3207 774 3363 834 ἀξίαν
3398 777 3671 843 κοσμικὴν
3701 777 3961 845 ἔρχεσθαι
3989 795 4001 806 ·

2444 856 2498 923 ἢ,
2530 856 2685 908 τοῦτο
2734 859 3065 927 τολμῶντας,
3124 864 3214 913 καὶ
3248 864 3321 929 μὴ
3366 867 3835 932 μεταμελομένους
3861 870 3999 918 ὣστε

2443 949 2763 1016 ἐπιστρέψαι
2793 951 2884 1001 ἐπί
2908 951 3063 1003 τοῦτο
3090 952 3117 1003 ὃ
3135 953 3221 1004 διὰ
3246 953 3373 1004 Θεὸν
3407 955 3628 1016 εἴλοντο,
3662 958 4000 1023 ἀναθεματί-

2441 1035 2649 1097 ζεσθαι.
2707 1040 2813 1090 Καὶ
2866 1042 2894 1092 ὀ
2948 1040 3039 1107 πγ¹
3094 1042 3273 1094 κανὼν
3314 1043 3421 1094 τῶν
3471 1046 3639 1111 ἁγίων
3688 1048 4000 1098 ἀποστόλων

2438 1128 2610 1181 ταῦτα
2672 1129 2948 1192 διέξεισινο
3027 1131 3367 1198 Ἐπίσκοπος,
3430 1135 3462 1202 ἢ
3523 1137 3913 1205 πρεσϐύτερος,
3966 1141 3996 1203 ἢ

2439 1218 2681 1280 διάκονος
2714 1223 2971 1291 στρατείᾳ
3003 1224 3297 1290 σχολάζων,
3332 1226 3425 1276 καὶ
3466 1224 3789 1292 βουλόμενος
3820 1230 3998 1295 ἀμ’,τὸ-

2438 1325 2571 1377 τερα
2624 1311 2893 1377 κατέχειν,
2966 1314 3274 1382 Ῥωμαϊκὴν
3332 1316 3505 1383 ἀρχὴν
3562 1318 3652 1368 καὶ
3714 1319 3996 1383 ἱερατικὴν

2437 1398 2732 1459 διακονίαν,
2760 1402 3146 1469 καθαιρείσθω.
3170 1405 3248 1455 Τὰ
3266 1406 3372 1472 γὰρ
3390 1408 3688 1474 Καίσαρος,
3716 1410 3958 1476 Καίσαρι
3981 1425 3993 1437 °

2438 1491 2530 1539 καὶ
2560 1492 2624 1538 τι
2658 1488 2749 1540 τοῦ
2795 1488 2952 1548 Θεοῦ,
3000 1491 3074 1558 τῷ
3113 1492 3249 1559 Θεῷ.
3298 1496 3589 1563 Γενήσεται
3637 1496 3729 1547 οὖν
3763 1498 3859 1547 ἐπὶ
3892 1502 3995 1557 τοίς

2435 1578 2575 1629 οὓτω
2603 1580 2778 1640 καλῶς
2808 1581 3242 1650 πολιτευομένοις
3277 1587 3531 1651 μοναχοῖς
3560 1602 3617 1636 τε
3653 1587 3749 1636 καὶ
3786 1586 3994 1647 λοιποῖς

2434 1667 2499 1717 τὰ
2529 1669 2584 1718 ὲν
2604 1671 2714 1729 τοῖς
2731 1672 2989 1731 τοιούτοις
3022 1673 3209 1723 κανόσι
3234 1673 3586 1743 διωρισμένα.

2505 1838 2815 1904 Ἐρώτησις
2844 1838 2944 1899 κζ’.
2986 1840 3272 1909 Ὀμόζυγοι
3290 1846 3440 1896 ,κατὰ
3462 1847 3646 1911 κοινὴν
3679 1850 3823 1917 τάχα
3846 1832 3987 1919 ψυχ-

2430 1928 2608 1996 ωφελῆ
2659 1930 2873 1997 Θέλησιν
2942 1934 3034 1984 καὶ
3094 1935 3385 2002 ἀρέσκειαν
3467 1938 3560 1989 τὸν
3606 1943 3817 2009 μονήρη
3878 1942 3993 2009 βίον

2431 2016 2749 2080 ἐπελέξαντο
2768 2031 2781 2045 ⁸
2811 2021 2891 2069 ὅτι
2916 2019 2971 2071 δὲ
2987 2022 3080 2073 καὶ
3106 2018 3257 2085 αὖθις
3282 2025 3338 2074 ἐν
3367 2026 3463 2094 μιᾷ
3494 2028 3746 2097 κατοικία
3772 2029 3992 2098 διάγου-

2431 2124 2535 2171 σιν,
2605 2108 2902 2173 ὁμοδίαιτοι
2960 2110 3176 2173 πάντως
3234 2112 3386 2173 ὄντες
3442 2115 3536 2167 καὶ
3596 2119 3987 2186 ὁμοτράπεζοι,

2429 2196 2574 2265 ζητώ
2602 2196 2661 2247 τὸ
2697 2197 2948 2265 ποιητέον
2971 2199 3059 2251 ἐπὶ
3084 2199 3293 2262 τούτοις
3323 2202 3535 2269 μαθεῖν.

2499 2288 2621 2339 Ἀπ.
2652 2290 2714 2339 Oi
2749 2288 2883 2340 Θεῖοι
2928 2290 3152 2352 κανόνες
3188 2292 3286 2360 τῆς
3325 2295 3383 2343 ἐν
3419 2294 3495 2362 τῷ
3528 2295 3639 2363 ναῷ
3677 2295 3785 2347 τῶν
3820 2299 3990 2363 ἁγίων

2428 2374 2737 2427 ἁποστόὶων
2776 2378 3048 2447 συστάσης
3092 2381 3252 2446 ἁγίας
3309 2384 3400 2433 καὶ
3444 2384 3827 2456 οἱκουμενικῆς
3861 2406 3989 2439 συν-

2425 2463 2565 2527 όδου,
2600 2467 2703 2529 τῆς·
2738 2465 3035 2534 λεγομένης
3058 2466 3104 2519 α’
3151 2471 3244 2521 καὶ
3276 2469 3340 2539 β’,
3387 2472 3707 2542 διορίζονται
3747 2480 3890 2528 κατὰ
3911 2480 3984 2529 ’τὸ

2428 2556 2799 2625 ἀπαραίτητον
2842 2558 2921 2618 εἰς
2980 2562 3314 2629 μοναστήρια
3363 2562 3460 2623 τὰς
3513 2566 3848 2634 ἀποκάρσεις
3894 2567 3985 2633 γί-

2426 2645 2631 2707 νεσθαι,
2678 2649 2770 2699 καὶ
2804 2648 2905 2700 ὑπὸ
2939 2649 3212 2717 ἁναδὸχων
3245 2657 3341 2713 τὰς
3394 2654 3663 2721 συνθήκας
3698 2655 3804 2706 τῶν
3841 2659 3979 2709 ἁπο-

2426 2735 2755 2803 κειρομένων
2783 2736 3051 2803 δέχεσθαι.
3087 2740 3149 2789 Oi
3194 2740 3321 2805 γοῦν
3372 2741 3443 2810 μὴ
3478 2742 3748 2807 διάγοντες
3792 2747 3872 2805 είς
3913 2750 3983 2798 τα

2428 2824 2764 2890 μοναστήρια
2806 2826 2885 2884 είς
2930 2823 2965 2876 ἃ
3013 2826 3596 2894 μετεσχηματίσθησαν
3640 2835 3729 2881 καὶ
3767 2835 3981 2885 ἀπεκα-

2427 2924 2617 2977 ρησαν,
2658 2910 2770 2962 ἁλλ’
2820 2914 2897 2972 είς
2952 2914 3194 2980 κοσμικὰ
3239 2916 3578 2981 καταγώγια,
3634 2936 3981 2984 καταναγκα-

2427 2998 2714 3066 σθήσονται
2768 3002 2920 3069 παρὰ
2976 3002 3071 3053 τοῦ
3135 3004 3398 3074 ἐγχωρίου
3457 3008 3776 3068 ἐπισκόπου,
3839 3013 3982 3078 μετὰ

2424 3088 2750 3156 ἁφορισμοῦ,
2787 3090 2878 3141 καὶ
2916 3091 3257 3160 δριμυτάτων
3300 3095 3611 3164 ἐπιτιμίων,
3644 3099 3980 3169 ὑποστρέψαι

2344 3194 2389 3255 C
2427 3177 2605 3238 καλῶς
2643 3179 2764 3229 ὅθεν
2794 3180 3015 3246 ἐξῆλθον
3043 3184 3247 3245 κακῶς.

2506 3266 2829 3330 Ἐρώτησις
2856 3268 2964 3332 κη’.
3000 3272 3061 3321 Ui
3094 3272 3519 3340 χειροτονοῦντες
3550 3276 3827 3342 ἀρχιερεῖς
3869 3278 3981 3329 δια-

2422 3353 2608 3415 κόνους
2662 3357 2752 3406 καὶ
2809 3358 2989 3424 ίερεῖς,
3051 3360 3185 3411 ἀλλὰ
3218 3361 3321 3427 μὴν
3369 3366 3458 3413 καὶ
3490 3364 3537 3414 oi
3567 3364 3654 3415 διὰ
3693 3365 3784 3415 τοῦ
3830 3366 3979 3418 θείου

2422 3440 2793 3508 βαπτίσματος
2842 3446 3036 3506 παῖδας
3089 3446 3377 3515 ὀρθοδόξων
3426 3451 3763 3516 ἁγιὰςοντες,
3796 3454 3830 3520 ἢ
3887 3458 3977 3506 καί

2419 3546 2568 3591 τινας
2602 3533 2943 3598 αἰρετικούς·
2977 3534 3238 3600 ὡσαύτως
3287 3541 3378 3591 καὶ
3409 3544 3455 3592 οί
3503 3543 3872 3609 μεταδιδόντες
3900 3562 3978 3597 τι-

2423 3619 2514 3678 νὰς
2547 3620 2651 3669 τῶν
2678 3620 2835 3672 Θείων
2863 3622 3235 3691 ἁγιασμὰτων,
3267 3628 3363 3679 ἐὰν
3389 3629 3689 3681 ἀπαιτῶσιν
3714 3635 3771 3693 ἐξ
3797 3636 3977 3685 αὐτῶν

2422 3707 2575 3774 χάριν
2612 3707 2777 3758 κόπου
2811 3709 3014 3760 τούτων
3047 3715 3341 3780 ποσΰτηΐάς
3375 3731 3523 3775 τινας
3553 3720 3976 3784 νομισματικέις,

2422 3795 2599 3857 καλῶς
2632 3796 2895 3860 ποιοῦσιν,
2936 3800 2967 3866 ἢ
2997 3799 3057 3850 οὔ
3084 3818 3097 3864 ;

2502 3886 2857 3952 Ἀπόκρισις.
2915 3889 2976 3937 Οί
3030 3890 3375 3954 στρατιῶται,
3411 3894 3595 3958 φησὶν,
3641 3895 3793 3958 ἰδίοις
3834 3898 3979 3965 ὀψω-

2420 3974 2548 4036 νίοις
2606 3978 2704 4027 οὐκ
2748 3978 3163 4045 ἁνατρέφονται.
3215 3982 3324 4032 Καὶ
3368 3982 3455 4034 διὰ
3481 3984 3724 4045 Μωσέως
3762 3984 3919 4041 εἶπεν
3950 3992 3977 4040 ὀ

2419 4064 2569 4124 Θεὸς,
2595 4065 2667 4115 Οὐ
2694 4064 2957 4132 φιμώσεις
2980 4066 3104 4134 βοῦν
3126 4069 3383 4124 ἀλοῶντα.
3408 4072 3469 4124 Εἰ
3496 4073 3623 4139 γοῦν
3640 4074 3728 4127 διὰ
3752 4081 3975 4147 μετρίας

2419 4155 2562 4216 τινὸς
2609 4156 2826 4218 δόσεως,
2870 4158 2963 4209 καὶ
2992 4161 3058 4226 τῇ
3085 4162 3401 4229 προαιρέσει
3444 4162 3539 4214 τοῦ
3570 4172 3971 4235 χειροτονουμέυ

2420 4266 2533 4310 νου,
2562 4250 2592 4317 ἢ
2628 4250 2799 4311 ἄλλως
2824 4251 3201 4319 ἁγιαζομένου,
3239 4256 3690 4326 παρηγορηθῆναι
3722 4261 3968 4327 ζητοῦσα

2419 4339 2467 4389 ol
2497 4340 2981 4409 χειροτονοῦντεςῆ
3010 4342 3375 4410 βαπτίζοντες.
3412 4348 3597 4415 Ἰερείς
3638 4367 3697 4401 τε
3739 4356 3835 4403 xa‘t
3877 4356 3977 4422 ἀρο

2419 4431 2641 4495 χιερεῐς,
2676 4430 2827 4480 οὐδέν
2854 4446 2905 4479 τι
2937 4430 3150 4483 ποιοῦσι
3184 4433 3370 4485 κακόν.
3396 4435 3729 4503 Νενόμισται
3757 4443 3869 4509 γὰρ
3892 4442 3977 4493 διὰ

759 4505 1011 4562 dinantes
1063 4510 1312 4578 accipere
1386 4511 1667 4567 solatium.
1724 4514 1876 4579 Quod
1911 4520 1957 4571 si
2012 4507 2397 4588 hujusmodiD

2311 4507 2397 4576 iD
2426 4517 2713 4584 συνήῡειαν
2746 4519 3177 4588 παρηγορεῖσθαι
3227 4522 3351 4583 τοὺς
3395 4526 3861 4592 χειροτονοῦντας.
3917 4532 3975 4582 Ei

760 4597 951 4651 solitas
999 4598 1404 4655 muniﬁcentias
1456 4617 1561 4655 non
1610 4607 1913 4680 requirant,
1962 4610 2058 4664 sed
2114 4613 2315 4680 majora

758 4691 924 4752 d-ona,
956 4698 1008 4743 et
1045 4705 1165 4758 qua
1202 4692 1435 4744 ordinati
1480 4674 1762 4748 facultates
1794 4674 2315 4765 coangustentinon

759 4787 969 4832 tantum
1009 4796 1118 4834 non
1154 4782 1540 4845 exaudientur,
1578 4784 1668 4837 sed
1706 4794 1756 4838 et
1792 4786 2114 4854 depositioni
2149 4792 2320 4860 subji-

757 4873 987 4922 cientur.
1018 4871 1106 4923 Ait
1151 4873 1296 4924 enim
1333 4874 1366 4925 2
1399 4888 1571 4927 canon
1628 4885 1827 4929 sanctae
1877 4886 1929 4930 et
1974 4884 2322 4935 (ecumenica:

758 4959 946 5028 synodi
977 4978 990 5013 :
1023 4960 1079 5013 Si
1114 4962 1238 5029 quis
1280 4964 1569 5030 episcopus
1617 4976 1837 5033 propter
1869 4971 2124 5035 pecunias
2167 4974 2322 5025 ordi-

759 5050 1034 5102 nationem
1080 5050 1294 5115 fecerit,
1321 5061 1374 5105 et
1404 5067 1510 5105 non
1557 5055 1800 5109 venalem
1844 5058 2071 5125 gratiam
2103 5060 2153 5111 in
2186 5076 2317 5113 ven-

758 5138 1014 5195 ditionem
1049 5139 1356 5203 deduserit,
1391 5150 1444 5195 et
1492 5153 1710 5211 propter
1740 5147 1995 5212 pecunias
2028 5148 2314 5203 ordinave-

760 5226 832 5277 rit
859 5227 1193 5293 episcopum,
1212 5228 1293 5281 vel
1323 5230 1791 5299 chorepisc0pum,
1812 5234 1891 5286 vel
1920 5238 2313 5305 presbyterum,

760 5315 844 5367 vel
900 5314 1208 5378 diaconum,
1251 5317 1331 5369 vel
1388 5319 1623 5386 aliquem
1675 5335 1883 5385 eorum,
1932 5324 2023 5391 qui
2073 5326 2126 5377 in
2174 5326 2319 5380 cleru

762 5413 1226 5467 annumerantur,
1276 5407 1358 5460 vel
1408 5420 1628 5477 propter
1682 5414 1939 5478 pecunias
1990 5415 2320 5481 promoverit

762 5506 1135 5557 meonomum,
1189 5495 1271 5549 vel
1318 5495 1688 5564 defensorem,
1740 5499 1818 5554 vel
1862 5502 2318 5568 parauionarium,

2418 4606 2474 4656 δέ
2522 4608 2771 4669 τοιαύτας
2833 4610 2931 4676 μὶν
2987 4610 3236 4679 συνήθεις
3285 4613 3531 4676 εὐλογίας
3583 4617 3644 4666 ού
3698 4617 3965 4685 ζητοῦσιν,

2420 4698 2553 4748 ἁλλὰ
2576 4698 2783 4766 δόματα
2815 4698 3049 4769 σοεναρὰ
3078 4702 3172 4753 καὶ
3196 4703 3292 4771 τὴν
3322 4704 3472 4772 ἰσχὺν
3506 4706 3599 4757 τοῦ
3641 4724 3977 4775 χειροτονου-

2424 4788 2580 4854 μένου
2623 4790 3075 4857 στενοχωροῦντα,
3132 4797 3192 4845 οὑ
3254 4795 3413 4862 μόνον
3466 4799 3564 4850 οὐκ
3616 4805 3976 4871 εἰσακουσοή-

2422 4894 2627 4939 σονται,
2658 4879 2790 4929 ἁ).λὰ
2836 4880 2930 4931 καὶ
2960 4882 3273 4951 καθαιρέσει
3302 4886 3793 4957 ὑποὸληθήσονται.
3846 4897 3959 4963 dm:

2419 4969 2523 5034 γὰρ
2578 4969 2606 5019 ὁ
2663 4968 2706 5037 β’
2738 4969 2916 5021 κανὼν
2947 4971 3042 5039 τῆς
3094 4974 3252 5038 ἁγίας
3292 4977 3385 5027 καὶ
3420 4980 3806 5049 οίκουμενικῆς
3852 5004 3976 5039 συν-

2416 5056 2554 5117 ὁδου,
2578 5057 2732 5118 Εῖτις
2763 5059 3059 5122 ἐπίσκοπος
3081 5064 3171 5113 ἐπὶ
3199 5067 3436 5131 χρήμασι
3461 5073 3793 5136 χειροτονίαν
3828 5083 3976 5141 ποιή-

2424 5160 2525 5207 σει,
2561 5146 2654 5196 καὶ
2679 5149 2755 5208 εἰς
2788 5149 2986 5215 πρὰσιν
3019 5153 3243 5217 κατάγει
3284 5156 3379 5224 τὴν
3410 5157 3655 5226 ἁπρατον
3683 5162 3865 5231 χάριν,
3890 5173 3978 5216 καὶ

2425 5236 2779 5302 χειροτονήσει
2812 5238 2900 5286 ἐπὶ
2929 5240 3198 5305 χρήμασιν
3230 5243 3543 5305 ἐπίσκοπον,
3599 5250 3629 5316 ἢ
3677 5254 3976 5318 πρεσϐύτε-

2431 5337 2539 5389 ρον,
2568 5322 2598 5389 ἢ
2632 5322 2948 5392 διάκονον,ἢ
2977 5329 3404 5396 χωρεπίσκοπον,
3432 5335 3463 5400 ἢ
3502 5335 3688 5403 ἕτερόν
3718 5355 3842 5391 τινα
3874 5343 3975 5392 τῶν

2430 5415 2487 5463 ἐν
2530 5412 2605 5480 τῷ
2657 5414 2839 5482 κλήρῳ
2888 5418 3403 5489 κατηριθμημένων,
3450 5425 3481 5493 ἢ
3530 5429 3862 5496 προδὰλοιτο
3891 5437 3974 5485 ἐπὶ

2429 5504 2701 5569 χρήμασιν
2731 5507 3028 5575 οίκονόμον,
3132 5511 3364 5577 ἔκδικον,
3396 5514 3428 5582 ἦ
3474 5522 3901 5589 προσμονάριον,
3943 5526 3971 5591 ἢ

2042 5610 2270 5668 ἾΑΒΙΑΞ
2301 5612 2701 5673 LECTIONES.

835 5678 861 5708 ’⁸
884 5673 1195 5739 sponsiones.
