4214 6450
267 414 364 476 981

1036 417 1425 477 HESPUNSA
1457 416 1557 475 AD
1593 418 1671 475 ΙΝ
1685 418 1775 474 ΤΕ
1788 418 1988 474 ιιιιυυ
2001 418 2093 475 ΛΤ
2108 416 2609 483 ἱΟΝΕὸἒ-ΜΜἏΟΙ.

3376 424 3481 484 932

273 548 446 606 ἄλλως
484 539 604 597 τινὰ
630 538 721 592 τοῦ
756 539 971 599 κανόνος
1003 538 1068 589 δι’
1106 536 1566 605 αἰσχροκέρδειαν,
1600 538 1628 587 ό
1659 536 1831 602 τούτῳ
1865 539 1903 592 Α

1813 539 1903 602 ρΑ
1939 537 2012 591 vel
2068 540 2289 590 mnnino
2346 540 2579 606 aliquem
2635 555 2694 593 ex
2743 554 2969 605 canone,
3017 544 3188 612 turpis
3242 560 3477 615 quaestus

272 636 648 701 ἐπιχειρήσας,
683 629 953 697 ἐλεγχθεὶς
986 627 1339 679 κινδυνευέτω
1372 627 1495 694 περὶ
1523 629 1610 678 τὸν
1639 626 1834 701 οίκείον

274 698 523 792 mopse.—
552 723 658 775 Καὶ
693 724 719 772 ό
756 719 1247 787 χειροτονούμενος,
1290 718 1455 785 μηδὲν
1497 717 1559 765 ὲκ
1586 716 1685 779 τῆς
1715 698 1833 763 κατ’

276 813 545 878 ἐμπορίαν
574 808 890 873 ὡφελείσθω
916 806 1296 874 χειροτονείας,
1322 806 1354 875 ἢ
1388 803 1653 871 προϐολῆς
1676 820 1688 832 ·
1717 800 1831 854 ἀλλ’

272 905 411 953 ἔστω
457 901 731 965 ἀλλότριος
758 899 853 965 τῆς
885 897 1039 959 ἀξίας
1090 897 1122 963 ἢ
1154 896 1248 947 τοῦ
1289 895 1715 963 φροντίσματος,
1745 890 1832 946 οὗ·

272 1010 379 1059 περ
409 994 496 1042 ἐπί
525 992 796 1058 χρήμασιν
820 989 1019 1055 ἔτυχεν.
1048 988 1105 1038 Εἰ
1125 987 1181 1037 δέ
1206 1003 1287 1047 τις
1319 986 1615 1053 μεσιτεύων
1639 985 1830 1055 φανείη

271 1087 381 1142 τίς
414 1080 584 1139 οὕτως
634 1080 879 1146 αἰσχροῖς
942 1080 1034 1129 καὶ
1081 1076 1357 1143 ἀθεμίτοις
1408 1076 1678 1143 λήμμασι,
1736 1076 1832 1127 καὶ

270 1167 449 1230 οὗτος,
508 1172 557 1220 εί
613 1169 706 1234 μὲν
746 1166 1002 1234 κληρικδς
1031 1168 1138 1230 εἴη,
1174 1165 1267 1217 τοῦ
1296 1166 1495 1218 οἰκείου
1525 1166 1832 1220 ὲκπιπτέτω

275 1260 485 1329 βαθμοῦ
516 1280 526 1289 ·
565 1264 610 1311 εἰ
643 1260 697 1311 δὲ
729 1260 913 1321 λαῖκδς
948 1260 977 1324 ἦ
1017 1261 1109 1310 καὶ
1143 1257 1407 1324 μονάζων,
1444 1257 1832 1324 ἀναθεματιζέ-

276 1352 409 1401 σθω.
469 1349 575 1401 Καὶ
620 1350 646 1399 ό
679 1349 762 1415 κγ’
796 1349 971 1400 κανὼν
1020 1348 1118 1411 τῆς
1155 1349 1211 1397 ἐν
1238 1346 1315 1415 τῷ
1341 1345 1590 1413 Τρούλλῳ
1612 1345 1705 1396 τοῦ
1738 1362 1831 1411 με-

274 1442 442 1506 γάλου
502 1441 761 1492 παλατίου
806 1442 1078 1507 συστάσης
1124 1440 1282 1505 ἁγίας
1321 1440 1412 1489 καὶ
1453 1439 1831 1505 οίκουμενικῆς

277 1534 493 1584 συνόδου
527 1532 696 1583 ταῦτα
719 1531 935 1594 διέξεισι
972 1532 1099 1600 περὶ
1143 1530 1235 1583 τοῦ
1265 1530 1482 1596 Μηδένα
1514 1531 1826 1591 ἐπίσκοπον,

276 1623 385 1673 εἴτε
423 1621 809 1690 πρεσϐύτερον,
864 1623 974 1672 εἶτε
1014 1621 1275 1682 διάκονον,
1306 1621 1401 1687 τῆς
1432 1620 1698 1688 ἁχραντου
1735 1634 1830 1685 με-

276 1712 549 1763 ταδιδόντα
581 1712 879 1772 κοινωνίας,
914 1712 1061 1779 παρᾶ
1091 1709 1182 1761 τοῦ
1207 1710 1520 1777 μετέχοντος
1573 1708 1831 1778 είσπράτ-

274 1819 407 1861 τειν,
468 1804 561 1867 τῆς
602 1803 849 1869 τοιαύτης
912 1800 1258 1869 μεταλήψεως
1302 1800 1478 1867 χάριν,
1543 1798 1748 1859 ὀϐολόν,
1796 1798 1826 1866 ἢ

277 1887 419 1952 εἶδος
449 1890 507 1940 τὸ
536 1889 755 1941 οίονοῦν.
810 1888 942 1939 υὺδὲ
977 1889 1081 1955 γὰρ
1124 1889 1446 1957 πεπραμένη
1487 1886 1632 1949 ἐστὶν
1665 1889 1695 1954 ἡ
1729 1886 1826 1952 χὰ-

281 1997 385 2047 ρις,
419 1979 537 2030 οὐδὲ
569 1981 810 2046 χρήμασι
838 1981 927 2029 τὸν
967 1978 1233 2045 ἁγιασμόν
1257 1978 1349 2029 τοῦ
1382 1976 1685 2044 πνεύματος
1741 1992 1833 2044 με-

278 2070 610 2134 ταδιδόαμεν,
674 2068 807 2119 ἀλλὰ
860 2070 965 2127 τοῖς
1007 2066 1173 2128 ἀξίοις
1219 2065 1312 2118 τοῦ
1358 2066 1527 2135 δώρου
1560 2068 1829 2133 ἀπανούρ-

276 2160 481 2225 γεύτως
515 2159 852 2226 μεταδοτέον.
886 2162 945 2210 Εἰ
977 2160 1031 2211 δὲ
1063 2162 1251 2225 φανείη
1278 2175 1360 2220 τις
1389 2159 1497 2210 τῶν
1522 2160 1578 2209 ὲν
1602 2158 1675 2226 τῷ
1706 2159 1836 2227 κλή-

280 2268 357 2317 ρῳ
420 2250 849 2316 κατειλεγμένων
921 2250 1170 2302 ἀπαιτῶν
1237 2242 1281 2315 ᾧ
1351 2250 1669 2317 μεταδίδωσι
1733 2248 1832 2316 τῆς

276 2340 542 2409 ἀχράντου
580 2340 857 2399 κοινωνίας
908 2340 966 2389 τὸ
1001 2339 1202 2391 οίονοῦν
1251 2337 1409 2402 είδος,
1443 2340 1830 2407 καθαιρείσθω,

278 2431 353 2492 ὡς
394 2430 485 2497 τῆς
519 2429 611 2479 τοῦ
648 2430 881 2497 Σίμωνος
924 2428 1169 2499 ζηλωτὴς
1213 2430 1417 2500 πλάνης
1453 2432 1560 2482 καὶ.
1599 2447 1834 2499 κακουρο

281 2520 423 2585 γίας.

362 2609 675 2675 Ἐρώτησις
728 2607 831 2661 κέν.
888 2610 950 2661 OE
984 2611 1101 2662 κατ’
1151 2611 1442 2677 ἐπίγνωσιν
1486 2611 1660 2678 ἁληθῆ
1699 2614 1830 2679 πρὸς

277 2700 376 2767 τὴν
424 2700 695 2767 ὀρθόδοξον
735 2700 909 2751 πίστι)
944 2702 1246 2767 ἐρχόμενοι,
1297 2701 1648 2768 Νεστοριανοὶ
1681 2700 1834 2769 δηλο-

278 2789 414 2849 νότι,
458 2790 749 2856 Ἁρμένην,
794 2790 1118 2850 Ἰακωϐἰται,
1152 2791 1239 2841 καὶ
1276 2791 1448 2857 ἕτεροι
1491 2792 1830 2854 αἱρεσιώται,

279 2879 367 2929 διὰ
404 2880 563 2945 μόνου
595 2881 684 2930 τοῦ
716 2881 868 2944 ἁγίου
907 2880 1076 2947 μύρου
1099 2880 1371 2947 όςείλουσι
1411 2881 1764 2943 τελειοῦσθαι,
1800 2883 1830 2951 ἢ

282 2971 377 3021 καὶ
404 2969 488 3019 διὰ
521 2969 665 3020 θείου
698 2971 1105 3037 βαπτίσματος;

368 3065 494 3118 Ἀπ.
534 3062 590 3113 'U
618 3061 697 3127 ιμ’
724 3064 901 3114 κανὼν
933 3064 1030 3130 τῆς
1076 3066 1132 3114 ἐν
1179 3062 1253 3131 τῷ
1296 3064 1547 3131 Τρούλ>ῳ
1594 3066 1831 3125 συνόδου,

1937 627 2128 693 gratia,
2184 630 2273 695 qui
2325 630 2425 682 hoc
2468 641 2703 685 tentasse
2739 634 3022 687 convictus
3057 633 3237 695 fuerit,
3264 638 3329 689 de
3360 652 3481 703 pru-

1935 714 2051 781 prio
2088 716 2256 782 gradu
2290 718 2349 768 in
2373 717 2670 786 periculum
2704 720 2879 773 veniat
2905 738 2919 783 ;
2941 730 3004 775 ἐι
3035 723 3125 791 qui
3160 731 3239 775 est
3265 724 3481 776 ordina-

1936 814 2058 866 tus.
2100 821 2164 859 ex
2213 806 2555 860 ordinatione
2595 808 2677 860 vel
2732 812 3105 877 promotione,
3148 829 3267 880 qu.e
3313 818 3481 868 instar

1935 904 2299 949 mercatonum
2350 895 2712 961 venundatur,
2751 897 2883 950 nihil
2914 899 3152 967 juvetur,
3211 902 3306 955 sed
3350 905 3419 959 sit
3453 921 3479 957 a

1936 985 2199 1056 dignitate
2259 985 2339 1040 vel
2399 987 2683 1041 curatione
2731 988 2983 1052 alienus,
3031 1006 3193 1059 quam
3238 996 3482 1061 pecuniis

1934 1076 2164 1143 adeptus
2210 1084 2315 1130 est.
2346 1078 2400 1130 Si
2437 1080 2559 1146 quis
2595 1088 2773 1133 autem
2802 1070 3103 1145 sequester
3134 1093 3182 1137 et
3224 1085 3484 1139 interces-

1932 1180 2024 1220 sor
2078 1168 2213 1220 adeo
2260 1169 2509 1235 turpibus
2557 1178 2610 1223 et
2658 1171 2881 1223 nefariis
2934 1172 3099 1225 lucris
3148 1176 3484 1240 apparuerit,

1933 1254 2018 1307 hic
2070 1270 2304 1322 quoque,
2338 1257 2382 1309 si
2420 1257 2491 1309 sit
2529 1257 2746 1324 quidem
2780 1260 3031 1323 clericus,
3069 1262 3286 1328 proprio
3317 1263 3482 1329 gradu

1929 1345 2181 1409 excidat;
2216 1347 2259 1399 si
2300 1350 2370 1400 sit
2423 1354 2601 1399 autem
2646 1348 2841 1411 laicus,
2879 1352 2957 1404 vel
3006 1352 3324 1415 monachus,
3359 1366 3485 1403 ana-

1932 1434 2338 1488 thematizetur.
2375 1435 2440 1487 Et
2489 1435 2557 1488 25
2600 1450 2773 1488 canon
2815 1449 3016 1491 sancta:
3050 1449 3102 1492 et
3141 1439 3485 1492 mcumenica:

1929 1524 2119 1593 synodi
2160 1525 2211 1577 in
2247 1525 2435 1577 Trullo
2476 1527 2652 1594 magni
2700 1527 2878 1594 palatii
2915 1539 3116 1585 coacta:
3161 1529 3272 1581 [nec
3307 1544 3486 1596 perse-

1931 1616 2119 1680 quitur
2149 1631 2161 1667 :
2196 1612 2261 1667 Ut
2298 1615 2503 1677 nullus,
2544 1616 2658 1669 sive
2699 1617 3007 1684 episcopus,
3039 1621 3150 1672 sive
3180 1619 3482 1687 presbyter,

1931 1706 2043 1759 sive
2094 1704 2377 1767 diaconus,
2411 1706 2807 1759 immaculatam
2858 1710 3098 1777 praebens
3145 1711 3483 1763 communio-

1932 1812 2077 1859 nem,
2111 1798 2177 1849 ab
2220 1812 2306 1858 eo,
2344 1798 2433 1865 qui
2470 1800 2851 1862 communicat,
2890 1800 3007 1866 ejus
3058 1800 3485 1867 participationis

1935 1888 2128 1956 gratia,
2158 1888 2371 1951 obolos,
2404 1890 2481 1941 vel
2525 1891 2773 1956 quamvis
2817 1891 2976 1943 aliam
3022 1892 3255 1957 speciem
3285 1892 3481 1959 exigat.

1934 1976 2052 2030 Non
2088 1987 2170 2031 est
2206 1980 2348 2031 enim
2384 1979 2587 2032 venalis
2618 1979 2812 2047 gratia,
2852 1994 2948 2033 nec
2976 1996 3072 2048 pro
3098 1982 3341 2048 pecuniis
3374 1985 3484 2049 spi-

1933 2068 2073 2122 ritus
2114 2068 2600 2123 sanctiﬁcationem
2638 2070 2973 2137 impertimur
3007 2090 3019 2125 :
3054 2072 3146 2133 sed
3187 2088 3248 2126 ea
3276 2074 3363 2136 iis,
3394 2076 3486 2142 qui

1931 2158 2081 2227 digiti
2124 2169 2269 2219 sunt,
2308 2161 2510 2228 absque
2539 2161 2647 2213 ulla
2682 2169 2765 2213 est
2812 2162 3109 2217 calliditate
3132 2168 3489 2217 “communi-

1932 2249 2126 2301 canda.
2168 2248 2221 2301 Si
2254 2250 2375 2317 quis
2406 2260 2582 2303 autem
2614 2267 2822 2313 eorum,
2856 2254 2946 2321 qui
2995 2262 3121 2306 sunt
3153 2257 3204 2307 in
3238 2256 3363 2308 cieri
3398 2270 3485 2307 ca-

1934 2339 2133 2405 talogo,
2165 2338 2230 2390 ab
2276 2354 2359 2399 eo,
2395 2340 2479 2391 eui
2530 2340 2928 2393 immaculatam
2969 2343 3207 2410 impertit
3246 2358 3493 2397 commu-

1935 2429 2174 2489 nionem,
2201 2429 2365 2481 ullam
2394 2431 2628 2498 speciem
2665 2432 2881 2499 exigere
2912 2432 3061 2486 visus
3097 2434 3284 2497 fuerit,
3319 2434 3484 2502 depou

1936 2527 2117 2577 natur.
2142 2528 2197 2571 ut
2225 2518 2516 2573 Simoniaci
2543 2522 2744 2576 erroris
2768 2532 2820 2575 et
2846 2524 3089 2577 maleﬁcii
3118 2528 3418 2577 mtuulator.

2006 2608 2170 2661 Inter.
2225 2609 2313 2665 29.
2371 2608 2472 2675 Qui
2535 2626 2628 2678 per
2688 2627 2863 2663 verum
2904 2614 3260 2681 cognitionem
3292 2615 3355 2667 ad
3401 2630 3487 2667 or-

1936 2700 2155 2752 thoxam
2226 2700 2385 2753 [idem
2449 2700 2757 2763 accedunt,
2815 2700 3142 2755 Nestioriani
3192 2702 3483 2763 videlicet,

1938 2790 2199 2853 Armenii,
2232 2790 2508 2855 Jacobitm,
2554 2798 2605 2842 et
2638 2790 2725 2841 alii
2757 2791 3016 2848 haeretici.
3046 2805 3113 2844 an
3148 2792 3264 2844 solo
3298 2799 3486 2844 sancto

1936 2888 2215 2948 unguento
2267 2880 2497 2933 debeant
2546 2879 2773 2942 initiari,
2821 2893 2887 2931 an
2930 2894 3054 2933 vero
3097 2880 3257 2933 etiam
3307 2880 3487 2933 divino

1936 2970 2187 3023 lavacro?

2011 3059 2160 3129 Resp.
2203 3060 2389 3114 Canon
2432 3058 2499 3113 95
2543 3059 2734 3129 synodi
2761 3058 2813 3112 in
2847 3059 3033 3113 Trullo
3076 3070 3296 3116 secutus
3338 3060 3366 3112 7
3402 3076 3487 3113 ca-

279 3154 644 3221 ἀκολουθήσας
679 3153 753 3221 τῷ
784 3152 825 3215 ζ’
862 3156 1044 3205 κανόνι
1078 3155 1173 3221 τῆς
1221 3154 1378 3219 ἁγίας
1411 3155 1502 3205 καὶ
1528 3155 1834 3222 οίκουμενιι
1859 3155 1905 3216 C
1939 3168 1943 3203 l

1820 3155 1905 3216 -ο
1939 3167 2131 3204 nonem
2180 3160 2381 3204 sanctas
2426 3160 2478 3206 et
2525 3151 2875 3205 mcumenicaa
2919 3150 2953 3203 2
2998 3152 3222 3219 synodi,
3263 3153 3376 3205 haec
3422 3152 3484 3203 ad

280 3244 385 3309 κῆς
487 3244 717 3303 συνόδου,
752 3242 871 3297 τάδε
918 3243 1056 3295 κατὰ
1089 3244 1237 3313 ῥῆμα
1268 3244 1655 3312 δια).αμ6άνει’
1699 3245 1835 3307 Τοὺς

284 3334 731 3401 προστιθεμένους
754 3338 817 3403 τῇ
843 3334 1115 3402 ὀρθοδοξίᾳ
1142 3337 1234 3385 καὶ
1258 3337 1320 3403 τῇ
1353 3336 1525 3403 μερίδι
1544 3336 1647 3385 τῶν
1676 3337 1835 3397 σωζο-

287 3424 463 3493 μένων
484 3426 589 3476 ἁπὸ
612 3424 920 3492 αίρετικῶν,
946 3424 1209 3492 δεχόμεθα
1248 3425 1384 3476 κατὰ
1407 3424 1500 3491 τὴν
1523 3426 1625 3477 ὑπο
1640 3442 1834 3489 τεταγ-

285 3513 451 3582 μένην
480 3514 792 3565 ἀκολουθίαν
832 3531 887 3564 τε
929 3516 1020 3564 καὶ
1050 3515 1353 3583 συνήθειαν,
1394 3515 1703 3582 ’Δρειανοὺς
1738 3517 1835 3582 μὲν

281 3607 377 3656 καὶ
408 3604 829 3662 Μακεδονιανοὺς
861 3607 953 3653 καὶ
989 3603 1388 3666 Νασατιανοὺς,
1422 3604 1547 3668 τοὺς
1584 3605 1834 3671 λέγοντας

281 3695 509 3756 ἑαυτοὺς
543 3694 834 3762 καθαροὺς,
865 3694 955 3744 καὶ
994 3696 1332 3761 ἀριστεροὺς.
1370 3696 1460 3746 καὶ
1486 3696 1605 3757 τοὺς
1642 3712 1835 3749 τεσσα-

285 3784 778 3852 ρεσκαιδεκατίτας,
805 3784 920 3851 ήτοι
947 3784 1277 3851 τετραδίτας,
1309 3783 1472 3851 ἤγουν
1503 3785 1522 3813 ¹
1555 3784 1836 3837 ’Λπολινα-

287 3879 532 3944 ριαστὰς,
560 3875 821 3944 δεχόμεθα
843 3875 1079 3936 διδόντας
1108 3874 1403 3939 λιόέλλους,
1450 3877 1543 3927 καὶ
1572 3876 1837 3943 ἀναθεμα-

280 3966 527 4029 τίζοντας
563 3968 741 4018 πᾶσαν
771 3966 981 4035 αἵρεσιν
1010 3966 1083 4035 μὴ
1120 3966 1422 4035 φρονοῦσαν
1469 3972 1543 4030 ὡς
1572 3970 1756 4036 φρονεῖ
1800 3969 1834 4037 ἠ

286 4056 415 4120 ἁγία
441 4053 531 4105 τοῦ
562 4054 695 4106 Θεοῦ
722 4056 983 4123 καθολικὴ
1010 4059 1103 4107 καὶ
1137 4057 1467 4126 ὰποστρλικὴ
1503 4058 1796 4126 Ἐκκλησία
1818 4071 1831 4086 ⁶

285 4145 753 4213 σφραγιζομένους
796 4147 913 4215 ἦτοι
966 4147 1288 4215 χριομένους
1340 4149 1553 4216 πρῶτον
1596 4146 1672 4210 τῷ
1696 4148 1837 4215 ἁγίῳ

286 4233 443 4301 μύρῳ
474 4234 554 4295 τό,
587 4250 644 4284 τε
679 4234 922 4301 μέτωπον
952 4236 1047 4287 καὶ
1076 4238 1199 4297 τοὺς
1224 4235 1554 4304 ὀφθαλμοὺς,
1606 4237 1701 4289 καὶ
1736 4236 1834 4299 τὰς

285 4324 459 4390 ῥίνας,
493 4322 587 4372 καὶ
614 4320 671 4371 τὸ
705 4323 896 4389 στόμα,
926 4324 1019 4374 καί
1042 4323 1110 4374 τὰ
1148 4318 1282 4386 ὦτα.
1317 4325 1424 4375 Καὶ
1450 4324 1835 4392 σφραγίζοντες

281 4410 498 4472 αὐτοὺς,
526 4410 778 4479 λέγομεν,
806 4412 1044 4480 Σφραγὶς
1070 4412 1274 4483 δωρεᾶς
1316 4413 1623 4481 πνεύματος
1651 4416 1830 4481 ἁγίου.

282 4498 418 4567 Περὶ
480 4498 537 4550 δὲ
590 4500 697 4550 τῶν
754 4502 1236 4565 πιτυλιανισάντων,
1271 4498 1387 4555 εἷτα
1418 4504 1836 4571 προσφυγόντων

282 4591 348 4657 τῇ
384 4589 641 4658 καθολικῇ
690 4589 1007 4660 Ἐκκλησία,
1040 4593 1161 4660 ὄρος
1190 4593 1512 4659 meeum,
1537 4594 1843 4648 ἀνασαπτίο

283 4675 471 4740 ζεσθαι
503 4677 700 4738 αὐτοὺς
732 4677 791 4739 ἐξ
822 4676 1077 4739 ἅπαντος.
1105 4678 1469 4747 Εὑνομιανοῦς
1500 4682 1679 4750 μέντοι
1713 4685 1840 4746 τοὺς

283 4768 363 4827 είς
392 4768 519 4831 μίαν
548 4769 841 4819 κατάδυσιν
867 4768 1319 4836 βαπτιζομένους,
1350 4772 1444 4823 καὶ
1468 4772 1840 4836 Μοντανιστὰς

282 4855 408 4916 τοὺς
442 4854 676 4906 ικταῦθα
702 4855 1024 4924 λεγομένους
1046 4855 1283 4925 Φρύγας,
1311 4859 1403 4910 καὶ
1432 4858 1838 4926 Σαόελλιανοὺς,

282 4949 408 5009 τοὺς
453 4948 799 5018 υίοπατορίαν
843 4948 1165 5013 δοξάζοντας
1190 4992 1206 5017 ,
1265 4953 1358 5004 καὶ
1396 4952 1559 5023 ἕτερά
1588 4970 1711 5006 τινα
1738 4972 1837 5023 χα-

284 5035 424 5088 λεπὰ
473 5038 754 5099 ποιοῦντας
783 5053 798 5068 ⁸
853 5040 948 5091 καὶ⁵
1007 5037 1186 5103 πάσας
1232 5041 1349 5109 τὰς]
1380 5040 1542 5105 ἄλλας
1578 5044 1837 5112 αίρέσεις,

285 5127 475 5195 ιπειδὴ
530 5127 711 5179 πολλοί
765 5129 898 5181 είσιν
944 5129 1194 5194 ἐνταῦθα,
1257 5131 1486 5199 μάλιστα
1529 5134 1706 5187 οίάπδ
1742 5137 1840 5202 τῆς

282 5216 541 5269 Γαλατῶν
578 5217 761 5287 χώρας
788 5219 1119 5289 ὁρμώμενοι,
1150 5221 1357 5284 πάντας
1386 5223 1511 5285 τοὺς
1534 5224 1629 5276 ἀπ’
1661 5224 1835 5276 αὐτῶν

284 5307 537 5369 θέλοντας
567 5308 950 5377 προστίθεσθαι
982 5312 1047 5380 τῇ
1096 5309 1403 5382 ὀρθοδοξίᾳ,
1456 5312 1530 5373 ὡς
1575 5313 1836 5383 Ἕλληνας

283 5396 546 5463 δεχόμεθα
575 5412 590 5427 ’
630 5398 725 5449 καὶ
747 5397 844 5467 τὴν
873 5397 1093 5469 πρώτην
1128 5399 1338 5469 ἡμέραν
1368 5400 1624 5469 ποιοῦμεν
1643 5402 1840 5465 αὐτοὺς

285 5488 662 5556 Χριστιανοὺς,
700 5491 790 5541 καὶ
816 5489 915 5559 τὴν
936 5490 1190 5557 δευτέραν
1215 5493 1673 5562 κατηχουμένους,
1715 5487 1833 5545 εἶτα

1941 3241 2160 3294 verbum
2188 3240 2569 3308 complectitur
2602 3258 2614 3293 :
2656 3240 2779 3301 Eos,
2816 3242 2908 3309 qui
2942 3248 3100 3295 recta:
3132 3241 3197 3295 de
3234 3241 3333 3295 [ide
3362 3258 3487 3294 sen—

1939 3333 2119 3387 tentiae
2146 3334 2431 3395 accedunt,
2462 3339 2516 3386 et
2562 3332 2700 3401 parti
2746 3347 2953 3395 eorum,
2980 3334 3071 3401 qui
3114 3348 3176 3385 ex
3224 3333 3489 3386 haereticis

1938 3434 2244 3486 servantur,
2269 3424 2423 3492 juxta
2467 3425 2767 3491 subiectam
2811 3425 3252 3491 consequentiam
3280 3436 3332 3476 et
3360 3422 3489 3476 con:

1936 3516 2279 3569 suetudinem
2321 3514 2665 3583 recipientes;
2696 3514 2925 3566 Arianos
2956 3513 3195 3581 quidem,
3228 3521 3283 3566 et
3308 3512 3480 3567 Mace-

1938 3605 2223 3667 donianos,
2266 3613 2321 3658 et
2355 3603 2704 3667 Novatianos,
2742 3602 2835 3671 qui
2880 3617 2936 3656 se
2980 3604 3249 3670 καθαροὺς
3291 3602 3366 3674 [id
3408 3609 3489 3661 est

1941 3692 2130 3765 puros]
2170 3694 2462 3763 appellant,
2490 3703 2543 3746 et
2582 3704 2821 3748 tessares
2850 3693 3113 3747 decatitas
3145 3709 3239 3749 seu
3267 3696 3488 3747 tetradiv

1938 3784 2097 3847 ditas,
2119 3791 2172 3837 et
2198 3783 2631 3851 Apollinaristas,
2653 3783 2945 3851 recipimus
2972 3783 3162 3836 dantes
3188 3783 3413 3845 libeHos.
3438 3794 3489 3839 et

1937 3887 2150 3927 omnem
2186 3871 2431 3925 heresim
2458 3869 2995 3933 anathematizantes,
3021 3884 3138 3936 quae
3169 3885 3271 3922 non
3299 3871 3488 3933 sentit,

1938 3973 1997 4019 ut
2019 3962 2387 4018 sentitsancta
2423 3959 2515 4013 Dei
2548 3958 2873 4012 universalis
2899 3966 2953 4013 et
2975 3958 3271 4025 apostolica
3303 3956 3486 4011 Eccle-

1937 4056 2015 4109 sia
2033 4071 2047 4109 :
2067 4061 2259 4109 sancto
2288 4052 2518 4120 primum
2546 4050 2838 4104 chrismate
2860 4056 2913 4103 et
2933 4049 3254 4113 l‘rontem,et
3281 4051 3491 4102 oculos-

1936 4153 1991 4202 et
2026 4160 2210 4207 nares,
2251 4150 2305 4198 et
2349 4157 2430 4204 os,
2464 4150 2517 4196 et
2583 4155 2744 4195 aures
2804 4142 3196 4209 imprimentes,
3230 4140 3488 4193 dicimus:

1940 4234 2297 4304 Signaculum
2332 4231 2458 4285 doni
2488 4230 2723 4300 Spiritus
2750 4229 2945 4284 sancti.
2982 4229 3142 4297 De;iis
3174 4236 3374 4291 autem,
3398 4229 3490 4295 qui

1936 4328 2185 4383 Pauliani
2219 4336 2425 4381 sectam
2458 4323 2633 4378 secuti
2665 4328 2816 4384 sunt,
2843 4319 3037 4375 deinde
3070 4321 3134 4373 ad
3168 4321 3497 4373 catholicam

1936 4420 2235 4475 Ecclesiam
2270 4416 2653 4484 confugerunt,
2694 4422 2951 4468 statutum
2984 4419 3066 4466 est
3116 4419 3172 4466 ut
3204 4412 3237 4464 ii
3271 4411 3493 4465 omnino

1940 4509 2363 4579 rebaptizentur.
2410 4504 2777 4558 Eunomianos
2826 4514 3061 4570 quoque,
3096 4500 3187 4567 qui
3233 4500 3284 4551 in
3330 4514 3491 4551 unam

1940 4599 2336 4654 demersionem
2394 4596 2691 4663 baptizant,
2736 4600 2789 4646 et
2836 4592 3221 4651 Montanistas,
3264 4590 3356 4657 qui
3408 4590 3495 4641 hic

1939 4688 2198 4743 dicuntur
2234 4683 2497 4754 Phryges,
2523 4692 2575 4735 et
2608 4680 2966 4743 Sabellianos,
3001 4680 3091 4749 qui
3122 4676 3316 4732 Filium
3352 4678 3491 4731 idem

1940 4792 2061 4832 esse
2095 4788 2222 4830 cum
2255 4775 2413 4828 Patre
2454 4772 2792 4834 existimant,
2821 4779 2875 4824 et
2900 4771 3003 4824 alia
3036 4770 3279 4837 quaedam
3310 4769 3495 4837 gravia

1940 4864 2180 4924 faciunt.
2226 4870 2279 4917 et
2318 4876 2506 4916 omnes
2552 4860 2687 4915 alias
2736 4860 2999 4923 haereses,
3038 4859 3291 4927 quoniam
3342 4857 3494 4911 multi

1941 4954 2028 5008 hic
2086 4962 2247 5015 sunt,
2301 4958 2353 5005 et
2393 4952 2627 5003 maxime
2676 4949 2767 5017 qui
2813 4963 2879 5003 ex
2925 4947 3231 5001 Galatarum
3276 4950 3495 5015 regione

1940 5042 2164 5112 profecti
2198 5050 2322 5094 sunt
2360 5058 2370 5092 :
2407 5054 2594 5093 omnes
2627 5053 2691 5092 ex
2718 5039 2805 5099 iis,
2836 5038 2928 5107 qui
2963 5038 3027 5091 ad
3060 5047 3261 5091 rectam
3295 5036 3362 5090 de
3392 5038 3495 5088 lide

1941 5131 2261 5186 sententiam
2287 5130 2473 5182 volunt
2505 5129 2787 5189 accedere,
2816 5127 3104 5195 recipimus
3129 5136 3185 5178 ut
3210 5125 3425 5180 Graecos
3442 5136 3488 5177 P.

1940 5221 2006 5275 Et
2056 5222 2237 5291 primo
2267 5220 2486 5290 quidem
2534 5219 2658 5283 die,
2711 5234 2805 5273 eos
2851 5217 3189 5272 Christianos
3228 5217 3488 5279 facimus,

1942 5313 2179 5367 secundo
2213 5320 2411 5372 autem,
2447 5311 2892 5372 catechumenos,
2930 5309 3122 5363 deinde
3184 5308 3361 5370 tertio,
3394 5308 3485 5360 ad-

1935 5403 2205 5471 juramus,
2236 5401 2397 5454 simul
2424 5401 2583 5453 etiam
2613 5408 2693 5452 ter
2729 5400 2782 5452 in
2817 5398 3006 5453 faciem
3047 5407 3098 5451 et
3126 5412 3284 5451 aures
3315 5398 3486 5465 inspi-

1938 5499 2121 5544 rantes
2158 5507 2170 5543 :
2205 5498 2258 5543 et
2291 5490 2369 5544 sic
2398 5487 2698 5554 initiamus,
2728 5495 2781 5543 et
2810 5486 2901 5541 diu
2932 5488 2986 5541 itt
3017 5486 3244 5543 ecclesia
3285 5486 3485 5541 versari

1526 5666 1759 5724 VARIE
1788 5666 2186 5725 LECTIONES.

354 5768 382 5794 ο
409 5759 614 5826 fraude.
696 5768 722 5807 1Ι
761 5774 1009 5827 paganos.
