4214 6450
753 407 859 472 983

2014 404 2113 465 ΤΗ
2126 406 2286 470 ειιῐ).
2334 408 2418 464 BA
2430 405 2723 466 LSAMUN
2738 409 2803 467 is

3903 413 4011 475 93$

760 545 812 587 et
850 532 1161 602 Scripturas
1216 530 1403 584 audire
1447 530 1696 595 facituus,
1725 540 1778 587 et
1809 540 1941 584 tunc
1975 531 2123 599 ipsos
2154 532 2330 599 bapti-

2440 536 2527 585 ea!
2570 535 2667 602 τὴν
2723 534 2912 603 τρίτην
2943 534 3424 604 ἐξορκιζομένους.
3455 535 3590 604 μετὰ
3622 535 3715 587 τοῦ
3747 538 4012 606 ἑμφυσᾲν

759 638 971 677 tamus.
1021 620 1329 685 Quinetiam
1392 620 1741 685 Manichacos,
1799 628 1851 674 et
1900 620 2331 683 Valentinianus,

758 725 813 767 et
862 713 1263 770 Marcionistas,
1294 720 1346 764 et
1375 711 1579 764 similes
1625 711 1933 765 haereticos.
1981 710 2334 765 Nestorianos

760 812 941 855 autem
987 809 1207 870 oportet
1260 800 1473 852 libellos
1526 801 1725 863 facere,
1779 809 1832 854 et
1883 801 2129 854 haeresim
2180 813 2331 851 suam

759 893 1268 952 anathematizare,
1317 902 1369 944 ct
1410 890 1717 943 Nestorium
1747 933 1759 954 ,
1806 900 1855 944 et
1908 890 2223 959 Eutychen,
2281 898 2336 942 et

759 981 1105 1043 Dioscorum,
1134 991 1186 1034 et
1235 982 1519 1041 Severum.
1549 991 1601 1034 ct
1650 983 1888 1048 reliquos
1929 981 2116 1033 talium
2164 981 2333 1031 haere-

756 1086 886 1126 seon
921 1073 1219 1140 principes,
1253 1081 1302 1125 et
1334 1072 1424 1139 qui
1459 1076 1667 1135 eadem,
1701 1076 1823 1139 qua’:
1854 1073 1955 1132 illi,
1982 1072 2247 1129 sentiunt,
2282 1079 2336 1122 et

754 1175 947 1215 omnes
1000 1162 1294 1229 praedictas
1374 1163 1609 1213 haereses
1644 1201 1657 1223 ,
1706 1171 1759 1213 et
1818 1163 1895 1214 sic
1952 1176 2071 1214 esse
2128 1162 2329 1217 Sancta:

753 1251 1162 1304 communionis
1196 1252 1510 1317 participes.
1542 1251 1731 1320 Itaque
1772 1252 1926 1319 juxta
1960 1254 2185 1305 canonis
2230 1254 2333 1304 hn-

750 1339 841 1402 jus
878 1350 1123 1392 tenorem
1158 1340 1248 1391 alii
1282 1326 1498 1407 quidem
1551 1341 1788 1393 haeretici
1840 1341 2057 1393 lavacro
2086 1341 2331 1395 sanctifi-

756 1437 970 1489 eantur.
1008 1430 1094 1482 alii
1130 1442 1308 1483 autem
1358 1442 1549 1484 sancto
1587 1432 1850 1483 duntaxat
1880 1442 2158 1500 unguento
2195 1448 2331 1486 eon-

754 1527 1062 1571 secrantur.

2435 626 2613 693 τρίτον
2643 626 2720 685 είς
2746 624 2803 675 τὸ
2828 627 3137 692 πρόσωπον,
3169 629 3262 681 καὶ
3287 630 3367 690 είς
3395 628 3463 680 τὰ
3518 623 3630 680 ὦτα
3653 643 3669 658 ⁸
3706 630 3801 681 καὶ
3830 630 4007 692 οὕτως

2439 712 2800 781 κατηχοῦμεν.
2833 715 2923 766 καὶ
2952 714 3209 785 ποιοῦμεν
3252 717 3519 785 χρονίζειν
3563 720 3642 779 είς
3673 718 3772 789 τὴν
3800 721 4007 785 {xxiii}-

2440 803 2581 865 οίαν,
2609 805 2699 855 καὶ
2725 804 3026 872 ἀκροᾶσθαι
3058 805 3167 857 τῶν
3212 806 3444 873 Γραφῶν
3471 823 3484 836 ·
3526 807 3619 858 καὶ
3653 809 3771 858 τότε
3807 810 4009 869 αὐτοὺς

2440 892 2795 961 βαπτίζομεν.
2840 896 2947 945 Καὶ
2979 896 3104 955 τοὺς
3138 895 3471 961 Μανιχαίους
3508 895 3582 959 δὲ,
3617 898 3710 947 καὶ
3737 898 3861 957 τοὺς
3900 898 4003 947 Γα-

2438 983 2794 1044 λεντινιανοὺς
2824 982 2892 1044 ⁸⁸,
2914 984 3154 1045 καὶτοὺς
3179 985 3627 1053 Μαρκιωνιστάς,
3664 987 3753 1035 καὶ
3788 989 3915 1045 τοὺς
3946 989 4011 1034 ὲ»

2438 1070 2545 1121 τῶν
2568 1069 2768 1137 ὁμοίων
2796 1071 3082 1140 αἱρέσεων,
3130 1071 3255 1132 τοὺς
3297 1072 3714 1140 Νεστοριανοῦς.
3760 1074 3865 1140 χρὴ
3892 1090 3981 1123 ποι

2435 1164 2513 1212 εἴν
2537 1161 2829 1238 λιόἑλλους,
2862 1162 2956 1214 καί⁸
2982 1163 3401 1230 ἀναθεματίζειν
3432 1165 3528 1230 τὴν
3563 1164 3774 1229 αἵρεσιν
3801 1164 3971 1213 αὑτῶ-ν
3991 1202 4006 1223 ,

2432 1251 2526 1303 καὶ
2574 1252 2891 1319 Νεστόριον,
2937 1254 3030 1303 καὶ
3084 1252 3345 1319 Εὑτυχέα,
3406 1254 3499 1303 καὶ
3552 1254 3864 1320 Διόσκοροι),
3919 1254 4007 1301 καὶ

2430 1341 2685 1410 Σεϐἦρον,
2728 1342 2823 1393 καὶ
2874 1345 2997 1404 τοὺς
3042 1343 3257 1405 λοιποὺς
3294 1343 3552 1411 ἐξάρχους
3588 1342 3693 1393 τῶν
3744 1342 4006 1392 τοιούτων

2425 1433 2714 1499 αἱρέσεων,
2775 1432 2868 1483 xui.
2904 1434 3029 1493 τοὺς
3062 1431 3395 1499 φρονοῦντας
3424 1434 3491 1483 τὰ
3530 1431 3731 1489 αὐτῶν,
3774 1433 3869 1480 καὶ
3903 1433 4005 1480 πά-

2429 1539 2525 1583 σας
2591 1523 3109 1590 προσαναφυομένας
3150 1523 3385 1590 αἱρέσεις
3411 1538 3422 1549 ·
3456 1524 3548 1573 καὶ
3589 1521 3763 1582 οὕτως
3832 1537 4003 1586 μετα-

753 1609 1050 1677 λαμδάνειν
1076 1612 1172 1677 τῆς
1212 1612 1370 1677 ἁγίας
1406 1612 1705 1671 κοινωνίας.
1745 1612 1900 1664 Κατὰ
1929 1614 2056 1679 γοῦν
2084 1613 2183 1680 τὴν
2213 1614 2305 1665 τοῦ
2346 1614 2587 1665 τοιούτου
2619 1615 2843 1675 κανόνος
2872 1613 3180 1682 περίληψιν,
3250 1614 3297 1663 oi
3365 1610 3461 1679 μὲν
3499 1612 3607 1663 τῶν
3668 1611 4005 1681 αἰρεσιωτῶν

752 1703 836 1754 διὰ
884 1704 1258 1771 βαπτίσματος
1295 1706 1631 1770 ἀγιάξονται,
1689 1708 1737 1756 οἰ
1779 1706 1835 1757 δὲ
1879 1706 1967 1758 διὰ
2023 1708 2184 1773 μόνου
2229 1706 2320 1758 τοῦ
2362 1707 2516 1774 ἁγίου
2553 1706 2722 1776 μύρου
2749 1706 3095 1758 τελειοῦνται.

826 1798 997 1851 Inter.
1038 1800 1126 1851 30.
1168 1800 1225 1851 Si
1274 1800 1569 1855 haereticus
1620 1802 1877 1853 sacerdos
1929 1802 2011 1867 vel
2062 1802 2330 1855 diaconus
2363 1810 2404 1862 Β

752 1889 954 1957 dignus
1009 1889 1229 1944 habitus
1279 1890 1465 1943 divino
1512 1899 1566 1944 et
1616 1900 1808 1944 sancto
1856 1890 2203 1957 baptismate,
2247 1890 2332 1943 vel

755 1993 853 2048 per
888 1988 1135 2032 sanctam
1171 1981 1482 2033 unctionem
1525 1981 1902 2034 sanctificatus
1945 1981 2035 2042 sit,
2075 1980 2331 2033 iicebitne

752 2069 803 2121 ei
847 2083 1004 2121 sacra
1052 2066 1231 2121 iacere
1276 2083 1397 2121 cum
1436 2070 1619 2135 priore
1673 2070 2040 2132 ordinatione,
2090 2084 2155 2121 an
2199 2084 2330 2123 vero

753 2158 801 2211 si
842 2172 995 2211 sacra
1028 2159 1341 2211 ministrare
1371 2160 1518 2220 velit,
1571 2161 1853 2222 iterabitur
1882 2162 1999 2227 ejus
2030 2161 2333 2213 ordinatio?

828 2246 953 2300 Res.
989 2246 1176 2300 Canon
1218 2246 1285 2299 80
1320 2258 1633 2301 sanctorum
1685 2252 2051 2317 apostolorum
2091 2265 2205 2316 eos,
2236 2250 2327 2320 qui

753 2355 821 2395 ex
862 2354 1073 2410 pagana
1120 2340 1227 2392 vita
1271 2339 1335 2392 ad
1380 2340 1739 2393 orthodoxam
1788 2340 1946 2394 tidem
1985 2340 2246 2395 accedunt
2278 2350 2330 2394 et

755 2436 1133 2506 baptizantur,
1162 2434 1527 2503 episcopalem
1569 2434 1729 2487 etiam
1762 2433 2077 2502 dignitatem
2114 2450 2327 2502 prome-

754 2528 862 2580 reri
896 2526 1106 2578 deﬁnit.
1140 2525 1330 2578 Priore
1375 2525 1541 2593 igitur
1585 2525 1891 2579 sacerdotio
1936 2540 2031 2594 pro
2062 2526 2327 2592 sacrilego

756 2618 965 2681 habito,
992 2628 1045 2670 et
1096 2631 1193 2685 pro
1241 2632 1347 2669 non
1402 2617 1569 2677 facto,
1603 2619 1645 2669 si
1696 2632 1819 2671 cum
1865 2620 2124 2671 canonica
2166 2619 2331 2672 disci-

755 2708 902 2777 plina
940 2707 1233 2775 judicatus,
1265 2706 1355 2773 qui
1396 2707 1475 2760 sic
1524 2706 1685 2758 fuerit
1713 2709 2055 2761 orthodoxus
2081 2707 2327 2772 ,elIectus,

756 2809 809 2853 et
857 2816 976 2853 cum
1030 2809 1176 2852 esset
1219 2797 1512 2865 aliquando
1556 2798 1813 2865 prolauus
1845 2798 2120 2861 sacerdos,
2154 2798 2206 2849 in
2236 2812 2330 2865 po-

755 2890 983 2943 steriore
1030 2891 1135 2941 vita
1184 2904 1279 2941 sua
1336 2887 1718 2941 intiemnabilis
1770 2888 2101 2954 apparuerit,
2134 2886 2331 2954 dignus

756 2991 1045 3036 censeatur
1090 2995 1198 3033 non
1247 2980 1574 3033 sacerdotali
1621 2980 1793 3031 solum
1826 2978 2109 3046 dignitate,
2145 2977 2237 3030 sed
2277 2984 2329 3030 ct

755 3071 1075 3140 episcopali,
1110 3086 1205 3139 per
1234 3079 1527 3124 consuetos
1560 3070 1784 3123 omnino
1812 3068 2011 3136 gradus
2038 3068 2105 3121 ad
2137 3069 2330 3121 docto-

754 3161 890 3212 riam
926 3170 1208 3226 promotus
1234 3156 1645 3212 sublimitatem.

828 3248 997 3302 Inter.
1054 3252 1139 3302 3i.
1194 3249 1251 3302 Si
1302 3248 1562 3311 hmretici,
1620 3248 1712 3317 qui
1766 3247 1830 3299 ad
1899 3247 2324 3299 orthodoxorum

758 3341 917 3395 ﬁdem
967 3344 1220 3403 accessit,
1268 3357 1407 3395 uxor
1452 3353 1504 3395 et
1546 3342 1723 3400 liberi.
1762 3342 1842 3394 vel
1875 3344 2035 3395 etiam
2074 3343 2160 3393 alii
2207 3343 2327 3408 ejus

757 3430 1054 3483 familiares
1095 3438 1148 3483 et
1196 3430 1505 3493 domestici,
1554 3445 1662 3482 non
1707 3431 1837 3482 ﬁant
1886 3430 2197 3493 orthodoxi,
2231 3430 2325 3482 ενι]

755 3520 1063 3573 ἱιιὶιεει-οιιιιι
1110 3521 1278 3588 priori
1329 3521 1547 3583 hreresi,
1596 3536 1663 3574 an
1713 3521 2090 3590 prohibebitur
2134 3522 2202 3585 is,
2234 3521 2326 3587 qui

756 3620 838 3676 (ut
870 3614 1133 3680 diximus)
1185 3612 1511 3679 baptismate
1547 3614 1792 3665 initiatus
1839 3624 1943 3675 est,
1978 3614 2042 3665 ad
2072 3612 2329 3666 sacerdo-

756 3703 917 3756 talem
967 3704 1046 3755 vel
1093 3702 1409 3771 episcopum
1460 3705 1758 3756 ascendere
1799 3701 2026 3770 gradum
2059 3718 2073 3754 :
2104 3716 2171 3753 an
2204 3715 2329 3753 vero

759 3805 980 3862 lsI'OplPl'
1027 3794 1244 3847 illorum
1280 3795 1541 3846 malitiam
1592 3804 1646 3847 et
1681 3794 1793 3863 ipse
1838 3796 1927 3848 tali
1970 3796 2114 3848 bono
2153 3794 2332 3862 priva-

756 3883 937 3935 lilur?

825 3973 944 4027 Ιίει.
1008 3972 1196 4027 Canon
1249 3973 1469 4041 quidem
1518 3974 1585 4027 39
1638 3974 1830 4043 synodi
1882 3974 2329 4043 Carthaginiensis

760 4066 856 4128 ait,
892 4074 949 4118 ut
979 4066 1242 4135 episcopi,
1274 4075 1327 4120 et
1360 4065 1681 4135 presbyteri,
1715 4075 1766 4119 et
1794 4065 2007 4119 diaconi
2040 4082 2145 4120 non
2181 4067 2329 4121 ordi-

749 4166 974 4221 nentur,
1013 4159 1331 4226 priusquam
1364 4171 1555 4211 omnes
1586 4157 1676 4224 qui
1705 4166 1832 4210 sunt
1866 4159 1917 4210 in
1948 4160 2064 4211 suis
2096 4142 2328 4220 aedibus,

751 4250 1100 4303 Christianos
1165 4247 1506 4302 orthodoxos
1577 4247 1827 4303 fecerint.
1892 4249 2076 4302 Canon
2148 4256 2328 4302 autem

748 4340 819 4393 72
860 4349 1065 4393 sanctae
1102 4348 1155 4393 et
1196 4341 1549 4393 aecumenica:
1583 4340 1635 4393 in
1669 4339 1858 4393 Trulio
1897 4339 2088 4409 synodi
2132 4339 2245 4393 haec
2275 4340 2328 4393 in

746 4442 905 4502 parte
962 4430 1156 4485 deﬁnit
1209 4430 1512 4498 expressim
1574 4447 1585 4482 :

753 4524 936 4577 adhuc
981 4531 1109 4577 sunt
1159 4522 1425 4584 inﬁdeles.
1458 4529 1511 4575 et
1556 4521 1609 4573 in
1655 4521 2083 4574 orthodoxorum
2114 4536 2325 4589 gregem

747 4611 993 4667 nondum
1031 4610 1188 4664 relati
1231 4620 1379 4671 sunt,
1413 4610 1550 4664 inter
1600 4626 1656 4663 se
1706 4610 1947 4678 legitimo
1981 4618 2108 4664 sunt
2138 4609 2327 4662 matri-

748 4704 939 4756 monio
982 4701 1264 4769 conjuncti
1316 4720 1329 4753 :
1375 4701 1573 4755 deinde
1623 4702 1711 4753 hic
1764 4700 1982 4769 quidem
2030 4715 2135 4765 eo,
2184 4699 2324 4767 quod

746 4802 833 4848 est
872 4794 1157 4847 honestum
1176 4802 1226 4856 τι,
1263 4793 1459 4857 electo,
1495 4792 1558 4844 ad
1592 4793 1762 4844 lucem
1795 4790 2043 4844 veritatis
2074 4804 2325 4843 accurre-

746 4885 817 4938 rit
864 4902 876 4937 :
929 4885 1019 4937 ille
1046 4898 1177 4936 vero
1216 4882 1427 4937 erroris
1455 4882 1673 4934 vinculo
1712 4881 1966 4933 detentus
2000 4878 2187 4942 fuerit,
2227 4893 2327 4931 no-

745 4976 867 5029 lens
922 4973 1138 5027 divinos
1196 4973 1381 5026 radios
1427 4972 1547 5025 ﬁxis
1595 4970 1769 5024 oculis
1829 4970 2049 5032 intueri,
2090 4976 2143 5022 et
2184 4967 2325 5020 lideii

749 5067 960 5136 placeat
1009 5079 1133 5118 cum
1183 5064 1388 5116 infideli
1439 5061 1773 5122 cohabitare,
1838 5075 1906 5114 ne
1936 5077 1964 5112 a
2000 5074 2058 5113 se
2094 5059 2325 5111 invicem

753 5163 1100 5221 separentur.
1136 5150 1214 5204 Ex
1246 5152 1415 5205 divini
1444 5152 1584 5205 enim
1618 5150 1767 5203 Pauli
1800 5150 2088 5209 sententia,
2124 5148 2327 5200 sancti-

751 5245 947 5299 ﬁCatus
966 5254 1047 5298 est
1071 5245 1151 5297 vir
1188 5243 1425 5297 inlidelis
1454 5244 1505 5295 in
1533 5243 1779 5303 muliere,
1802 5251 1855 5293 et
1883 5239 2219 5293 sanctiﬁcata
2246 5245 2329 5291 est

757 5336 957 5389 mulier
987 5334 1219 5389 inﬁdelis
1252 5334 1304 5386 in
1340 5334 1479 5387 viro.
1511 5332 1963 5386 Contrarietatcm
1994 5330 2158 5397 igitur
2185 5328 2318 5381 duo-

749 5441 869 5479 rum
924 5440 1215 5489 canonum,
1264 5440 1384 5495 qua:
1436 5438 1560 5479 esse
1609 5424 1845 5485 videtur,
1897 5421 2158 5475 canonice
2211 5418 2323 5470 sol-

2519 1800 2841 1868 Ἐρώτησις
2870 1797 2945 1852 λ’.
2994 1800 3119 1851 Ἐὰν
3158 1800 3444 1868 αίρετικδς,
3503 1798 3701 1865 ἱερεὺς,
3747 1797 3779 1865 ἦ
3818 1798 4004 1853 διάκο-

2439 1908 2545 1952 νος,
2582 1890 2783 1958 ἀξιωθῇ
2812 1889 2906 1941 τοῦ
2959 1888 3104 1940 θείου
3132 1890 3223 1939 καὶ
3247 1889 3403 1952 ἁγίου
3432 1890 3830 1955 βαπτίσματος,
3854 1888 3889 1955 ἦ
3921 1888 4005 1938 διὰ

2436 1980 2525 2033 τοῦ
2555 1979 2709 2045 ἁγίου
2750 1978 2922 2048 μύρου
2958 1980 3190 2047 ἁγιασοῇ
3215 2019 3229 2040 ,
3277 1980 3483 2030 ὲσείται
3522 1979 3823 2045 ἱερουργὼν
3865 1981 4003 2042 μετὰ

2436 2072 2532 2139 τῆς
2567 2070 2835 2139 προτέρας
2867 2069 3201 2138 χειροτονίας
3242 2068 3427 2131 αὑτοῦ,
3460 2067 3491 2136 ἢ
3523 2068 3713 2135 ἑτέρας
3744 2066 4000 2134 ἀξιωθείη

2437 2160 2790 2230 χειροτονίας,
2820 2158 2913 2210 ἐὰν
2944 2157 3144 2229 θελήσῃ
3174 2159 3503 2226 ἱερουργεῖν,

2526 2250 2642 2301 Ἁπ.
2688 2248 2746 2299 Ὀ
2766 2247 2875 2298 τῶν
2910 2248 3080 2313 ἁγίων
3132 2245 3443 2298 ἀποστόλων
3474 2244 3526 2297 π’
3557 2246 3736 2297 κανὼν
3780 2249 3908 2307 τοίις
3949 2249 4003 2310 ἐξ

2436 2339 2648 2393 ὲθνικοῦ
2682 2339 2796 2408 βίου
2828 2338 3221 2407 προσελθόντας
3284 2341 3347 2407 τῇ
3388 2338 3651 2406 όρθοδόξῳ
3690 2338 3868 2389 πίστει
3911 2341 4005 2389 καὶ

2438 2430 2847 2499 βαπτισθέντας,
2876 2430 2967 2481 καὶ
2993 2428 3348 2481 ὲπισκοπικοῦ
3375 2429 3685 2495 ἀξιώματος
3716 2429 4002 2492 καταξιῶ-

2438 2522 2561 2573 σθαι
2586 2521 2895 2590 διορίζεται.
2922 2520 3031 2587 Τῆς
3062 2518 3190 2584 γοῦν
3223 2519 3493 2585 προτέρας
3529 2518 3845 2585 ἱερωσύνης,
3878 2534 4002 2582 μια-

2442 2613 2687 2683 ρωσὺνης
2746 2609 3124 2679 νομιζομένης,
3153 2611 3243 2659 καὶ
3266 2609 3336 2669 ὡς
3363 2610 3437 2677 μὴ
3476 2610 3762 2676 γενομένης
3794 2609 4002 2673 λογιζο-

2441 2704 2627 2771 μένης,
2670 2701 2764 2752 ὲὰν
2815 2700 2949 2767 μετά
2984 2701 3078 2766 τῆς
3112 2700 3400 2765 γανονικῆς
3442 2700 3729 2766 ἀκριϐείας
3768 2700 4003 2765 ἀνακρι-

2439 2795 2655 2862 νόμενος
2692 2795 2717 2844 ὁ
2744 2791 2913 2852 οὕτως
2942 2790 3320 2859 όρθοδοξήσας,
3374 2787 3468 2839 καὶ
3507 2789 3579 2838 ὢν
3613 2805 3737 2839 ποτε
3774 2788 4005 2854 βέϐηλος

2439 2879 2638 2947 ἱερεὺς,
2696 2880 2823 2945 περὶ
2868 2877 2960 2928 τοῦ
3000 2880 3227 2947 ὑστέρου
3268 2876 3431 2928 αὖτοῦ
3478 2875 3592 2943 βίου
3629 2877 4004 2943 ἀκατάκριτος

2435 2972 2751 3040 ἀναφανείη,
2781 2968 3035 3037 ἀξιωθείη
3060 2970 3118 3019 οὐ
3158 2968 3315 3037 μόνον
3345 2967 3619 3036 ἱερατικοῦ
3665 2967 4002 3034 ἀξιώματο;,

2438 3060 2570 3113 ἀλλὰ
2619 3062 2711 3111 καὶ
2762 3059 3139 3119 ὲπισκοιτικοῦ,
3191 3058 3278 3109 διὰ
3330 3058 3441 3109 τῶν
3492 3057 3735 3125 συνήθων
3783 3060 4005 3120 πάντως,

2359 3140 2402 3199 C
2436 3152 2659 3223 βαθμῶν
2694 3154 2773 3213 είς
2808 3152 2865 3202 τὸ
2899 3151 3271 3202 διδασκαλικὸν
3304 3149 3436 3217 ὕψος
3468 3149 3820 3216 ἀναγόμενος.

2512 3242 2831 3308 Ἐρώτησις
2859 3239 2967 3292 .Za'.
3003 3239 3126 3289 Ἐὰν
3158 3238 3248 3289 τοῦ
3294 3237 3677 3304 προσελθόντος
3706 3240 3768 3305 τῇ
3817 3237 4004 3289 πίστει

2430 3332 2536 3384 τῶν
2563 3332 2854 3400 όρθοδόξων
2877 3328 3153 3397 αίρετικοῦ
3179 3332 3208 3395 ἡ
3240 3328 3400 3395 γυνὴ.
3441 3327 3531 3377 καὶ
3558 3329 3605 3378 οξ
3628 3328 3833 3389 παῖδες,
3854 3328 3887 3395 ἢ
3910 3330 4005 3379 καὶ

2429 3425 2603 3492 ἕτεροι
2629 3421 2798 3487 τούτῳ
2822 3419 3087 3471 συνέστιοι
3109 3420 3203 3469 καὶ
3242 3419 3616 3483 συγκάτοικοι,
3648 3418 3747 3468 ουκ
3785 3418 4006 3485 ὀρθοδα-

2430 3514 2701 3579 ξήσουσιν,
2750 3511 2863 3560 ἀλλ’
2893 3508 3165 3577 ἑξέχονται
3191 3508 3286 3575 τῆς
3322 3510 3591 3576 προτέρας
3620 3507 3909 3575 αἱρέσεως,
3941 3510 4002 3558 οὐ

2432 3605 2798 3673 κωλυθήσεται
2831 3604 2861 3654 6
2913 3602 3241 3664 τελειωθεὶς,
3286 3602 3362 3663 ὠς
3390 3603 3627 3669 εἴρηται,
3656 3600 3743 3652 διὰ
3776 3602 3873 3651 τοῦ
3909 3601 4004 3668 βα-

2431 3695 2774 3762 πτίσματος,
2833 3696 2909 3753 είς
2964 3693 3241 3760 ἱερατικὴν
3291 3690 3497 3759 βαθμὸν
3549 3690 3581 3758 ἢ
3642 3690 4003 3741 ὲπισκοπικδν

2431 3785 2676 3837 ἀνελθεῖν
2701 3801 2713 3812 ⁸
2757 3784 2788 3851 ἢ
2813 3781 2898 3835 διὰ
2920 3782 3016 3849 τὴν
3042 3782 3262 3833 ἐκείνων
3298 3780 3495 3831 κακίαν
3522 3780 3613 3831 καὶ
3641 3778 4003 3837 0016;10:06-

2431 3892 2525 3928 του
2552 3873 2751 3941 ἀγαθοῦ
2785 3873 3133 3939 ἀποστερηθῇ
3163 3888 3174 3931 ;

2516 3967 2641 4018 'Art.
2714 3963 2769 4015 ὐ
2812 3963 2911 4029 μὲν
2953 3960 3041 4024 λς’
3074 3960 3251 4012 κανὼν
3278 3961 3374 4026 τῆς
3402 3962 3459 4011 ὲν
3506 3958 3838 4029 Καρθαγένῃ
3882 3977 4002 4009 συν-

2430 4055 2573 4117 όδου,
2608 4053 2794 4122 φησιν,
2830 4052 3160 4102 Ἐπίσκοπον
3186 4051 3280 4102 καὶ
3314 4048 3680 4116 πρεσϐύτερον
3714 4050 3807 4099 καὶ
3830 4048 4002 4099 6mm-

2432 4161 2519 4196 vov
2552 4145 2625 4211 μὴ
2664 4140 3087 4211 χειροτονεῖσθαι
3132 4140 3263 4207 πρὶν
3301 4140 3509 4199 πάντας
3530 4139 3653 4199 τοὺς
3676 4140 3733 4189 ὲν
3760 4138 3836 4204 τῷ
3868 4140 3998 4204 οἴκῳ

2433 4238 2608 4290 αὐτῶν
2638 4235 2943 4305 ὀρθοδόξους
2970 4233 3327 4300 Χριστιανοὺς
3354 4233 3691 4301 ποιήσουσιν.
3759 4230 3818 4283 '0
3858 4232 3916 4281 δὲ
3956 4228 3997 4295 β’

2433 4326 2612 4382 κανὼν
2652 4328 2749 4395 τῆς
2794 4328 2850 4377 ὲν
2889 4325 2966 4393 τῷ
3008 4324 3260 4392 Τρούλλῳ
3300 4324 3461 4389 ἀγίας
3493 4324 3585 4373 καλ⁸
3611 4322 3997 4389 οίκουμενιχῆς

1640 4430 1695 4483 Si
1750 4439 1931 4483 autem
1991 4430 2181 4499 aliqui,
2236 4428 2328 4499 qui

2437 4420 2651 4474 συνόδου
2674 4418 2964 4484 διορίζεται
2995 4418 3051 4467 ὲν
3079 4415 3235 4483 μέρει
3263 4414 3433 4465 ταῦτα
3463 4412 3659 4479 ῥητῶς,
3684 4411 3747 4462 El
3776 4412 3829 4462 δέ
3860 4427 3997 4469 τινες

2435 4507 2515 4562 ἔτι
2554 4509 2610 4559 ὲν
2648 4507 2714 4575 τῇ
2750 4504 2972 4573 ἀπιστίᾳ
3022 4503 3398 4571 τυγχάνοντες,
3445 4502 3536 4551 καὶ
3592 4499 3745 4550 οὔπω
3792 4503 3857 4565 τῇ
3895 4499 3999 4549 τῶν

2428 4596 2723 4665 όρθοδόξων
2771 4592 3229 4659 ἐγκαταλεγέντες
3263 4590 3486 4657 ποίμνῃ,
3541 4587 3794 4654 ἀλλήλοις
3839 4588 3996 4653 γάμῳ

2429 4687 2644 4755 νομίμῳ
2688 4685 3042 4755 ήρμόσθησαν
3072 4699 3085 4713 ο
3119 4677 3238 4733 εἶτα
3268 4683 3295 4733 6
3329 4682 3428 4749 μὲν
3480 4682 3541 4731 τὸ
3585 4679 3749 4730 καλὸν
3784 4680 3994 4741 £7155:-

2432 4791 2609 4846 μενος,
2658 4776 2733 4842 τῷ
2784 4775 2921 4841 φωτὶ
2962 4773 3058 4839 τῆς
3102 4768 3360 4837 ἀληθείας
3427 4770 3807 4837 προσέδραμεν
3838 4787 3851 4799 ο
3886 4771 3913 4819 6
3945 4770 3994 4819 δὲ

2429 4869 2533 4920 ὑπὸ
2560 4866 2654 4920 τοῦ
2684 4865 2781 4933 τῆς
2809 4864 3014 4929 πλάνης
3043 4861 3349 4927 κατεσχέθη
3375 4860 3593 4927 δεσμοῦ,
3628 4860 3702 4927 μὴ
3733 4863 3872 4926 πρὶς
3907 4863 3993 4918 τὰς

2429 4958 2576 5019 θείας
2626 4955 2869 5009 ἀτενίσαι
2916 4954 3137 5010 ἀκτῖνας
3193 4952 3484 5017 ἐλόμενος·
3552 4949 3765 5000 εὐδοκεί
3815 4950 3870 5000 δὲ
3920 4948 3992 5013 τῷ

2431 5046 2607 5114 πιστῷ
2630 5047 2663 5114 ἡ
2698 5045 2945 5105 ἄπιστος,
2980 5042 3012 5112 ἢ
3043 5042 3103 5093 τὸ
3136 5039 3360 5092 ἐκπαλιν
3397 5041 3424 5090 6
3456 5038 3679 5097 ἄπιστος
3730 5037 3991 5086 συνοικεῖν

2429 5142 2495 5209 τῇ
2540 5138 2703 5205 πιστῇ
2738 5152 2751 5166 ·
2797 5134 2870 5202 μὴ
2900 5130 3239 5201 χωριζέσθω,
3272 5128 3410 5180 κατά
3459 5127 3547 5178 τὸν
3596 5126 3736 5177 θεῖον
3765 5126 3991 5177 ἀπόστο-

2431 5230 2540 5281 λον.
2610 5225 2899 5291 Ἦγίασται
2946 5224 3053 5289 γὰρ
3083 5223 3109 5273 ὁ
3142 5220 3368 5280 ἄπιστος
3401 5218 3537 5285 ἀνὴρ
3568 5218 3624 5267 ὲν
3655 5218 3720 5283 τῇ
3753 5215 3992 5278 γυναικὶ,

2440 5321 2471 5387 ἦ
2508 5319 2761 5386 ἡγίασται
2798 5316 2830 5384 ἠ
2864 5314 3090 5373 ἄπιστος
3119 5310 3254 5378 γυνὴ
3296 5312 3352 5360 ὲν
3386 5307 3461 5375 τῷ
3501 5306 3679 5372 ἀνδρί.
3720 5304 3835 5373 Τὴν
3868 5305 3987 5355 ἀνι.

2434 5409 2763 5479 φαινομένην
2806 5404 2896 5457 οὖν
2926 5403 3270 5470 ἐναντιότητα
3329 5398 3436 5450 τῶν
3468 5396 3559 5449 δύο
3600 5394 3809 5448 τούτων
3840 5392 3988 5446 κανό-

2049 5569 2285 5625 νΑΒΙΑῖ
2319 5562 2733 5623 LECTIUNES.

824 5672 867 5704 ³⁸
894 5670 1350 5731 Βαλιντινιανούς.

823 5789 1015 5858 (quod
1063 5789 1250 5839 bonum
1302 5794 1399 5840 est.
