4214 6450
269 422 373 485 985

1079 424 1456 485 llESi‘ONS.\
1504 428 1601 484 AD
1646 426 2374 488 INTERROGATIONES
2414 426 2667 489 MARCI.

3346 429 3450 491 9‘16

264 561 369 595 νων
408 542 700 601 κακνικῶς
722 543 957 606 λύοντες,
987 543 1210 609 λέγομεν
1240 549 1339 609 ὅτι,
1370 548 1397 595 ὁ
1423 549 1516 612 μὲν
1550 550 1611 598 ὲκ
1658 564 1806 612 γενε-
1838 551 1884 609 Α
1914 566 1928 598 1

1784 577 1806 588 -
1838 551 1884 609 Α
1914 559 2117 610 ventes,
2159 550 2390 603 dicimus
2423 566 2569 613 eum.
2605 552 2693 617 qui
2736 566 2856 605 cum
2891 566 2921 605 a
2953 552 3231 607 nativitate
3264 554 3448 607 ortho-

268 636 360 700 τῆς
409 632 482 683 ῶν
519 633 788 701 ὁρθόδοξος
818 676 830 695 ,
897 636 1031 701 μετὰ
1072 637 1321 699 γυναικὸς
1367 638 1639 703 αἱρετικῆς
1686 654 1806 688 συν-

259 725 472 786 εψθεὶς,
509 725 605 775 οὐκ
634 723 884 792 ἀξιωθείη
916 720 1259 792 κληρώσεως,
1293 727 1340 776 εί
1374 725 1446 793 μὴ
1481 726 1571 776 καὶ
1599 727 1719 788 τοὺς
1750 732 1807 777 ἑν

263 814 340 883 τῷ
376 814 508 881 οἴκῳ
536 813 697 865 αὐτοῦ
729 814 938 879 ποιήσει
960 813 1265 880 ὀρθοβόξους
1293 815 1640 881 Χριστιανούς
1664 831 1678 845 ·
1726 816 1805 866 ὅτι

263 904 356 952 καὶ
412 904 506 968 τῆς
561 900 1009 967 ἐκκλησιαστικῆς
1055 902 1455 967 κεχωρισμένος
1515 902 1628 952 ἐστὶ
1684 918 1805 953 ουν-

262 994 454 1054 ἀξεως,
482 992 553 1050 ὡς
581 993 642 1057 τῇ
670 990 760 1041 τοῦ
792 989 1023 1056 Χριστοῦ
1058 989 1228 1056 μερίδι
1271 990 1577 1055 συμπλέξας
1614 990 1809 1057 κλῆρον

257 1080 599 1147 ἁμαρτωλὸν.
672 1080 728 1130 '0
780 1080 835 1130 δὲ
887 1079 1207 1145 αἰρεσιὼτης
1257 1077 1332 1130 ῶν
1376 1081 1437 1131 ἐκ
1486 1082 1809 1147 σπαργάνων

260 1170 459 1228 αὐτῶν,
486 1170 580 1218 ὲάν
618 1168 711 1235 τὴν
732 1168 1006 1235 sponsae».
1033 1170 1211 1219 πίστιν
1233 1170 1540 1235 προέληται,
1564 1171 1803 1233 δικαίως,

258 1260 357 1311 ἐὰν
388 1257 494 1309 ἀπό
525 1273 666 1318 τινος
716 1258 898 1323 ἑτέρου
949 1257 1104 1322 λόγου
1150 1258 1247 1308 οὐκ
1290 1259 1664 1325 ἐμποδίζηται,
1696 1277 1808 1326 χει·

264 1351 505 1417 ροτονίας
549 1349 799 1416 ἀξιωθείη
859 1351 1150 1417 ἱερατικῆς.
1189 1350 1250 1399 Τί
1290 1351 1395 1417 γὰρ
1448 1346 1609 1411 οἶδας,
1648 1353 1826 1418 φησιν,

261 1440 292 1490 ὁ
348 1440 519 1505 μέγας
574 1437 908 1497 Ἀπὸστολος,
946 1438 1037 1488 ἐὰν
1068 1440 1095 1489 ὁ
1147 1439 1331 1500 πιστὸς
1381 1439 1658 1507 μεταγάγῃ
1710 1440 1810 1504 τὴν

262 1527 487 1579 ἄπιστον
516 1527 741 1589 σύζυγον
761 1525 923 1577 αὑτοῦ
953 1528 1085 1595 πρὸς
1114 1528 1209 1595 τὴν
1254 1530 1467 1591 πίστιν;
1504 1529 1689 1589 Καλῶς
1719 1524 1810 1580 οὖν

262 1617 398 1675 osi;
432 1614 527 1683 τὴν
581 1609 857 1682 ὀρθὸδοξον
913 1615 1089 1665 πίστιν
1145 1615 1311 1666 ἐλθὼν
1364 1617 1469 1669 ἀπὸ
1520 1616 1811 1684 θρησκείας

263 1704 583 1774 αἱρετικῶν,
620 1704 757 1754 κατὰ
791 1705 1015 1764 κανόνας
1054 1705 1306 1774 ἀξιωθείη
1338 1706 1641 1774 ἀξιώματος
1671 1708 1811 1776 [epa-

265 1794 438 1857 τικοῦ,
480 1795 577 1846 κᾶν
617 1795 690 1862 μὴ
733 1794 1211 1863 ὀρθοδοξῄσωσινή
1260 1797 1393 1864 γυνὴ
1437 1797 1617 1849 καὶτὰ
1649 1798 1813 1849 τέκνα

264 1901 447 1936 αυτου.

350 1974 544 2039 Ἐρώτ.
614 1974 724 2038 19‘.-
796 1976 1312 2043 Ἀπροκριμάτιστόν
1372 1976 1485 2027 ἐστι
1546 1976 1812 2029 τελεῖσθαι

262 2065 466 2117 τέκνων
495 2064 756 2132 ἀναὼχὰς
806 2065 891 2117 διὰ
923 2068 1178 2129 Λατίνων,
1221 2069 1536 2136 Ἀρμενίων,
1583 2069 1814 2122 Μονοθε-

264 2153 462 2223 λητῶν,
511 2154 904 2221 Νεστοριανῶν,
940 2156 1030 2208 καὶ
1056 2156 1251 2208 λοιπῶν
1284 2157 1535 2210 τοιούτων
1562 2176 1576 2189 ο
1608 2159 1639 2225 ἢ
1678 2160 1813 2224 μᾶλ-

264 2245 355 2295 λον
384 2244 606 2311 μισητὸν
631 2244 723 2293 καὶ
753 2246 1153 2313 ἁποτρᾶπαιονς

338 2332 531 2383 Ἁπόκ.
570 2332 639 2381 ’1".
693 2330 736 2396 β’
790 2328 1062 2399 θέσπισμα
1110 2333 1200 2385 τοῦ
1254 2342 1284 2384 ι’
1316 2334 1605 2400 κεφαλαίου
1637 2332 1728 2386 τοῦ
1767 2333 1813 2386 α’

264 2425 444 2475 τίτλου
479 2424 569 2474 τοῦ
626 2423 673 2475 α’
730 2424 929 2492 βιϐλίου
986 2424 1092 2475 τῶν
1130 2426 1471 2491 Βασιλικῶνς
1513 2426 1813 2495 Αίρετικὸς,

268 2516 458 2582 φησιν,
495 2517 630 2576 ἐστὶ,
669 2516 762 2566 καὶ
789 2519 898 2577 τοῖς
926 2516 1064 2567 κατὰ
1095 2534 1200 2569 των
1227 2517 1511 2586 αίρετικῶν
1540 2518 1816 2570 ὑπόκειται

267 2606 483 2673 νόμοις,
542 2607 570 2656 ὁ
629 2607 818 2675 μικρὸν
869 2607 997 2672 γοῦν
1028 2607 1284 2659 ἐκκλίνων
1306 2609 1400 2676 τῆς
1423 2606 1697 2675 ὀρθοδόξου
1730 2609 1816 2659 πί-

269 2713 461 2756 στεως.
532 2697 680 2747 Ἐπεὶ
727 2696 853 2762 γοῦν
884 2696 1078 2757 πάντες
1124 2699 1171 2748 οί
1209 2697 1678 2767 ἀπαριθμηθέντες
1736 2701 1816 2759 είς

266 2787 368 2856 τὴν
422 2787 698 2855 παροῦσαν
743 2789 1027 2857 ἐρώτησιν,
1078 2789 1135 2839 ού
1176 2787 1263 2839 διὰ
1318 2789 1534 2857 μικρὸν,
1563 2788 1694 2842 ἀλλὰ
1729 2790 1816 2843 διὰ

270 2878 475 2935 πλάτος
513 2878 654 2944 μέγα
692 2878 783 2929 καὶ
810 2877 1195 2945 δυσδιεξίτητον
1223 2879 1288 2929 ὲκ
1329 2877 1429 2944 τῆς
1460 2878 1568 2929 τῶν
1609 2877 1818 2946 690056-

270 2968 379 3030 ξων
430 2967 748 3034 Ἐκκλησίας
778 2966 1217 3033 ἀπεξενώθησαν,
1248 2967 1463 3027 πάντως
1496 2966 1615 3018 οὐδὲ
1661 2966 1818 3035 χάριν

267 3057 537 3125 ἁναδοχῆς
584 3058 787 3108 παίδων
837 3056 1222 3125 πνευματικῶν
1280 3056 1705 3125 μεσιτευομένης
1749 3057 1817 3109 δι’

1912 638 2084 691 doxus
2114 649 2275 699 esset,
2304 654 2424 690 cum
2460 641 2707 693 haeretica
2736 642 2956 696 muliere
2987 643 3310 709 coniunctus
3344 653 3451 707 est,

1913 728 2135 796 dignum
2169 743 2272 781 non
2314 730 2543 791 censeri,
2576 734 2667 798 qui
2702 732 2753 783 in
2804 732 3008 786 clerum
3041 734 3320 800 allegatur,
3349 734 3448 786 nisi

1912 818 2238 870 domesticos
2278 833 2405 871 suos
2442 833 2629 871 omnes
2659 820 2994 873 Christianos
3044 821 3229 874 fecerit
3271 823 3454 874 ortlm-

1914 908 2082 961 doxos
2115 925 2126 959 :
2164 908 2286 975 quia
2326 919 2372 961 et
2412 909 2478 962 ab
2509 909 2877 963 ecclesiastica
2908 919 2990 963 est
3032 922 3268 967 remotus
3306 929 3452 965 com-

1913 997 2190 1059 munione,
2223 1006 2402 1064 utpote
2433 998 2526 1066 qui
2554 998 2752 1051 Christi
2801 1000 3045 1067 partibus
3098 1004 3449 1067 peccatricem

1914 1093 2115 1137 sortem
2148 1086 2504 1151 implexuerit.
2539 1086 2639 1150 Qui
2672 1096 2868 1146 autem.
2901 1088 3189 1140 haereticus
3215 1105 3333 1141 cum
3365 1106 3454 1142 cs-

1915 1180 1997 1226 set
2040 1172 2108 1225 ah
2160 1173 2522 1236 incunabulis,
2574 1176 2925 1228 orthodoxam
2977 1175 3132 1229 ﬁdem
3173 1176 3451 1244 delegerit.

1913 1260 2055 1327 jure,
2085 1261 2188 1313 nisi
2221 1276 2339 1329 qua:
2365 1260 2516 1328 justa
2549 1276 2715 1314 causa
2756 1263 3032 1329 impediat,
3062 1264 3451 1315 ordinationem

1914 1348 2302 1400 sacerdotalem
2353 1351 2608 1416 consequi
2656 1350 2842 1417 possit.
2886 1351 3022 1413 Quid
3072 1353 3212 1404 enim
3262 1352 3455 1418 (inquit

1916 1450 2142 1502 magnus
2168 1438 2481 1504 Apostolus)
2514 1440 2677 1499 nosti,
2707 1440 2750 1491 si
2801 1438 2971 1491 ﬁdelis
3011 1441 3238 1492 deducat
3268 1440 3455 1491 intide-

1917 1523 2017 1575 lem
2066 1526 2349 1593 conjugem
2391 1525 2454 1577 ad
2500 1526 2696 1579 ﬁdem?
2729 1526 2893 1580 Recte
2938 1529 3118 1595 igitur,
3150 1529 3238 1595 qui
3271 1528 3336 1580 ad
3366 1543 3456 1581 or-

1918 1612 2204 1665 thodoxam
2257 1614 2411 1667 tidem
2466 1615 2609 1666 venit
2656 1614 2723 1667 ab
2771 1616 3143 1669 haereticorum
3197 1619 3429 1682 superati

1919 1700 2101 1762 tione,
2158 1702 2472 1755 sacerdotali
2536 1704 2829 1757 secundum
2875 1721 3111 1760 canones
3166 1706 3458 1759 honoretur

1919 1790 2195 1859 dignitate,
2237 1793 2361 1847 licet
2407 1809 2541 1847 uxor
2573 1805 2627 1849 et
2672 1796 2822 1849 liberi
2872 1798 2989 1861 ejus
3036 1798 3319 1851 orthodoxi
3351 1812 3456 1852 noti

1842 1875 1885 1932 B
1915 1878 2063 1933 ﬂant.

1985 1969 2181 2023 Interr.
2205 1971 2292 2025 52.
2319 1972 2399 2024 An
2430 1982 2578 2029 extra
2613 1974 2981 2041 prajudicium
3012 1972 3295 2026 infantium
3339 1988 3458 2026 sus-

1912 2063 2187 2130 ceptiones
2218 2062 2352 2116 ﬁunt
2392 2077 2421 2115 a
2470 2062 2697 2126 Latinis,
2739 2064 3029 2127 Armeniis,
3060 2063 3456 2127 llonotheletis,

1913 2150 2275 2214 Nestorianis,
2322 2160 2374 2205 et
2411 2154 2623 2204 caeteris
2671 2153 2957 2219 ejusmodi,
3003 2167 3068 2203 an
3117 2152 3294 2219 potius
3337 2151 3461 2203 odio

1914 2239 2134 2308 dignum
2168 2250 2329 2308 atque
2368 2239 2781 2293 detestandum?

1983 2328 2139 2397 Resp.
2164 2328 2363 2383 Thema
2388 2330 2442 2392 2,
2464 2342 2583 2397 cap.
2618 2331 2702 2392 tt),
2736 2331 2816 2381 lit.
2848 2344 2885 2388 ι.
2920 2332 3009 2385 ιιι).
3043 2330 3453 2385 iBasilicorum:

1918 2420 2228 2483 "creticus,
2262 2421 2460 2488 inquit,
2492 2429 2609 2482 est,
2647 2428 2698 2474 et
2732 2420 2961 2488 legibus,
2995 2436 3112 2487 quae
3143 2422 3206 2473 de
3249 2423 3457 2475 lucreti-

1915 2510 1995 2561 cis
2030 2517 2176 2569 sunt,
2214 2508 2531 2575 subjicitur,
2565 2509 2653 2573 qui
2690 2510 2901 2575 paulum
2937 2509 3002 2560 ab
3032 2509 3327 2561 orthodom
3362 2512 3463 2563 tide

1918 2600 2173 2652 declinat.
2202 2599 2334 2650 Cum
2368 2600 2532 2665 igitur
2578 2598 2610 2651 ii
2648 2613 2855 2659 omnes,
2889 2600 2977 2666 qui
3024 2600 3125 2651 hac
3168 2601 3456 2667 interroga-

1917 2690 2063 2742 tione
2088 2689 2387 2742 enumerati
2420 2697 2569 2749 sunt,
2599 2702 2703 2739 non
2735 2702 2920 2755 parvo,
2957 2691 3047 2740 sed
3078 2690 3235 2756 longo
3265 2691 3463 2757 spatio,

1916 2785 1969 2830 et
1997 2778 2139 2845 quod
2183 2778 2396 2830 dillicile
2435 2775 2679 2844 superari
2717 2785 2899 2844 queat,
2933 2776 2999 2828 ah
3043 2778 3461 2831 orthodoxorum

1918 2865 2162 2919 Ecclesia
2215 2881 2439 2935 prorsus
2484 2867 2781 2920 exsulenL:
2835 2882 2939 2917 non
2989 2869 3462 2920 communicabuut

1919 2956 2201 3010 nobiscum
2242 2956 2471 3024 gratiam
2507 2956 2873 3023 susceptionis
2909 2955 3204 3008 liberorum
3246 2958 3463 3024 spirita-

1921 3044 2075 3106 lium,
2112 3058 2203 3111 per
2236 3057 2421 3097 sacras
2448 3058 2635 3110 preces
2682 3052 2735 3097 et
2770 3042 3228 3097 sanctiﬁcationes
3269 3046 3465 3097 multas

270 3147 441 3214 ἁγίων
472 3146 641 3213 εὐχῶν
671 3147 761 3198 καὶ
784 3146 1131 3214 ἁγιασμὰτων
1165 3145 1389 3217 πολλῶν,
1434 3147 1563 3215 ἡμῖν
1595 3162 1815 3213 συγκοι-
1846 3179 1888 3236 c
1922 3131 1934 3185 ί

1799 3174 1815 3184 .
1846 3179 1888 3236 c
1922 3131 2305 3187 intercedentis
2341 3150 2354 3184 :
2396 3146 2462 3184 ne
2510 3140 2564 3184 et
2612 3132 3172 3185 excommunicatione
3210 3133 3463 3185 condem-

270 3239 603 3303 νωνήσουσιν
632 3250 644 3262 ⁸
681 3236 765 3286 ἴνα
817 3237 889 3303 μὴ
934 3237 1027 3286 καὶ
1072 3236 1223 3288 αὐτοὶ
1268 3235 1625 3304 ἀκοινωνησία
1652 3252 1819 3287 κατα-

275 3323 575 3390 κριθῶμεν,
607 3324 743 3375 κατά
772 3325 861 3375 τὸν
893 3324 1106 3385 κανόνα,
1139 3324 1226 3374 τὸν
1253 3322 1495 3389 λέγοντα,
1542 3323 1600 3375 '0
1624 3339 1813 3375 κοινωσ-

277 3415 383 3464 νῶν
413 3416 771 3483 ἀκοινωνήτῳ,
806 3416 896 3466 καί
932 3415 1090 3474 αὐτὸς
1130 3412 1485 3481 ἁκοινὼνητός
1514 3413 1676 3464 ἐστιν.

359 3501 553 3569 Ἐρώτ.
617 3504 715 3568 λγ’.
780 3503 1075 3571 Ὀρθόδοξοι
1149 3506 1401 3567 γυναῖκες
1467 3503 1821 3552 συνάπτονται

277 3592 415 3659 τάχα
443 3593 690 3658 γαμικῶς
735 3592 868 3658 μετὰ
899 3590 1246 3660 Σαρακηνῶν,
1280 3591 1311 3658 ἦ
1350 3591 1440 3640 καὶ
1466 3588 1820 3656 αίρεσιωτῶν,

278 3685 373 3734 καὶ
407 3682 667 3742 θέλουσιν,
700 3682 772 3741 ὡς
804 3680 1195 3749 ὀρθοδοξοῦσαι,
1232 3678 1410 3739 καθὼς
1445 3678 1819 3738 διενίστανται,

280 3772 712 3840 μταλαμῦανειν
769 3772 876 3822 τῶν
924 3771 1079 3822 θείων
1126 3771 1509 3835 ἁγιασματωνο
1554 3765 1824 3835 ζητοῦμεν

275 3861 368 3913 οὖν
396 3861 455 3911 τὸ
480 3863 723 3928 ποιητέον
753 3862 961 3927 μαθεῖν.

362 3953 551 4006 Ἀπόκ.
597 3953 653 4004 Ὀ
684 3951 720 4003 o'
754 3953 931 4003 κανὼν
968 3951 1064 4017 τῆς
1108 3954 1162 4002 ὲν
1216 3950 1290 4017 τῷ
1323 3949 1571 4016 Τρούλλῳ
1610 3946 1823 3999 συνόδου

276 4044 450 4096 ταῦτα
480 4060 610 4111 φησι
638 4058 649 4070 '
704 4044 791 4108 Μὴ
826 4041 1021 4103 ἐξεῖναι
1060 4039 1333 4104 ὁρθόδοξον
1365 4040 1528 4105 ἄνδρα
1578 4037 1821 4105 αἱρετικῇ

280 4134 641 4186 συνάπτεσθαι
666 4132 899 4197 γυναικὶ,
930 4130 1065 4198 μήτε
1097 4128 1349 4197 αἱρετικῷ
1374 4128 1522 4193 ἀνδρὶ
1552 4125 1827 4193 ὸρθόδοξον

276 4225 510 4288 γυναῖκα
550 4221 961 4285 συζεύγνυσθαι.
1019 4218 1156 4269 Ἀλλ’
1198 4219 1244 4268 εί
1295 4220 1385 4267 καὶ
1415 4219 1555 4282 φανῇ
1590 4213 1826 4265 τοιοῦτον

279 4311 385 4362 ὑπό
403 4326 544 4369 τινος
578 4310 683 4359 τῶν
712 4309 963 4359 ἁπάντων
986 4307 1286 4372 γινόμενον,
1316 4304 1517 4370 ἄκυρον
1541 4303 1631 4353 τον
1654 4303 1827 4367 γάμον

280 4396 562 4465 ὴνῖσθαι,
605 4396 696 4446 καὶ
738 4394 797 4445 τὸ
841 4393 1077 4460 ἄθεσμον
1117 4390 1421 4442 διαλύεσθαι
1476 4389 1825 4455 συνοικέσιον.

1923 3235 2133 3284 nemur,
2170 3220 2324 3287 juxta
2359 3234 2623 3273 canonem
2650 3221 2939 3283 dicentem,
2973 3221 3073 3285 Qui
3104 3224 3467 3275 communicet

1922 3323 2043 3361 cum
2088 3308 2576 3373 excommunicato,
2604 3318 2687 3362 est
2725 3311 3224 3365 excommunicatus
3249 3321 3301 3365 et
3329 3314 3465 3379 ipse.

1997 3485 2194 3545 Interr.
2230 3489 2316 3541 55.
2365 3485 2691 3542 Ortbodoxaz
2747 3488 3001 3541 mulieres
3061 3490 3467 3556 conjunguntur

1925 3575 2062 3629 forte
2098 3592 2188 3644 per
2215 3577 2430 3644 nuptias
2464 3590 2587 3629 cum
2620 3574 2906 3629 Saracenis
2940 3578 3018 3629 vel
3051 3577 3339 3639 haereticis.
3373 3594 3467 3631 vo-

1925 3666 2168 3733 luntque,
2202 3674 2258 3718 ut
2288 3666 2423 3718 bene
2452 3665 2518 3717 de
2550 3664 2650 3718 [ide
2681 3666 2989 3728 sentientes,
3016 3666 3467 3732 quemadmodum

1926 3763 2242 3807 constanter
2277 3755 2646 3817 instituerunt,
2682 3756 2965 3824 participes
3009 3756 3122 3810 tier!
3162 3756 3466 3809 divinarum

1926 3843 2439 3902 sanctiﬁcationum.
2498 3842 2797 3907 Quaerimus
2850 3845 2975 3911 quid
3031 3844 3331 3897 faciendum
3377 3855 3465 3897 Sil.

2000 3931 2149 3999 Resp.
2172 3932 2355 3986 Canon
2378 3933 2444 3986 70
2477 3934 2667 3999 synodi
2694 3934 2745 3985 in
2782 3933 2966 3986 Trulio
2991 3934 3102 3986 haec
3132 3935 3365 3987 aitzNun
3402 3937 3466 3985 Ιι-

1928 4038 2049 4076 cere
2093 4024 2206 4075 viro
2247 4022 2546 4075 orthodoxo
2591 4037 2709 4073 cum
2760 4023 2983 4075 muliere
3041 4025 3286 4077 haeretica
3345 4040 3475 4076 con-

1924 4113 2097 4179 jungi,
2134 4126 2305 4178 neque
2353 4126 2478 4164 vero
2530 4112 2844 4165 orthodoxa:
2892 4126 3011 4165 cum
3066 4115 3181 4165 viro
3222 4114 3471 4167 hzeretico

1928 4202 2189 4270 Copularj.
2222 4202 2324 4253 Sed
2354 4202 2455 4255 etsi
2489 4203 2618 4270 quid
2668 4202 2933 4269 ejusmodi
2966 4204 3032 4254 ab
3069 4204 3175 4255 ullo
3206 4220 3266 4257 ex
3295 4220 3469 4257 omm-

1930 4293 2030 4345 hus
2068 4291 2268 4344 factum
2314 4294 2638 4359 apparuerit,
2677 4292 2859 4345 irritas
2904 4293 3119 4359 nuptias
3152 4293 3468 4353 existimari,

1928 4394 1981 4435 et
2026 4382 2287 4435 nefarium
2327 4382 2635 4449 coniugium
2673 4383 2889 4435 dissolvi
2932 4401 2942 4435 :
2978 4399 3145 4450 neque
3204 4386 3345 4434 enim
3387 4398 3469 4443 ca,

281 4486 359 4537 Οὐ
390 4486 496 4553 γὰρ
529 4483 633 4551 χρὴ
676 4484 740 4533 τὰ
772 4481 975 4549 ἄμικτα
998 4482 1274 4550 μιγνύναι,
1322 4480 1441 4529 οὐδὲ
1471 4478 1546 4544 τῷ
1571 4477 1825 4544 προϐάτῳ
1861 4475 1902 4527 D
1932 4495 1945 4524 ι

1806 4494 1825 4541 ρ
1861 4475 1902 4527 D
1932 4489 2048 4539 quae
2094 4486 2199 4523 non
2239 4480 2364 4524 sunt
2411 4473 2704 4535 miscenda,
2748 4473 2992 4535 misceri;
3031 4488 3127 4523 nec
3161 4487 3308 4524 ovem
3351 4486 3470 4524 cum

280 4576 375 4626 τὸν
395 4576 552 4624 λύκον
580 4570 1000 4640 συμπλέκεσθαι,
1037 4570 1127 4621 καὶ
1150 4572 1213 4637 τῇ
1234 4568 1325 4618 τοῦ
1360 4566 1593 4635 Χριστοῦ
1626 4566 1827 4633 ποίμνῃ

280 4666 373 4715 τὸν
429 4665 537 4715 τῶν
583 4660 918 4728 ἁμαρτωλῶν
962 4658 1180 4727 κλῆρον.
1219 4658 1280 4709 Et
1308 4657 1362 4708 δὲ
1395 4658 1610 4722 παραδῇ
1646 4671 1725 4713 τις
1762 4657 1828 4704 τὰ

284 4751 417 4820 παρ’
447 4750 601 4818 ἡμῶν
626 4748 929 4816 ὁρισθέντα,
966 4745 1321 4813 ἁφοριζέσθω.
1361 4743 1423 4793 Ἡ
1446 4742 1571 4802 γοῦν
1604 4741 1691 4792 διὰ
1732 4740 1829 4805 τὴν

290 4841 525 4906 ἄθεσμον
547 4837 746 4904 ταύτην
772 4834 1053 4886 κοινωνίαν
1087 4832 1222 4900 μετὰ
1280 4830 1577 4900 αἱρετικοῦ,
1620 4832 1830 4896 ἀφωρι-

287 4930 461 4997 σμένη
493 4926 625 4979 οὖσα
656 4929 748 4977 καὶ
776 4923 1154 4991 ἀκοινώνητος,
1191 4923 1307 4983 πῶς
1351 4922 1457 4972 τῶν
1489 4922 1643 4973 θείων
1672 4921 1835 4983 ἁγιαυ

289 5021 512 5089 σμὰτων
552 5016 809 5083 ἀξιωθείη
834 5032 848 5079 ;
878 5015 1093 5074 παντως
1118 5011 1377 5079 οὐδαμοῦ,
1414 5013 1461 5062 εἰ
1492 5010 1564 5079 μὴ
1619 5010 1827 5076 ἀποστῇ

286 5110 385 5165 τοῦ
416 5108 608 5169 κακοῦ,
643 5105 735 5159 καὶ
764 5106 1060 5165 κανονικοίς
1092 5102 1381 5170 ἐπιτιμίοις
1406 5099 1688 5168 διορθωθῇ.

375 5288 571 5356 Ἔρώτ.
648 5284 742 5338 λε’.
825 5284 978 5343 Τινὲς
1058 5281 1379 5349 γυναικείων
1460 5277 1833 5346 μοναστηρίων

293 5380 633 5450 προεστῶσαι
663 5376 913 5444 ζητοῦσιν
950 5373 1250 5441 ἐκχώρησιν
1281 5370 1639 5435 ὲπισκοπικὴν
1680 5368 1833 5435 χάριν

292 5471 392 5524 τοῦ
437 5469 684 5538 δέχεσθαι
730 5466 1017 5531 λογισμοὺς
1074 5463 1178 5512 τῶν
1224 5459 1312 5511 ὑπ’
1351 5460 1517 5519 αὑτὰς
1564 5458 1831 5525 μοναχῶν.

298 5562 573 5631 Ζητούμεν
601 5555 690 5610 οὖν
732 5559 777 5607 εί
809 5559 953 5606 ἔστιν
992 5552 1332 5619 ἐνδεχόμενον
1375 5548 1527 5600 τοῦτο
1562 5547 1833 5614 γενέσθαι.

1934 4563 2080 4630 lupo,
2122 4576 2217 4614 nec
2261 4569 2600 4629 peccatorum
2648 4570 2845 4613 sortem
2905 4576 3025 4614 cum
3076 4561 3273 4613 Christi
3328 4570 3477 4626 parte

1933 4652 2184 4718 conjungi
2215 4659 2451 4718 oportet.
2506 4650 2559 4702 Si
2606 4651 2726 4717 quis
2770 4660 2947 4703 autem
2985 4667 3067 4710 ea,
3097 4667 3214 4717 quae
3246 4666 3273 4701 a
3321 4652 3476 4703 nobis

1935 4743 2149 4796 decreta
2191 4754 2336 4803 sunt,
2375 4750 2743 4809 transgressus
2774 4742 2957 4803 fuerit,
2988 4756 3313 4811 segregetnr.
3352 4746 3478 4808 Quae

1937 4833 2099 4899 igitur
2132 4846 2224 4899 per
2259 4832 2498 4883 illicitam
2539 4833 2676 4883 hanc
2705 4846 2827 4883 cum
2866 4831 3115 4883 licerelico
3148 4836 3475 4893 societatem,

1934 4922 2288 4974 exterminata
2322 4923 2893 4987 excommunicataque
2921 4927 3029 4981 est,
3063 4936 3291 4987 quonam
3323 4922 3478 4973 modo

1941 5012 2225 5065 habebitur
2275 5011 2473 5064 divinis
2526 5010 3042 5064 Sanctiﬁcationihus
3096 5012 3288 5077 digna?
3334 5013 3479 5064 nullo

1940 5115 2184 5168 prorsus,
2214 5102 2317 5153 nisi
2365 5116 2394 5152 a
2440 5101 2579 5152 ιιιοιο
2611 5100 2861 5163 divertat,
2897 5109 2950 5153 et
2984 5102 3260 5153 canonicis
3293 5117 3475 5154 emcn-

1942 5191 2064 5243 data
2096 5190 2165 5241 sit
2195 5188 2647 5241 correctiouibus.

2010 5277 2206 5329 lnterr.
2244 5277 2332 5330 54.
2374 5276 2628 5341 Quaedam
2661 5275 3001 5329 muliebrium
3026 5280 3476 5332 monasteriorum

1940 5366 2204 5435 praefecte
2244 5367 2605 5435 episcopalem
2657 5367 2938 5434 requirunt
2986 5368 3192 5420 veniam
3215 5376 3259 5431 τ,
3288 5377 3346 5420 ιιι
3375 5371 3476 5421 sibi

1940 5457 2276 5510 subditarum
2304 5456 2612 5509 monialium
2640 5456 2925 5509 ratiocinia
2949 5468 2968 5494 ἰ
2986 5458 3301 5527 suscipiant.
3323 5456 3480 5523 Qua:-

1944 5549 2133 5605 rimus.
2170 5562 2235 5599 an
2279 5548 2408 5599 illud
2450 5546 2658 5600 admitti
2698 5548 2886 5613 possit.

1577 5637 1801 5691 VARIA‘Z
1842 5635 2236 5690 LECTIONES.

385 5752 407 5783 ι’
437 5740 846 5805 permissionem.
933 5740 950 5763 ⁵
991 5734 1353 5800 confessiones.
