4214 6450
777 367 879 430 98‘!

780 584 1197 645 sacerdotibus,
1258 586 1659 635 confessionum
1724 588 1999 652 suscipere
2055 588 2337 640 ratiocinia

780 689 904 726 cum
958 674 1250 741 episcopali
1303 677 1595 741 permissu.
1631 676 1685 727 Si
1740 676 1907 741 igitur
1948 692 2051 729 non
2094 688 2339 731 sacratus

781 767 1068 836 prafectus
1115 780 1213 819 nec
1257 781 1378 818 cmn
1427 767 1720 831 episcOpali
1762 768 2035 833 permissu
2076 769 2124 820 id
2164 768 2339 821 facere

776 865 980 925 potest,
1018 858 1189 909 multo
1222 856 1401 908 minus
1433 856 1483 906 id
1523 858 1792 922 praelecta:
1828 872 2150 912 concessum
2186 860 2286 913 erit
2322 875 2334 910 :

774 947 877 998 etsi
914 947 1086 999 virtus
1116 946 1236 1013 ejus
1263 946 1428 998 solem
1462 947 1751 1012 splendore
1785 956 2029 1014 superet.

850 1124 1047 1180 Interr.
1107 1126 1195 1177 55.
1229 1124 1402 1178 Divini
1463 1141 1698 1180 canones
1752 1126 2180 1180 diaconissarum
2229 1142 2337 1178 mc-

775 1220 1072 1272 minerunt.
1099 1217 1422 1280 Quarlmus.
1457 1217 1616 1284 quale
1648 1218 1718 1269 sit
1748 1233 1931 1269 earum
1960 1217 2213 1269 ollicium.

850 1400 1006 1468 Resp.
1042 1398 1179 1453 Olim
1212 1397 1503 1465 aliquando
1529 1398 1747 1451 ordines
1786 1399 2211 1451 diaconissarum
2247 1412 2337 1449 ra-

773 1490 1005 1543 nonibus
1037 1489 1234 1555 cogniti
1264 1487 1430 1548 fuere,
1460 1486 1835 1551 habebantque
1867 1486 1995 1550 ipsae
2014 1485 2237 1552 gradum
2268 1482 2332 1533 ad

768 1586 964 1636 altare.
997 1582 1392 1633 Menstruorum
1430 1587 1608 1631 autem
1644 1578 1948 1644 inquinatio
1971 1575 2331 1629 ministerium

772 1686 960 1724 carum
999 1685 1028 1721 a
1058 1670 1242 1721 divino
1277 1677 1330 1719 et
1362 1677 1550 1720 sancto
1572 1667 1727 1720 altari
1759 1666 1981 1732 expulit.
2014 1664 2068 1715 ‘n
2099 1664 2333 1718 sanctis-

772 1765 907 1816 sima
941 1769 1119 1813 autem
1154 1758 1395 1811 Ecclesia
1436 1757 1577 1809 sedis
1609 1756 2328 1823 Constantinopolitanorum

770 1854 1094 1905 diaconissre
1134 1851 1466 1917 deliguntur,
1497 1862 1658 1912 unam
1702 1847 1920 1915 quidem
1967 1846 2334 1899 communica-

767 1945 970 1994 lienem
1011 1955 1117 1992 non
1150 1940 1415 1991 habentes
1440 1938 1502 1987 ad
1530 1939 1722 1999 altare,
1746 1938 1796 1988 in
1828 1936 2012 1989 multis
2036 1942 2213 1987 autem
2244 1934 2327 1986 ha-

775 2038 959 2083 lwntes
1002 2037 1356 2089 conventum,
1397 2036 1448 2079 ct
1498 2027 1810 2079 muliebrem
1840 2034 2037 2078 castum
2071 2025 2334 2078 ecclesia-

770 2124 905 2175 sticc
936 2122 1248 2186 dirigentes.

842 2209 1037 2263 Iuterr.
1075 2208 1165 2261 36.
1198 2206 1277 2258 An
1316 2204 1683 2259 subdiaconus
1723 2213 1775 2255 et
1799 2203 2058 2258 diaconus
2095 2202 2333 2273 legitime

766 2301 940 2368 possit
970 2314 1089 2351 cum
1122 2297 1345 2349 muliere
1370 2293 1637 2363 copulari,
1671 2307 1861 2347 necne.

838 2395 993 2459 Resp.
1036 2394 1100 2446 Et
1129 2407 1385 2452 canones,
1420 2400 1471 2442 et
1507 2388 1654 2457 leges
1692 2388 1851 2441 varia:
1882 2394 2061 2440 vetant
2090 2396 2333 2441 sacratos

769 2495 890 2554 post
914 2484 1311 2537 ordinationem
1341 2480 1667 2533 mulieribus
1690 2477 1968 2546 conjungi.
1994 2478 2129 2530 Cum
2152 2486 2330 2530 autem

764 2575 847 2643 (ut
890 2572 1118 2637 videtur)
1169 2572 1488 2622 canonicum
1541 2569 1644 2621 hoc
1697 2575 2134 2621 contemneretur
2166 2566 2334 2619 inter-

766 2666 992 2724 dictum,
1042 2664 1181 2714 inter
1225 2660 1585 2726 imperatores
1638 2656 1873 2724 inclytus
1901 2664 1954 2709 et
1993 2654 2331 2723 sapientissi-

767 2769 888 2807 mus
915 2752 1165 2805 dominus
1189 2748 1297 2802 Leo
1328 2761 1424 2815 per
1454 2745 1731 2799 Novellam
1769 2745 2105 2799 sanctionem
2140 2744 2328 2797 vitium

763 2842 1088 2895 emendavit.
1149 2839 1330 2906 lnquit
1389 2838 1534 2890 enim
1586 2836 1698 2888 haec
1732 2836 1786 2888 in
1832 2845 1985 2905 parte
2032 2837 2327 2903 expressim

764 2933 924 2984 tertia
962 2932 1079 2998 ejus
1126 2927 1342 2981 Novella
1381 2946 1392 2979 :
1420 2926 1681 2981 Jubemus
1709 2934 1767 2979 ut
1797 2928 1863 2979 ad
1897 2935 2051 2980 vetus
2078 2925 2327 2981 Ecclesia:

768 3038 999 3091 superne
1016 3021 1269 3074 traditum
1288 3016 1660 3086 praescriptum
1686 3015 1991 3071 creationes
2011 3014 2323 3085 procedant:

2019 381 2292 443 THEOD.
2338 384 2425 441 BA
2441 383 2823 445 LSAMONIS

854 489 1007 559 Resp.
1040 492 1176 544 Alibi
1228 493 1386 544 etiam
1437 493 1691 554 diximus,
1744 494 1872 548 stilis
1922 496 2180 549 tributum
2219 516 2336 551 (ssc
2368 509 2409 561 Α

3890 394 4007 458 998

2524 507 2720 559 Ἃπόπ.
2766 508 2869 558 Καὶ
2912 506 3093 559 ἄλλοτε
3130 508 3367 579 εἴπομεν,
3412 516 3589 582 μόνοις
3631 522 3741 581 τοῖς
3784 520 4003 589 ἱερεῦσι

2444 597 2579 661 μετὰ
2628 598 2991 665 ὲπισκοπικῆς
3042 602 3395 669 ἐκχωρήσεως
3435 606 3714 674 δεδομένον
3760 605 3905 662 εἶναι
3940 614 4005 664 τὸ

2439 684 2688 752 δέχεσθαι
2735 686 3047 754 λογισμούς.
3133 692 3227 741 Ἂν
3267 693 3394 755 γοῦν
3442 695 3560 746 οὐδὲ
3599 698 3810 765 ἀνίερος
3858 703 4002 751 καθ-

2439 773 2743 841 ηγούμενος
2784 775 2921 843 μετὰ
2960 779 3320 848 ὲπισκοπικῆς
3360 784 3716 853 ἐκχωρήσεως
3766 787 4002 839 δύναται

2437 865 2685 932 δέχεσθαι
2729 866 3056 934 λογισμοὺς,
3107 870 3285 937 πολλῷ
3331 872 3493 925 πλέον
3554 875 3652 926 οὐκ
3696 879 3997 947 ὲκχωρηθῇ

2436 951 2593 1002 τοῦτο
2631 953 2780 1019 παρὰ
2816 954 3228 1024 καθηγουμένης
3268 957 3510 1023 γίνεσθαι
3534 1001 3548 1023 ,
3611 961 3711 1014 κᾶν
3743 967 3774 1031 ή
3818 968 3996 1036 ἀρετὴ

2436 1042 2604 1107 αὐτῆς
2636 1043 2824 1112 λάμπῃ
2848 1043 2986 1110 ὑπὲρ
3016 1045 3107 1096 τὸν
3128 1045 3297 1113 ἥλιον.

2519 1132 2868 1194 Ἐρώτ.“λε’.
2933 1136 2994 1185 Οί
3040 1134 3167 1186 θεῖοι
3220 1137 3439 1199 κανόνες
3502 1140 3804 1208 μέμνηνται
3875 1144 3995 1195 δια-

2437 1223 2715 1275 κονιοσῶν.
2738 1222 3012 1291 Ζητοῦμεν
3034 1220 3128 1277 οῦν
3162 1228 3351 1294 μαθεῖν
3383 1229 3531 1281 ποῖόν
3556 1233 3670 1283 ἐστι
3694 1232 3758 1283 τὸ
3783 1232 3997 1285 τούτων

2437 1307 2820 1377 λειτούργημα.

2518 1396 2719 1449 Ἀπόκ.
2752 1397 2924 1449 Πάλαι
2950 1400 3075 1451 ποτὲ
3105 1400 3195 1451 καὶ
3229 1400 3477 1468 τάγματα
3496 1403 3849 1457 διακονισσῶν
3884 1412 3999 1468 τοῖς

2436 1486 2655 1537 κανόσιν
2696 1488 3111 1554 ὲπεγινώσκετο,
3148 1491 3239 1542 καὶ
3278 1488 3421 1559 εἶχον
3453 1496 3545 1546 καὶ
3588 1491 3747 1547 αὗται
3781 1497 3998 1565 βαθμὸν

2434 1577 2491 1626 ἐν
2536 1576 2613 1645 τῷ
2666 1576 2903 1646 βήματι·
2965 1580 2995 1648 ή
3044 1580 3101 1632 δὲ
3152 1581 3258 1632 τῶν
3306 1585 3563 1651 ἐμμήνων
3609 1587 3857 1648 κάκωσις
3897 1589 3998 1655 τὴν

2435 1664 2734 1733 ὑπηρεσίαν
2785 1667 2983 1735 ταύτην
3010 1671 3072 1720 ἐκ
3097 1668 3188 1720 τοῦ
3224 1668 3368 1721 θείου
3396 1673 3487 1722 καὶ
3523 1672 3679 1735 ἁγίου
3746 1673 3998 1740 βήματος

2433 1751 2773 1815 ἁπεξένωπ’
2816 1758 2963 1824 παρὰ
3010 1759 3065 1809 δὲ
3121 1761 3184 1826 τῇ
3231 1760 3502 1830 ἁγιωτάτῃ
3558 1762 3861 1832 Ἐκκλησία
3902 1766 3996 1815 τοῦ

2437 1842 2626 1911 θρόνου
2661 1845 2768 1896 τῶν
2813 1846 3454 1900 Κωνσταντινουπολιτῶν
3487 1850 3821 1903 διακόνισσαι
3859 1848 3999 1920 προ-

2436 1934 2783 2003 χειρίζονται,
2824 1938 2951 2003 μίαν
2987 1938 3085 2004 μὲν
3128 1942 3412 2005 μετουσίαν
3452 1943 3526 2009 μὴ
3560 1942 3779 2010 ἔχουσαι
3816 1947 3877 1995 ὲν
3920 1946 3997 2012 τῷ

2436 2023 2663 2091 βήματι,
2712 2024 3167 2090 ὲκκλησιάζουσαι
3208 2028 3264 2079 δὲ
3296 2030 3363 2079 τὰ
3412 2030 3598 2091 πολλὰ,
3638 2032 3733 2083 καὶ
3764 2033 3865 2101 τήν
3898 2050 3997 2099 γυ-

2434 2116 2740 2164 ναικωνῖτιν
2765 2114 3231 2182 ὲκκλησιαστικῶς
3255 2116 3652 2188 διορθούμεναι.

2516 2199 2711 2267 Ἐρὼτ.
2763 2203 2867 2267 )ς’.
2926 2205 3302 2269 ’Υποδιάκονος
3346 2208 3440 2260 καὶ
3474 2210 3715 2273 διάκονος
3763 2210 3994 2264 δύναται

2432 2294 2678 2362 νομίμως
2706 2297 3034 2363 συναφθῆναι
3070 2298 3310 2363 γυναικὶ,
3339 2299 3371 2365 ἢ
3399 2298 3458 2350 οὗ
3482 2317 3495 2363 ;

2516 2385 2715 2438 Ἀπόθε.
2746 2389 2851 2438 Καὶ
2883 2388 3100 2449 κανόνες
3133 2390 3225 2439 καὶ
3252 2390 3404 2456 νόμοι
3440 2388 3683 2458 διάφοροι
3709 2390 3989 2443 κωλύουσι

2431 2472 2555 2533 τοὺς
2608 2474 2933 2543 ίερωμένους
2992 2477 3354 2530 συνάπτεσθαι
3416 2480 3628 2545 γυναιξὶ
3688 2484 3829 2549 μετὰ
3889 2484 3992 2549 τὴν

2430 2564 2782 2632 χειροτονίαν.
2820 2565 2923 2617 Τοῦ
2961 2566 3017 2619 δι
3050 2568 3289 2620 τοιούτου
3332 2570 3612 2622 κανονικοῦ
3665 2572 3991 2639 παραγγέλ-

2434 2668 2600 2719 ματος
2656 2655 3035 2725 ἁθετουμὲνου,
3095 2658 3168 2717 ὼς
3220 2657 3417 2721 ἔοικεν,
3477 2664 3504 2711 ὁ
3556 2663 3614 2712 ἐν
3669 2661 3991 2728 βασιλεῦσιν

2430 2743 2669 2808 ἀοίδιμος
2718 2749 2807 2798 καὶ
2859 2748 3162 2814 σοφώτατος
3213 2752 3398 2817 κύριος
3448 2752 3615 2809 Λέων.
3660 2751 3745 2802 διὰ
3796 2751 3992 2806 θεσπί-

2434 2851 2638 2904 σματος
2670 2836 2883 2905 Νεαροῦ
2918 2839 2977 2889 τὸ
3022 2839 3189 2890 κακὸν
3231 2839 3596 2909 διωρθώσατο.
3637 2842 3777 2909 Φησὶ
3812 2844 3925 2911 γὰρ
3954 2847 3985 2910 ή

2428 2925 2583 2993 τρίτη
2633 2926 2818 2994 Νεαρὰ
2871 2926 3035 2979 αὐτοῦ
3089 2930 3144 2979 ὲν
3202 2930 3355 2997 μέρει
3402 2929 3572 2981 ταῦτα
3618 2931 3839 2998 ῥητῶς·
3874 2935 3989 2983 Κε-

2427 3010 2653 3079 )..;ύομεν
2708 3014 2845 3065 κατὰ
2891 3016 2951 3066 τὸ
3003 3015 3206 3068 ἄνωθεν
3244 3018 3467 3085 ἀρχαῖον
3513 3018 3610 3085 τῆς
3653 3018 3991 3086 Ἐκκλησίας

767 3127 942 3179 neque
972 3112 1114 3165 enim
1159 3109 1380 3176 dignum
1432 3118 1534 3168 est,
1563 3116 1623 3160 ut
1666 3106 1757 3174 qui
1805 3106 2038 3174 spiritali
2088 3119 2320 3159 ascensu
2351 3116 2392 3172 α
2429 3126 2431 3139 ε

2351 3116 2392 3172 c
2429 3098 2701 3169 διάταγμα
2762 3104 2857 3163 τὰς
2925 3106 3253 3171 χειροτονίας
3317 3105 3648 3172 προόαίνειν.
3728 3109 3805 3158 Οὐ
3876 3110 3988 3175 γὰρ

767 3215 931 3268 supra
964 3200 1208 3266 corporis
1248 3197 1609 3268 abjectiunem
1643 3197 1813 3252 evecti
1845 3207 1995 3262 sunt,
2039 3196 2095 3251 hi
2137 3213 2327 3253 rursus

767 3288 834 3344 ad
869 3286 1047 3342 carnis
1078 3288 1266 3341 sordes
1289 3288 1648 3357 delabantur;
1670 3286 1763 3341 sed
1787 3289 2066 3349 ediverso,
2105 3298 2161 3341 ut
2190 3287 2326 3341 divi-

767 3394 896 3432 num
952 3376 1316 3430 ministerium
1353 3390 1415 3428 ex
1468 3377 1716 3443 corporis
1753 3374 2006 3448 sordibus
2071 3383 2325 3440 tanquam

767 3467 820 3518 in
853 3466 1017 3518 altum
1061 3465 1293 3533 aliquem
1326 3464 1556 3534 gradum
1597 3464 1950 3525 conscendat,
1997 3465 2327 3517 convenien-

767 3556 878 3607 tius
935 3554 1114 3607 fuerit.
1169 3551 1529 3617 Quamobrem
1586 3567 1744 3606 nemo
1788 3566 2001 3613 eorum,
2030 3552 2121 3621 qui
2171 3551 2327 3605 altari

767 3646 1031 3706 serviunt,
1060 3652 1180 3711 post
1204 3643 1602 3696 ordinationem
1635 3642 1891 3695 audacter
1915 3642 2031 3711 lege
2068 3640 2326 3695 connubii

770 3731 978 3784 mulieri
1018 3732 1407 3799 conjungetur.
1448 3730 1615 3798 quue
1656 3730 1702 3785 si
1749 3728 1961 3793 lectrit,
2007 3730 2326 3799 deponetur.

768 3821 898 3874 Nam
946 3831 1069 3874 ante
1108 3822 1506 3874 ordinationem
1560 3819 1739 3875 facere
1786 3820 1958 3883 licuit,
2012 3820 2155 3889 quod
2208 3825 2329 3887 post

764 3922 882 3961 eam
917 3909 1051 3962 adeo
1088 3907 1354 3985 matel'uit
1379 3920 1567 3959 ausus.

837 4171 1035 4224 Interr.
1089 4169 1176 4223 57.
1246 4168 1478 4220 Licitum
1546 4174 1629 4222 est
1689 4168 1999 4222 sacerdotes
2039 4167 2326 4237 praefectos

766 4262 1109 4321 exsistentes,
1149 4260 1228 4311 vel
1256 4260 1599 4327 primopapas
1620 4260 1690 4320 ι’,
1714 4267 1766 4311 et
1792 4257 2093 4326 pontiﬁces,
2135 4273 2325 4326 super-

766 4350 993 4403 uinnicis
1048 4358 1101 4401 et
1142 4348 1634 4417 supergenualibus
1674 4349 1941 4416 insigniri,
1975 4363 2039 4400 an
2080 4360 2163 4403 est
2194 4351 2325 4402 veti-

764 4449 902 4492 tum.

835 4528 985 4593 Resp.
1016 4526 1529 4594 Supermanicarum
1569 4535 1623 4580 et
1644 4530 2120 4597 supergenualium
2144 4545 2327 4583 sacra-

767 4620 1014 4674 tis‘simus
1053 4621 1282 4673 amictus
1328 4620 1459 4673 solis
1495 4621 1850 4688 pontificibus
1898 4624 2193 4679 attributus
2222 4630 2324 4686 est,

768 4713 911 4763 velut
942 4710 1166 4777 figuram
1192 4710 1567 4764 obtinentibus
1595 4692 1832 4774 Domini,
1868 4720 1921 4764 et
1961 4712 2077 4772 Dei,
2113 4721 2166 4767 et
2206 4713 2328 4766 Ser-

766 4801 970 4852 vatoris
1008 4800 1175 4851 nostri
1200 4797 1326 4852 Jesu
1370 4798 1573 4851 Christi
1607 4815 1620 4851 :
1650 4799 1883 4868 indeque
1916 4810 2129 4867 peccata
2162 4803 2324 4854 etiam

768 4890 1047 4942 hominum
1073 4890 1371 4953 remittunt,
1405 4890 1616 4957 aliaque
1640 4890 1843 4957 majora
1868 4890 1935 4943 ad
1965 4891 2319 4945 imitationem

765 4976 967 5029 Christi
1010 4975 1236 5035 faciunt,
1270 4991 1392 5043 qua
1425 4975 1804 5029 sacerdotibus
1844 4974 1969 5029 data
2020 4990 2127 5028 non
2173 4985 2316 5028 sunt.

766 5066 945 5129 Quare
976 5079 1148 5131 neque
1183 5063 1706 5130 supermenicarum,
1740 5079 1917 5132 neque
1949 5077 2317 5131 supergenua-

770 5159 900 5209 lium
952 5154 1305 5207 merebuntur
1338 5154 1613 5207 amictum.
1667 5153 1800 5207 Nam
1844 5152 2236 5222 supermanica
2264 5150 2319 5204 li-

763 5257 900 5310 gura
966 5252 1091 5294 sunt
1139 5242 1500 5302 manicarum,
1546 5243 1743 5310 quibus
1798 5251 1953 5295 erant
2012 5242 2318 5295 constrictae

767 5347 961 5384 manus
1006 5331 1237 5397 Domini,
1282 5341 1335 5386 et
1380 5333 1494 5393 Dei.
1535 5342 1587 5386 et
1625 5331 1930 5385 Servatoris
1975 5332 2145 5383 nostri
2190 5327 2319 5382 Jesu

763 5420 987 5487 Christi,
1016 5422 1230 5491 quando
1254 5424 1317 5476 ad
1356 5423 1715 5477 voluntariam
1752 5422 2061 5491 passionem
2089 5430 2318 5474 conten-

2428 3190 2575 3255 ἄξιόν
2628 3194 2763 3254 ἔστι.
2819 3194 2956 3263 μετὰ
3013 3193 3070 3247 τὸ
3120 3193 3462 3263 ἀνυψωθῆναι
3513 3197 3609 3265 τῆς
3657 3200 3991 3266 σωματικῆς

2426 3282 2805 3339 ταπεινώσεως
2870 3285 2973 3336 ὑπὸ
3027 3286 3125 3352 τῆς
3197 3287 3572 3353 πνευματικῆς
3637 3287 3987 3350 ἀναϐάσεως,

2426 3375 2646 3438 τούτους
2674 3375 2834 3427 πάλιν
2865 3379 2956 3429 ἐπὶ
2991 3378 3087 3445 τήν
3116 3379 3387 3445 σαρκικὴν
3416 3379 3774 3444 ταπεινότητα
3808 3396 3988 3430 κατα-

2430 3464 2683 3516 πίπτειν*
2734 3464 3041 3517 τούναντίον
3082 3465 3138 3516 δὲ
3189 3466 3387 3533 μᾶλλον
3428 3466 3531 3533 χρὴ
3581 3468 3659 3527 είς
3714 3467 3988 3518 ἀνάϐασιν

2426 3551 2634 3621 ὑψηλὴν
2676 3550 2773 3621 τὴν
2825 3552 2971 3605 θείαν
3018 3553 3352 3621 λειτουργίαν
3401 3558 3467 3606 ἑκ
3512 3555 3609 3622 τῆς
3656 3557 3989 3623 σωματικῆς

2427 3640 2812 3707 ταπεινότητος
2839 3640 3168 3693 ἀναϐαίνειν.
3204 3640 3294 3694 Διὸ
3329 3642 3507 3705 οὐδεὶς
3538 3643 3644 3695 τῶν
3668 3646 3765 3696 τοῦ
3798 3645 3985 3714 βήμα-

2426 3744 2513 3789 τος
2535 3726 2672 3796 μετὰ
2692 3727 2787 3795 τήν
2812 3728 3137 3794 χειροτονίαν
3162 3730 3448 3798 τολμηρῶς
3479 3730 3807 3801 συζευχθείη
3845 3736 3987 3785 κατὰ

2427 3817 2586 3884 νόμον
2616 3817 2790 3885 γάμου
2833 3818 3083 3883 γυναικί·
3134 3819 3289 3870 τοῦτο
3335 3819 3391 3871 δὲ
3433 3820 3667 3888 ποιήσας
3718 3824 3987 3892 καθαιρε-

2428 3904 2668 3970 θήσεται.
2738 3905 2895 3972 Ὲξῆν
2955 3906 3062 3973 γὰρ
3117 3907 3264 3970 αὐτῷ
3325 3907 3430 3975 πρὸ
3495 3910 3593 3977 τῆς
3643 3916 3986 3979 χειροτονίας

2424 3991 2647 4059 ποιῆσαι
2677 3991 2738 4043 τὸ
2788 3995 2926 4060 μετὰ
2964 3994 3063 4061 τήν
3098 3998 3429 4064 χειροτονίαν
3460 3996 3602 4048 οὕτω
3638 4000 3829 4060 κακῶς
3862 4004 3981 4052 τολ-

2427 4082 2617 4151 μηθέν.

2505 4172 2698 4238 Ἐρώτ.
2753 4171 2854 4236 λζ’.
2896 4172 3237 4243 Ἐκχωρητόν
3269 4176 3384 4228 ἐστι
3413 4176 3539 4239 τοὺς
3586 4177 3773 4247 ἱερεῖς,
3807 4180 3984 4247 ήγου-

2426 4261 2614 4329 μένους
2638 4264 2814 4326 ὄντας,
2842 4262 2877 4332 ἢ
2907 4265 3364 4332 πρωτοπαπάδας,
3401 4266 3494 4318 καὶ
3524 4266 3649 4329 τοὺς
3675 4268 3982 4340 ἀρχιερεῖς,

2422 4349 2509 4400 διὰ
2555 4349 2895 4417 ὲπιμανίκων
2945 4351 3041 4402 καὶ
3077 4352 3435 4417 ιπιγονατίων
3480 4352 3985 4421 ἀποσεμνύνεσθαιθ

2356 4419 2398 4473 D
2432 4437 2464 4506 ἢ
2493 4437 2796 4491 κεκώλυται
2817 4455 2831 4502 ;

2504 4526 2694 4578 Ἄπόκ.
2737 4526 2801 4577 Ἥ
2822 4526 2931 4577 τῶν
2969 4527 3306 4594 ιπιμανίκων
3346 4527 3573 4579 καὶτῶν
3619 4529 3989 4597 ἑπιγονατίων

2426 4615 2691 4684 ἱερωτάτη
2722 4615 3005 4683 δνδυμενία
3036 4617 3215 4684 μόνοις
3244 4619 3355 4679 τοῖς
3399 4618 3713 4687 ἀρχιερεῦσι
3760 4622 3988 4687 πεφιλο-

2422 4706 2668 4773 τίμηται,
2718 4704 2792 4767 ώς
2839 4706 2930 4757 τὸν
2975 4704 3143 4756 τύπον
3186 4707 3437 4773 ἐπέχουσι
3477 4706 3568 4757 τοῦ
3626 4707 3836 4775 Κυρίου
3893 4714 3988 4763 καὶ

2422 4794 2554 4846 Θεοῦ
2582 4796 2674 4849 καὶ
2700 4795 2952 4863 Σωτῆρος
2990 4794 3146 4863 ήμῶν
3188 4795 3365 4864 Ἰησοῦ
3392 4796 3651 4865 Χριστοῦ⁹
3683 4798 3986 4852 κάντεῦθεν

2424 4886 2519 4937 καὶ
2544 4887 2815 4955 ἁμαρτίας
2842 4886 3092 4954 ἀφιοῦσιν
3124 4886 3446 4955 ἀνθρώπων,
3468 4888 3559 4939 καὶ
3584 4886 3722 4939 ἄλλα
3764 4890 3985 4941 ποιοῦσι

2425 4975 2885 5044 Χριστομιμήτως
2946 4974 3185 5044 μείζονα,
3244 4976 3343 5029 ὅσα
3402 4979 3514 5037 τοῖς
3577 4976 3815 5045 ἱερεῦσιν
3882 4982 3983 5031 οὐχ

2425 5061 2764 5129 ὲνεδόθησαν.
2806 5062 2896 5114 Διὸ
2923 5062 3043 5114 οὐδὲ
3073 5062 3170 5129 τῆς
3208 5062 3318 5112 τῶν
3347 5062 3687 5131 ἐπιμανίκων
3717 5064 3844 5116 οὐδε
3873 5065 3981 5117 τῶν

2424 5150 2779 5215 ἐπιγονατίων
2839 5150 3152 5218 ἱνδυμενίας
3220 5149 3629 5219 ἀξιωθήσονται.
3712 5152 3797 5205 Τὰ
3874 5156 3978 5221 γὰρ

2422 5242 2721 5309 ὲπιμάνικα
2745 5242 2915 5304 τύπος
2949 5242 3056 5294 είσὶ
3103 5243 3209 5295 τῶν
3238 5244 3566 5314 χειροπεδῶν
3602 5244 3713 5297 τῶν
3744 5247 3975 5315 ἑλιχθει-

2425 5331 2531 5382 σῶν
2569 5333 2646 5393 εις
2678 5332 2777 5393 τὰς
2816 5334 3004 5401 χεῖρας
3048 5331 3141 5384 τοῦ
3176 5333 3379 5401 Κυρίου
3419 5335 3512 5385 καὶ
3559 5334 3693 5387 Θεοῦ
3727 5339 3823 5388 καὶ
3868 5337 3973 5388 Σω-

2424 5421 2587 5491 τῆρος
2612 5422 2773 5489 ήμῶν
2812 5422 2983 5491 Ἰησοῦ
3034 5422 3270 5490 Χριστοῦ
3320 5423 3409 5476 ὅτε
3463 5424 3595 5490 πρὸς
3629 5423 3690 5475 τὸ
3728 5424 3971 5477 ἑκούσιον

2017 5592 2247 5647 ἾΑΒΙᾹΞ
2288 5592 2681 5652 LECTIONES.

843 5692 890 5730 ι’
914 5690 998 5752 qui
1024 5690 1228 5742 obbam
1266 5690 1393 5770 sint.
1424 5688 1498 5741 vel
1534 5688 1941 5755 protopapades.
