4214 6450
198 423 310 502 989

1009 424 1396 482 RESl‘ONSA
1440 422 1539 479 AD
1578 422 2322 480 lN’l'ElillOGA'J‘lONES
2366 420 2622 479 MARi‘J.

3288 419 3395 479 990

202 540 371 597 πάθος
418 538 690 604 ἠπείγετο.
745 540 814 588 Τὸ
853 540 906 589 ὁὶ
938 542 1275 606 ἐπιγονάτιον
1326 544 1401 600 είς
1446 537 1583 590 τύπο
1642 535 1733 586 τοῦ
1767 547 1805 591 Α
1839 536 1866 586 (Ι

1714 535 1733 584 3
1767 547 1805 591 Α
1839 536 2014 587 debat.
2054 536 2450 606 Supergenuale
2482 549 2681 599 autem,
2724 537 2889 606 {lgura
2923 546 3004 591 est
3034 538 3205 598 lintei,
3237 544 3378 605 quod

198 623 403 677 λεντίου
436 628 600 689 ἐστὶν,
638 628 665 679 δ
700 629 726 678 ό
750 629 943 695 Κύριος
982 630 1281 687 ἐνεδύσατο.
1314 632 1549 686 καὶτοὺς
1579 629 1736 689 πόδας

200 714 308 764 τῶν
332 715 587 782 μαθητῶν
618 716 811 780 ἔνιψεν.
846 719 1051 784 Ὥσπερ
1073 718 1162 770 οὖν
1184 721 1243 770 οὐ
1263 719 1437 785 δοθείη
1462 718 1737 785 ἐπισκόπῳ

198 805 307 853 τινὶ
338 804 405 854 τὰ
435 808 543 864 τοῖς
574 807 933 875 πατριάρχαις
971 808 1387 875 (ιςιλοτιμηθέντα
1407 810 1491 859 διὰ
1518 808 1738 874 ἐνδυμε-

200 893 320 951 νίας
353 895 683 960 χαρίσματα,
708 898 904 956 σάκκος
934 897 1171 964 δηλονότι
1226 900 1315 948 καὶ
1348 898 1739 964 πολυσταύριον

202 982 438 1047 (τούτους
476 984 581 1049 γάρ
618 983 719 1033 ὑπὸ
748 986 945 1035 τούτων
982 987 1324 1037 κυδαίνεσθαι
1359 986 1620 1046 δέδοκται,
1666 987 1739 1047 ὡς

203 1071 299 1122 καὶ
336 1072 766 1139 ἀναφερομένους
793 1076 871 1133 είς
908 1075 1003 1138 τῆς
1045 1076 1364 1142 οἰκουμένης
1394 1076 1459 1126 «τὰ
1507 1078 1737 1144 πέρατα·

202 1162 373 1225 οὕτως
421 1165 537 1215 οὐδὲ
573 1166 639 1216 τά
677 1168 788 1227 τοῖς
830 1168 1145 1229 ἐπισκόποις
1176 1169 1581 1237 ἀπονεμηθέντα
1616 1185 1743 1234 προ-

200 1252 362 1317 νόμια
410 1254 518 1310 τοῖς
564 1253 760 1320 laps-Set
807 1254 1121 1322 δοθήσεται⁸
1169 1257 1252 1308 ἵνα
1298 1256 1369 1325 μὴ
1410 1257 1514 1307 τῶν
1546 1257 1742 1324 ἐκκλη-

203 1336 492 1385 σιαστικῶν
542 1338 846 1403 προνομίων
911 1340 1167 1407 σύγχυσις
1228 1342 1467 1409 γένηται,
1527 1344 1619 1393 καί
1667 1342 1742 1411 τῷ

204 1426 471 1477 Πλάσαντι
505 1426 632 1495 ετπῃ
654 1427 713 1478 τὸ
740 1429 978 1495 πλάσμα⁸
1022 1431 1327 1500 Ἐξισοῦμαί
1357 1449 1458 1485 σοι.

286 1514 481 1580 Ἐρώτ.
537 1514 636 1580 λη’.
705 1516 833 1568 Ἀπὸ
876 1519 1103 1585 ἀρχαίας
1151 1522 1411 1589 ἐγχωρίου
1460 1524 1740 1593 συνηθείας

202 1604 500 1655 θάπτονται
550 1603 773 1669 λείψανα
820 1605 1108 1671 ὀρθοδόξων
1134 1609 1208 1669 είς
1240 1610 1337 1671 τὰς
1380 1612 1517 1663 κατὰ
1562 1612 1741 1681 χώραν

204 1691 492 1758 ἐκκλησίας
539 1692 728 1759 ἡμῶν.
773 1694 925 1761 Ζητῶ
969 1692 1059 1748 οὖν
1105 1697 1291 1764 μαθεῖν
1338 1702 1384 1750 εί
1428 1699 1541 1751 ἐστι
1588 1701 1742 1753 τοῦτο

202 1782 677 1847 ἀποιριμάτιστον.

1844 622 2015 673 induit
2060 625 2339 683 Dominus,
2385 640 2507 675 cum
2563 627 2946 691 discipulorum
3012 626 3173 692 pedes
3226 624 3380 678 lavit.

1842 712 2296 772 Quemadmodum
2350 715 2510 781 igitur
2557 731 2675 778 «line
2730 717 3043 781 patri-.ircltis
3090 731 3180 782 per
3226 718 3381 768 indu-

1841 810 2017 852 menta
2066 806 2249 869 gratite
2289 805 2504 856 tributa:
2541 815 2664 856 Sunt
2690 807 2730 865 ⁸,
2776 807 2866 856 ulli
2912 806 3000 858 alii
3044 822 3148 858 non
3186 808 3383 858 dantur

1839 891 2114 957 episcopo,
2157 906 2348 943 saccus
2392 892 2636 945 videlicet
2666 903 2716 944 et
2750 909 2878 945 crux
2922 898 3237 963 niultiplex‘l
3269 898 3382 963 (eos

1839 978 1981 1028 enim
2012 980 2157 1031 hisce
2191 980 2432 1031 decorari
2469 983 2690 1048 placuit,
2718 991 2896 1050 ttlputc
2927 984 3120 1036 relatos
3152 987 3258 1034 ad'
3289 986 3379 1035 ha-

1841 1063 2075 1117 bitabilis
2096 1068 2242 1119 orbis
2275 1078 2557 1134 extrema):
2600 1069 2676 1121 sic
2704 1084 2799 1121 nec
2829 1072 3096 1137 episcopis
3121 1086 3376 1127 concessa

1843 1155 2115 1222 privilegia
2146 1158 2516 1212 sacerdotibus
2554 1159 2844 1221 dabuntur,
2877 1174 2941 1211 ne
2975 1162 3377 1229 privilegiorum

1842 1242 2328 1297 ecclesiasticorum
2394 1247 2644 1300 confusio
2704 1248 2814 1311 ﬁat,
2861 1258 2913 1301 et
2950 1247 3192 1303 Creatori
3238 1250 3381 1306 dicat

1842 1343 2109 1398 creatura,
2150 1336 2408 1404 Exmquor
2441 1338 2555 1390 tibi.

1918 1509 2110 1563 luterr.
2152 1512 2238 1563 '58.
2280 1511 2467 1566 Vetere
2500 1515 2785 1581 provinciae
2833 1521 3220 1575 consuetudine
3254 1522 3381 1575 rel!-

1844 1599 2022 1664 φύσει
2071 1601 2498 1653 ortliodoxorum
2543 1604 2594 1654 in
2634 1614 2830 1658 nostra:
2876 1608 3109 1674 regionis
3138 1612 3381 1663 ecclesiis

1846 1689 2195 1756 sepeliuntur.
2230 1690 2420 1754 Quaero
2446 1692 2607 1757 igitur
2629 1692 2854 1758 discere,
2877 1711 2942 1748 an
2966 1699 3064 1751 ltoc
3087 1699 3219 1750 citra
3248 1714 3381 1767 prc-

1843 1777 2103 1843 jttdicium
2139 1777 2248 1828 flat.

289 1871 482 1923 Ἄπόκ.
506 1870 742 1939 Διαφορὰ
772 1873 975 1941 μεγάλη
1001 1874 1452 1943 ἐστἰνέκκλησιῶν
1483 1894 1741 1947 κασιερω-
1776 1851 1818 1903 Β
1918 1862 1953 1914 Π

1722 1908 1741 1917 -
1776 1851 1818 1903 Β
1918 1862 2068 1931 Resp.
2094 1865 2278 1933 Magna
2306 1864 2607 1919 dill'erentia
2634 1877 2714 1919 est
2738 1869 2879 1921 inter
2897 1868 3155 1923 ecclesias
3184 1885 3379 1925 couse~

202 1953 399 2013 θεισῶν
453 1963 540 2014 διὰ
586 1964 872 2027 ἐγκαινίων
922 1965 1169 2027 άνοιξίιον
1223 1968 1314 2017 καὶ
1366 1966 1736 2035 ἐνθρονισμοῦ,

202 2052 503 2119 χρισμάτός
535 2069 592 2103 τε
617 2053 771 2118 ἁγίου
802 2051 991 2120 μύρου,
1014 2055 1107 2105 καὶ
1134 2056 1441 2117 ἀποθέσεως
1477 2058 1739 2124 λειψάνων

201 2142 374 2207 ἁγίων
408 2142 777 2210 μαρτυρικῶν,
812 2146 903 2193 καὶ
931 2144 1036 2195 τῶν
1064 2145 1137 2212 μὴ
1165 2144 1331 2205 οὕτως
1357 2148 1738 2213 ἀγιατθεισῶν,

204 2232 302 2281 καὶ⁵
327 2232 612 2299 εὐκτηρίου
638 2232 799 2283 τόπον
821 2234 1146 2300 ἐπεχουσῶν.
1176 2236 1267 2286 Διὸ
1300 2237 1356 2287 ἐν
1385 2238 1613 2299 ἐκείναις
1645 2239 1741 2305 μὲν

202 2324 262 2372 ἐν
294 2314 381 2381 αἷς
408 2321 648 2387 δηλονότι
684 2322 992 2390 μαρτυρικά
1026 2323 1253 2391 λείψανα
1298 2326 1739 2395 τεθησαύρισται,

205 2411 301 2461 καὶ
346 2411 499 2477 ἀγίου
538 2410 705 2479 μύρου
744 2411 1109 2480 ἐμεσολάόησε
1157 2414 1380 2482 χρίσμα,
1410 2415 1741 2484 ἀνθρώπινον

204 2499 455 2564 λείψανον
483 2501 858 2569 οἱονδηποτοῦν
889 2502 948 2553 οὒ
986 2502 1281 2571 ταφήσεται
1311 2502 1467 2571 (κατά
1497 2506 1555 2556 τὸ
1584 2505 1625 2572 β’
1652 2522 1742 2556 κε-

205 2590 432 2655 φάλαιον
459 2590 548 2640 τοῦ
577 2590 624 2641 α’
668 2592 845 2643 τίτλου
869 2593 960 2644 τοῦ
987 2594 1027 2644 ε’
1055 2592 1257 2661 βιὸλίου
1296 2594 1401 2645 τῶν
1424 2595 1738 2656 Βασιλικῶν,

204 2680 268 2729 τὸ
297 2677 475 2744 λέγον⁸
502 2680 702 2747 Μηδεὶς
745 2682 799 2733 ἐν
828 2682 1087 2750 ἐκκλησία
1112 2683 1357 2735 θαπτέτω
1399 2686 1604 2753 νεκρόν.
1636 2685 1743 2734 Καὶ

209 2768 353 2819 κατά
388 2768 477 2819 τὸν
524 2768 719 2828 ἔξωθεν
772 2770 934 2822 αὑτοῦ
981 2771 1227 2839 κείμενον
1264 2772 1507 2833 παλαιὸν,
1537 2772 1627 2824 τὸν
1655 2772 1743 2823 λέ-

216 2873 397 2921 γοντα⁸
433 2859 545 2909 Οὐκ
588 2858 760 2923 ἔξεστι
796 2859 1015 2911 θάπτειν
1048 2861 1166 2913 τινὰ
1204 2862 1260 2912 ἐν
1307 2861 1585 2929 ἐκκλησίᾳ,
1620 2860 1745 2913 ἔνθα

207 2947 449 3010 δηλονότι
496 2948 764 3017 μάρτυρος
813 2951 986 3000 ἐκεῖσε
1016 2950 1171 3016 σῶμα
1208 2951 1510 3018 ἀπόκειται)
1537 2968 1549 2981 ⁸
1576 2953 1653 3013 είς
1690 2952 1746 3003 δέ

209 3036 339 3095 τοὺς
400 3036 473 3102 μὴ
536 3036 676 3088 οὕτω
729 3037 1172 3107 καθιερωθέντας,
1208 3041 1391 3103 ἁγίους
1431 3042 1747 3109 εὐκτηρίους

211 3122 760 3193 κατονομαζομένους,
844 3126 1135 3189 ἀκινδύνως

210 3213 463 3279 λείψανα.

298 3304 494 3368 Ἐρώτ.
550 3302 625 3355 λθ’
705 3304 957 3357 Κάτοικοί
1006 3324 1162 3358 τινων
1217 3308 1457 3375 ἐνοριῶν,
1493 3310 1588 3371 τὰς
1642 3310 1749 3361 τῶν

214 3393 435 3445 οἰκείων
468 3394 760 3464 ἀρχιερέων
791 3398 1120 3464 χειροτονίας
1160 3400 1598 3467 παραιτούμενοι,
1634 3401 1749 3451 ἐτέ-

220 3499 331 3550 ρων
367 3484 582 3551 ἐνορῶν
615 3484 928 3546 ἐπισκόποις
963 3487 1348 3553 προσέρχονται
1385 3488 1475 3540 καὶ
1516 3504 1752 3558 χειροτο-

215 3571 368 3631 νιῶν,
430 3572 604 3632 καθὼς
663 3573 887 3635 ἕκαστος
954 3574 1063 3642 ἔχει
1131 3576 1445 3645 θελήματος.
1504 3576 1563 3628 El
1626 3578 1751 3643 γοῦν

215 3658 473 3721 ἀσφαλῶς
508 3660 688 3722 αὐτοῖς
724 3662 931 3725 γίνεται
957 3664 1132 3724 τοῦτο,
1168 3664 1313 3732 ζητῶ
1349 3658 1557 3731 μαθεῖν.

304 3748 505 3802 Ἀπόκ.
546 3748 678 3809 Τοὺς
712 3748 806 3815 μὲν
832 3749 1177 3814 ἀναγνώστας
1221 3753 1342 3812 τοὺς
1387 3753 1749 3819 ἀθετήσαντας

216 3837 315 3896 τὶς
344 3837 669 3903 χειροτονίας
690 3837 795 3888 τῶν
819 3840 1120 3891 ἐπισκόπων
1135 3841 1330 3900 αὐτῶν,
1356 3841 1447 3892 καὶ
1469 3844 1544 3902 είς
1563 3844 1752 3911 ἐτέρας

217 3925 434 3990 ἐνορίας
486 3926 723 3991 μείζονος
770 3926 1093 3988 ἀξιωθέντας
1142 3928 1345 3995 βαθμοῦ
1385 3931 1469 3981 διὰ
1519 3932 1753 3999 χειροθε-

221 4012 343 4072 σίας
363 4013 740 4079 ἐπισκοπικῆς,
769 4015 1156 4081 ἀκοινωνησίας
1180 4016 1434 4083 ἐπιτιμίῳ
1459 4018 1507 4067 οί
1534 4018 1753 4079 κανόνες

217 4101 685 4154 ωθυποῆἀλλουσι
712 4116 726 4131 ⁸
770 4106 861 4154 καὶ
906 4105 965 4155 οὐ
1018 4106 1174 4170 μόνον
1223 4105 1433 4165 αὐτοὺς,
1478 4106 1610 4158 ἀλλά
1660 4108 1754 4158 καὶ

214 4192 345 4249 τοὺς
405 4193 884 4257 χειροτονήσαντας
954 4192 1208 4255 τούτους.
1281 4194 1455 4253 καθὼς
1510 4194 1576 4246 τά
1628 4196 1753 4262 περὶ

215 4276 410 4328 τούτου
467 4277 793 4344 παρίσταται
848 4277 953 4327 ἀπὸ
1007 4279 1098 4329 τοῦ
1155 4278 1225 4331 νδ¹
1286 4280 1502 4341 κανόνος
1553 4280 1649 4348 τῆς
1696 4283 1753 4331 ἐν

221 4365 543 4434 Καρθαγένη
589 4367 838 4425 συνόδου.
880 4368 1048 4420 ταῦτα
1080 4370 1217 4420 κατὰ
1264 4371 1412 4439 ῥῆμα
1458 4370 1754 4437 διαλαμὸά-

1842 1962 2021 2004 cratas
2082 1967 2177 2020 per
2231 1952 2557 2007 initiatorias
2622 1955 3027 2021 dedicationes,
3084 1969 3139 2013 et
3200 1964 3378 2015 throni

1841 2041 2309 2110 inaugurationem
2347 2046 2628 2113 sanctique
2661 2046 2917 2113 unguenti
2955 2050 3281 2114 unctionem,
3328 2066 3382 2106 et

1842 2141 2151 2186 sanctarum
2182 2135 2527 2209 reliquiarum
2577 2147 2872 2205 martyrum
2918 2138 3379 2209 indigitationem;

1840 2232 1893 2275 et
1931 2239 2023 2279 eas
2057 2240 2175 2294 qua
2208 2226 2286 2279 sic
2330 2208 2679 2281 sanctiﬁcata
2710 2244 2816 2281 non
2851 2240 2999 2293 sunt,
3033 2208 3381 2300 obtinentque

1840 2316 2063 2368 oratorii
2099 2316 2297 2369 locum.
2341 2317 2571 2383 Ideoque
2600 2316 2651 2369 in
2680 2318 2877 2385 quibus
2914 2320 3158 2373 videlicet
3182 2332 3386 2389 marty-

1839 2403 1965 2456 rica:
2004 2405 2241 2472 reliquias
2268 2406 2554 2459 reconditae
2583 2413 2726 2471 sunt,
2746 2416 2797 2459 et
2828 2408 2999 2460 sancti
3018 2411 3271 2477 unguenti
3301 2411 3381 2463 in-

1843 2491 2070 2544 tervenit
2134 2494 2337 2554 unetio,
2390 2492 2683 2545 humanum
2747 2496 3117 2563 qualecunque
3153 2498 3380 2551 cadaver

1844 2594 1949 2632 non
1978 2580 2287 2645 sepelietur,
2315 2580 2469 2645 juxta
2505 2579 2539 2633 2
2566 2588 2748 2647 caput,
2782 2582 2805 2633 l
2857 2583 2961 2643 tit.,
3007 2583 3038 2634 5
3066 2584 3155 2635 lib.
3195 2583 3388 2637 Basili-

1843 2680 2026 2719 corum
2052 2667 2299 2733 inquiens
2319 2684 2333 2721 :
2357 2667 2549 2721 Nullus
2582 2668 2635 2719 in
2660 2667 2889 2721 ecclesia
2917 2672 3207 2733 sepeliatur
3240 2688 3382 2725 mor-

1845 2763 1992 2807 tuus.
2031 2754 2095 2807 Et
2132 2756 2423 2808 secundum
2453 2765 2744 2817 veteremi,
2774 2767 2920 2810 extra
2953 2775 3073 2812 eum
3117 2763 3385 2828 positum:

1844 2842 1960 2897 Non
1991 2844 2114 2896 licet
2142 2846 2366 2910 sepelire
2397 2859 2720 2913 quemquam
2756 2846 2808 2898 in
2832 2848 3079 2911 ecclesia,
3108 2850 3196 2902 ubi
3236 2852 3383 2903 scili-

1848 2941 1934 2986 cet
1971 2932 2219 3002 martyris
2246 2948 2438 3001 corpus
2462 2934 2760 3001 depositum
2783 2950 2883 2988 est.
2908 2937 2962 2987 In
2988 2942 3188 2990 sanctis
3207 2950 3382 2992 autem

1848 3022 2103 3075 oratoriis
2170 3025 2471 3092 appellatis,
2499 3040 2619 3093 quae
2655 3028 2727 3077 ita
2756 3036 3073 3080 consecrata
3108 3043 3213 3081 non
3240 3040 3382 3092 sunt,

1229 3128 1745 3197 ἐνταφιασθήσονται
1769 3136 1816 3197 C
1847 3112 2085 3181 reliquiae
2102 3115 2218 3168 sine
2248 3114 2485 3183 periculo
2513 3115 2855 3182 sepelientur.

1922 3292 2115 3347 Interr.
2143 3293 2230 3348 59.
2250 3295 2612 3359 Quarttmdam
2635 3298 2991 3365 parmciarum
3026 3299 3230 3360 incolae,
3263 3314 3389 3353 suos

1851 3398 1968 3437 rum
2041 3384 2350 3453 pontiﬁcum
2411 3386 2777 3442 ordinationes
2843 3397 3183 3456 respuentes,
3252 3390 3384 3442 alia-

1852 3488 1972 3528 rum
1995 3474 2310 3530 dimcesium
2340 3482 2395 3530 et
2420 3476 2816 3529 ordinationum
2845 3478 3126 3545 episcOpos
3164 3480 3382 3538 adeunt.

1850 3572 2011 3633 prout
2037 3564 2267 3632 quisque
2327 3564 2573 3615 vulttan
2625 3572 2742 3617 tuto
2798 3563 3019 3629 faciant,
3073 3582 3255 3635 quer
3302 3571 3383 3622 di-

1852 3668 2021 3706 SCCI‘O.

1925 3740 2079 3809 Resp.
2103 3740 2353 3794 Lectores
2380 3742 2614 3810 quidem.
2642 3744 2731 3811 qui
2764 3759 2981 3798 suorum
3014 3748 3386 3815 episcoporum

1854 3829 2220 3884 ordinationes
2247 3839 2599 3898 Spreverunt:
2634 3842 2688 3885 et
2717 3834 2766 3884 in
2801 3834 2919 3886 aliis
2950 3837 3238 3901 provinciis
3279 3854 3389 3890 ma—

1849 3917 2020 3983 jorem
2059 3919 2280 3987 gradum
2310 3934 2403 3985 per
2432 3921 2749 3987 episcopalis
2780 3936 2967 3975 manus
2995 3925 3387 3991 impositiouem

1858 4008 2133 4063 consecuti
2163 4018 2325 4071 sunt,
2356 4010 2928 4063 «communicationis
2960 4026 3127 4078 paenae
3159 4029 3394 4068 canones

1861 4097 2176 4164 subjiciunt,
2207 4112 2304 4150 nec
2334 4112 2426 4151 eos
2451 4098 2626 4161 modo,
2650 4098 2741 4151 sed
2766 4108 2818 4152 et
2844 4113 2957 4161 eos,
2980 4104 3070 4168 qui
3112 4104 3390 4156 ordinave-

1853 4194 1999 4249 runt,
2021 4186 2469 4253 quemadmodum
2516 4189 2833 4256 exprimitur
2862 4205 3069 4244 canoue
3095 4193 3161 4245 54
3199 4195 3385 4261 synodi

1856 4274 2319 4342 Carthaginensis,
2372 4277 2481 4328 haec
2533 4277 2920 4343 complectente
2974 4280 3037 4330 ad
3101 4283 3319 4332 verbum
3375 4299 3387 4333 :

1861 4362 2099 4415 Clericos
2123 4364 2183 4418 in
2202 4365 2425 4416 ecclesia
2448 4376 2684 4432 agentes,
2714 4376 2769 4417 ut
2799 4367 2906 4433 jam
2936 4368 3257 4429 deiiuiimus.
3287 4386 3390 4422 non

220 4470 400 4512 νυντος
436 4467 451 4482 ⁸
493 4454 798 4523 Κληρικοὺς
854 4455 932 4516 είς
984 4456 1273 4517 ἐκκλησίαν
1326 4456 1627 4519 τελοῦντας,
1685 4454 1837 4518 ὡςῙ)
1865 4453 1884 4503 ll

1723 4475 1758 4518 ις
1783 4454 1837 4512 D
1865 4453 2021 4506 licere
2049 4452 2301 4505 ordinare
2344 4454 2395 4504 in
2435 4456 2571 4505 alios
2596 4456 2828 4508 civitatis
2860 4458 3105 4516 ecclesia,
3133 4460 3221 4510 sed
3261 4475 3387 4511 eou-

221 4543 322 4609 ἠδη
343 4542 634 4609 ὠρίσαμεν,
658 4542 730 4611 μὴ
751 4543 944 4607 ἐξεῖναι
966 4547 1041 4604 είς
1059 4545 1218 4611 ἄλλης
1237 4545 1440 4606 πόλεως
1469 4546 1754 4597 τάττεσθαι

220 4632 531 4699 ἐκκλησίαν,
570 4631 703 4683 ἀλλὰ
751 4633 992 4701 στέργειν
1036 4634 1245 4699 ἐκείνην
1275 4636 1329 4685 ἐν
1428 4634 1755 4703 λειτουργεῖν

222 4720 281 4782 ἐξ
306 4720 477 4788 ἀρχῆς
514 4719 820 4788 ἠξιώθησαν
841 4738 854 4752 ⁸
898 4723 1049 4783 ἐκτὸς
1092 4723 1309 4774 ἐκείνων
1338 4725 1528 4785 οἵτινες
1562 4726 1757 4777 ἀπολέ-

226 4824 417 4869 σαντες
445 4808 539 4869 τάς
574 4810 706 4870 ἰδίας
749 4810 1033 4876 πατρίδας,
1070 4811 1170 4861 ὑπὸ
1210 4812 1449 4879 ἀνάγκης
1483 4816 1559 4873 εἰς
1593 4815 1758 4879 ἀλλην

225 4898 515 4960 ἐκκλησίαν
547 4899 823 4966 μετῆλθον.
860 4900 918 4949 El
945 4899 998 4949 δέ
1036 4916 1118 4958 τις
1157 4900 1467 4963 ἐπίσκοπος,
1503 4904 1639 4969 μετά
1667 4904 1759 4954 τὸν

228 4984 348 5050 ὅρον
400 4982 605 5043 τοῦτον,
654 4983 794 5050 ἀλλῳ
835 4973 1111 5049 ἐπισκόπῳ
1158 4985 1496 5052 προσήκοντα
1546 4988 1758 5053 δέξηται

230 5069 508 5135 κληρικὸν,
558 5070 731 5131 ἔδοξεν
761 5070 1117 5137 ἀκοινώνητον
1144 5066 1281 5122 εἶναι
1308 5074 1397 5122 καὶ
1434 5073 1520 5124 τὸν
1550 5075 1760 5142 δεχθέν-

230 5174 292 5208 τα
323 5157 522 5209 καὶτὸν
566 5157 854 5224 δεξάμενον
876 5172 888 5185 ⁸
925 5159 1027 5219 ἕως
1058 5158 1123 5211 ἂν
1148 5162 1174 5210 ὁ
1206 5161 1472 5226 μεταστὰς
1506 5162 1760 5230 κληρικὸς

224 5250 305 5309 εἰς
351 5249 446 5316 τὴν
497 5248 628 5300 ἰδίαν
677 5250 936 5317 ἐπανέλθῃ
980 5249 1315 5315 Ἐκκλησίαν.
1365 5250 1496 5317 Περὶ
1548 5252 1603 5302 δὲ
1656 5252 1761 5302 τῶν

226 5336 430 5386 λαῖκῶν
482 5336 813 5405 συνεζητήθη
883 5337 1009 5387 ποτέ
1067 5337 1215 5404 παρὰ
1270 5338 1440 5407 ταύτῃ
1501 5343 1564 5408 τῇ
1633 5342 1763 5409 ἁγίᾳ

227 5423 428 5490 συνόδῳ
462 5424 559 5489 τῆς
586 5424 691 5475 τῶν
732 5423 1365 5475 Κωνσταντινουπολιτῶν
1413 5427 1752 5493 Ἐκκλησίας,

228 5505 713 5581 πατριαρχεύοντος
740 5512 831 5566 τοῦ
868 5513 1164 5579 ἀγιωτάτου
1198 5513 1255 5563 ἐν
1282 5516 1636 5583 πατριάρχαις
1669 5521 1763 5569 καὶ

1863 4551 2039 4592 tentos
2059 4554 2177 4592 esse
2207 4540 2314 4599 illa,
2352 4540 2529 4606 inqua
2570 4543 2635 4592 ab
2666 4542 2819 4594 initio
2852 4545 3159 4597 ministrare.
3191 4562 3397 4598 merue-

1863 4642 1987 4683 runt
2033 4646 2046 4681 :
2088 4631 2153 4682 iis
2194 4632 2452 4696 exceptis,
2488 4633 2577 4696 qui
2618 4634 2810 4685 amissa
2848 4650 2943 4686 sua
2974 4636 3166 4700 patria,
3197 4652 3258 4689 ex
3298 4654 3393 4689 ne-

1860 4721 2109 4773 cessitate
2161 4722 2212 4770 in
2270 4720 2426 4771 aliam
2476 4724 2752 4773 ecclesiam
2806 4725 3117 4789 migrerunt.
3161 4727 3310 4789 Quod
3350 4731 3391 4781 si

1860 4809 1982 4875 quis
2026 4808 2309 4873 episcopus
2362 4816 2480 4873 post
2525 4811 2658 4860 lianc
2707 4810 3088 4872 deﬁnitionem,
3140 4816 3393 4869 clericum

1860 4896 2157 4961 susceperit
2185 4896 2247 4945 ad
2282 4896 2445 4946 alium
2490 4898 2799 4963 episcopum
2833 4903 3185 4966 pertinentem
3216 4943 3229 4963 ,
3277 4906 3390 4970 pla-

1860 4987 1972 5038 cuit
1998 4986 2518 5037 exeontmunicatunt
2543 5002 2681 5045 esse.
2719 4998 2822 5039 tam
2866 5003 3194 5057 susceptum,
3231 5010 3390 5059 quam

1861 5074 2267 5139 suscipientem,
2291 5074 2461 5125 donec
2490 5077 2580 5141 qui
2619 5078 2867 5144 migravit
2895 5083 3143 5140 clericus.
3178 5082 3241 5132 ad
3271 5098 3391 5146 pro-

1860 5162 2032 5230 priam
2065 5160 2345 5213 ecclesiam
2382 5170 2694 5215 revertatur.
2733 5166 2804 5218 De
2852 5168 3000 5219 Iaicis
3024 5178 3199 5220 autem
3237 5170 3387 5229 simul

1862 5249 2144 5316 quaesitum
2204 5261 2286 5301 est
2340 5250 2393 5299 in
2442 5260 2624 5302 saneta
2678 5252 3393 5321 Constantiuopolitanoruin

1863 5338 2117 5391 Ecclesiae
2158 5337 2385 5405 synodo,
2416 5339 2829 5405 patriarciiatum
2869 5343 3142 5396 obtinente
3173 5344 3395 5396 sanctis-

1863 5430 2001 5482 simo
2045 5427 2181 5479 inter
2230 5427 2559 5493 patriarchas
2625 5440 2679 5482 et
2728 5431 3127 5497 sapientissimo
3177 5433 3397 5485 domino

1865 5516 2119 5570 Micliaele
2143 5516 2423 5578 Anchiale,
2460 5527 2514 5569 et
2551 5533 2733 5572 mense
2761 5519 3067 5587 Novembri,
3105 5522 3397 5576 indictione

1496 5628 1724 5701 vanus
1746 5628 2141 5684 LECTIONES.

304 5725 320 5759 ί
353 5740 439 5787 per
480 5722 845 5785 supellectilem
877 5720 1118 5785 beneﬁcia
1160 5721 1352 5771 tributa
1394 5730 1533 5773 smn.

226 5800 258 5832 κ
290 5800 563 5847 certavere.
631 5801 657 5839 1
689 5793 901 5851 scilicet,
935 5792 1282 5853 interpretem.

1614 5734 1636 5758 ιι
1678 5723 2077 5789 ιιοίῃειαιινὶιιυι.

2155 5731 2177 5754 ν
2205 5736 2419 5785 quorum
2456 5724 2661 5775 nomina
2707 5724 2997 5789 referuntur
3044 5726 3094 5778 in
3129 5726 3286 5779 sacris
3310 5727 3394 5778 ad.
