4214 6450
772 377 867 440 991
894 415 903 423 -

2039 366 2133 425 ΤΗ
2153 368 2311 427 Eni).
2365 369 2454 425 BA
2470 368 2602 427 LSA
2616 368 2847 427 Mnle

3886 369 3998 428 βῦέ

769 506 985 564 quarta,
1044 493 1321 563 synodali:
1363 502 1447 545 est
1491 493 1629 544 facta
1682 490 2011 545 subuotatio,
2055 502 2119 538 ex
2157 488 2330 536 vario-
2364 495 2403 546 Α

2364 495 2403 546 Α
2438 489 2746 553 σοφωτάτου
2790 486 2981 554 κυρίου
3011 486 3221 555 Μιχαὴλ
3266 482 3360 538 τοῦ
3402 483 3725 553 ’Δγχιάλου·
3764 486 3860 536 καὶ
3899 495 3998 551 γε·

779 603 897 639 rum
932 598 1200 637 canonum
1238 583 1559 648 allegatione
1598 586 1888 645 excepta',
1924 592 1986 627 ex
2030 588 2187 641 :equo
2227 588 2329 640 pu-

778 679 883 728 niri
915 691 1061 735 eum,
1096 675 1187 740 qui
1227 687 1289 725 ex
1336 671 1509 723 aliena
1546 670 1824 736 provincia
1853 666 2071 718 ordinat
2109 664 2327 722 laicum,

780 777 973 833 prteter
996 761 1232 830 episcopi
1267 760 1441 827 ipsius
1475 759 1821 817 sententiam.
1853 757 2141 823 ipsumque
2166 754 2326 804 etiam

778 857 1109 908 ordinatum.

853 1120 1045 1173 Interr.
1074 1117 1161 1172 ιο.
1191 1116 1424 1171 Possunt
1450 1112 1661 1167 diaconi
1696 1122 1888 1179 prmter
1919 1109 2329 1161 arcltitliacmm-

779 1227 897 1265 rum
938 1211 1267 1261 voluntatem
1315 1204 1703 1259 sacerdotalem
1752 1202 2008 1267 consequi
2063 1199 2326 1266 gratiam,

779 1314 955 1351 annon
986 1296 1007 1346 ?

852 1385 1002 1450 lie~p.
1026 1381 1201 1449 Hujus
1230 1382 1303 1432 rei
1329 1374 1665 1448 provident-ia
1688 1392 1779 1443 per
1803 1374 2130 1427 sacrosancti
2157 1373 2329 1436 Spiri-

782 1486 867 1526 tus
916 1478 1140 1539 gratiam
1180 1472 1449 1538 episcopis
1504 1470 1700 1519 tributa
1743 1475 1842 1517 est.
1886 1464 2063 1527 Quare
2111 1473 2163 1515 et
2205 1477 2327 1513 cum

780 1579 965 1616 eorum
988 1576 1253 1614 consensu
1287 1559 1498 1611 diaconi
1528 1559 1902 1617 sacrabuutnr,
1930 1553 2327 1614 arcliidiacono,

784 1664 838 1705 ut
867 1652 1158 1706 contraire.
1186 1649 1358 1701 solum
1391 1654 1672 1713 praesente.

856 1831 1052 1885 Interr.
1084 1830 1171 1882 Μ.
1196 1826 1476 1891 Laici,qui
1509 1824 1778 1877 secundas
1804 1828 2192 1874 contraxerunt
2223 1834 2325 1870 nu—

785 1926 944 1990 ptias.
969 1922 1100 1973 alias
1132 1918 1367 1984 nuptias,
1386 1914 1571 1967 tertias
1599 1914 1821 1973 scilicet,
1853 1912 2083 1976 legitime
2107 1916 2327 1962 contra-

784 2013 933 2067 ltent.
967 2023 1144 2060 annon
1176 2007 1197 2056 τ

860 2099 1015 2163 Resp.
1049 2096 1209 2149 Vetus
1235 2096 1450 2163 quidem
1492 2108 1571 2146 ,οι
1610 2101 1661 2146 et
1684 2094 1869 2145 tertias
1898 2091 2129 2157 nuptias,
2161 2098 2217 2140 ut
2251 2088 2328 2139 le‘

781 2186 1017 2255 gitimas,
1051 2184 1296 2250 agnovit,
1327 2191 1381 2235 ct
1410 2196 1473 2233 ex
1516 2182 1582 2231 iis
1620 2187 1949 2245 procreatos.
1992 2174 2247 2233 Incredes,
2276 2181 2329 2225 et

786 2278 838 2327 in
876 2280 1137 2343 potestate
1166 2272 1354 2323 habuit
1388 2272 1645 2337 parentis.
1683 2269 1929 2321 Canones
1974 2273 2153 2317 autem
2192 2263 2329 2315 divi-

786 2380 979 2418 norum
1029 2372 1084 2415 et
1130 2371 1440 2414 sanctorum
1474 2358 1715 2417 Patrum,
1774 2373 1877 2409 non
1929 2357 2102 2409 solum
2141 2353 2328 2407 tertias

787 2455 1003 2521 nuptias
1062 2466 1168 2503 non
1224 2457 1560 2516 agnoscunt,
1622 2463 1804 2500 verum
1852 2448 2012 2500 etiam
2064 2446 2329 2499 secundas

788 2557 961 2611 paenae
991 2541 1277 2593 moderata:
1311 2538 1621 2605 subjiciunt.
1655 2538 1790 2601 Quia
1825 2547 2001 2590 autem
2034 2539 2331 2604 imperante

787 2633 989 2698 inclyto
1008 2630 1266 2697 principe,
1280 2629 1495 2679 domino
1512 2626 1685 2679 Leone
1704 2626 2327 2694 pitilosopbo,dissidium

787 2720 885 2772 fuit
922 2733 1171 2786 magnum
1230 2718 1369 2769 inter
1405 2731 1593 2769 omnes
1639 2717 1824 2768 mundi
1865 2715 2155 2772 Ecclesias.
2188 2715 2327 2781 quod

790 2811 1036 2876 princeps
1065 2820 1169 2857 non
1196 2805 1371 2857 solum
1408 2805 1595 2857 tertias
1633 2806 1998 2863 contraheret,
2040 2804 2132 2856 sed
2167 2807 2329 2855 etiam

788 2905 1033 2962 quartas,
1110 2893 1402 2963 synodicus
1443 2892 1616 2945 factus
1656 2902 1737 2947 cst
1764 2905 2061 2948 conventus
2088 2894 2331 2946 omnium

789 2991 916 3046 lere,
941 3000 1056 3051 quae
1085 2984 1278 3051 ubique
1304 2988 1429 3035 sunt
1453 2982 1767 3035 dioecesium
1796 2983 2117 3046 antistitum,
2136 2983 2167 3035 8
2200 2983 2334 3035 indi-

2433 595 2553 643 γονε
2607 579 2747 630 κατά
2810 578 2952 645 μῆνα
3000 577 3323 645 Νοέμῦριον,
3366 578 3736 642 ὲπινεμήσεως
3784 573 3849 638 δ’,
3892 592 3998 638 ση-

2434 667 2652 734 μείωμα
2682 666 2977 727 συνοδικδν,
3030 666 3532 733 συγκεκροτημένον
3565 664 3671 714 ἀπὸ
3711 663 3993 732 διαφόρων

2434 757 2671 807 κανόνων
2703 755 3066 823 προσκομιδῆς
3085 770 3101 783 ο
3150 757 3344 822 ἐπίσης
3383 753 3734 822 γνωματεῦον
3759 753 3991 813 κολάζε-

2433 845 2555 895 σθαι
2575 847 2668 897 καὶ
2693 846 2783 896 τὸν
2805 844 2864 909 ἐξ
2883 845 3072 912 ἑτέρας
3090 844 3301 911 ὲνορίας
3326 844 3777 911 χειροτονήσαντα
3803 843 3994 893 λαῖιδν

2433 936 2581 1001 παρά
2626 934 2847 1003 γνώμην
2889 933 2984 985 τοῦ
3032 935 3329 985 ἐπισκόπου
3367 932 3555 995 αὐτοῦ,
3595 932 3689 983 καὶ
3729 932 3894 983 αὑτὸν
3930 932 3992 992 δη

2432 1024 2520 1074 τὸν
2557 1022 3012 1091 χειροτονηθέντα.

2516 1114 2710 1179 Ἐρώτ.
2770 1118 2841 1181 μ’.
2894 1116 3155 1163 Δύνανται
3197 1112 3245 1163 oi
3286 1111 3519 1162 διάκονοι
3569 1110 3718 1176 παρά
3762 1109 3991 1173 γνώμην

2433 1201 2541 1251 τῶν
2571 1200 2958 1269 ἀρχιδιακόνων
3019 1201 3195 1250 αὐτῶν
3261 1199 3536 1261 ἱερατικοῦ
3601 1197 3993 1257 καταξιοῦεὒ-ιε

2435 1289 2791 1355 χαρίσματος,
2828 1288 2858 1355 ἦ
2889 1286 2948 1338 οὕ
2978 1305 2991 1351 ;

2516 1377 2712 1427 Ἀπόκ.
2736 1377 2859 1437 Τοῖς
2884 1376 3199 1435 ἐπισκόποις
3222 1376 3255 1441 ὴ
3278 1376 3404 1442 περὶ
3427 1374 3612 1425 τούτου
3642 1374 3871 1440 πρίνιιια
3900 1388 3991 1423 πε-

2434 1468 2778 1535 φιλοτίμηται
2819 1467 2969 1533 παρά
3012 1467 3109 1533 τῆς
3139 1465 3358 1533 χάριτος
3404 1464 3495 1515 τοῦ
3528 1463 3797 1527 παναγίου
3830 1463 3995 1513 Πνεῦ-

2435 1574 2620 1625 ματος.
2657 1557 2747 1608 Διὸ
2781 1557 2873 1608 καὶ
2907 1556 3044 1621 μετά
3074 1557 3295 1621 γνώμης
3324 1553 3501 1605 αὐτῶν
3534 1554 3924 1620 ίερωτιήτοντιι
3951 1552 3992 1596 ’.ξ

2431 1648 2685 1705 διάκονοι,
2734 1645 2828 1697 τοῦ
2874 1644 3275 1713 ἀρχιδιακόνου,
3318 1643 3393 1693 ὡς
3434 1643 3788 1706 συναδέλφου,
3838 1641 3993 1704 μὸν-ιι

2433 1734 2887 1802 παρουσιάζοντος
2905 1750 2920 1793 ς

2516 1826 2710 1893 Ἐρώτ.
2763 1825 2873 1896 μα’.
2927 1828 2992 1878 υἱ
3045 1826 3441 1893 διγαμὴσαντες
3496 1821 3689 1884 bimi,
3755 1812 3995 1871 3:115:5-

2434 1932 2526 1982 ρου
2578 1915 2777 1981 γάμου,
2839 1914 2957 1982 ἢτοι
3014 1914 3220 1981 τρίτου,
3289 1910 3529 1978 νομίμως
3575 1908 3998 1976 ἀξιωθήσοντοτ,

2429 2004 2586 2073 ἠοῦς

2514 2095 2706 2148 Ἀπόνι.
2742 2096 2799 2147 '0
2825 2094 2922 2162 μὶν
2946 2093 3173 2154 παλαιὸς
3194 2094 3355 2159 νόμος
3388 2094 3481 2145 καὶ
3503 2093 3683 2160 τρίτον
3716 2091 3899 2157 γάμον
3926 2089 3995 2148 ὡς

2430 2187 2651 2255 ἔννομον
2677 2186 3030 2252 ἑπεγίνωσκε,
3061 2185 3155 2236 καὶ
3180 2187 3304 2246 τοὺς
3330 2188 3391 2235 ὲκ
3406 2184 3593 2236 τούτου
3612 2183 3993 2249 γεννηθέντας.

2444 2278 2812 2345 κληρονόμους
2863 2278 2956 2328 καὶ
2983 2275 3329 2340 ὑπεξουσίους
3360 2270 3472 2344 εἶχε
3524 2273 3614 2326 τοῦ
3672 2273 3943 2337 φύσαντος
3980 2287 3990 2296 ·

2432 2370 2480 2420 οἱ
2512 2368 2569 2420 δὲ
2597 2368 2820 2430 κανόνες
2865 2369 2972 2419 τῶν
3010 2368 3169 2418 θείων
3221 2366 3316 2417 καὶ
3372 2364 3541 2429 ἁγίων
3590 2364 3873 2429 Πατέρων.
3935 2360 3990 2408 οὗ

2436 2460 2595 2526 μόνον
2621 2459 2710 2509 τὸν
2763 2458 2944 2525 τρίτον
2992 2458 3167 2523 γάμον
3216 2457 3313 2506 οὐκ
3352 2453 3825 2520 ἐπιγινώσκουσιν,
3861 2450 3993 2500 cii};

2433 2548 2634 2601 καὶτὸν
2669 2547 2917 2614 δεύτερον
2955 2546 3211 2612 ἐπιτιμίῳ
3240 2544 3442 2612 μετρίῳ
3469 2543 3992 2594 καθυποσάλλουςιν.

2437 2637 2556 2688 Ὀτι
2588 2636 2643 2687 δὲ
2682 2635 3052 2703 βασιλεύοντος
3086 2633 3179 2685 τοῦ
3209 2634 3447 2698 ἀοιδίμου
3502 2632 3760 2700 βασιλέως
3802 2634 3992 2694 acup-Im

2435 2728 2658 2786 Λέοντος
2684 2726 2791 2777 τοῦ
2826 2726 2998 2790 Σοφοῦ
3024 2725 3227 2791 σχίσμα
3275 2727 3463 2789 γέγονε
3497 2725 3636 2789 μέγα
3678 2724 3829 2787 παρά
3875 2726 3996 2779 τατς

2448 2816 2792 2883 Ἐκκλησίιις
2817 2815 2908 2865 τοῦ
2937 2816 3135 2881 κόσμου
3177 2813 3393 2873 παντὸς,
3434 2813 3517 2862 διὰ
3551 2813 3611 2862 τὸ
3641 2811 3728 2861 τὸν
3768 2811 3994 2876 βασιλέα

2438 2906 2512 2974 μὴ
2543 2906 2699 2972 μόνον
2745 2906 3101 2972 τριγαμῆσαι,
3132 2904 3265 2955 ἀλὶά
3289 2904 3379 2953 καὶ
3404 2902 3836 2969 τετραγαμῆσαι.
3870 2918 3993 2949 συν-

2443 2997 2653 3056 έλευσις
2699 2995 2950 3061 ἐτελέσθη
2990 2994 3235 3060 συνοδικὴ
3286 2994 3499 3044 πάντων
3547 2992 3728 3058 σχεδον
3759 2991 3867 3040 τιῖν
3901 2992 3994 3055 ἀρ-

787 3077 963 3127 ctione
992 3073 1116 3126 anni
1156 3072 1313 3125 6428.
1344 3073 1411 3126 Et
1446 3073 1774 3142 disputatum
1802 3082 1903 3136 est,
1929 3074 2021 3142 qui
2064 3074 2330 3141 nuptiales
2358 3098 2401 3158 ρ
2436 3101 2451 3151 )

2358 3098 2401 3158 C
2436 3085 2856 3151 χιερατευόντων
2904 3086 2959 3134 ὲν
3005 3086 3121 3144 ταῖς
3150 3083 3459 3149 ἁπανταχοῦ
3506 3081 3822 3145 διοικήσεσι,
3854 3096 3994 3132 κατι

787 3164 1025 3233 fugiendi
1065 3165 1170 3215 sint
1211 3172 1539 3227 contractus,
1575 3173 1627 3217 et
1661 3166 1750 3231 qui
1803 3164 2164 3233 permittendi,
2190 3165 2335 3216 velut

790 3255 1035 3321 legitimi,
1066 3254 1454 3321 imperantibus
1480 3254 1680 3323 inclyto
1711 3255 1950 3321 principe
1980 3252 2335 3306 Constantino
2363 3270 2368 3277 ’

790 3344 1321 3413 Porpliyrogcnueta.
1349 3351 1399 3395 et
1438 3344 1554 3409 ejus
1581 3358 1771 3395 socero
1811 3346 2028 3396 domino
2069 3343 2333 3395 Romano.

789 3431 915 3485 Post
934 3430 1126 3483 multas
1145 3429 1541 3492 altercationes,
1558 3439 1609 3481 et
1624 3443 1861 3483 exactam
1881 3432 2334 3499 disquisitionem.

788 3522 995 3574 decisio
1017 3532 1041 3559 ι
1084 3519 1337 3588 synodica
1360 3520 1631 3587 eleganter
1658 3522 1856 3586 scripta
1882 3528 1984 3579 est.
2018 3520 2335 3573 conﬁrmata

786 3611 949 3663 etiam
975 3609 1233 3677 principis
1254 3609 1407 3661 solita
1436 3610 1831 3675 subscriptione
1851 3626 1862 3661 :
1881 3618 2101 3675 quartas
2120 3610 2334 3677 quidem

790 3700 1003 3765 nuptias
1037 3698 1366 3766 respuendas
1397 3712 1538 3760 esse,
1568 3712 1665 3750 nec
1696 3698 2082 3765 permittendas
2112 3699 2338 3752 :tertias

788 3801 965 3842 autem
1014 3804 1157 3841 nunc
1211 3789 1599 3856 permittendas
1649 3803 1793 3852 esse,
1849 3805 1992 3843 nunc
2042 3805 2149 3843 non
2191 3804 2332 3844 esse.

789 3876 980 3929 [lt-ﬂuit
1003 3879 1140 3928 enim
1177 3875 1427 3940 binubos,
1451 3884 1503 3930 et
1533 3876 1694 3929 simul
1718 3878 1897 3937 orbos.
1928 3878 2017 3944 qui
2043 3878 2338 3946 quadrage-

785 3970 983 4018 t‘nnum
1041 3973 1252 4018 annum“
1297 3970 1533 4017 nondum
1578 3966 1958 4033 impleverunt,
2013 3968 2335 4019 contrahere

785 4058 947 4107 etiam
994 4056 1178 4107 tertias
1219 4054 1432 4122 nuptias
1474 4053 1537 4105 atl
1564 4054 1811 4106 orbitatis
1866 4053 2180 4115 remedium,
2232 4054 2332 4105 nisi

785 4145 925 4208 quod
946 4159 1038 4210 per
1060 4152 1228 4196 totum
1248 4142 1676 4210 quinquennium
1700 4154 1926 4195 censura
1958 4143 2333 4203 emendantur,

787 4249 852 4286 ne
891 4235 1101 4286 divinas
1125 4241 1403 4287 assumant
1431 4232 1906 4285 sanctititrationes.
1939 4231 2117 4284 Finito
2153 4241 2331 4284 autem

788 4322 1181 4391 quinquennio.
1214 4328 1294 4372 ter
1344 4320 1394 4371 in
1447 4333 1589 4371 anno
1626 4328 1926 4373 assumant.
1959 4318 2062 4370 Sed
2097 4326 2149 4370 ct
2179 4319 2335 4369 trice-

785 4414 976 4473 nariis,
1009 4410 1256 4476 quamvis
1289 4410 1487 4463 liberos
1520 4409 1863 4468 habentibus,
1898 4408 2041 4461 tertii
2068 4408 2325 4459 connubii
2354 4408 2406 4465 D

785 4508 1022 4569 potestas
1061 4500 1199 4550 facta
1242 4506 1350 4556 est.
1383 4508 1603 4565 prOpter
1630 4497 1811 4549 aetatis
1836 4496 2199 4549 inﬁrmitatem
2227 4514 2238 4549 :
2275 4506 2334 4549 ut

786 4597 839 4641 et
868 4589 918 4640 lii
947 4601 1038 4654 per
1056 4586 1467 4654 quadriennium
1494 4600 1615 4638 esse
1646 4600 1750 4636 non
1776 4586 2005 4637 debeant
2030 4584 2330 4637 divinarum

780 4675 1272 4729 sanctilicationum
1332 4673 1620 4741 participes
1648 4683 1824 4737 :‘quo
1878 4681 2117 4740 peracto,
2156 4681 2235 4725 ter
2277 4674 2331 4726 in

783 4781 926 4817 anno
947 4764 1126 4817 divina
1151 4762 1519 4830 participaturi
1550 4762 1656 4815 sint
1690 4769 2045 4814 sacramenta.
2068 4762 2136 4815 lis
2153 4773 2328 4815 autem

781 4853 872 4919 qui
927 4852 1401 4920 quadragesimum
1459 4864 1659 4902 annum
1713 4859 2062 4903 excesserunt
2094 4889 2110 4911 ,
2183 4851 2327 4903 nullo

780 4941 940 4994 modo
960 4942 1145 4993 tertias
1168 4954 1290 4993 esse
1307 4939 1675 4991 concedendas
1699 4938 1913 5005 nuptias
1940 4938 2108 4990 divini
2140 4934 2326 4992 Patres

777 5031 1000 5084 oraculo
1025 5031 1466 5100 pronuntiarunt.
1518 5029 1579 5081 Et
1617 5027 1729 5080 haec
1768 5028 1984 5094 quidem
2023 5029 2236 5083 unionis
2266 5046 2326 5083 ea

780 5119 980 5172 decisio
1027 5116 1235 5171 definit.
1276 5115 1539 5169 Caeterum
1589 5114 1828 5167 Ecclesia
1880 5114 2095 5167 tandem
2139 5126 2326 5170 nostra

775 5218 933 5263 :etate
956 5209 1095 5261 tertii
1129 5206 1455 5259 matrimonii
1491 5213 1821 5257 contractum
1852 5218 1957 5257 non
1990 5207 2252 5272 permisit.

2439 3172 2534 3241 τὴν
2567 3179 2612 3240 η’
2634 3173 2952 3238 ἐπινέμησιν
2981 3172 3071 3221 τοῦ
3100 3170 3276 3241 ,ςυκη’
3312 3172 3478 3231 ἔτους.
3514 3172 3621 3221 Καὶ
3655 3171 3992 3237 συνεζητηίθη

2439 3263 2566 3311 ποῖα
2612 3260 2822 3323 γαμικὰ
2845 3258 3264 3323 συναλλάγματα
3316 3258 3451 3307 εἰσιν
3490 3256 3850 3323 ἀποτρόπαια,
3900 3258 3995 3307 καὶ

2437 3352 2563 3399 ποῖα
2592 3350 2966 3415 συγχωρητέα,
3000 3352 3074 3406 ὼς
3125 3347 3319 3413 ἔννομα
3342 3360 3355 3374 °
3390 3345 3773 3414 βασιλευόντων
3798 3342 3893 3395 τοῦ
3935 3362 3993 3393 τε

2436 3439 2677 3505 ἀοιδίμου
2707 3438 2967 3505 βασιλέως
2991 3436 3397 3489 Κωνσταντίνου
3432 3436 3523 3487 τοῦ
3549 3435 3995 3503 Πορφυρογεννή-

2437 3542 2548 3587 του,
2605 3526 2697 3578 καὶ
2750 3524 2843 3577 τοῦ
2890 3523 3150 3592 πενθεροῦ
3211 3523 3374 3577 αὐτοῦ
3436 3522 3623 3593 κυρίου
3684 3522 3988 3588 Ῥωμανοῦ.

2436 3614 2589 3665 Μετὰ
2640 3612 2836 3673 πολλὰς
2862 3611 2989 3677 γοῦν
3042 3611 3346 3677 ἀντιλογίας
3410 3610 3501 3660 καὶ
3550 3610 3688 3676 μετά
3742 3608 3991 3669 ιξέτασιν

2435 3703 2654 3772 ἀκριϐῆ,
2697 3702 3137 3771 ὲκαλλιγραφήθη
3185 3702 3351 3769 τόμος
3387 3699 3679 3759 συνοδικδς,
3703 3715 3990 3765 κατησφα-

2438 3795 2687 3862 λισμένος
2703 3799 2793 3845 καὶ
2816 3796 2883 3862 τῇ
2909 3792 3003 3844 τοῦ
3032 3792 3290 3860 βασιλέως
3320 3789 3534 3859 συνήθει
3563 3790 3873 3856 ὑπογραφῇ,
3903 3789 3994 3836 τὸν

2440 3884 2537 3949 μὲν
2569 3883 2823 3950 τέταρτον
2850 3883 3044 3949 γάμον.
3074 3882 3415 3933 ἀπόπτυστον
3443 3876 3578 3930 εἶναι
3611 3880 3704 3929 καὶ
3734 3877 3992 3943 ἀσυγχὼο

2439 3988 2600 4038 ρητον
2624 3987 2638 4000 ·
2674 3972 2761 4021 τὸν
2786 3971 2840 4021 δὲ
2884 3971 3081 4038 τρίτον,
3132 3972 3205 4035 πῆ
3264 3969 3360 4035 μὲν
3415 3966 3792 4033 συγχωρητέον
3829 3960 3989 4024 εἶναι,

2437 4059 2514 4126 πῆ
2540 4058 2596 4109 δὲ
2615 4058 3015 4127 ἀσυγχώρητον.
3041 4056 3337 4123 Διορίζεται
3363 4056 3489 4121 γὰρ,
3510 4054 3630 4113 τοὺς
3657 4054 3822 4117 μήπω
3853 4052 3990 4117 πλη-

2438 4151 2713 4220 ρώσαντας
2740 4152 2799 4203 τὸ
2817 4150 3244 4216 τεσσαρακοστὸν
3274 4149 3409 4211 ἔτος,
3440 4147 3867 4214 διγαμήσαντας.
3899 4148 3991 4196 καὶ

2436 4242 2665 4302 ἄπαιδας
2697 4240 2871 4305 ὄντας,
2908 4239 3284 4293 συναλλάττειν
3320 4240 3410 4288 καὶ
3443 4238 3623 4305 τρίτον
3663 4237 3864 4302 γάμον,
3904 4236 3989 4285 διὰ

2434 4333 2531 4399 τὴν
2556 4331 2853 4399 θεραπείαν
2881 4330 2979 4396 τῆς
2998 4329 3273 4390 ἀπαιδίας.
3332 4327 3475 4394 Πλὴν
3501 4326 3990 4393 ὲπιτετιμημένους

2432 4418 2657 4472 εἷναιδι⁹
2698 4419 2825 4487 ὅλης
2870 4420 3213 4480 πενταετίας,
3251 4416 3395 4467 ὥστε
3443 4416 3515 4483 μὴ
3550 4413 3989 4482 μεταλαμϐάνειν

2435 4508 2541 4559 τῶν
2582 4508 2741 4559 θείων
2788 4507 3143 4574 ἀγιασμάτων
3175 4523 3189 4536 ο
3224 4505 3359 4569 μετά
3402 4505 3458 4556 δὲ
3502 4502 3598 4570 τὴν
3644 4503 3987 4561 πενταετίαν.

2434 4599 2553 4666 τρὶς
2602 4597 2692 4649 τοῦ
2736 4595 2886 4657 ἔτους
2936 4594 3367 4664 μεταλαμϐάνειν
3420 4592 3630 4651 αὐτούς.
3684 4591 3845 4641 Ἀλλά
3901 4594 3990 4641 ια’.

2434 4684 2559 4744 τοὺς
2590 4683 3026 4750 τριακονταετεῖς
3054 4680 3233 4741 ὄντας,
3281 4680 3381 4731 κᾶν
3408 4678 3598 4737 παῖδας
3627 4676 3847 4745 ἔχωσιν,
3881 4678 3989 4740 ἑξε-

2434 4771 2708 4839 χώρησαν,
2776 4768 2863 4821 διὰ
2918 4769 3016 4834 τὴν
3077 4769 3140 4819 lx
3164 4769 3259 4834 τῆς
3309 4767 3526 4834 ἡλικίας
3556 4766 3866 4827 ἀσθένειαν,
3902 4776 3989 4816 καὶ

2435 4860 2616 4929 τρίτον
2651 4859 2826 4925 γάμον
2854 4874 2865 4886 ·
2907 4858 3218 4925 ὀφείλοντας
3267 4862 3360 4909 καὶ
3394 4856 3614 4916 τούτους
3646 4857 3736 4906 ἐπὶ
3767 4872 3989 4918 τετραε-

2432 4949 2552 4998 τίαν
2572 4947 2865 5014 ἀμετόχους
2888 4940 3025 4995 εἶναι
3058 4945 3163 4996 τῶν
3185 4945 3343 4996 θείων
3382 4944 3755 5011 ἀγιασμάτων,
3798 4943 3875 5003 ὡς
3902 4944 3990 4993 lx-

2432 5050 2553 5086 τοτε
2590 5035 2683 5085 καὶ
2710 5034 2889 5085 αὐτῶν
2922 5033 3219 5101 μελλόντων
3245 5034 3363 5099 τρὶς
3396 5034 3488 5083 τοῦ
3517 5034 3666 5093 ἔτους
3697 5032 3809 5082 τῶν
3832 5032 3988 5082 θείων

2438 5123 2870 5193 μεταλαμϐάνειν
2891 5122 3219 5189 μυστηρίων.
3273 5122 3396 5183 Τοῖς
3432 5121 3489 5172 δὲ
3521 5121 3609 5172 τὸν
3652 5136 3988 5187 τεσσαρακο-

2437 5212 2561 5262 στδν
2592 5210 2778 5277 χρόνον
2835 5207 3258 5276 ὑπερανασᾶσιν,
3293 5208 3349 5270 ἐξ
3403 5207 3614 5266 οὐδενὸς
3642 5208 3849 5274 τρόπον
3902 5208 3987 5257 τὸν

776 5301 954 5368 τρίτον
995 5302 1167 5367 γάμον
1216 5296 1591 5367 συγχωρητέον
1641 5295 1775 5349 εἶναι
1820 5299 1869 5347 οί
1903 5298 2035 5350 θεῖοι
2082 5300 2321 5371 Πατέρες
2360 5302 2763 5370 ἐθεσπιῴδησαν
2799 5314 2812 5326 ’
2854 5302 3004 5353 καὶ-ὁ
3037 5299 3132 5367 μὲν
3170 5300 3331 5366 τόμος
3368 5292 3520 5359 οὗτος
3579 5298 3679 5364 τῆς
3746 5297 3986 5359 ἑνὼσεως

782 5388 945 5440 ταῦτα
976 5388 1265 5459 διορίζεται
1290 5403 1304 5418 ⁸
1350 5388 1383 5455 η
1425 5386 1711 5451 Ἐκκλησία
1736 5387 1789 5438 δὲ
1820 5386 1918 5438 οὐκ
1948 5390 2209 5457 ἐπέτρεψε
2234 5391 2369 5453 τέως
2443 5394 2535 5443 ἐπὶ
2599 5392 2708 5443 τῶν
2764 5392 3042 5460 ἡμετέρων
3089 5388 3294 5457 χρόνων
3334 5388 3515 5455 τρίτου
3564 5386 3744 5454 γάμου
3797 5387 3983 5439 συνάλ.

774 5494 977 5552 Λαγμα.

2098 5569 2328 5625 ΥΑΒΙΑΞ
2366 5571 2763 5627 LECTIONES.

853 5676 877 5703 ⁸
892 5665 1147 5733 confecta.
1209 5678 1232 5705 ι
1274 5676 1459 5720 tomus.
