4214 6450
225 431 347 497 1ίιίὶί

1067 423 1447 485 RESPUNSA
1487 422 1586 480 AD
1624 418 2348 482 INTERROGATIONES
2386 420 2647 482 MARCI.

3289 422 3311 483 1
3325 420 3430 481 002

227 540 577 615 ἀδὸηςαγὲαξ.
629 550 781 601 Κατὰ
830 550 883 601 εδ
919 552 1014 618 τὴν
1051 552 1317 620 ἑϐδομάδα
1352 552 1446 618 τῆς
1478 551 1772 620 διακινησίο
1805 552 1891 609 At

1758 579 1772 591 -
1805 552 2036 609 Aviem.
2072 550 2411 603 "ebdomade
2461 559 2636 602 autem
2689 548 3069 613 antipasmalis
3122 546 3237 597 sine
3282 550 3422 613 pori-

230 656 329 705 μου
366 641 412 671 ³⁸
439 639 730 701 ἀκινδύνως
763 642 1239 709 κρεωψαγήσομεν,
1293 643 1430 694 κατά
1468 641 1565 707 τὴν
1602 640 1771 707 αὐτῆς

226 729 475 795 τετράδα,
498 730 591 781 καὶ
630 731 996 798 παρασκευήν.
1044 731 1129 791 Ὠς
1183 734 1280 798 μία
1340 730 1444 798 γὰρ
1505 729 1772 796 λογίζεται

230 814 560 884 κυριώνυμος
590 819 649 869 τδ
682 819 1021 886 ἐπταήμερον
1048 818 1207 869 τοῦτο
1252 819 1542 887 διάστημα.

311 906 506 970 Ἑρώτ.
542 914 634 970 νγ’.
694 908 754 957 Δί
806 908 1048 974 νηστεϊαι
1100 908 1194 973 τῆς
1233 908 1423 976 ἑορτῆς
1457 906 1565 960 τῶν
1600 907 1772 974 ἀγίων

235 993 575 1057 ἀποστόλων,
623 996 715 1045 καὶ
751 995 847 1061 τῆς
892 995 1122 1059 Χριστοῦ
1164 998 1504 1064 γεννήσεως,
1551 997 1641 1048 καὶ
1673 996 1772 1063 τῆς

233 1086 537 1149 κοιμήσεως
591 1084 687 1148 τῆς
742 1083 897 1149 ἁγίας
936 1084 1217 1148 Θεοτόκου,
1264 1085 1357 1138 καὶ
1390 1085 1477 1136 τοῦ
1502 1084 1770 1153 Σωτῆρος,

232 1172 587 1238 ἀπαραίτητοί
618 1174 774 1233 εἰσιν,
798 1173 829 1237 ἦ
873 1174 1244 1242 συγχωρητὲαι
1269 1174 1364 1225 καὶ
1392 1174 1706 1241 ἀδιάφοροι;

321 1259 511 1310 Ἀπόκ.
601 1258 663 1309 Ἡ
731 1259 825 1326 μὲν
905 1262 962 1311 ὲν
1024 1260 1577 1312 Κωνσταντινουπόλει
1645 1260 1774 1326 ἁγία

237 1344 445 1404 σύνοδος
502 1345 593 1394 ἐπὶ
655 1345 759 1395 τῶν
797 1345 1017 1412 ἡμερῶν
1075 1345 1168 1396 τοῦ
1221 1346 1524 1409 ἀγιωτάτου
1567 1346 1772 1397 ἑκείνου

236 1433 729 1499 πατριάρχου.......
762 1433 1089 1500 ἐρωτηθεῖσα
1112 1434 1159 1483 εί
1182 1433 1285 1500 χρὴ
1311 1434 1407 1500 τὴν
1454 1434 1511 1483 ὲν
1546 1433 1623 1501 τῷ
1664 1434 1771 1485 Δύ-

235 1520 455 1589 γούστῳν
474 1522 720 1587 νηστείαν
759 1521 1044 1583 ἐπιτελεῖν,
1102 1522 1472 1590 ἀπελογήσατο
1527 1522 1601 1584 ὡς
1635 1524 1771 1592 αῦτη

236 1612 269 1677 ἡ
297 1610 517 1677 νηστεία
564 1610 835 1678 μετετέθη.
890 1610 975 1663 διὰ
1024 1610 1083 1661 τὸ
1133 1613 1205 1679 μὴ
1244 1612 1586 1679 περιπίπτειν
1647 1615 1769 1673 ταῖς

236 1700 374 1751 κατά
399 1700 489 1750 τὸν
513 1700 696 1767 καιρὸν
719 1698 903 1750 τοῦτον
949 1699 1256 1766 γινομέναις
1286 1700 1523 1761 ὲθνικαῖς
1553 1700 1772 1766 νηστεί-

237 1805 343 1849 αις.
376 1790 520 1857 Πλὴν
537 1791 629 1841 καὶ
656 1789 733 1839 ἔτι
769 1789 951 1839 πολλοὶ
982 1788 1088 1840 τῶν
1132 1788 1429 1856 ἀνθρώπων
1452 1789 1650 1855 ταύτην
1676 1788 1772 1856 τὴν

237 1848 489 1941 νηστείαν
535 1876 898 1945 νηστεύουσιν.
935 1878 1123 1942 Ἦμείς
1168 1848 1249 1938 δὲ,
1301 1848 1664 1943 σκοπήσαντες
1708 1848 1776 1928 τὰ
1806 1848 1846 1903 Β

238 1967 363 2034 περὶ
388 1967 598 2025 τούτου,
628 1965 1056 2031 ἀπολογούμεθα,
1102 1966 1182 2016 ὅτι
1226 1966 1283 2029 ἐξ
1338 1965 1583 2033 ἀνάγκης
1637 1980 1769 2033 προ-

235 2051 488 2121 ηγοῦνται
522 2055 757 2119 νηστεῖαι
787 2052 889 2118 πρὸ
904 2051 1008 2103 τῶν
1030 2054 1302 2119 τεσσάρων
1317 2053 1514 2106 τούτων
1539 2053 1734 2121 ἑορτῶν
1756 2067 1772 2083 ⁸

241 2142 406 2207 ἤγουν
439 2142 546 2211 πρὸ
565 2143 658 2209 τῆς
689 2143 877 2210 ἑορτῆς
908 2141 1015 2193 τῶν
1057 2142 1253 2207 ’Δγίων
1283 2142 1640 2205 ’Δποστόλων,
1678 2142 1776 2209 τῆς

238 2228 539 2297 Γεννήσεως
586 2233 678 2281 τοῦ
721 2229 974 2296 Χριστοῦ,
1027 2232 1123 2293 τῆς
1154 2230 1632 2298 Μεταμορφώσεως
1681 2228 1772 2281 τοῦ

238 2318 469 2384 Χριστοῦ
500 2320 591 2370 καὶ
634 2318 766 2370 Θεοῦ
811 2320 986 2386 ἡμῶν,
1043 2320 1135 2369 καὶ
1178 2318 1274 2384 τῆς
1305 2318 1627 2385 Κοιμήσεως
1674 2318 1771 2385 τῆς

238 2408 394 2471 ἁγίας
439 2408 719 2459 Θεοτόκου’
767 2408 902 2475 πλὴν
935 2409 1288 2475 ἑπταήμεροι.
1325 2408 1437 2458 Μία
1476 2407 1584 2475 γάρ
1647 2424 1772 2459 τεσ-

239 2492 704 2562 σαρακονθήμερος
733 2494 950 2561 νηστεία
983 2495 1149 2557 ἐστὶν,
1185 2493 1326 2562 ἡτοῦ
1376 2493 1533 2559 ἁγίου
1568 2495 1658 2546 καὶ
1682 2511 1774 2563 με-

237 2582 399 2645 γάλου
452 2582 657 2649 Πάσχα.
698 2581 757 2632 Εἰ
793 2582 847 2632 δέ
873 2598 952 2641 τις
987 2582 1079 2633 καὶ
1124 2583 1279 2633 πλέον
1318 2582 1425 2633 τῶν
1459 2583 1596 2637 ἑπτὰ
1637 2584 1775 2651 ἠμί.

241 2669 346 2735 ρῶν
358 2671 495 2721 κατὰ
515 2672 608 2735 τὴν
627 2670 816 2738 ἑορτὴν
834 2670 941 2721 τῶν
966 2670 1158 2736 Ἀγίων
1180 2670 1237 2722 ’Δ
1249 2670 1515 2722 ποστόλων
1531 2672 1621 2722 καὶ
1637 2671 1775 2723 κατά

234 2758 333 2822 τὴν
378 2759 565 2826 ἑορτὴν
595 2760 690 2825 τῆς
736 2760 1038 2824 Γεννήσεως
1083 2758 1175 2811 τοῦ
1219 2759 1452 2825 Χριστοῦ
1506 2759 1771 2827 νηστεύει,

233 2847 266 2913 ἦ
296 2848 496 2907 Ξκοντὶ,
523 2847 553 2914 ἢ
579 2848 681 2898 ἀπὸ
722 2847 1040 2915 κτητορικοῦ
1069 2846 1295 2898 τυπικοῦ
1352 2846 1769 2914 συνωθούμενος,

233 2936 295 2987 ού
317 2938 853 3003 καταισχυνθήσεται.
891 2938 1073 2999 Ὅπως
1096 2937 1150 2987 δὲ
1177 2938 1267 2988 καὶ
1290 2936 1427 2987 διατί
1487 2936 1590 3004 πρὸ
1645 2937 1773 2989 ἑκά-

236 3042 369 3095 στης
428 3027 628 3078 τούτων
673 3027 781 3078 τῶν
825 3027 1099 3095 τεσσάρων
1167 3026 1367 3093 ἑορτῶν
1428 3026 1772 3094 ἑπταὴμερον

1878 642 1999 695 culo
2030 641 2284 693 carnibus
2339 653 2621 693 vescemur
2663 639 2716 689 in
2768 636 2887 702 cjus
2950 634 3205 687 Mercurii
3254 637 3339 688 dic
3373 646 3425 687 ιι

1876 731 2116 785 Veneris.
2156 729 2286 785 Nam
2317 743 2414 798 pro
2453 742 2559 780 uno
2591 726 2679 779 die
2734 724 3015 777 Bominico
3048 724 3284 777 habetur
3315 724 3417 774 hoc

1873 828 2074 888 septem
2103 819 2308 872 dierum
2338 817 2701 871 intervallum.

1942 909 2137 963 lnterr.
2157 909 2243 962 53.
2275 906 2485 975 Jejunia
2512 908 2618 960 diei
2646 906 3104 961 festiSanctorum
3128 906 3417 973 Apostolo-

1875 1012 2017 1060 rum,
2052 1006 2105 1050 et
2142 994 2349 1049 Natalis
2370 994 2574 1049 Christi
2597 1034 2610 1057 ,
2652 1002 2704 1047 et
2738 994 3170 1048 Obdormitionis
3222 1004 3421 1045 sancta:

1880 1088 2126 1156 Deipam
2150 1095 2203 1139 et
2228 1084 2557 1148 Servatoris,
2608 1084 2998 1138 inexcusabilia
3031 1094 3178 1145 sunl,
3204 1099 3269 1135 an
3306 1097 3423 1150 per-

1873 1176 2133 1229 mittenda
2158 1184 2210 1228 et
2234 1173 2636 1227 indiﬂerentia?

1942 1264 2095 1331 Resp.
2117 1263 2712 1329 Constantinopolitana
2735 1260 2952 1329 quidem
2972 1270 3156 1311 sancta
3185 1259 3417 1327 synodus

1874 1354 1929 1407 in
1956 1354 2147 1408 diebus
2175 1351 2504 1407 sanctissimi
2543 1352 2688 1405 illius
2737 1348 3147 1415 patriarcha...
3187 1349 3418 1399 inlcrrn-

1874 1452 2016 1511 gata,
2044 1457 2109 1495 an
2141 1448 2386 1510 oporteat
2436 1441 2663 1508 Augusti
2700 1440 2903 1491 mensis
2936 1438 3201 1504 jejunium
3253 1436 3414 1499 perii-

1873 1530 2044 1585 cere1
2083 1546 2096 1581 :
2136 1530 2435 1597 respondit,
2469 1530 2519 1581 id
2561 1529 2825 1596 jejunium
2862 1535 3123 1579 mutatum
3166 1540 3303 1581 esse.
3352 1540 3417 1573 nn

1872 1633 1993 1672 cum
2028 1618 2253 1686 paganis
2308 1617 2528 1684 jejuniis
2582 1631 2699 1681 qua:
2740 1614 2924 1667 eodem
2983 1623 3223 1679 tempore
3261 1613 3414 1669 ﬁunt,

1873 1714 2181 1759 concurrat.
2212 1705 2363 1758 Multi
2385 1713 2561 1757 tamen
2593 1704 2835 1756 homines
2876 1702 2926 1753 id
2955 1702 3217 1769 je-junium
3238 1699 3416 1750 adhuc

1873 1797 2185 1849 observant.
2223 1794 2328 1847 Nos
2361 1803 2538 1847 autem
2570 1807 2690 1845 cum
2731 1806 2812 1851 ea,
2843 1804 2960 1857 qua:
3000 1789 3063 1840 ad
3116 1788 3213 1839 hoc
3248 1788 3413 1853 perti-

1874 1890 2022 1944 nent,
2050 1882 2574 1935 consideraverimus
2597 1919 2611 1941 ,
2641 1876 3197 1943 defcndimusjejnnia
3227 1891 3415 1928 ncces-

1875 1974 2019 2027 sario
2040 1974 2341 2040 praecedere
2367 1971 2480 2024 hac
2496 1978 2725 2037 quatuor
2752 1967 2885 2020 festa
2910 1984 2924 2017 :
2954 1968 3203 2018 nimirum
3222 1965 3415 2018 festum

1875 2063 2191 2116 Sanctorum
2238 2060 2614 2127 Apostolorum
2640 2097 2654 2120 ,
2694 2055 2897 2108 Natalis
2938 2056 3133 2107 Christi
3158 2092 3172 2112 .
3213 2052 3414 2105 Trans-

1876 2151 2209 2204 formationis
2232 2149 2431 2204 Christi
2459 2156 2514 2203 et
2549 2148 2636 2200 Dei
2669 2148 2858 2207 nostri,
2890 2154 2943 2199 et
2976 2145 3413 2197 ()hdormitinnis

1874 2250 2073 2294 sanctae
2105 2240 2363 2306 Deiparaa,
2388 2239 2478 2291 sed
2511 2247 2717 2290 tantum
2742 2243 2944 2301 septem
2982 2235 3211 2287 dierum.
3242 2233 3412 2287 Unum

1872 2331 2012 2384 enim
2041 2328 2493 2397 estquadraginta
2514 2327 2723 2378 dierum
2751 2326 3011 2393 jejunium
3030 2323 3200 2375 sancti
3220 2331 3271 2373 et
3300 2336 3413 2373 ma-

1873 2420 1959 2488 gni
1988 2419 2295 2472 Paschalis.
2333 2417 2487 2482 Quod
2517 2416 2560 2469 si
2596 2415 2719 2483 quis
2747 2416 3025 2483 plusquam
3064 2422 3266 2480 septem
3300 2412 3409 2461 ilio.-

1873 2508 1974 2561 bus
2001 2507 2143 2559 circa
2177 2506 2371 2560 festum
2401 2506 2717 2559 Sanctorum
2739 2501 3118 2572 Apostolorum
3153 2500 3411 2553 ctfcstum

1874 2597 2074 2648 natalis
2102 2596 2301 2648 Christi
2331 2596 2558 2661 jejunet,
2596 2609 2687 2647 seu
2723 2602 2938 2661 sponte,
2976 2607 3070 2645 seu
3102 2607 3130 2642 a
3165 2590 3412 2642 fundato-

1874 2686 1952 2738 ria
1984 2686 2163 2752 regula
2194 2693 2233 2721 ιη
2260 2685 2551 2751 impulsus,
2584 2699 2689 2736 non
2730 2682 3142 2749 vituperabitnr.
3176 2680 3412 2743 Quomo-

1872 2774 1941 2825 do
1958 2782 2157 2830 autem,
2194 2781 2245 2825 et
2264 2781 2479 2839 propter
2498 2772 2624 2837 quid
2644 2779 2765 2823 ante
2784 2769 3203 2836 unumquodque
3218 2767 3412 2819 horum

1872 2869 2107 2927 quatuor
2144 2859 2405 2912 festorum
2459 2853 2709 2925 jejunare
2737 2858 3053 2918 debeamus,
3086 2856 3416 2908 declaratum

1872 2950 1927 3003 in
1978 2948 2223 3019 synodali
2280 2947 2579 3010 decisione,
2608 2947 2674 3000 de
2726 2961 2792 3000 eo
2844 2961 2875 2998 a
2930 2946 3085 2998 nobis
3120 2944 3283 2997 facta.
3314 2944 3416 3007 Qui

1872 3038 2034 3107 igitur
2055 3054 2158 3092 non
2184 3038 2429 3106 jejunant
2460 3050 2583 3090 ante
2604 3035 3029 3104 unumquodque
3062 3035 3252 3087 horum
3280 3048 3419 3101 qua-

232 3115 481 3183 νηστείαν
508 3114 565 3179 ὲξ
592 3115 832 3181 ἀνάγκης
874 3113 1149 3183 νηστεύειν
1196 3114 1495 3180 ὀφείλομεν,
1533 3113 1767 3184 ἐδηλώθη
1795 3135 1838 3193 c
1872 3136 1890 3180 ι

1753 3131 1767 3184 i
1795 3135 1838 3193 α
1872 3136 1994 3180 tuor
2025 3126 2282 3180 festorum
2314 3126 2433 3180 sine
2453 3125 2558 3177 ulla
2587 3124 2809 3177 omnino
2832 3122 3186 3175 excusatione
3210 3120 3417 3186 magnis

234 3208 293 3258 tv
324 3206 399 3273 τῷ
424 3206 663 3271 γεγονότι
701 3206 828 3271 παρ’
864 3204 1018 3272 ήμῶν
1069 3204 1224 3272 χάριν
1281 3203 1467 3254 τούτου
1511 3203 1767 3273 συνοδικῷ

1876 3210 2305 3265 emendabuntur
2337 3212 2536 3280 poenis.

236 3297 404 3361 τόμιρι
434 3294 499 3346 Οι
532 3294 658 3358 γοῦν
693 3294 766 3361 μὴ
796 3292 1141 3362 νηστεύοντες
1174 3294 1279 3362 πρὸ
1315 3293 1548 3361 ἑκάστης
1569 3294 1769 3348 τούτων
1805 3298 1912 3352 τῶν
1938 3302 2213 3370 τεσσάρων
2235 3302 2434 3371 ἑορτῶν
2473 3309 2610 3355 κατά
2677 3302 2735 3352 τὸ
2806 3300 2978 3368 πάντη
3032 3298 3416 3367 ἀπαραίτητον,

236 3386 300 3436 δι’
331 3385 617 3451 ἐπιτιμίων
646 3386 890 3452 μεγάλων
920 3386 1385 3455 διορθωθήσονται.

314 3476 509 3541 Ἐρὼτ.
542 3476 633 3526 νδ’.
669 3478 731 3527 Οί
774 3476 911 3527 κατὰ
933 3478 1131 3536 ταύτας
1179 3478 1273 3537 τὰς
1300 3477 1547 3544 νηστείας
1573 3479 1776 3548 ἐγκρα-

237 3561 543 3628 τευόμενοι,
602 3562 735 3628 πρὸς
799 3562 853 3613 δὲ
918 3562 1011 3613 καὶ
1065 3564 1112 3613 oi
1173 3564 1313 3614 κατὰ
1368 3564 1466 3624 τὰς
1517 3567 1775 3632 τετράδας

239 3650 330 3697 καὶ
376 3648 725 3714 παρασκευὰς
789 3648 1237 3715 ξηροφαγοῦντες,
1306 3650 1774 3719 ὲκχωρηθήσονται

233 3737 319 3788 διὰ
344 3737 599 3804 δευτέρας
627 3738 903 3805 τραπέζης
934 3739 1262 3806 θεραπεῦσαι
1322 3740 1418 3808 τὴν
1462 3740 1555 3792 τοῦ
1589 3740 1770 3810 σώμα-

232 3843 321 3886 τος
340 3827 565 3890 ἔνδεια),
608 3826 637 3894 ἦ
682 3826 785 3891 ob;

315 3911 513 3963 ’Arzdx.
534 3910 749 3978 κυρίως
768 3913 800 3979 ὴ
822 3913 1131 3980 ιγκράτεια,
1149 3914 1368 3983 νηστεία
1387 3913 1530 3966 ἐστίν
1551 3930 1564 3943 '
1582 3918 1662 3969 ὅτι
1679 3917 1772 3969 καὶ

236 3997 581 4061 παθοκτόνος,
635 4002 732 4051 οὐκ
775 4002 1214 4069 ἀνθρωποκτόνος
1253 4004 1517 4055 καλεῖται.
1550 4005 1611 4055 Ei
1642 4004 1772 4071 γοῦν

231 4088 282 4139 oi
335 4088 812 4158 ἐγκρατευόμενοι,
864 4090 953 4142 διὰ
982 4089 1238 4143 σύστασιν
1282 4091 1373 4143 τοῦ
1405 4092 1648 4162 σώματος
1682 4094 1775 4146 καὶ

1941 3477 2137 3532 Interr.
2168 3478 2255 3531 54.
2307 3476 2408 3541 Qui
2440 3478 2524 3531 his
2567 3475 2788 3543 jejuniis
2838 3474 3177 3527 continenter
3225 3481 3407 3538 agunt.

1872 3566 2052 3617 adhazc
2082 3574 2130 3617 et
2154 3565 2345 3618 diebus
2379 3564 2625 3616 Mercurii
2660 3571 2711 3614 et
2734 3561 2955 3613 Veneris
2985 3560 3152 3612 aridis
3184 3573 3404 3611 vescun-

1872 3662 1980 3715 tur,
2008 3654 2253 3705 sinentur
2282 3668 2377 3720 per
2410 3652 2786 3706 secundariam
2821 3665 3057 3702 mensam
3078 3662 3266 3702 curare
3288 3661 3405 3701 cor-

1876 3740 2022 3809 poris
2053 3740 2426 3810 indigentiam,
2464 3739 2675 3793 annon?

1951 3912 2103 3981 Resp.
2143 3912 2365 3981 Proprie
2411 3913 2769 3975 continentia,
2827 3910 3093 3979 jejunium
3131 3917 3247 3975 est;
3288 3908 3412 3976 quia

1882 4010 1936 4057 et
1971 4002 2290 4066 aﬂ‘ecticida,
2328 4018 2432 4055 non
2465 4003 2729 4057 homicida
2773 4010 3011 4054 vocatur.
3045 4000 3099 4051 Si
3143 4015 3290 4064 ergo,
3321 3997 3412 4064 qui

1881 4093 2224 4146 continenter
2269 4093 2496 4155 vivunt,
2551 4092 2616 4145 ad
2674 4092 2919 4158 corporis
2970 4089 3408 4144 sustentationem

232 4177 487 4244 δευτέρας
548 4178 823 4244 τραπέζης
874 4180 1153 4245 δεηθῶσιν,
1207 4180 1267 4230 οὐ
1309 4182 1777 4249 προκριματισθή-
1881 4196 1896 4234 ε

1750 4208 1777 4221 -
1881 4180 2202 4234 secundaria
2268 4194 2453 4233 mensa
2515 4180 2826 4245 indigeant,
2880 4174 3246 4243 praajudicium
3306 4184 3412 4223 non

234 4281 436 4317 σονται.
495 4266 715 4326 Πάντως
767 4266 872 4335 γὰρ
907 4269 997 4319 καὶ
1021 4268 1171 4319 αὐτοὶ
1209 4268 1305 4335 τὴν
1352 4269 1646 4337 ὁλοήμερον
1678 4270 1775 4321 οὐκ
1807 4327 1843 4337 _
1882 4283 1898 4337 ι

1746 4287 1775 4321 κ
1807 4327 1843 4337 _
1882 4270 2171 4337 patientur.
2201 4267 2332 4319 Nam
2367 4282 2466 4320 nec
2491 4267 2545 4319 hi
2582 4275 2691 4319 tota
2717 4266 2800 4318 die
2835 4264 3224 4318 continentiam
3272 4258 3410 4310 infa-

229 4353 587 4419 ἀτιμάσουσιν
641 4353 982 4418 ἐγκράτειαν,
1021 4354 1106 4405 διὰ
1141 4354 1425 4422 ἑσπερινῆς
1489 4355 1773 4423 ἀκρασίας.

231 4440 399 4492 Τοῦτο
425 4442 481 4492 δι
516 4444 858 4509 ποιήσαντες.
892 4443 1393 4511 ὲπιτιμηθήσονται.

313 4531 507 4595 Ἐρώτ.
546 4537 636 4582 νε’.
698 4532 853 4583 Κατὰ
898 4532 995 4601 τὴν
1053 4532 1369 4601 παραμονὴν
1412 4534 1507 4601 τῆς
1562 4536 1625 4585 ἐκ
1685 4551 1774 4585 νε-

231 4621 378 4690 κρῶν
412 4622 680 4691 ιγέρσεως
715 4622 808 4673 τοῦ
838 4623 1047 4674 δικαίου
1083 4623 1349 4691 Λαζάρου,
1396 4627 1491 4676 καὶ
1518 4625 1653 4676 κατά
1676 4626 1773 4693 τὴν

230 4711 423 4781 ἑορτὴν
449 4710 553 4763 τῶν
602 4712 778 4777 Αγίων
800 4713 1235 4779 Τεσσαράκοντα,
1258 4713 1545 4773 ἀκινδύνως
1565 4714 1773 4765 τελείαν

232 4800 541 4868 ἱερουργίαν
597 4801 935 4869 ίερουργήσει
976 4817 1086 4863 τις,
1139 4802 1171 4869 ἢ
1222 4800 1315 4865 ob;
1360 4800 1630 4861 Ὡσαύτως
1680 4802 1774 4852 καὶ

229 4889 369 4939 κατά
392 4890 490 4955 τὴν
529 4889 653 4957 ὃλην
684 4891 843 4955 ἁγίαν
871 4891 1319 4957 Τεσσαρακοστὴν
1363 4890 1536 4952 ἔξεστι
1569 4890 1773 4955 βαπτί-

228 4976 362 5038 ζειν,
421 4978 452 5045 ἢ
510 4979 801 5045 ίερολογίας
856 4972 1045 5047 γάμων
1098 4980 1193 5031 καὶ
1241 4980 1537 5049 μνηστειῶν
1579 4982 1769 5043 ποιεῐν,

229 5065 385 5132 ﬁcii;

300 5154 491 5208 ’Δπάεα
527 5154 585 5209 ’0
607 5154 680 5223 νβ’
695 5158 869 5208 κανὼν
882 5158 975 5225 τῆς
991 5158 1045 5210 tv
1065 5155 1140 5225 τῷ
1154 5154 1401 5224 Τρούλλῳ
1424 5153 1516 5205 τοῦ
1538 5154 1768 5223 μεγάλου

1883 4358 2105 4409 mabunt
2141 4371 2235 4425 per
2268 4356 2715 4410 incontinentiam
2768 4364 3085 4408 nocturnam
3111 4360 3160 4403 ι’.
3190 4350 3244 4402 Id
3273 4346 3415 4401 cnim

1882 4445 1925 4499 si
1971 4443 2215 4506 fecerint,
2244 4444 2662 4497 coercebuntur.

1950 4532 2144 4585 Interr.
2214 4532 2301 4586 55.
2364 4533 2421 4585 In
2474 4532 2879 4600 exspectatione
2931 4525 3345 4584 resurrectionis
3388 4538 3417 4573 a

1882 4622 2262 4689 mortuisjusti
2300 4621 2510 4684 Lazari,
2551 4631 2604 4675 et
2648 4624 2698 4673 in
2743 4621 2876 4674 festo
2918 4619 3236 4671 Sanctorum
3272 4614 3418 4676 Qua-

1882 4712 2148 4777 draginta,
2179 4712 2293 4763 sine
2323 4713 2565 4779 periculo
2594 4711 2918 4762 sacriﬁcium
2954 4706 3221 4775 quispiam
3247 4701 3421 4771 perfe-

1880 4811 2025 4853 ctum
2072 4800 2406 4864 celebrabit,
2457 4802 2673 4853 annon?
2732 4800 2940 4851 Pariter
2970 4806 3021 4849 et
3068 4803 3177 4847 tota
3228 4802 3413 4844 sancta

1881 4891 2235 4958 Quadragena
2280 4890 2409 4942 licet
2465 4891 2771 4957 baptizare,
2851 4895 2941 4939 aut
3018 4882 3418 4936 benedictiones

1880 4980 2195 5047 nuptiarum
2223 4979 2732 5045 sponsaliorumque
2766 4963 2964 5037 facere,
3000 4971 3217 5026 annon?

1949 5152 2099 5217 Resp.
2119 5153 2612 5221 Qninquagcsimus
2639 5151 2909 5204 sccnn‘dus
2936 5164 3113 5201 canon
3136 5159 3336 5201 sam-ro
3368 5155 3420 5194 ct

1487 5339 1708 5395 VARle
1765 5336 2164 5393 LECTIUNHS.

299 5474 346 5507 ⁵⁸
375 5473 807 5541 διακαινησίμου.

303 5605 324 5645 ι
360 5609 589 5676 Augusto
630 5624 814 5664 mense.
854 5608 1113 5672 jejunium
1149 5616 1371 5659 seri-aret
1402 5622 1418 5657 :

506 5772 734 5829 Ρλττιιιι
815 5771 953 5846 Una
980 5764 1140 5822 CXX
1162 5764 1206 5820 Χ
1228 5762 1386 5821 ’ν’ἕῚ.

1520 5620 1556 5647 ω
1586 5624 1670 5660 seu
1708 5626 1737 5660 η
1766 5611 2065 5671 municipali
2086 5630 2099 5657 ι
2122 5613 2305 5660 llr-1.7m
2336 5609 2552 5659 (inerma.

239 5686 347 5732 tota
372 5679 451 5727 die
472 5678 819 5728 continuarunt
852 5678 1267 5737 icmpernnrimn,
1296 5691 1381 5737 per
1413 5683 1747 5742 vespertinam
1790 5681 1877 5730 iul.
1901 5682 2237 5731 Ιῖί;“;“ι’..”ΐίίξ,ἰι;λ

2649 5619 2674 5644 π
2707 5609 2929 5661 Omnino
2966 5613 3134 5654 tamen
3184 5607 3269 5647 nec
3320 5588 3416 5651 ipni

2294 5683 2341 5729 tl.
2364 5693 2402 5728 εὐ
2421 5682 2594 5727 Himi'it
2621 5690 2674 5729 μί.

3031 5769 3105 5823 3Ξέ
