4214 6450
259 405 394 467 1005

1100 406 1487 464 llESPONSA
1533 406 1633 462 AD
1675 404 2410 469 INTERROGATIONES
2452 410 2711 471 MARCI.

3344 412 3481 474 1006

256 529 497 594 uocuvwv
563 529 963 596 κατοιχομένων
995 531 1417 598 είσκομιζόμενα
1447 533 1522 599 τῷ
1558 532 1691 599 ναῷ,
1726 534 1817 583 καὶ
1848 540 1874 591 Α

1938 542 2241 587 ianetorum
2270 534 2571 596 memoriis,
2617 539 2669 584 et
2704 545 2803 598 pro
2855 537 3195 584 mortuorum
3239 542 3474 583 comme-

246 622 312 671 τά
340 620 480 687 ὑπὲρ
507 619 753 687 ψυχικῶν
809 620 1095 671 διαδόσεων
1142 623 1262 682 ταῖς
1288 622 1607 687 ἐκκλησίαις
1666 628 1818 690 παρά

245 726 407 761 τινων
431 710 869 777 προσφερόμενα,
894 713 1005 771 τοῖς
1040 711 1357 771 ἐπισκόποις
1387 711 1624 763 δίδοσθαι
1655 728 1821 763 κεκα-

245 798 509 859 νόνισται,
558 802 651 851 καὶ
711 800 863 869 παρά
892 799 1094 852 τούτων
1120 803 1256 869 πρός
1291 818 1349 852 τε
1377 803 1497 862 τοὺς
1528 802 1819 870 κληρικοὺς

246 889 343 939 καὶ
374 891 497 951 τοὺς
529 889 899 957 ξενιζομένους
924 892 1017 941 καὶ
1047 891 1218 952 ἄλλως
1241 892 1632 959 πενητεύοντας
1669 892 1822 943 ἀδελ-

246 981 383 1043 φοὺς
414 979 844 1045 διαμερίζεσθαι,
876 980 1017 1031 κατὰ
1040 982 1139 1047 τὴν
1161 982 1366 1032 τούτων
1383 981 1821 1050 διάκρισιν.Φησ“ι

246 1067 357 1134 γὰρ
387 1069 413 1118 6
438 1065 483 1132 γ’
517 1067 694 1118 κανὼν
724 1069 833 1118 τῶν
863 1068 1033 1133 ἁγίων
1071 1068 1384 1119 ἀποστόλων
1414 1069 1589 1119 ταῦτα
1619 1070 1815 1137 ῥητῶς·

244 1156 315 1207 Εἴ
339 1172 420 1216 τις
454 1156 750 1217 ἐπίσκοπος
783 1156 813 1222 ἢ
854 1156 1227 1226 πρεσῦὐτερος
1289 1158 1437 1225 παρὰ
1462 1157 1559 1227 τὴν
1583 1157 1677 1209 τοῦ
1712 1158 1822 1209 Κυ-

252 1246 368 1312 ρίου
402 1247 641 1310 διάταξιν
670 1246 768 1313 τὴν
799 1247 891 1297 ἐπὶ
952 1249 1018 1315 τῇ
1059 1246 1219 1315 θυσίᾳ
1276 1248 1616 1317 προσενέγκῃ
1662 1248 1824 1313 ἕτερά

246 1352 372 1386 τινα
400 1339 490 1387 ἐπὶ
536 1336 597 1386 τὸ
641 1335 1051 1403 θυσιαστήριον,
1090 1336 1120 1405 ἢ
1157 1337 1298 1404 μέλι,
1350 1336 1382 1403 ἢ
1435 1336 1595 1401 γάλα,
1637 1336 1669 1392 ἢ
1702 1336 1822 1387 ἀντὶ

247 1429 392 1479 οίνου
436 1430 627 1495 σίκερα
688 1429 1031 1496 ἐπιτηδευτέα
1101 1429 1134 1497 ἦ
1181 1429 1349 1497 ὅρνις,
1382 1429 1413 1497 ἢ
1450 1427 1566 1490 ζῶἀ
1610 1427 1818 1496 τινα,ἢ

244 1520 471 1584 ὄσπρια,
526 1520 674 1587 παρά
728 1522 825 1587 τὴν
874 1517 1154 1581 διάταξιν,
1202 1520 1615 1587 καθαιρείσθωο
1685 1520 1824 1581 πλὴν

246 1609 384 1658 νέων
419 1608 639 1677 χίδρων,
685 1610 762 1677 τῷ
791 1611 968 1679 καιρῷ
1008 1610 1086 1679 τῷ
1112 1610 1305 1663 δέοντι.
1342 1611 1571 1679 Μὴέξὸν
1601 1612 1656 1663 δὲ
1686 1612 1827 1663 ἔστω

255 1698 447 1766 ἕτερόν
478 1717 527 1750 τι
576 1702 944 1767 προσάγεσθαι
976 1703 1055 1763 είς
1085 1702 1144 1754 τὸ
1172 1701 1576 1771 θυσιαστήριον,
1604 1702 1636 1771 ἢ
1667 1704 1827 1768 μόνον

250 1788 435 1840 ἔλαιον
479 1793 556 1851 είς
596 1792 695 1857 τὴν
746 1791 987 1861 λυχνίαν,
1021 1793 1115 1847 καὶ⁵
1141 1792 1393 1861 θυμίαμα
1415 1792 1493 1860 τῷ
1528 1791 1705 1860 καιρῷ
1727 1792 1827 1859 τῆς

250 1880 416 1943 ἁγίας
444 1884 758 1948 προσφορᾶς
779 1899 792 1913 ο
824 1886 855 1949 ή
886 1883 1018 1951 ἀλλη
1047 1884 1101 1934 δὲ
1137 1885 1285 1934 πᾶσα
1319 1882 1510 1950 ὀπώρα
1566 1884 1646 1944 είς
1677 1879 1825 1935 οἷκον

248 1970 691 2035 ἀποστελλέσθω,
729 1972 949 2041 ἀπαρχὴ
974 1974 1053 2043 τῷ
1088 1973 1375 2042 ἐπισκόπῳ
1411 1974 1639 2035 καὶτοῖς
1691 1990 1826 2041 πρε-

252 2060 568 2126 σϐυτέροις,
596 2062 732 2113 ἀ).λά
760 2062 833 2130 μὴ
885 2063 1019 2129 πρὸς
1042 2062 1103 2114 τὸ
1138 2062 1543 2133 θυσιαστήριον,
1572 2063 1742 2130 Δῆλον
1769 2063 1827 2115 δὲ

248 2148 330 2209 ὼς
363 2151 391 2200 6
416 2150 713 2213 ἐπίσκοπος
740 2152 831 2203 καὶ
850 2154 896 2204 oi
924 2169 1024 2219 πρε
1038 2153 1285 2221 σσύτεροι
1307 2155 1690 2222 ἐπιμερίσουσι
1716 2157 1828 2215 τοῖς

246 2238 519 2301 διακόνοις
552 2242 645 2291 καὶ
686 2242 798 2301 τοῖς
840 2242 1047 2303 λοιποῖς
1077 2242 1377 2312 κληρικοῖς.
1435 2245 1542 2296 Καὶ
1578 2245 1607 2295 6
1647 2242 1690 2306 ζ’
1734 2246 1828 2297 καὶ

250 2330 280 2378 6
306 2326 352 2395 η’
380 2329 560 2380 κανὼν
585 2328 685 2397 τῆς
702 2331 759 2382 ἐν
780 2330 1006 2400 Γάγγρᾳ
1026 2330 1243 2382 συνόδου
1257 2331 1428 2384 ταῦτα
1454 2333 1827 2401 παρακελεύεσ-

253 2433 365 2467 ται⁸
402 2419 468 2470 Et
490 2435 572 2479 τις
604 2419 983 2487 καρποφορίας
1015 2419 1188 2471 ἐθέλει
1218 2419 1539 2488 λαμϐάνειν,
1572 2419 1604 2489 ἢ
1630 2420 1828 2473 διδόναι

253 2509 360 2573 ἔξω
395 2510 491 2577 τῆς
516 2509 832 2578 ἐκκλησίας,
887 2508 1038 2578 παρά
1081 2509 1306 2579 γνώμην
1344 2510 1439 2561 τοῦ
1500 2512 1825 2574 ἐπισκόπου,

255 2601 288 2671 ἢ
319 2601 414 2653 τοῦ
446 2602 923 2672 ἐγκεχειρισμένου
941 2604 1007 2654 τά
1031 2602 1277 2667 τοιαῦτα,
1301 2604 1395 2655 καὶ
1416 2603 1489 2672 μὴ
1527 2604 1664 2672 μετά
1689 2606 1829 2671 γνώ-

259 2709 367 2759 μης
391 2691 557 2743 αὑτοῦ
614 2692 787 2743 ἐθέλει
852 2694 1136 2761 πράττειν,
1169 2693 1419 2761 ἀνάθεμα
1465 2693 1624 2747 ἔστω.
1666 2696 1773 2747 Καὶ
1805 2699 1832 2748 6

247 2782 331 2847 οβ’
360 2781 711 2843 ἀποστολικδς
741 2782 920 2833 κανὼν
949 2780 1124 2835 ταῦτά
1150 2798 1335 2850 φησιν·
1368 2783 1520 2843 Εῐτις
1548 2783 1829 2854 κληρικὸς,

252 2869 287 2936 ἦ
312 2868 516 2929 λαῖκδς,
550 2867 657 2919 ἀπὸ
688 2868 787 2935 τῆς
821 2868 979 2934 ἁγίας
1013 2870 1308 2937 ἐκκλησίας
1364 2871 1629 2940 ἀφέληται
1666 2874 1834 2942 κηρὸν

254 2958 289 3025 ἦ
321 2958 523 3023 ἔλαιον,
550 2959 911 3027 ἀφοριζέσθω.
946 2962 1055 3012 Καὶ
1081 2962 1109 3012 6
1129 2959 1206 3029 ογ¹
1240 2963 1416 3015 κανὼν
1446 2963 1614 3030 λέγει·
1635 2966 1833 3026 Σκεῦο;

255 3048 548 3118 χρυσοῦνή
583 3048 859 3118 ἀργυροῦν
910 3050 1189 3116 ἀγιασθέν,
1233 3052 1265 3120 ἢ
1299 3052 1509 3123 ὀθόνην,
1548 3056 1734 3124 μηδεὶς
1754 3061 1833 3117 είς

1922 624 2316 677 morationibus
2350 623 2660 677 inferuntur
2691 623 2743 674 in
2786 622 3044 688 templum
3073 661 3086 685 ,
3132 631 3185 673 et
3221 634 3341 688 quae
3384 636 3482 689 pro

1921 715 2248 769 animalibus
2278 715 2694 783 trajectionihus
2733 713 2982 769 ecclesiis
3016 723 3043 750 ιι
3090 711 3158 764 ab
3211 712 3482 779 aliquibus

1923 804 2254 866 oﬂ‘eruntur,
2282 806 2556 873 episcopis
2591 806 2709 858 dari
2761 804 3029 857 canonice
3066 810 3331 855 statutum
3378 811 3483 859 est,

1920 904 1975 947 et
2004 894 2071 946 ab
2100 894 2185 947 his
2218 894 2474 946 distribui
2509 895 2561 946 in
2595 895 2829 946 clericos
2882 891 3198 961 peregrinos
3252 889 3485 953 hospitio

1922 993 2205 1048 exceptos,
2238 991 2291 1035 et
2324 983 2568 1050 alioquin
2613 983 2799 1050 inepia
2822 994 3045 1050 pressos
3080 980 3301 1037 fratres,
3329 988 3486 1045 prout

1925 1072 2026 1138 ipsi
2050 1070 2437 1137 iudicaverint.
2464 1074 2551 1125 Ait
2578 1074 2722 1126 enim
2750 1074 2944 1126 tertius
2973 1086 3148 1124 canon
3174 1078 3488 1122 sanctorum

1925 1163 2295 1229 apostolorum
2333 1162 2447 1215 Ιιαξο
2487 1164 2834 1230 expressim:
2892 1163 2947 1215 Si
3002 1162 3127 1229 quis
3175 1162 3488 1228 episcopus.

1926 1252 2008 1304 vel
2048 1255 2352 1321 presbyter,
2395 1262 2591 1319 printer
2624 1252 2837 1304 Domini
2863 1253 2929 1304 de
2966 1251 3245 1305 sacrificio
3274 1249 3491 1302 ordina-

1926 1343 2152 1402 tionem,
2188 1343 2293 1394 alia
2331 1343 2579 1410 quzedam
2607 1342 2672 1394 ad
2706 1342 2879 1394 altare
2926 1341 3196 1403 attulerit,
3252 1340 3376 1397 tnel,
3412 1340 3491 1392 vel

1927 1433 2031 1495 lac,
2064 1434 2144 1486 vel
2177 1448 2275 1500 pro
2308 1434 2433 1485 vino
2464 1434 2703 1487 siceram
2740 1442 2787 1492 ν.
2820 1432 2903 1485 vel
2934 1430 3202 1493 confecta,
3236 1430 3315 1482 Vel
3345 1444 3493 1492 aves,

1927 1524 2007 1575 vel
2038 1524 2216 1588 aliqua
2250 1524 2507 1575 animalia
2535 1560 2548 1582 ,
2589 1524 2670 1575 vel
2708 1523 3002 1590 legumina,
3038 1530 3234 1587 przrter
3278 1520 3495 1571 ordina-

1930 1606 2156 1667 tionem,
2189 1608 2523 1675 deponatur:
2590 1618 2948 1676 praeterquam
3002 1623 3139 1661 nova
3199 1608 3496 1674 legumina,

1933 1705 2179 1765 tempore
2204 1709 2538 1767 opportuno.
2575 1698 2653 1753 Ne
2686 1701 2845 1752 liceat
2875 1708 3059 1751 autem
3106 1697 3312 1765 aliquid
3349 1697 3495 1749 aliud

1932 1789 1999 1841 ad
2063 1789 2235 1843 altare
2282 1788 2501 1856 oﬂ‘erre,
2555 1805 2719 1858 quam
2765 1790 2947 1843 oleum
2988 1789 3054 1841 ad
3114 1788 3402 1850 luminare,
3448 1798 3501 1839 et

1932 1881 2240 1943 incensum,
2321 1889 2571 1949 tempore
2642 1890 2849 1935 sancta:
2910 1880 3229 1933 oblationis.
3307 1878 3499 1931 Omnis

1930 1975 2113 2021 autem
2176 1968 2319 2022 alius
2383 1968 2598 2024 {ructus
2656 1970 2880 2022 domum
2938 1970 3221 2030 mittatur,
3281 1977 3338 2019 ut
3393 1968 3500 2018 sint

1932 2060 2189 2128 primitiae
2219 2062 2502 2129 episcopo,
2535 2069 2589 2115 et
2640 2062 2998 2130 presbyteris.
3055 2058 3273 2111 Clarum
3318 2064 3497 2109 autem

1930 2160 2035 2215 est,
2067 2154 2383 2220 episcopum
2417 2161 2470 2206 et
2500 2152 2857 2221 presbyteros
2890 2151 3157 2213 diaeonis,
3185 2158 3238 2202 et
3276 2148 3499 2214 reliquis

1931 2243 2148 2297 ciericis
2180 2243 2603 2297 distributuros.
2643 2241 2702 2293 Et
2758 2242 2787 2293 7
2820 2248 2874 2295 et
2907 2240 2939 2293 8
2965 2255 3143 2293 canon
3202 2239 3501 2307 Gangrenzi:

1931 2333 2125 2401 synodi
2163 2333 2277 2387 haec
2311 2334 2590 2402 praecipit:
2628 2333 2683 2387 Si
2714 2335 2838 2402 quis
2865 2333 2983 2385 vult
3015 2331 3227 2383 fructus
3254 2330 3503 2383 ecclesia:

1932 2424 2149 2478 oblatos
2186 2426 2464 2493 accipere,
2497 2427 2581 2479 vel
2604 2429 2735 2479 dare
2770 2434 2924 2478 extra
2951 2422 3266 2483 ecclesiam,
3310 2429 3503 2486 praeter

1931 2515 2176 2583 episcopi
2228 2518 2579 2580 sententiam,
2637 2514 2721 2568 vel
2782 2514 2938 2581 ejus,
2988 2511 3077 2563 cui
3140 2524 3273 2562 cura
3314 2524 3500 2561 eorum

1934 2607 2135 2661 tradita
2171 2616 2276 2669 est,
2328 2619 2380 2660 et
2436 2622 2544 2660 non
2588 2622 2710 2659 cum
2772 2605 2893 2673 ejus
2923 2601 3213 2660 .senteutia
3268 2614 3331 2653 ea
3376 2599 3500 2651 velit

1936 2713 2127 2767 agere.
2160 2700 2231 2752 sit
2260 2699 2572 2751 anathema.
2608 2697 2673 2749 Et
2697 2697 2765 2747 72
2815 2694 3155 2762 apostolicus
3187 2706 3362 2745 canon
3390 2690 3504 2741 lia'c

1934 2790 2045 2842 ait:
2079 2790 2133 2841 Si
2168 2791 2294 2858 quis
2317 2791 2573 2848 clericus,
2610 2788 2691 2841 vel
2730 2787 2925 2845 laicus,
2973 2800 3000 2836 a
3038 2792 3228 2835 sancta
3271 2781 3502 2833 ecclesia

1935 2893 2120 2932 ceram
2152 2880 2233 2931 vel
2262 2879 2439 2931 oleum
2484 2876 2714 2938 auferat,
2740 2883 3077 2944 segregetur.
3125 2874 3187 2925 Et
3235 2872 3303 2925 75
3332 2885 3504 2923 canon

1938 2967 2047 3021 ait:
2082 2966 2190 3020 Vas
2218 2982 2467 3029 aureum,
2498 2966 2579 3019 vel
2618 2973 2961 3032 argenteum,
2997 2964 3077 3016 vel
3115 2964 3291 3016 velum
3346 2975 3505 3014 sanc-

1936 3058 2226 3139 tiﬁcatum,
2266 3070 2424 3110 nemo
2454 3056 2687 3123 ampiius
2720 3055 2772 3106 in
2810 3069 2969 3106 suum
3003 3068 3161 3105 usum
3190 3061 3500 3105 convertat:

252 3140 465 3192 οἰκείαν
519 3144 714 3209 χρῆσιν
766 3142 1201 3207 σφετεριζέσθω·
1238 3145 1554 3216 παράνομον
1601 3148 1728 3214 γάρ.
1774 3148 1874 3210 EH

1938 3149 2041 3203 hoc
2078 3148 2224 3201 enim
2256 3147 2315 3200 tit
2353 3147 2675 3215 prteterjus,
2718 3156 2771 3199 et
2819 3154 3011 3198 contra
3060 3145 3232 3210 leges.
3292 3142 3347 3197 Si
3381 3142 3506 3211 quis

256 3232 315 3284 δέ
352 3248 441 3292 τις
473 3233 780 3301 φωραθείη,
813 3233 1156 3301 ἐπιτιμάσθω
1180 3234 1494 3303 ἀφορισμῷ.
1526 3236 1584 3288 Ὀ
1605 3237 1659 3289 δέ
1684 3237 1712 3288 ι’
1745 3256 1837 3291 κα-

257 3326 365 3373 νὼν
386 3324 485 3389 τῆς
503 3326 559 3374 ἐν
581 3324 657 3390 τῷ
685 3323 798 3392 ναῷ
818 3324 924 3376 τῶν
967 3325 1164 3391 Ἁγίων
1203 3327 1542 3380 Ἀποστόλων
1563 3330 1836 3399 συστάσης

253 3416 406 3465 οίκου
418 3416 640 3481 μενικῆς
667 3415 828 3479 ἁγίας
852 3416 1093 3480 συνόδου,
1115 3416 1241 3477 τοὺς
1277 3418 1374 3483 μὲν
1395 3418 1833 3481 κοινοποιοῦντας

254 3505 326 3555 τὰ
370 3502 464 3555 τοῦ
544 3505 786 3571 βήματος
846 3504 965 3572 ἱερὰ
1037 3504 1354 3574 καθαιρέσει
1395 3507 1834 3559 καθυποσάλ).ει’

254 3598 385 3658 τοὺς
416 3597 472 3649 δέ
502 3597 571 3647 τά
601 3596 801 3660 ἔξωθεν
848 3596 941 3648 τοῦ
974 3595 1213 3665 βήματος
1247 3598 1373 3649 ὄντα
1409 3598 1526 3666 ἱερά
1558 3602 1723 3669 σκεύη
1756 3602 1839 3661 είς

255 3690 474 3757 ἀνίερον
530 3688 724 3757 χρῆσιν
770 3688 1219 3756 μεταποιοῦντας,
1285 3690 1572 3759 ἀφορίζει’
1610 3695 1732 3753 τοὺς
1782 3694 1839 3746 δέ

256 3780 630 3847 ἁρπάζοντας,
660 3780 735 3842 ὡς
768 3780 1081 3848 ίεροσύλους
1115 3783 1455 3851 κατακρίνει.
1500 3784 1557 3835 ὐ
1582 3784 1638 3836 δὲ
1665 3786 1839 3854 μέγας

258 3870 529 3940 Κύριλλος
555 3873 613 3923 ἐν
646 3874 708 3939 τῇ
740 3872 870 3938 πρὸς
904 3871 1104 3939 Δόμνον
1143 3874 1399 3943 ἐπιστολῇ
1432 3874 1606 3927 ταῦτά
1640 3895 1802 3944 φησιν
1825 3894 1838 3909 ·

260 3963 532 4023 Ἕκαστος
562 3963 717 4031 ἡμῶν
769 3958 875 4014 τῶν
922 3962 1067 4014 ίδίων
1112 3964 1321 4031 καιρῶν
1369 3965 1527 4016 δώσει
1552 3965 1739 4032 λόγους
1764 3966 1841 4037 τῷ

256 4057 480 4107 πάντων
532 4055 730 4124 Κριτῇ.
801 4055 1101 4124 Καμήλων
1156 4058 1254 4123 μέν
1303 4056 1430 4124 γὰρ,
1475 4059 1567 4109 καὶ
1623 4062 1838 4127 κτήσεις

256 4150 547 4217 ἀκινήτους
614 4148 949 4215 ἀνεκποίητα
1007 4151 1126 4209 ταῖς
1184 4151 1499 4216 ἐκκλησίαις
1566 4152 1840 4215 σώζεσθαι

255 4238 386 4309 χρὴ,
412 4237 807 4305 θαρσεῐσθαιδὲ
837 4240 946 4300 τοῖς
1000 4241 1141 4290 κατὰ
1180 4241 1371 4308 καιρὸν
1412 4240 1509 4309 τὴν
1552 4243 1701 4294 θείαν
1760 4244 1841 4295 δι-

1940 3252 2119 3296 autem
2151 3241 2525 3309 deprehensus
2555 3239 2744 3299 fuerit,
2776 3239 3057 3293 multetur.
3095 3237 3284 3290 Canon
3323 3250 3506 3290 autem

1938 3331 2187 3385 decimus
2216 3330 2570 3383 meumeuieze
2595 3336 2796 3382 sanctae
2829 3327 3040 3396 synodi,
3083 3334 3421 3394 congregatae
3453 3325 3508 3377 in

1939 3421 2145 3488 templo
2202 3417 2532 3472 Sanctorum
2606 3415 3039 3483 Apostolorum,
3097 3428 3192 3466 eos
3266 3411 3510 3479 quidem,

1939 3511 2031 3580 qui
2061 3512 2251 3564 altaris
2272 3524 2429 3564 sacra
2449 3508 2852 3569 contaminant,
2881 3506 3214 3573 depositioni
3254 3504 3470 3569 subjicit
3496 3522 3506 3553 :

1939 3618 2035 3658 eos
2068 3614 2273 3665 autem,
2310 3602 2401 3669 qui
2439 3609 2594 3653 extra
2626 3599 2801 3651 altare
2830 3598 3153 3651 exsistentia
3175 3610 3333 3649 sacra
3386 3610 3510 3646 vasa

1940 3694 1995 3747 in
2039 3693 2331 3761 profanum
2391 3705 2552 3744 usum
2606 3696 2964 3749 convertunt,
3027 3688 3508 3741 excommunicat:

1945 3800 2041 3839 eos
2076 3798 2227 3848 vero,
2254 3783 2343 3851 qui
2369 3781 2653 3850 diripiunt,
2709 3788 2769 3832 ut
2804 3778 3105 3845 sacrilegos
3160 3776 3510 3830 condemnat.

1940 3874 2113 3930 Porro
2139 3888 2372 3943 magnus
2420 3872 2660 3940 Cyrillus
2718 3871 2772 3923 in
2832 3868 3061 3938 epistola
3137 3868 3202 3921 ad
3245 3867 3511 3921 Domuum

1941 3968 2169 4036 scripta,
2200 3966 2314 4020 haec
2333 3966 2409 4019 ait
2436 3982 2449 4018 :
2476 3963 2871 4032 Unusquisque
2893 3968 3147 4015 nostrum
3167 3959 3513 4027 propriorum

1943 4070 2248 4128 temporum
2315 4058 2558 4112 rationes
2613 4055 2807 4110 reddet
2872 4051 3052 4106 Judici
3110 4050 3381 4105 omnium.
3418 4046 3517 4100 νη-

1943 4166 2129 4206 sorum
2151 4150 2299 4205 enim
2333 4151 2648 4209 thesauros,
2681 4155 2735 4203 et
2768 4145 3151 4215 possessiones
3185 4142 3512 4199 immobiles.

1943 4241 2326 4297 inalienabiles
2398 4240 2649 4295 ecclesiis
2724 4238 3044 4293 conservari
3126 4244 3377 4303 oportet:
3451 4232 3517 4283 iis

257 4329 479 4380 έπουσιν
506 4326 836 4395 ἱερωσύνην,
862 4326 971 4378 τῶν
997 4330 1458 4395 παραπιπτόντων
1476 4332 1844 4399 ἀναλωμάτων

1945 4344 2148 4396 autem,
2184 4333 2276 4401 qui
2314 4346 2408 4400 per
2446 4340 2664 4399 tempus
2700 4329 2885 4383 divino
2926 4328 3231 4395 funguntur
3262 4321 3522 4377 sacer-dno

254 4422 357 4490 τὴν
382 4422 714 4489 οἰκονομίαν.
749 4422 907 4490 Ζήτει
936 4422 1027 4471 καὶ
1078 4421 1283 4488 βιϐλίου
1324 4423 1393 4473 νδ¹
1439 4424 1615 4475 τίτλον
1650 4433 1715 4492 γ’,
1748 4444 1839 4478 κε-

1946 4424 2044 4484 tio,
2117 4420 2655 4474 administrationem
2731 4425 3047 4484 sumptuum
3119 4413 3517 4480 erogandorum

255 4481 487 4579 φάλαιον
624 4481 885 4580 Χάρινέῖὲ
923 4512 1020 4578 τῆς
1048 4481 1367 4579 ὀίρειλούσης
1401 4513 1635 4565 δίδοσθαι
1660 4481 1835 4567 ’ποσό-
1871 4482 1874 4536 3

1945 4481 2145 4568 iiducia
2173 4512 2457 4579 praeditam
2492 4525 2613 4564 esse
2644 4517 2689 4561 ι.
2734 4481 2928 4573 Quaere
2958 4514 3011 4560 et
3052 4504 3176 4558 libri
3220 4503 3305 4563 54,
3347 4504 3432 4554 tit.
3462 4504 3515 4555 5.

252 4618 417 4669 τητος
438 4602 574 4671 ὺπέρ
610 4601 895 4653 κανονικοῦ
940 4603 1090 4669 παρά
1136 4604 1504 4665 κοινολαῖτῶν,
1530 4607 1576 4655 οί
1611 4607 1835 4668 κανόνες

258 4692 359 4758 μὲν
388 4690 540 4742 οὐδέν
570 4707 621 4742 τι
648 4691 994 4757 διορίζονται,
1015 4694 1346 4759 πρόσταγμα
1376 4692 1431 4744 δὲ
1459 4693 1552 4745 τοῦ
1588 4696 1834 4764 ἀοιδίμου

257 4776 525 4849 βασιλέως
560 4780 773 4832 ἐκείνου
835 4782 1024 4848 κυρίου
1080 4782 1349 4833 ’ῐσαακίου
1390 4782 1482 4835 τοῦ
1549 4786 1834 4854 Κομνηνοῦ

254 4874 527 4926 ὑποτυποῖ
561 4873 731 4925 πολλά
761 4891 880 4924 τινα
915 4872 1151 4925 δίδοσθαι
1188 4875 1297 4934 τοῖς
1328 4876 1647 4938 ἐπισκόποις
1680 4880 1827 4945 παρὰ

252 4963 364 5014 τῶν
392 4966 448 5015 ἐν
478 4964 597 5024 ταῖς
631 4963 873 5031 ἐνορίαις
890 4962 1065 5015 αὐτῶν
1102 4965 1574 5035 προσκαθημένων
1603 4968 1826 5022 λαῖκῶν.

270 5051 425 5103 Ἐπεὶ
481 5048 536 5101 δὲ
589 5052 622 5118 ή
672 5051 779 5102 τῶν
815 5051 1158 5119 πραγμάτων
1206 5054 1490 5124 ἀνωμαλία
1526 5060 1617 5109 καὶ
1653 5058 1829 5112 ἔνδεια

250 5142 355 5211 τὴν
387 5142 592 5195 τούτων
637 5140 908 5208 ἐκάλυψεν
954 5142 1304 5196 ὑποτύπωσιν
1348 5146 1831 5219 (πολλοστημόριον

255 5236 367 5301 γάρ
391 5250 474 5295 τις
507 5232 689 5287 αὐτῶν
726 5233 787 5285 οὐ
828 5233 1011 5284 δίδωσι
1064 5235 1199 5305 πρὸς
1251 5237 1593 5307 ἐπίσκοπον),
1637 5244 1835 5312 ἀρκού-

261 5326 403 5393 μεθα
427 5328 493 5394 τῇ
537 5324 799 5395 συνηθείᾳ
833 5328 926 5379 καὶ
963 5328 1282 5397 προαιρέσει
1311 5331 1417 5381 τῶν
1449 5333 1722 5387 διδόντων.

1945 4622 2065 4673 cap.
2102 4605 2157 4657 Ξ.
2196 4603 2271 4657 De
2298 4604 2607 4672 quantitate
2657 4609 2862 4663 autem,
2922 4614 3044 4667 qum
3079 4612 3177 4664 pro
3226 4592 3523 4648 canonariu

1945 4698 2119 4751 danda
2141 4708 2225 4753 est
2254 4711 2283 4749 a
2320 4696 2547 4763 plebeiis
2582 4704 2632 4758 γ,
2668 4707 2909 4747 canones
2972 4691 3195 4759 quidem
3232 4687 3363 4739 nihil
3394 4687 3523 4737 deti-

1945 4790 2141 4841 niunt:
2210 4803 2397 4841 verum
2457 4786 2635 4855 jussio
2692 4785 2877 4854 inclyti
2950 4783 3295 4851 imperatoris
3354 4782 3520 4842 illius,

1938 4881 2143 4935 domini
2167 4878 2357 4931 lsaacii
2380 4877 2668 4939 Comueni,
2696 4874 2926 4929 formam
2951 4873 3201 4942 designat
3223 4873 3520 4924 multorum

1938 4968 2334 5038 quorumdam,
2372 4982 2493 5035 qua:
2518 4966 2794 5035 episcopis
2859 4964 3062 5017 dantur
3113 4978 3141 5015 a
3204 4963 3377 5027 luieis,
3431 4979 3521 5031 qut

1940 5062 2099 5117 sedes
2122 5062 2173 5113 in
2205 5076 2401 5113 eorum
2422 5059 2756 5114 dioecesibus
2782 5058 3137 5111 stabilicrunt
3172 5066 3219 5107 ι.
3252 5054 3520 5119 Quoniam

1944 5162 2125 5206 autem
2169 5166 2351 5206 rerum
2388 5150 2769 5220 irregularitas
2810 5157 2862 5202 et
2916 5148 3295 5216 indulgentiaa
3331 5146 3521 5198 horum

1944 5245 2241 5298 occultavit
2266 5245 2695 5312 descriptionem
2736 5240 3126 5310 (multesimatn
3163 5239 3307 5291 enim
3334 5253 3521 5292 c0rum

1946 5343 2154 5403 partem
2189 5335 2450 5403 episcopo
2482 5337 2573 5388 dat
2600 5332 2810 5392 nemo),
2844 5331 3086 5383 contenti
3142 5344 3333 5381 sumus
3391 5342 3520 5380 con-

1950 5427 2262 5489 suetudine,
2297 5438 2342 5479 et
2383 5428 2630 5479 dantium
2677 5424 3025 5477 liberalitate.

1544 5539 1775 5594 VAIlle.
1819 5545 2225 5603 LECTIONES.

331 5628 357 5654 ιι
381 5634 498 5693 (μασξ
530 5621 736 5693 nomine
767 5621 1201 5675 dislributionum
1236 5628 1555 5693 spirilalium
1583 5634 1836 5687 ecclesiis.

257 5688 620 5771 cavo/Mucia
656 5693 935 5770 committi.
1014 5700 1185 5769 tquw
1240 5688 1479 5751 r'unouici
1531 5706 1737 5756 "furtim:
1783 5688 2494 5771 ριηιτειαηὶίᾷἷέξέῖἧίᾏίέξξ,

255 5759 351 5808 riis
382 5759 671 5811 domiciiin.
752 5775 773 5797 α
816 5772 861 5811 et
890 5763 1093 5825 inopia).

1952 5647 1976 5671 '
2013 5643 2234 5692 siceram
2274 5641 2561 5705 familiam,
2612 5640 2685 5690 rel
2723 5637 2971 5704 gallinas.
3085 5649 3106 5675 ι
3141 5632 3523 5705 erogandorum

2584 5720 2599 5745 ι
2636 5703 2728 5775 qui
2756 5708 2948 5758 habens
2998 5706 3047 5756 iu
3081 5722 3258 5758 eorum
3320 5703 3519 5757 terrilo-
