4214 6450
808 378 957 439 ,ἲΐθτ
2038 382 2312 444 THEOD.
2345 386 2837 446 .il.\l.S.-\.\lONlS
3898 385 4040 448 1193

882 502 1074 558 Inmr.
1111 506 1197 560 58.
1241 506 1583 565 Ortbodoxus
1615 514 1831 581 quidam
1853 517 1916 567 ab
1942 517 2203 585 .igarenis
2231 534 2355 587 cap-
2393 522 2438 575 Α

2393 522 2438 575 Α
2549 520 2741 585 Ἐρώτ.
2821 526 2920 590 vr".
3012 519 3313 588 Ὀρθὸὁοξός
3401 537 3481 578 τις
3569 518 4039 587 αἰχμαλωτισθεὶς

812 604 921 655 tus,
959 604 1009 646 ct
1067 611 1161 661 per
1195 598 1297 649 vim
1348 601 1701 656 orthodoxam
1765 606 1919 658 Iidem
1975 609 2241 675 ejuratus,
2301 625 2363 662 ac
2466 626 2476 657 τ

2466 610 2617 674 παρὰ
2664 608 2997 678 Ἀγαρηνῶν,
3053 610 3141 660 καὶ
3172 611 3310 661 κατὰ
3344 610 3462 677 βίαν
3497 610 3591 676 τὴν
3631 610 3911 676 όρθόδοξον
3944 609 4039 657 πίο

810 684 1419 756 circmncisus,absque
1456 692 1859 746 intermissione
1902 694 2012 749 fere
2066 697 2309 749 immumi
2336 728 2360 738 -
2466 714 2474 744 ι

2466 712 2583 746 στιν
2632 697 3050 763 ἐξομοσάμενος,
3084 698 3176 748 καὶ
3230 691 4037 764 περιτμηθεὶς,διόλου’σχεδδν

812 772 938 823 tiem
998 773 1173 837 deﬂet,
1230 786 1280 829 et
1342 778 1478 831 clam
1539 796 1660 834 cum
1725 782 2039 838 orthodoxis
2086 786 2359 848 convenit,
2463 803 2476 834 ι

2463 786 2561 853 τὴν
2592 787 2929 855 ἀκαθαρσίαν
2966 788 3342 852 ἀποκλαίεται,
3381 788 3473 839 καὶ
3520 788 3653 855 μετὰ
3681 788 3784 838 τῶν
3807 787 4039 855 690056-

810 862 1133 931 invocatque
1160 871 1411 921 salutem.
1448 869 1585 934 Quia
1615 880 1795 926 autem
1831 874 1945 926 vult
1991 885 2361 929 sacramento-
2465 877 2474 926 ί

2465 874 2568 938 ξων
2606 875 2875 942 λαθραίως
2910 877 3244 942 συνέρχεται,
3272 879 3360 928 καὶ
3396 876 3491 942 τὴν
3519 876 3786 942 σωτηρίαν
3814 878 4036 927 ἀνακα-

810 964 927 999 rum
974 952 1086 1002 iicri
1139 956 1438 1024 particeps,
1485 960 1803 1025 quaerimus,
1855 961 1985 1030 quid
2028 962 2101 1016 sit
2162 962 2363 1015 facien-
2464 962 2474 1012 ἰ

2464 962 2651 1014 λεῖται.
2700 963 2850 1014 Ἐπεὶ
2888 963 2943 1012 δὲ
2976 963 3147 1013 ἐθέλει
3180 963 3270 1013 καὶ
3303 965 3408 1014 τῶν
3454 964 3807 1029 ἁγιασμάτων
3858 981 4037 1030 μετα-

807 1037 955 1090 dum.
2464 1052 2783 1118 λαμϐάνειν,
2812 1052 3080 1119 ζητοῦμεν
3107 1053 3165 1104 τὸ
3190 1054 3436 1119 ποιητέον
3466 1052 3677 1117 μαθεῖν.

879 1127 1034 1196 Resp.
1079 1130 1414 1186 Ccrtantium
1462 1144 1590 1189 sunt
1649 1154 1883 1203 corona,
1915 1152 1965 1193 et
1991 1142 2253 1196 Dominus
2298 1157 2361 1197 ac

2547 1140 2746 1191 Ἀπόκ.
2780 1139 2898 1188 Τῶν
2923 1140 3333 1206 ἀγωνιζομένων
3365 1142 3499 1191 είσὶν
3538 1142 3585 1189 οί
3620 1140 3899 1204 στέφανοι,
3939 1140 4031 1189 καὶ

837 1226 949 1269 ιουε
986 1227 1173 1271 noSter
1202 1219 1359 1275 Jesus
1393 1222 1683 1279 Christus:
1722 1227 1776 1279 Si
1811 1230 1931 1295 quis
1982 1245 2065 1283 me
2098 1232 2360 1284 conlitea-
2465 1230 2490 1279 ὀ

2465 1230 2490 1279 ό
2522 1228 2717 1297 Κύριος
2752 1229 2843 1279 καὶ
2862 1229 2992 1288 Θεὸς
3024 1229 3175 1294 ἡμῶν
3210 1229 3414 1294 Ἰησοῦς
3450 1230 3703 1296 Χριστός.
3754 1228 3819 1279 Et
3847 1228 3936 1286 τίς
3966 1245 4032 1294 με

836 1322 894 1357 ur
917 1346 928 1367 ,
958 1308 1170 1375 inquit,
1202 1326 1382 1363 coram
1437 1314 1750 1369 hominibus
1778 1357 1790 1377 ,
1826 1327 1877 1369 et
1917 1333 2015 1386 ego
2064 1321 2362 1373 coniitebor
2463 1320 2500 1382 6,

2463 1317 2804 1384 ὁμολογήσει,
2838 1317 3019 1383 φησὶν,
3055 1318 3359 1385 ἔμπροσθεν
3387 1318 3492 1367 τῶν
3522 1317 3845 1385 ἀνθρώπων,
3873 1319 4032 1381 κάγὼ

807 1411 930 1448 eum
960 1413 1142 1449 coram
1177 1399 1333 1453 Patre
1366 1417 1507 1463 meo,
1544 1407 1633 1471 qui
1685 1406 1735 1456 in
1779 1409 1935 1459 caelis
1980 1418 2086 1461 est.
2121 1408 2360 1460 lmmun-
2462 1425 2471 1457 ι

2462 1406 2776 1473 ὁμολογήσω
2799 1405 2959 1456 αὑτὸν
3013 1406 3319 1473 ἔμπροσθεν
3355 1406 3444 1457 τοῦ
3476 1406 3681 1473 Πατρός
3720 1423 3823 1473 μου
3854 1405 4030 1457 τοῦὶν

803 1482 931 1535 dum
992 1500 1121 1553 ergo
1176 1502 1290 1547 vas,
1344 1490 1408 1542 ad
1455 1495 1859 1558 susceptionem
1915 1498 2198 1562 unguenti,
2253 1512 2358 1564 qua
2462 1515 2467 1541 ι

2462 1496 2727 1561 οὐρανοῖς.
2773 1495 3103 1563 ’Λκάθαρτον
3158 1495 3287 1558 γοῦν
3335 1498 3550 1560 ἀγγεῖον
3580 1494 3711 1563 πρὸς
3753 1495 4029 1560 ὑποδοχὴν

806 1575 1007 1626 mentis
1066 1576 1395 1632 alienatione
1435 1581 1785 1645 admittetur?
1833 1583 2195 1647 Quamobrem
2231 1601 2361 1639 con-
2467 1602 2470 1649 ε

2467 1583 2634 1651 μύρου
2671 1582 2784 1643 πῶς
2814 1584 3306 1651 παραφρονούντως
3344 1585 3702 1651 δεχθήσεταις
3752 1585 3847 1635 Διὸ
3891 1603 4031 1652 παρ-

803 1661 1126 1714 solatiouem
1155 1665 1374 1731 quidem
1408 1668 1796 1737 episcopicam,
1831 1682 1884 1723 ct
1931 1673 2077 1725 aliud
2110 1675 2358 1742 spiritale
2463 1691 2467 1701 ‘

2463 1674 2684 1741 ηγερίας
2741 1673 2837 1740 μέν
2866 1654 3245 1741 ’ἐπισκοπικῆς
3300 1676 3392 1725 καὶ
3440 1674 3603 1741 ἄλλης
3644 1675 4026 1741 πνευματικῆς

801 1749 1129 1817 colloquium
1159 1752 1246 1806 ille
1290 1756 1367 1808 sic
1423 1760 1718 1822 paenitens,
1758 1770 1808 1814 et
1862 1762 2001 1814 bona
2049 1766 2356 1818 mutatione
2391 1816 2428 1830 _
2462 1783 2465 1806 ι

2391 1816 2428 1830 __
2462 1761 2695 1827 ὁμιλίας,
2749 1762 2777 1810 ό
2828 1760 2969 1812 οὕτω
3028 1762 3319 1829 μετανοῶν,
3375 1764 3468 1813 καὶ
3516 1763 3613 1830 τὴν
3651 1763 3827 1828 καλὴν
3862 1764 4026 1814 θέλων

804 1838 1001 1890 mutari
1045 1842 1254 1903 volens,
1287 1848 1717 1909 promcrebitur;
1778 1851 1869 1902 sed
1925 1854 2129 1906 sanctis
2176 1868 2359 1907 sacra-
2391 1816 2468 1899 Bt

2391 1816 2430 1870 Β
2460 1816 2813 1917 ἀλλοιωθῆναι
2849 1816 3148 1913 ἀλλοίωσιν,
3184 1816 3580 1917 άξιιόθήσεταιί
3629 1851 3737 1901 τῶν
3763 1816 3823 1902 δὲ
3858 1838 4026 1916 ἁγίων

801 1934 997 1982 mentis
1025 1932 1222 1999 dignus
1242 1951 1346 1987 non
1375 1937 1682 1990 habebitur.
1708 1940 1872 1993 Debet
1894 1944 2035 1994 enim
2060 1944 2355 2011 impietatis
2463 1990 2465 2003 ρ

2463 1939 2775 2008 μυστηρίων
2826 1940 2923 1990 οὐκ
2960 1939 3341 2007 ἀξιωθήσεται.
3368 1941 3637 2007 Πρότερον
3671 1942 3779 2008 γὰρ
3821 1943 4024 2008 ὀφείλει

801 2023 989 2075 sordes
1020 2024 1259 2086 abluere,
1294 2036 1345 2078 ct
1375 2028 1445 2078 ita
1471 2029 1679 2083 admitti
1707 2048 1720 2083 :
1747 2040 1796 2083 et
1836 2042 1958 2098 post
1994 2035 2355 2099 prmstitutum
2458 2046 2465 2077 ε

2458 2029 2557 2095 τῆς
2596 2029 2845 2090 ἀσεϐείας
2878 2030 2973 2097 τὴν
3010 2030 3306 2098 βεϐήλωσιν
3326 2031 3707 2094 ἀπονίψασθαι,
3737 2032 4026 2092 καὶνοῦτως

800 2123 1015 2182 tempus
1042 2128 1240 2171 sancire
1293 2122 1455 2173 etiam
1488 2123 2001 2178 communicationis
2062 2125 2152 2180 fiet
2185 2128 2356 2194 parli-
2457 2119 2464 2165 ί

2457 2117 2749 2185 δεχθῆναι·
2795 2118 2885 2169 καὶ
2945 2120 3080 2184 μετὰ
3115 2118 3204 2169 τὸν
3258 2118 3657 2185 νενομισμένον,
3700 2120 3901 2185 καιρὶν
3940 2119 4024 2169 xxi

800 2217 946 2270 ceps.
2455 2207 2554 2276 τῆς
2586 2208 2747 2272 ἁγίας
2787 2207 3133 2275 μεταλήψεως
3164 2210 3446 2274 γενήσεται
3479 2209 3720 2274 μέτοχος.

870 2289 1065 2345 luterr.
1130 2295 1218 2347 50.
1265 2295 1592 2352 Vica-norum
1649 2302 1819 2355 turba
1872 2317 2019 2367 eum,
2076 2304 2167 2372 qui
2224 2304 2357 2374 ipsis

2539 2298 2727 2363 Ἐρώτ.
2765 2299 2862 2350 νϐ’.
2898 2297 3081 2365 Πλήθη
3133 2298 3398 2365 χωριτικὰ
3448 2297 3536 2347 τὸν
3584 2297 3855 2349 δοκοῦντα
3900 2294 4021 2348 τοῦ·

798 2382 1013 2434 videtur
1040 2399 1159 2437 csse
1188 2385 1384 2453 dignus
1429 2390 1742 2458 episcopali,
1773 2392 1854 2444 vel
1900 2393 2231 2447 sacerdotali
2273 2394 2350 2446 di-
2459 2408 2462 2421 '

2459 2405 2566 2449 τοις
2594 2388 2740 2451 ἄξιον
2776 2384 2911 2441 εἶναι
2949 2389 3084 2457 πρὸς
3128 2386 3341 2454 ἀξίωμα
3389 2389 3744 2440 ἐπισκοπικδν
3790 2389 3825 2457 ἦ
3880 2392 4024 2455 lepa-

802 2474 1031 2541 gnitate,
1062 2476 1193 2528 mihi
1237 2478 1524 2542 exhibent;
1562 2490 1857 2549 petuntque
1889 2490 1946 2535 ut
1996 2485 2112 2537 sine
2138 2482 2354 2552 repulsa
2457 2498 2466 2514 ι

2457 2480 2604 2532 τικὸν
2636 2480 2939 2548 παριστῶσί
2972 2496 3060 2547 μοι
3084 2493 3098 2508 ⁶
3133 2479 3224 2531 καὶ
3254 2478 3473 2546 ζητοῦσι
3526 2478 3665 2529 κατὰ
3692 2479 3750 2529 τὸ
3782 2481 4026 2545 ἀπαραί-

803 2566 1147 2617 renuntietur
1178 2566 1576 2636 ordineturque
1607 2570 1871 2638 pontifex,
1926 2580 2021 2625 aut
2070 2573 2348 2635 sacerdos,
2456 2589 2467 2611 ε

2456 2588 2615 2639 τητον
2638 2570 3070 2638 ἐπικηρυχθῆνσιι
3098 2569 3192 2621 καὶ
3250 2568 3688 2636 χειροτονηθῆναι
3732 2570 4022 2635 ἀρχιερέα,

799 2652 880 2701 vel
944 2653 1229 2707 diaconus.
1288 2655 1482 2719 Qumro
1546 2659 1742 2726 igitur,
1804 2676 1869 2713 an
1924 2662 2352 2717 acclamationes
2454 2667 2463 2714 ι

2454 2664 2486 2731 ἢ
2517 2661 2780 2715 διάκονον.
2824 2660 2977 2728 Ζητῶ
3003 2660 3176 2711 τοίνυν
3216 2658 3404 2726 μαθεῖν
3456 2660 3503 2708 εί
3534 2661 3651 2718 ταῖς
3682 2663 3895 2725 φωναῖς
3920 2662 4026 2711 τῶν

801 2742 981 2808 populi
1009 2745 1159 2811 sequi
1197 2748 1489 2812 compellar
1513 2749 1561 2798 δ.
2453 2755 2465 2805 ί

2453 2754 2621 2822 ὄχλων
2645 2751 3064 2819 ἀναγκαζόμεθα
3095 2749 3530 2801 κατακολουθεῖν.

869 2828 1021 2895 Resp.
1064 2830 1200 2884 Olim
1234 2835 1524 2900 aliquando
1553 2837 1926 2893 ordinationes
1954 2841 2347 2908 episcoporum,

2536 2846 2654 2895 ’Arl.
2677 2842 2859 2894 Πάλαι
2883 2841 3009 2892 ποτὲ
3035 2841 3089 2891 αί
3116 2840 3437 2908 χειροτονίαι
3457 2838 3565 2889 τῶν
3593 2839 3919 2890 ἐπισκόπων
3934 2841 4026 2890 καὶ

795 2926 847 2968 et
881 2920 1216 2985 reiiquorum
1245 2923 1417 2975 sacris
1465 2924 1798 2978 initiatorum
1833 2928 2118 2981 ordinibus
2153 2928 2353 2983 ﬁebant
2453 2950 2459 2966 ι

2453 2933 2562 2983 τῶν
2599 2931 2798 2982 λοιπῶν
2851 2931 3161 2998 ἱερωμένων
3197 2930 3262 2979 δι’
3315 2929 3570 2994 ἐπιλογῆς
3602 2927 3693 2979 τοῦ
3733 2928 3897 2995 ὄχλου
3929 2932 4023 2979 καὶ

795 3026 891 3077 per
919 3012 1236 3065 electionem
1273 3014 1658 3076 multitudinis,
1688 3031 2006 3086 eorumque,
2062 3020 2157 3086 qui
2187 3020 2348 3074 simul
2453 3040 2459 3056 ι

2453 3022 2561 3075 τῶν
2592 3019 3170 3090 παραδυναστευόντων
3194 3019 3427 3084 ἐγίνοντο
3452 3036 3462 3047 ο
3494 3020 3520 3069 ὁ
3540 3018 3595 3068 δὲ
3618 3025 3682 3083 ιγ
3710 3019 3897 3069 κανὼν
3926 3020 4024 3085 τῆς

796 3102 1157 3167 ἱιηριΐιιιιαηῑ.
1192 3102 1441 3156 Decimus
1484 3106 1676 3157 tertius
1726 3116 1903 3159 autem
1936 3121 2109 3160 canon
2157 3108 2351 3162 Laodi-
2374 3129 2420 3185 ο
2454 3115 2460 3164 i

2374 3129 2420 3185 ο
2454 3115 2509 3165 ἐν
2545 3109 2834 3178 Λαοδικείᾳ
2864 3110 3104 3167 συνόδου,
3140 3110 3231 3159 καὶ
3263 3109 3289 3158 ὁ
3318 3108 3362 3170 γ’
3390 3106 3565 3157 κανὼν
3598 3107 3695 3174 τῆς
3727 3108 3900 3172 ἁγίας
3927 3109 4025 3158 καὶ

794 3204 943 3241 cenre
989 3192 1201 3258 synodi,
1250 3203 1299 3244 et
1345 3192 1380 3245 3
1431 3208 1602 3247 canon
1651 3208 1852 3249 sanctae
1900 3207 1951 3249 et
1996 3201 2347 3255 meumenicze
2449 3218 2458 3249 ε

2449 3199 2829 3267 οίκουμενικῆς
2883 3196 2928 3258 ζ’
2962 3198 3176 3249 συνόδου
3200 3237 3214 3260 ,
3258 3197 3351 3255 τὰς
3390 3196 3641 3257 τοιαύτας
3678 3198 4020 3264 χειροτονίας

792 3278 823 3330 7
859 3282 1065 3347 synodi,
1106 3282 1409 3347 huiusmodi
1456 3285 1826 3339 ordinationes
1871 3288 1935 3339 ab
1978 3291 2347 3345 ecclesiastico
2452 3312 2456 3336 ι

2452 3289 2559 3341 ἀπὸ
2593 3292 2689 3357 τῆς
2721 3287 3181 3356 ἐκκλησιαπικῆς
3216 3287 3560 3348 ἀπεξένωσαν
3598 3286 4020 3344 καταστάσεως.

796 3370 982 3435 rejecit
1020 3379 1181 3425 statu.
1214 3372 1305 3426 ille
1346 3374 1488 3426 cnim
1540 3376 1635 3437 ait,
1689 3377 1860 3431 turbis
1914 3394 2018 3431 non
2072 3395 2191 3434 esse
2223 3397 2346 3449 per-

2464 3380 2520 3431 'O
2563 3380 2659 3447 μὲν
2681 3379 2787 3448 γάρ
2817 3394 2947 3445 φησι
2976 3377 3105 3445 περ)⁵
3135 3375 3225 3427 τοῦ
3250 3377 3323 3443 μὴ
3352 3375 3527 3442 ὄχλοις
3570 3375 3895 3438 ἐπιτρέπειν
3926 3374 4024 3433 τὰς

795 3461 1114 3515 mittendum
1148 3478 1353 3526 eorum,
1386 3466 1473 3531 qui
1510 3476 1637 3519 sunt
1692 3468 1743 3519 in
1784 3470 2091 3524 sacerdotio
2145 3475 2348 3525 consti-
2450 3470 2459 3519 ί

2450 3468 2677 3534 ἐκλογὰς
2726 3467 2991 3520 ποιεῖσθαι
3028 3465 3137 3516 τῶν
3181 3464 3481 3532 μελλόντων
3531 3462 3897 3515 καθίστασθαι
3946 3466 4022 3521 είς

793 3549 1007 3612 tuendi,
1040 3550 1363 3606 electionem
1405 3554 1603 3606 facere.
1656 3554 1750 3608 ilic
1780 3566 1957 3611 autem
1996 3562 2343 3625 pronuntiat:
2453 3560 2457 3607 1

2453 3560 2746 3625 ίερᾱτεῖοψ
2786 3557 2814 3607 ὁ
2848 3555 2903 3606 δὲ
2949 3553 3121 3606 ταῦτα
3150 3552 3389 3615 διέξεισι,
3422 3552 3607 3602 Πᾶσαν
3657 3550 3839 3617 ψῆφον
3872 3567 4020 3615 γινο-

793 3640 1017 3693 Omnem
1051 3642 1391 3705 electionem,
1451 3658 1570 3711 quae
1605 3646 1660 3697 iit
1703 3661 1729 3697 ιι
1765 3648 2189 3714 magistratibus,
2232 3653 2348 3719 epi—
2455 3702 2457 3710 ,

2455 3648 2622 3717 μένην
2651 3646 2800 3714 παρὰ
2828 3645 2935 3697 τῶν
2957 3645 3252 3712 ἀρχόντων,
3282 3642 3601 3704 ἐπισκόπου,
3641 3641 3673 3708 ἦ
3710 3642 4022 3707 πρεσϐυτι-

792 3729 968 3797 scopi,
1005 3733 1085 3785 vel
1118 3733 1440 3809 presbyteri,
1468 3736 1548 3789 vel
1578 3736 1814 3798 diaconi,
1849 3739 2054 3791 irritam
2088 3757 2341 3797 manere:
2454 3763 2456 3802 ι

2454 3752 2567 3803 pou,
2600 3735 2629 3802 ἢ
2655 3732 2926 3795 διακόνου,
2959 3732 3160 3799 ἄκυρον
3190 3730 3386 3797 μένειν,
3420 3728 3556 3780 κατὰ
3586 3728 3676 3778 τὸν
3697 3729 3908 3780 κανόνα
3931 3730 4021 3777 τὸν

790 3834 855 3869 (τι
885 3835 1090 3874 canone
1128 3822 1361 3885 dicente,
1397 3823 1452 3875 Si
1486 3827 1607 3892 quis
1667 3829 1954 3895 episc0pus
1990 3833 2344 3886 saecularibus
2449 3824 2454 3874 ἶ

2449 3824 2692 3891 λέγοντα.
2728 3823 2795 3874 Εἴ
2817 3840 2899 3883 τις
2923 3822 3214 3882 ἐπίσκοπος
3242 3821 3517 3888 κωμικοῖς
3548 3818 3777 3886 ἄρχουσι
3800 3818 4023 3905 χρησό-

794 3912 1197 3978 magistratibus
1237 3929 1387 3981 usus,
1425 3932 1518 3984 per
1550 3932 1643 3970 eos
1696 3917 1980 3972 ecclesiam
2024 3920 2342 3982 obtinuerit,
2452 3932 2458 3982 ι

2452 3930 2631 3982 μενος,
2662 3912 2727 3965 δι’
2752 3912 2928 3965 αὐτῶν
2942 3911 3212 3980 ἐγκρατὴς
3238 3909 3529 3978 ἐκκλησίας
3550 3908 3797 3976 γένηται,
3818 3907 4014 3959 καθαι-

790 3999 1093 4065 deponatur
1118 4040 1132 4063 ,
1166 4010 1217 4054 et
1261 4015 1575 4072 segregetur
1598 4047 1610 4070 ,
1654 4015 1705 4058 et
1739 4023 1929 4061 omnes
1983 4009 2071 4076 qui
2132 4025 2253 4062 cum
2282 4027 2344 4065 eo

2454 4004 2649 4073 ρείσθω
2698 4002 2789 4053 καὶ
2843 4000 3205 4069 ἀφοριζέσθω,
3244 4000 3340 4051 καὶ
3366 4001 3413 4051 oi
3459 3997 3844 4056 κοινωνοῦντες
3869 3996 4024 4063 αὐτῷ

791 4092 1219 4143 communicant.
1255 4091 1475 4159 Oportet
1504 4096 1646 4147 enim
1673 4111 1818 4157 eum,
1848 4098 1940 4163 qui
2001 4106 2081 4150 est
2130 4115 2346 4167 promo-
2452 4116 2455 4127 λ

2452 4094 2675 4153 πάντες.
2702 4091 2916 4159 Δεῖγὰρ
2943 4091 3031 4142 τὸν
3058 4090 3321 4159 μέλλοντα
3343 4087 3769 4157 προϐιθάξεσθαι
3799 4088 3881 4147 είς
3908 4089 4027 4136 ἐπι-

790 4178 1001 4232 vendus
1024 4178 1089 4232 ad
1117 4181 1512 4250 episcopatum,
1544 4184 1608 4235 ab
1632 4186 1899 4252 episcopis
1946 4187 2068 4251 eligi
2092 4228 2105 4246 ,
2156 4200 2347 4253 quem-
2452 4213 2454 4224 ε

2452 4184 2680 4250 σκοπὴν,
2737 4181 2840 4233 ὑπὸ
2883 4180 3195 4232 ἐπισκόπων
3248 4177 3606 4246 ψηφίζεσθαι·
3679 4176 3866 4236 καθὼς
3930 4177 4023 4226 καὶ

789 4268 1080 4321 admodum
1118 4284 1146 4321 a
1173 4273 1379 4323 sanctis
1421 4269 1673 4325 Patribus
1704 4271 1877 4325 Nicea:
1931 4272 2207 4326 decretum
2243 4283 2345 4337 est,

2453 4273 2604 4341 παρὰ
2638 4270 2750 4330 τῶν
2773 4268 2943 4335 ἁγίων
3004 4269 3263 4336 Πατέρων
3299 4267 3407 4317 τῶν
3445 4269 3499 4318 ἐν
3524 4265 3727 4332 Νικαίᾳ
3758 4264 4020 4332 ὥρισται,

790 4358 843 4408 in
879 4373 1089 4412 canone
1122 4360 1213 4427 qui
1252 4360 1418 4413 dicit:
1468 4360 1794 4429 Episcopum
1841 4372 2056 4429 oportet
2115 4366 2347 4416 maxime
2453 4390 2454 4407 ι

2453 4366 2507 4413 ἐν
2528 4362 2604 4428 τῷ
2640 4359 2822 4412 κανόνι
2857 4358 2931 4425 τῷ
2954 4358 3187 4423 λέγοντι.
3242 4357 3571 4407 Ἐπίσκοπον
3616 4356 3887 4422 προσήκει
3918 4351 4023 4422 μό·

789 4447 1005 4513 quidem
1037 4449 1104 4501 ab
1128 4449 1399 4513 omnibus,
1437 4451 1683 4517 qui‘sunt
1715 4452 1767 4503 in
1807 4452 2103 4518 provincia,
2134 4454 2343 4505 consti-
2383 4433 2425 4486 Β

2383 4433 2425 4486 D
2452 4452 2609 4503 λιστα
2632 4451 2728 4519 μὲν
2757 4450 2857 4500 ὑπὸ
2891 4449 3104 4500 πάντων
3138 4446 3244 4497 τῶν
3275 4449 3331 4497 ἐν
3379 4449 3442 4513 τῇ
3483 4444 3722 4512 ἐπαρχίᾳ.
3753 4444 4021 4495 καθίστα-

795 4538 910 4587 tui:
954 4537 1000 4589 si
1064 4549 1246 4590 autem
1305 4539 1402 4591 hoc
1476 4539 1689 4593 diliicile
1743 4540 1927 4600 fuerit,
1990 4542 2070 4593 vel
2130 4550 2346 4609 propter
2458 4568 2459 4580 ι

2458 4542 2617 4593 σθαι·
2648 4541 2694 4591 εί
2718 4541 2772 4590 δὲ
2798 4538 3053 4605 δυσχερὲς
3083 4538 3165 4604 εῖη
3192 4535 3371 4593 τοῦτο,
3404 4527 3544 4602 ἢδιῗὰ
3578 4536 4022 4599 κατεπείγουσαν

796 4633 1081 4692 urgentem
1122 4628 1529 4688 necessitatem,
1591 4627 1670 4678 vel
1701 4637 1923 4699 prOpter
1975 4630 2073 4680 vim
2108 4629 2345 4697 longitu-
2454 4654 2460 4682 4

2454 4634 2718 4698 ἀνάγκην,
2749 4629 2780 4694 ἦ
2810 4629 2896 4679 διὰ
2931 4628 3101 4695 μῆκος
3134 4626 3274 4689 ὀδοῦ,
3310 4625 3367 4687 ἐξ
3394 4625 3629 4682 ἅπαντος
3664 4624 3817 4688 τρεῖς
3850 4622 3947 4672 ἐπὶ
3968 4620 4023 4671 τὸ

790 4716 994 4775 dinem,
1026 4726 1133 4769 tres
1157 4716 1378 4768 omnino
1396 4715 1580 4768 eodem
1607 4717 2015 4778 convenientes,
2038 4717 2103 4769 iis
2132 4733 2347 4785 quoque

2453 4723 2586 4774 αὐτὸ
2614 4719 3029 4785 συναγομένους,
3088 4715 3392 4783 συμψήφων
3444 4713 3744 4778 γινομένων
3792 4713 3889 4762 καὶ
3920 4710 4020 4760 τῶν

789 4806 879 4872 qui
910 4806 1135 4864 absunt,
1170 4807 1327 4857 simul
1355 4806 1671 4874 suﬂi'agium
1708 4806 2028 4868 ferentibus,
2069 4816 2122 4859 et
2158 4821 2347 4861 assen-

2454 4812 2718 4873 ἀπόντων,
2774 4807 2865 4859 καὶ
2917 4806 3313 4872 συντιθεμένων
3363 4801 3449 4853 διὰ
3488 4801 3857 4868 γραμμάτων,
3902 4800 4020 4849 τότε

787 4893 1048 4948 tientibus
1104 4905 1198 4962 per
1266 4896 1507 4955 litteras,
1552 4904 1677 4948 tunc
1747 4896 1925 4949 facere
1998 4897 2344 4949 electionem.

2456 4901 2551 4967 τὴν
2584 4896 2912 4967 χειροτονίαν
2958 4892 3249 4945 ποιεῖσθαι.
3287 4892 3358 4943 Τὸ
3388 4890 3440 4941 δὲ
3471 4889 3637 4956 κῦρος
3666 4888 3772 4938 τῶν
3804 4888 4023 4954 γινομέ-

789 4984 987 5037 Eorum
1031 4995 1232 5046 autem,
1295 5001 1413 5053 qua:
1468 5000 1495 5035 a
1559 5001 1613 5039 5c
1674 4986 1826 5049 ﬁunt,
1878 4986 2344 5040 confirmationem

2456 5006 2561 5039 νων
2600 4987 2831 5038 δίδοσθαι
2889 4983 3011 5036 καθ’
3038 4982 3274 5049 ἑκάστην
3323 4978 3591 5047 ἐπαρχίαν
3624 4976 3703 5044 τῷ
3737 4992 4020 5044 μητροπο-

790 5076 918 5127 dare
967 5076 1261 5142 unicuique
1310 5077 1745 5145 metropolitano.
2456 5076 2597 5145 λίτῃ.

863 5164 1055 5219 Interr.
1091 5165 1177 5219 60.
1211 5166 1388 5219 Liberi
1414 5184 1476 5220 ex
1509 5170 1766 5222 secundis
1814 5170 2015 5235 nuptiis
2049 5173 2342 5237 procreati,

2542 5164 2734 5232 'Epcbt.
2785 5162 2844 5226 ξ’.
2883 5164 2945 5216 Oi
2990 5160 3083 5212 τοῦ
3133 5158 3385 5225 δευτέρου
3417 5156 3594 5223 γάμου
3646 5154 3862 5215 παῖδες,
3924 5155 4012 5204 καὶ

786 5268 837 5309 ct
875 5258 966 5325 qui
998 5272 1059 5309 ex
1095 5259 1327 5319 ancillis,
1368 5274 1428 5312 ac
1464 5260 1815 5322 concubinis,
1856 5260 2160 5313 sacerdotio
2192 5262 2341 5331 digni

2457 5260 2505 5311 οἱ
2538 5257 2643 5308 ἀπὸ
2668 5255 2916 5306 δουλίδων
2973 5252 3066 5304 καὶ
3119 5247 3407 5302 παλλακῶν
3446 5243 3749 5312 τεχθέντες,
3782 5244 4018 5311 ἀξιωθή-

787 5347 1195 5415 iudicabuntur,
1231 5350 1451 5401 annon?

2463 5364 2641 5399 σονται
2672 5344 2991 5415 ἱερωσύνης,
3028 5344 3061 5411 ἢ
3088 5340 3183 5405 ob;

859 5441 1007 5508 Resp.
1033 5441 1403 5495 Secundarum
1439 5442 1747 5509 nuptiarum
1787 5442 1937 5495 liberi
1962 5442 2104 5494 nulla
2133 5443 2342 5496 ratione

2523 5442 2578 5491 Ἀ
2593 5439 2729 5489 πόκ.
2759 5438 2821 5492 Oi
2840 5434 2931 5486 τοῦ
2951 5432 3200 5499 δευτέρου
3220 5430 3395 5498 γάμου
3422 5429 3606 5490 παῖδες
3624 5426 3685 5491 ἐξ
3702 5423 3915 5485 οὐδενὸς
3939 5423 4011 5474 λό’

2052 5613 2275 5666 VARME
2318 5610 2708 5665 LECTIONES.

863 5708 889 5751 δ
916 5726 977 5760 nu
1026 5725 1162 5761 voces
1202 5722 1471 5775 βορηίην-ες
1521 5709 1663 5773 sequi
1699 5720 1961 5773 cogamur.
