4214 6450
187 472 320 540 1009

1002 478 1379 539 ῐῖΕδΡΟΝΞᾹ
1426 478 1524 536 AD
1563 473 2281 536 INFERROGATIONES
2317 473 2572 534 MARCI.

3217 470 3347 535 1(‘10

188 626 285 673 γου
319 606 611 659 κωλύονται
662 604 923 671 ἱερᾶσθαι.
964 602 1020 653 '0
1067 604 1172 670 γὰρ
1199 602 1289 653 ἐπὶ
1318 601 1408 653 τοῦ
1450 602 1723 668 Ιιορφυρο-
1750 604 1801 660 Α
1826 618 1852 653 ν

1683 618 1723 651 i-
1750 604 1801 660 Α
1826 610 2072 654 vetantur
2110 602 2282 653 sacris
2314 600 2595 653 ordinibus
2620 597 2842 650 initiari.
2894 596 3159 665 Synodica
3204 595 3347 647 enirn

185 694 441 761 γεννήτου
488 694 578 744 καὶ
622 687 875 758 βασιλέως
938 689 1125 755 κυρίου
1180 688 1578 740 Κωνσταντίνου
1632 703 1723 752 γε-

186 782 357 845 γονὼς
393 781 552 847 τόμος
579 779 844 837 συνοδικὸς
868 778 943 843 τῷ
969 776 1167 844 πρώτῳ
1184 776 1342 844 γάμῳ
1364 777 1451 827 τὸν
1478 776 1724 843 δεύτερον

187 872 279 920 ἐπὶ
333 871 498 919 πᾶσιν
539 866 779 930 ὲξίσωσε.
806 866 894 916 Διὸ
931 865 1024 915 καὶ
1053 864 1358 926 ὑπεξούσιοι
1407 865 1723 933 κληρονόμοι

187 958 280 1008 τοῦ
305 957 503 1025 πατρός
526 960 683 1008 είσιν.
719 955 875 1006 Ἀλλὰ
900 956 991 1007 καὶ
1023 956 1071 1007 ol
1106 956 1212 1007 ἀπὸ
1230 954 1476 1006 δουλίδων
1514 957 1726 1021 τεχθέν-

186 1061 299 1105 τες,
340 1046 433 1096 καὶ
463 1044 769 1109 ἐλευθερίας
798 1042 1135 1105 ἀξιωθέντες,
1165 1042 1421 1102 ὡσαύτως
1445 1042 1536 1094 καὶ
1583 1043 1631 1093 oi
1665 1044 1728 1094 lx

189 1133 478 1187 παλλακῶν
509 1133 876 1200 γεννηθέντες,
907 1131 966 1182 οὐ
1000 1130 1392 1198 κωλυθήσονται
1414 1130 1724 1197 ίερωθῆναι.

187 1224 373 1289 Αίγὰρ
395 1222 623 1289 μητέρες
648 1222 824 1271 αὐτῶν
840 1222 1503 1287 ὲπιτιμίθιςπορνευόντων
1528 1221 1727 1271 ὑπέπε-

188 1328 299 1369 σον,
326 1311 477 1361 αὐτοὶ
507 1310 561 1360 δὲ
590 1310 738 1361 οὐδὲν
764 1311 1028 1375 ἥμαρτον,
1056 1308 1147 1360 καὶ
1168 1309 1251 1359 διὰ
1288 1308 1443 1358 τοῦτο
1472 1309 1590 1359 οὐδὲ
1614 1310 1730 1357 ἑπι-

186 1396 383 1461 τιμίοις
411 1395 740 1445 ὑπόκεινται.
767 1396 921 1446 Κατὰ
958 1394 1083 1458 γοῦν
1109 1396 1231 1455 τοὺς
1258 1393 1477 1454 λοιποὺς
1522 1391 1729 1462 ἀνθρὼο

188 1499 322 1543 πους
351 1485 470 1543 τοὺς
500 1484 663 1551 μηδὲν
700 1484 1102 1550 ἡμαρτηκότας,
1134 1484 1225 1534 καὶ
1257 1484 1409 1534 αὐτοὶ
1460 1483 1618 1549 τιμῆς
1650 1482 1725 1532 ἱε-

191 1571 416 1637 ρατικῆς
440 1572 577 1621 κατὰ
608 1572 831 1631 κανόνας
864 1569 1276 1637 ἁξιωθήσονται.

277 1679 477 1744 Ἐρώτ.
568 1678 667 1742 ξεί.
757 1679 1127 1745 Ἀναγνώστης
1206 1680 1357 1749 παρά
1428 1680 1727 1747 ἡγουμένου

188 1771 508 1834 ἐπιτραπεὶς
567 1770 767 1819 διέπειν
819 1770 1072 1835 κτήματα
1121 1772 1550 1836 μοναστηριακά,
1588 1770 1728 1820 θέλει

1825 690 2061 753 decisio,
2102 690 2241 742 facta
2277 699 2511 756 tempore
2563 687 2900 756 imperatoris
2959 685 3156 737 domini
3210 683 3351 737 Con-

1826 780 2047 835 atantini
2080 779 2619 847 Porpltyrogennetae,
2648 777 2837 843 primis
2857 774 3059 842 nuptiis
3085 773 3352 825 secundas

1828 874 1882 923 in
1916 870 2167 921 omnibus
2209 868 2527 935 exaequavit.
2600 864 2828 930 Ideoque
2882 872 2934 916 et
2980 864 3061 915 sui
3118 860 3354 913 ltmredvs

1827 966 1953 1013 sunt
1986 961 2148 1024 patri.
2188 957 2290 1010 Sed
2320 965 2372 1010 et
2400 957 2491 1023 qui
2520 971 2584 1009 ex
2626 953 2837 1006 ancillis
2871 953 3005 1012 nati,
3068 960 3121 1003 et
3172 949 3354 1000 donati

1826 1048 2092 1109 libertate,
2126 1046 2347 1113 parique
2380 1044 2559 1105 modo,
2587 1042 2680 1110 qui
2712 1056 2777 1094 ex
2806 1040 3121 1093 concubinis
3166 1037 3354 1105 geniti,

1828 1151 1932 1186 non
1985 1143 2230 1186 vetantur
2260 1133 2485 1185 sacrari.
2519 1130 2713 1183 Matres
2762 1129 2906 1181 enim
2948 1142 3132 1178 eorum
3186 1127 3358 1191 poenis

1828 1226 2175 1277 scortantium
2204 1223 2553 1274 succiderunt
2584 1229 2630 1280 ε,
2666 1216 2766 1284 ipsi
2805 1222 2980 1267 autem
3046 1214 3178 1263 nihil
3220 1213 3357 1263 deli-

1829 1325 2097 1382 querunt:
2133 1311 2481 1381 quamobrem
2510 1322 2607 1360 nec
2658 1305 2834 1374 pennis
2868 1303 3254 1369 subjiciuntur.
3294 1301 3363 1354 Ut

1832 1404 2024 1471 reliqui
2065 1404 2226 1469 igitur
2259 1400 2522 1461 homines,
2554 1398 2645 1467 qui
2676 1396 2807 1448 nihil
2844 1400 3156 1463 peccarunt,
3191 1391 3364 1443 hono-

1833 1508 1944 1546 rem
1972 1490 2356 1545 sacerdotalem
2386 1488 2682 1540 secundum
2708 1496 2946 1536 canones
2968 1487 3367 1534 consequentur

1833 1586 1886 1631 et
1916 1578 2034 1645 ipsi.

1902 1687 2093 1739 Interr.
2126 1686 2212 1738 6L
2250 1684 2436 1737 Lector
2472 1688 2733 1750 potestate
2786 1693 2813 1731 a
2859 1677 3041 1745 priore
3070 1674 3096 1712 ἀ
3126 1680 3366 1741 accepta,

1833 1776 2248 1831 administrandi
2307 1774 2682 1842 possessiones
2755 1765 3199 1821 monasteriales.
3257 1761 3370 1813 vult

168 1857 566 1924 -προκαθῆσθαι
616 1857 720 1907 τῶν
767 1860 939 1907 ἐκεῖσε
978 1858 1143 1909 ὄντων
1182 1858 1385 1925 ἱερέων,
1414 1860 1503 1911 καὶ
1532 1860 1729 1910 λοιπῶν
1762 1896 1802 1948 Β
1831 1884 1832 1889 η

1706 1875 1729 1909 ν
1762 1896 1802 1948 Β
1831 1866 2130 1935 praecedere
2166 1863 2491 1924 sacerdotes,
2523 1870 2575 1914 et
2610 1860 2742 1912 alios
2769 1856 2997 1910 clericos
3066 1853 3176 1903 illic
3230 1848 3370 1901 etsi-

188 1945 481 2011 κληρικῶν,
518 1947 608 1996 καὶ
660 1948 717 1996 ἐν
764 1949 881 2006 ταῖς
932 1947 1096 2014 ἱεραῖς
1154 1948 1453 2011 ἁγιστείαις
1484 1950 1618 2014 μετὰ
1642 1948 1730 1999 τὸν

188 2032 487 2097 ἡγούμενον
513 2034 962 2100 μνημονεύεσθαι.
1012 2035 1225 2103 Ἐρωτῶ
1250 2036 1430 2088 τοίνυν
1465 2036 1654 2105 μαθεῖν
1685 2037 1732 2087 εί

188 2123 366 2183 καλῶς
398 2124 525 2189 περὶ
554 2122 739 2174 τούτου
771 2124 1076 2189 φιλονεικεῖ.

272 2233 471 2286 Ἀπόκ.
502 2233 667 2298 Τάξις
698 2237 909 2302 συνέχει
934 2234 1000 2287 τὰ
1037 2237 1261 2305 οὐράνια
1282 2238 1467 2289 καὶτὰ
1499 2238 1730 2304 ἐπίγεια.

186 2322 277 2371 Διὸ
312 2324 400 2371 καὶ
430 2324 456 2372 ὁ
487 2324 685 2391 Κύριος
743 2325 895 2391 ἡμῶν
943 2324 1147 2392 Ἰησοῦς
1174 2327 1429 2394 Χριστὸς,
1452 2326 1549 2393 τῆς
1581 2344 1731 2379 κενο-

188 2410 365 2472 δοξίας
397 2412 733 2463 ἀναστέλλων
789 2410 884 2481 τὴν
926 2414 1282 2481 ματαιότητα,
1312 2416 1483 2468 Ὅταν
1536 2416 1734 2486 κληθῇς

190 2502 268 2560 εἰς
300 2502 473 2566 γάμον
517 2501 617 2551 ὑπό
664 2518 827 2564 τινος,
860 2502 1079 2568 ἔφησεν,
1116 2507 1193 2563 είς
1223 2505 1613 2575 πρωτοκλισίας
1643 2508 1725 2558 τά·

191 2606 369 2657 πητας
395 2591 468 2659 μὴ
498 2592 810 2661 ἀνακλιθῇς,
842 2593 955 2645 ἀλλ’
986 2595 1065 2653 είς
1094 2593 1318 2662 ἔσχατον
1340 2594 1501 2645 τόπον
1533 2594 1733 2645 ἀνάπε-

191 2696 283 2729 σον
315 2695 329 2707 ·
361 2682 446 2730 ἵνα
478 2681 715 2749 ἀκούσῃς
764 2684 910 2749 παρὰ
959 2683 1050 2734 τοῦ
1095 2685 1418 2751 κεκληκότος
1452 2701 1507 2734 σε
1545 2700 1561 2717 ο
1594 2684 1736 2747 Φίλε,

192 2768 586 2836 προσκνὰὅηοι.
651 2770 757 2821 Καὶ
789 2768 959 2830 οὕτως
1007 2769 1159 2823 ἔσται
1224 2787 1303 2821 σοι
1358 2769 1485 2833 δόξα
1549 2769 1734 2836 πολλή.

202 2857 263 2907 Ὀ
296 2856 421 2921 γοῦν
454 2856 629 2923 ζητῶν
682 2859 1034 2927 ἀναγνώστης
1071 2858 1173 2927 πρὸ
1203 2858 1308 2909 τῶν
1360 2859 1545 2926 ἱερέων
1604 2857 1739 2909 me-

192 2945 377 3011 ἧσθαι,
399 2947 490 2995 καὶ
530 2947 668 3012 μετά
705 2948 795 2996 τὸν
824 2947 1125 3013 ἡγούμενον
1160 2946 1603 3015 μνημονεύεσθαι,
1629 2947 1738 3007 τοῖς

195 3035 488 3099 Κυριακοῖς
521 3036 916 3101 ὲναντιοφρονεῖ
932 3034 1406 3101 παραγγέλμασιν.
1434 3036 1494 3085 Εἰ
1523 3035 1577 3085 δὲ
1601 3036 1739 3086 κατά

190 3120 290 3187 τὴν
319 3120 567 3185 διήγησίν
598 3137 688 3171 σου
714 3123 741 3171 ὁ
776 3122 1127 3188 ἀναγνώστης
1147 3122 1224 3179 είς
1256 3120 1438 3190 χώραν
1465 3123 1736 3189 ἐπιδημεῖ,

194 3207 605 3274 καθηγουμένου
628 3209 788 3259 τόπον
824 3210 1168 3276 ἀναπληρῶν,
1209 3196 1505 3271 ἀκινδύνως
1542 3212 1740 3279 μᾶλλον
1768 3191 1811 3248 c

192 3296 247 3346 δὲ
282 3296 443 3357 ἀξίως
480 3295 772 3361 φιλονεικεί
810 3297 915 3364 πρὸ
982 3298 1087 3349 τῶν
1115 3300 1299 3368 ἱερέων
1336 3299 1621 3365 καθῆσθαι,
1650 3301 1743 3351 καὶ

198 3384 651 3448 μνημονεύεσθαι,
681 3386 754 3446 ὠς
777 3385 937 3436 τόπον
979 3387 1192 3454 ἐπέχων
1232 3387 1324 3438 τοῦ
1354 3387 1742 3456 ἐπιτρέψαντος

193 3470 341 3537 αύτῷ
388 3472 446 3522 τὸ
493 3471 877 3541 λειτούργημα.
929 3473 1037 3525 Καὶ
1072 3475 1399 3543 παρίσταται
1454 3476 1609 3526 τοῦτο
1639 3477 1745 3527 ἀπὸ

193 3560 285 3609 τοῦ
314 3558 355 3620 ζ’
398 3561 617 3620 κανόνος
651 3561 747 3628 τῆς
797 3564 855 3611 ὲν
902 3562 1152 3630 Τρούλλῳ
1193 3561 1285 3613 τοῦ
1321 3564 1552 3631 μεγάλου
1577 3563 1748 3614 παλα-

193 3647 308 3698 τίου
338 3647 605 3711 συστάσης
661 3648 819 3713 ἁγίας
861 3651 954 3699 καὶ
997 3650 1380 3717 οίκουμενικῆς
1429 3649 1480 3712 ς’
1529 3652 1745 3701 συνόδου

193 3736 250 3784 ὲν
310 3736 462 3799 μέρει
506 3736 672 3786 ταῦτα
733 3738 1039 3799 διεξιόντος.
1092 3739 1509 3807 Μεμαθήκαμεν
1540 3740 1594 3791 έν
1637 3756 1745 3791 τισι

192 3824 300 3874 τῶν
332 3824 662 3891 Ἐκκλησιῶν
696 3826 965 3888 διακόνους
1004 3830 1151 3888 τινὰς
1178 3829 1433 3898 αὐθαδείᾳ
1463 3831 1555 3880 καὶ
1588 3831 1747 3880 αὑτο-

193 3912 354 3980 νομίᾳ
406 3917 793 3981 κεχρημένους,
825 3917 1027 3981 τολμᾷν
1061 3918 1166 3985 πρὸ
1207 3917 1312 3969 τῶν
1352 3918 1740 3987 πρεσϐυτέρων

192 4000 538 4065 καθέζεσθαι,
618 4039 631 4053 .
710 4045 722 4057 .
802 4044 816 4057 .
895 4042 909 4055 .
989 4022 1001 4035 ·

193 4091 355 4150 ἐκτὸς
385 4093 433 4141 εί
490 4093 563 4160 μὴ
600 4095 658 4143 τὸ
688 4094 974 4161 πρόσωπον
1018 4096 1227 4161 ἐπέχων
1257 4095 1349 4148 τοῦ
1403 4094 1603 4145 οἰκείου
1641 4111 1748 4145 πα-

192 4181 471 4247 τριάρχου.
516 4183 547 4249 ἢ
584 4184 995 4251 μητροπολίτου,
1030 4187 1085 4235 ὲν
1132 4187 1292 4252 ἑτέρα
1328 4186 1475 4236 πόλει
1506 4188 1745 4253 παραγί-

194 4286 374 4335 νηται,
429 4272 519 4321 ἐπί
545 4288 650 4321 τινι
678 4273 972 4337 κεφαλαίῳ.
995 4274 1125 4323 Τότε
1162 4275 1287 4342 γὰρ,
1319 4274 1392 4334 ὡς
1422 4275 1510 4325 τὸν
1539 4274 1743 4325 ἐκείνου

190 4359 354 4407 τόπον
379 4359 723 4427 ἀναπληρῶν,
756 4361 1137 4427 τιμηθήσεται.

280 4552 476 4620 Ἐρὼτ.
532 4554 629 4620 ξβ¹.
694 4555 1109 4627 ’Λγροικώτερος
1180 4561 1353 4627 ἱερεὺς
1421 4562 1512 4611 ἐὰν
1565 4561 1744 4626 τρίτου

200 4644 373 4707 γάμου
433 4645 730 4711 ίερολογίαν
800 4649 1030 4715 ποιήσῃ,
1092 4651 1189 4716 τὴν
1256 4655 1609 4717 τριτογαμίαν
1670 4652 1746 4700 εί-

197 4731 320 4792 δὲιις,
366 4732 670 4801 κολασθείη,
718 4733 750 4801 ἢ
797 4735 871 4796 ὼς
904 4737 1161 4804 χωρίτης,
1213 4736 1536 4805 συγγνώμης
1584 4739 1747 4803 ἀξιω-

200 4820 417 4886 θήσεται
450 4838 463 4883 ;

279 4931 478 4985 Ἀπὸκ.
532 4930 589 4982 Ὀ
640 4931 737 4998 μὲν
791 4934 992 4999 φὰκτον
1038 4936 1339 5004 ἀγνοήσας,
1384 4930 1494 4996 οἷος
1540 4936 1605 4987 ἂν
1652 4937 1743 4988 καὶ

197 5021 365 5081 ἐστιν,
405 5020 644 5083 ἀξιοῦται
692 5023 829 5074 κατά
881 5022 1073 5091 νόμους
1120 5026 1473 5095 συγγνώμης’
1510 5028 1538 5077 ὁ
1573 5026 1628 5078 δὲ
1658 5027 1748 5078 νό-

201 5126 303 5175 μον
357 5111 659 5178 ἀγνοήσας,
691 5113 751 5163 ού
785 5114 1227 5179 συγγινώσκεται.
1269 5116 1490 5167 Ἐπεὶδὲ
1532 5118 1746 5184 ἀπδτῆς

196 5200 411 5267 Νεαρᾶς
434 5201 750 5268 νομοθεσίας
795 5202 885 5254 τοῦ
947 5205 1186 5273 ἀοιδίμου
1247 5207 1503 5275 βασιλέως
1557 5208 1741 5275 κυρίου

197 5290 603 5341 Κωνσταντίνου
636 5290 727 5341 τοῦ
780 5292 1291 5363 Πορφυρογεννήτου
1338 5296 1364 5345 ὁ
1412 5297 1590 5364 τρίτος
1640 5296 1740 5361 γά-

198 5393 297 5437 μος
328 5395 399 5444 πη
440 5378 535 5444 μὲν
562 5381 930 5444 συγγνωστέος
979 5384 1113 5446 ἐστὶ,
1164 5383 1239 5451 πῆ
1272 5384 1327 5436 δὲ
1368 5385 1743 5452 ἀσύγγνωστος

194 5470 266 5537 (υἱ
305 5470 409 5536 γάρ
444 5470 655 5537 ἔχοντες
685 5472 872 5534 παῖδας
898 5473 961 5525 ὲκ
988 5477 1199 5542 πρώτου
1256 5477 1285 5545 ἢ
1339 5479 1587 5546 δευτέρου
1633 5479 1742 5544 γά-

1772 4529 1824 4586 D

1831 1966 2058 2018 stentes,
2085 1963 2138 2006 et
2162 1954 2215 2005 in
2246 1952 2445 2006 sanctis
2475 1947 2755 2003 sacriﬁciis
2781 1954 2900 2013 post
2938 1940 3246 2010 praelectum
3280 1952 3370 1989 seu

1833 2046 2067 2114 priorem
2100 2058 2140 2105 ο,
2174 2040 2739 2096 commemorationem
2780 2035 2861 2089 sui
2889 2032 3023 2087 fieri.
3058 2031 3252 2094 Quaero
3302 2042 3369 2078 an

1834 2142 1977 2188 recte
2002 2132 2067 2187 de
2092 2147 2157 2187 eo
2179 2130 2489 2185 contendat.

1902 2244 2053 2312 Resp.
2127 2243 2269 2296 Ordo
2336 2240 2576 2293 caelestia
2641 2245 2694 2291 et
2778 2234 3049 2288 terrestria
3114 2230 3372 2285 continet.

1833 2332 2065 2399 Ideoque
2115 2329 2373 2382 Dominus
2431 2336 2616 2379 noster
2669 2324 2828 2378 Jcsus
2877 2322 3130 2375 Christus
3199 2319 3375 2369 inanis

1834 2421 2016 2490 gloriae
2044 2419 2330 2471 vanitatem
2387 2417 2698 2484 reprimens,
2734 2415 2864 2465 Cum
2897 2420 3118 2463 voratus
3180 2406 3369 2472 fueris,

1837 2512 2032 2578 inquit,
2081 2510 2144 2562 ad
2183 2509 2398 2575 nuptias
2458 2508 2525 2559 ab
2555 2506 2757 2572 aliquo,
2824 2518 2890 2555 ne
2941 2499 3257 2552 discnnibas
3314 2499 3375 2547 ait

1838 2599 1996 2667 primi
2038 2598 2318 2649 accubitus
2373 2602 2595 2661 tapetes,
2625 2591 2715 2644 sed
2770 2590 3023 2643 recumbe
3082 2589 3130 2638 in
3193 2585 3377 2635 ultimo

1840 2691 1990 2743 loco:
2046 2696 2100 2738 nt
2144 2686 2331 2737 audias
2369 2685 2435 2735 ab
2488 2699 2551 2736 eo
2582 2682 2671 2749 qui
2731 2688 2782 2733 te
2842 2678 3137 2732 invitavit:
3174 2674 3376 2725 Amice.

1840 2775 2066 2830 ascende
2097 2774 2367 2842 superius.
2412 2772 2475 2824 Et
2532 2773 2600 2823 ita
2664 2770 2767 2822 erit
2821 2770 2914 2822 tibi
2964 2768 3133 2834 gloria
3192 2764 3376 2814 multa.

1841 2866 2035 2918 Lector
2094 2866 2256 2931 igitur
2309 2864 2497 2916 volens
2555 2869 2678 2913 ante
2725 2858 3037 2911 sacerdotes
3088 2853 3295 2913 sedere,
3331 2863 3383 2904 ct

1840 2964 1960 3022 post
1990 2954 2302 3021 prmchtuin
2338 2953 2355 2989 ί
2393 2949 2829 3009 commemorari,
2865 2945 3155 2998 Dominicis
3193 2944 3379 2994 advex—

1842 3051 1993 3095 satur
2018 3041 2321 3108 praeceptis.
2354 3038 2507 3103 Quod
2538 3038 2606 3101 si,
2658 3034 3112 3103 quemadmodum
3168 3045 3379 3087 narras.

1844 3132 2009 3184 lector
2040 3130 2094 3182 in
2148 3131 2363 3197 regione
2416 3128 2812 3195 peregrinatur,
2870 3122 3112 3191 praefecti
3150 3122 3324 3174 locum
3360 3123 3382 3155 (³

1844 3220 2073 3286 implens
2099 3258 2112 3278 ,
2142 3218 2257 3272 sine
2289 3216 2548 3284 periculo,
2582 3215 2661 3266 vel
2688 3215 2865 3282 potius
2900 3214 3113 3274 merito,
3163 3220 3385 3263 conten-

1846 3313 1922 3363 dit
1951 3320 2073 3361 ante
2103 3308 2415 3361 sacerdotes
2440 3306 2627 3359 sedere
2656 3315 2708 3357 et
2738 3302 3181 3362 commemorari,
3224 3301 3383 3352 veluti

1844 3400 2020 3451 locum
2078 3397 2329 3451 obtinens
2388 3396 2525 3463 ejus,
2591 3396 2678 3463 qui
2730 3394 3004 3447 mandavit
3060 3393 3106 3446 ei
3168 3408 3385 3443 munus.

1845 3490 2007 3556 quue
2037 3486 2343 3541 ostenditur
2366 3501 2395 3537 e
2427 3500 2632 3539 canone
2668 3487 2898 3552 septimo
2923 3494 3126 3537 sancire
3158 3493 3209 3535 et
3242 3497 3388 3535 meu-

1845 3578 2069 3630 menicre
2104 3585 2266 3629 sexta:
2297 3575 2868 3644 synodi,congregata:
2902 3575 2954 3625 in
2991 3572 3177 3624 Trullo
3209 3576 3386 3637 magni

1846 3666 2049 3733 palatii,
2080 3665 2194 3716 inec
2246 3664 2297 3717 in
2330 3672 2481 3730 parte
2544 3662 2955 3729 persequentis:
3000 3660 3054 3711 In
3111 3658 3388 3713 nonnulti.

1848 3754 2106 3807 Ecclesiis
2160 3753 2415 3805 diacones
2480 3752 2651 3803 ollicia
2739 3750 3112 3803 ecclesiastica
3194 3748 3391 3799 habere

1846 3843 2166 3895 didicimus:
2192 3852 2242 3894 et
2274 3857 2335 3894 cx
2373 3842 2470 3894 hoc
2499 3842 2786 3893 nonnullos
2819 3854 3029 3901 eorum,
3084 3835 3391 3903 arrogantia

1847 3943 1899 3987 et
1932 3934 2145 3986 licentia
2176 3931 2361 3993 fretos,
2388 3940 2510 3984 ante
2549 3931 2892 3998 presbyteros
2933 3928 3161 3980 sedere:
3196 3926 3384 3979 statui-

1850 4037 1990 4083 mus,
2018 4031 2074 4073 ut
2108 4022 2389 4083 diaconus,
2423 4020 2635 4071 etiamsi
2696 4020 2748 4070 in
2776 4018 3057 4086 dignitate,
3090 4015 3144 4067 id
3194 4024 3298 4077 est,
3341 4014 3392 4065 in

1850 4112 2044 4176 quovis
2080 4111 2149 4161 sit
2189 4108 2364 4161 oﬂicio
2396 4108 2790 4162 ecclesiastica.
2854 4114 2974 4156 ante
3021 4105 3391 4172 presbyterum

1852 4212 1915 4249 ne
1950 4196 2164 4248 sedeat:
2206 4204 2588 4262 praeterquam,
2613 4196 2682 4247 sit
2714 4193 2914 4262 proprii
2940 4192 3280 4260 patriarchae,
3315 4194 3392 4241 \‘el

1852 4285 2248 4352 metropolitani
2282 4289 2449 4337 vicem
2486 4298 2701 4351 gerens,
2750 4283 2890 4335 adsit
2924 4283 2974 4334 in
3025 4282 3128 4333 alia
3179 4281 3393 4333 civitate

1855 4390 2018 4439 Super
2046 4376 2227 4441 aliquo
2254 4374 2447 4439 capite.
2498 4372 2651 4424 Tune
2715 4372 2881 4433 enim,
2916 4379 2976 4423 ut
3035 4371 3208 4423 locum
3251 4368 3394 4420 illius

1855 4464 2101 4530 itnplens,
2134 4463 2507 4513 honorabitur.

1926 4573 2120 4625 luterr.
2162 4572 2247 4624 G2.
2280 4573 2557 4638 Agrestior
2586 4571 2840 4624 sacerdos
2862 4572 2905 4623 si
2943 4571 3087 4622 tertii
3116 4570 3396 4621 matrime-

1853 4664 1930 4715 nii
1967 4676 2177 4715 sacram
2214 4661 2639 4714 benedictionem
2669 4661 2845 4712 sciens
2878 4659 3086 4722 fecerit,
3119 4658 3394 4725 punietur,

1854 4766 1943 4813 an,
1972 4759 2029 4803 ut
2067 4750 2324 4811 rusticus,
2362 4749 2566 4800 veniam
2593 4748 2923 4800 merebitur?

1919 4944 2072 5009 Resp.
2094 4941 2193 5008 Qui
2215 4942 2411 4996 factum
2438 4944 2640 5007 ignorat
2661 4943 3049 5011 qualiscunque
3069 4942 3160 5004 sit,
3190 4941 3396 5010 legibus

1851 5042 2144 5087 excusatur
2176 5051 2187 5084 :
2226 5034 2315 5101 qui
2348 5042 2523 5085 autem
2553 5034 2720 5099 legem
2757 5032 2987 5099 ignorat,
3026 5033 3236 5084 veniam
3289 5048 3394 5082 non

1853 5122 2231 5188 consequitur.
2274 5121 2538 5183 Quoniam
2565 5128 2743 5172 autem
2765 5121 2977 5173 Novella
3005 5120 3396 5173 constitutione

1855 5208 2041 5276 inclyti
2071 5208 2433 5275 imperatoris,
2461 5207 2660 5259 domini
2714 5207 3059 5262 Constantini
3094 5210 3397 5278 Porphyro-

1851 5307 2114 5365 gennetm,
2172 5300 2345 5351 tertiae
2378 5298 2575 5364 nuptiae
2612 5299 2801 5365 partim
2859 5302 3156 5352 suntvenia
3199 5302 3393 5367 dignm,

1851 5390 2043 5455 partim
2088 5389 2308 5441 minime
2361 5398 2505 5456 (nam
2558 5394 2645 5455 qui
2703 5407 2763 5442 ex
2820 5394 3012 5458 primo,
3051 5392 3129 5443 vel
3161 5392 3397 5443 secunda

1852 5480 2199 5533 matrimonio
2229 5480 2423 5532 habent
2454 5481 2672 5543 libi-ros,
2711 5493 2763 5534 et
2800 5485 2888 5546 qui
2923 5484 3395 5551 quadragesimum

1455 5639 1685 5692 VARUE
1722 5640 1884 5694 LECT
1900 5640 2119 5693 IONES.

271 5750 289 5775 τ
340 5740 561 5791 obnoxia
587 5742 814 5805 fuerunt.
891 5746 913 5784 ἀ
946 5748 1007 5798 ab
1059 5751 1259 5804 (ιιίί-ιξέικ

1345 5767 1363 5791 υ
1398 5765 1507 5817 pust
1542 5754 1797 5806 nhlvntcm.

1884 5754 2195 5810 fabbatem.
2279 5758 2525 5809 ‘ubbutis
2582 5764 2709 5812 ιι(ιέ
2756 5772 2951 5821 gerens.
