4214 6450
771 354 894 423 1011

1968 370 2247 433 ΤΗΕΟΙ).
2277 373 2753 441 ΒΑιΞΑΜΟΝὶε

3867 387 4009 453 1012

774 484 953 538 aetatis
985 498 1187 539 annum
1230 491 1621 557 excesserunt,
1644 486 1833 539 tertias
1875 488 2197 541 contrahere
2229 502 2336 543 non
2364 488 2415 547 Α

2364 488 2415 547 Α
2443 506 2570 555 μου,
2606 493 2697 544 καὶ
2722 497 2770 545 oi
2798 499 3230 565 τεσσαρακοστὸν
3256 501 3446 572 χρόνον
3465 502 3565 571 τῆς
3585 504 3796 573 ήλικίας
3817 508 4006 561 αὐτῶν

773 574 1023 643 possunt)
1051 592 1064 628 :
1096 576 1328 630 dicimus
1358 577 1827 645 sacerdotem,qui
1850 576 2161 644 huiusmodi
2196 577 2335 629 veti-

772 672 949 718 tarum
979 663 1291 732 nuptiarum
1324 664 1755 718 benedictionem
1792 665 2003 729 fecerit,
2057 665 2333 732 deponen-

769 756 896 808 dum
928 769 1082 808 esse:
1120 754 1241 821 ejus
1288 758 1431 809 enim
1481 770 1665 809 crassa
1705 767 1786 809 est
1832 756 1966 823 legis
2006 756 2331 824 ignorantia.

770 844 979 898 Rustici
1017 852 1200 899 autem
1233 846 1277 900 si
1311 845 1669 899 subtilitatem
1697 845 1831 912 legis
1862 845 2131 914 ignorent,
2160 847 2335 898 inter-

766 931 891 984 dum
933 940 1303 994 excusantur,
1354 946 1461 985 non
1519 942 1718 994 tamen,
1750 932 1794 984 si
1837 930 2090 984 oumibus
2115 930 2335 984 manife-

765 1030 846 1072 sta
873 1020 1019 1087 jura.

838 1117 1028 1169 Inlerr.
1063 1115 1150 1169 63.
1174 1115 1367 1168 Mulier
1390 1114 1635 1182 quadam
1676 1128 1703 1165 a
1735 1115 1953 1182 proprio
1980 1122 2331 1179 patrecoacla

770 1212 1009 1278 legitime
1048 1206 1305 1273 conjungi
1342 1205 1478 1265 viro,
1512 1214 1566 1258 et
1599 1204 1789 1257 videns
1817 1204 2161 1268 obligatoriis
2191 1205 2331 1257 scri-

762 1308 871 1369 ptis
899 1300 1277 1368 coniugium-3
1330 1305 1481 1364 patre
1516 1296 1807 1359 munitum,
1840 1296 2119 1359 indicavit,
2183 1296 2328 1363 quod

764 1400 911 1444 recte
965 1389 1167 1442 factum
1230 1398 1366 1451 erat,
1403 1384 1614 1440 cuidam
1662 1387 1925 1440 amatorie
1963 1400 2091 1453 erga
2153 1387 2326 1454 ipsam

764 1481 979 1536 affecto.
1008 1480 1105 1533 ilic
1132 1480 1337 1541 autem‘,
1370 1488 1427 1531 ut
1462 1477 1670 1546 perdite
1707 1491 1917 1538 amans,
1946 1476 2080 1529 nihil
2112 1487 2333 1529 cuncta-

762 1581 873 1629 tus,
918 1585 1040 1623 cum
1100 1568 1377 1621 nonnullis
1414 1569 1489 1619 rei
1553 1566 1759 1633 ignaris
1794 1566 2156 1619 familiaribus
2205 1566 2321 1618 suis

761 1670 917 1713 nocte
932 1657 1163 1727 quadam
1188 1658 1242 1709 in
1273 1656 1519 1709 mulieris
1571 1654 1906 1709 domicilium
1937 1654 2151 1721 irrupit,
2180 1668 2327 1706 eam-

760 1766 865 1819 que
915 1750 1181 1801 volentem
1245 1745 1445 1814 rapuit,
1517 1744 1848 1812 abduxitque
1894 1743 2113 1796 domum
2145 1758 2319 1803 suam,

759 1841 901 1892 intra
949 1838 1082 1891 lines
1129 1837 1267 1889 alius
1323 1835 1580 1888 territorii
1639 1834 1830 1887 sitatn.
1866 1834 2081 1897 Quaero,
2133 1848 2198 1885 an
2231 1835 2323 1901 qui

757 1930 919 1982 talem
946 1936 1160 1995 raptum
1189 1926 1520 1987 molitisunt,
1554 1925 1768 1994 possint
1795 1939 1889 1993 per
1918 1939 2127 1977 sacram
2158 1925 2322 1976 bunt:-

756 2021 1048 2073 dictionem
1074 2018 1335 2071 canonicc
1364 2018 1617 2086 conjungi
1655 2034 1667 2068 :
1695 2018 1948 2081 maxime,
1977 2030 2100 2071 cum
2132 2017 2325 2086 puellae

756 2121 1009 2180 parentes
1033 2108 1162 2163 illud
1184 2108 1346 2163 modo
1378 2108 1490 2162 fieri
1530 2109 1711 2161 velint.

824 2362 981 2431 Resp.
1007 2362 1250 2419 Tertium
1275 2374 1435 2432 caput
1456 2364 1521 2417 58
1553 2365 1635 2417 tit.
1666 2365 1759 2418 lib.
1789 2364 1858 2420 60
1888 2366 2179 2433 Basilicon,
2209 2370 2320 2423 haec

755 2456 830 2507 ait
873 2454 1215 2510 nominatim.
1279 2454 1353 2509 Ne
1393 2456 1562 2509 nubat
1597 2464 1748 2522 rapta
1790 2458 2018 2523 raptori.
2048 2457 2150 2512 Sed
2184 2453 2243 2513 et
2277 2462 2320 2512 si

753 2549 845 2600 tali
867 2549 1124 2615 conjugio
1153 2556 1407 2615 parentes
1453 2550 1571 2615 ejus
1598 2551 1963 2613 consentiant,
1988 2552 2184 2605 exsilio
2214 2554 2321 2605 cir-

753 2638 1218 2690 cutnscribuntur.
1250 2635 1313 2689 Et
1340 2638 1407 2689 27
1434 2651 1608 2689 canon
1640 2649 1842 2692 sancta:
1889 2649 1940 2692 ct
1974 2643 2323 2697 mcumenicae

752 2734 961 2793 quarta:
986 2725 1177 2795 synodi
1215 2726 1327 2779 haec
1357 2727 1566 2795 inquit:
1601 2726 1732 2789 Eos,
1766 2730 1858 2794 qtti
1895 2731 2112 2783 numine
2135 2732 2324 2799 conju-

751 2818 823 2887 gii
878 2819 1133 2872 mulieres
1181 2818 1418 2885 rapiunt,
1457 2818 1539 2870 vel
1563 2832 1717 2885 opem
1758 2817 1937 2871 ferunt
1983 2834 2044 2872 ac
2093 2835 2324 2875 consen-

750 2909 894 2960 tiunt
926 2909 1011 2967 iis,
1044 2908 1135 2976 qui
1172 2908 1422 2976 rapiunt;
1464 2908 1654 2961 statuit
1679 2897 1940 2977 synodus,
1975 2911 2019 2962 si
2052 2909 2165 2963 sint
2196 2910 2321 2978 qui.

750 2998 869 3050 dem
907 2999 1091 3051 clerici
1176 3000 1402 3066 pr0prio
1444 2998 1615 3066 gradu
1643 2998 1897 3053 excidere
1937 3017 1948 3051 :
2003 3001 2086 3054 sin
2141 3010 2318 3054 autem

2443 579 2903 646 ὑπερανασάντες,
2947 586 3129 653 τρίτον
3176 589 3548 642 συναλλάττειν
3566 593 3627 643 ού
3674 593 4001 659 δύνανται)·

2437 669 2619 735 φαμὲν
2652 671 2733 722 ὅτι
2766 674 2793 723 ὁ
2816 672 3056 725 τοιούτου
3087 675 3465 744 κεκωλυμένου
3491 681 3673 746 τρίτου
3703 684 3888 747 γάμου
3924 686 3999 734 ἱε-

2437 758 2685 827 ρολογίαν
2708 762 3018 831 πεποιηκὼς
3044 765 3239 835 ίερεὺς,
3267 751 3617 837 καθαιρετίος
3668 769 3816 821 έστίν
3844 786 3859 799 ·
3891 787 3999 821 πα-

2435 848 2639 916 χύτητα
2677 849 2785 919 γὰρ
2812 852 2972 919 νόμου
2996 855 3279 923 ήγνόησεν.
3306 858 3369 909 Oi
3397 858 3454 909 δι
3502 860 3757 925 χωρῖται,
3795 858 3999 910 λεπτό-

2432 953 2569 1003 τητα
2596 939 2759 1005 νόμου
2788 942 3134 1009 ήγνοηκότες,
3198 945 3368 997 ένίοτε
3403 948 3893 1013 συγγινώσκονται,
3936 947 3996 997 οὐ

2436 1025 2543 1093 μὴν
2572 1026 2640 1077 τὰ
2672 1030 2803 1078 πᾶσι
2833 1028 2968 1097 δῆλα
2996 1032 3221 1099 νόμιμα.

2515 1115 2709 1181 Ἐρώτ.
2760 1118 2856 1184 ξγ.
2914 1120 3051 1188 Γυνή
3074 1136 3157 1181 τις
3201 1122 3617 1191 άναγκαζομένη
3697 1124 3848 1190 παρά
3898 1124 3993 1175 τοῦ

2431 1206 2630 1259 οἰκείου
2688 1210 2893 1277 πατρὸς
2957 1212 3201 1281 νομίμως
3248 1213 3606 1281 συζευχθῆναι
3663 1216 3839 1283 ἀνδρὶ,
3899 1216 3994 1267 καὶ

2432 1300 2707 1367 βλέπουσα
2742 1301 2810 1352 δι’
2840 1302 3135 1370 ἐγγράφων
3192 1304 3541 1371 δεσμωτικῶν
3586 1308 3686 1375 τὴν
3724 1307 3993 1373 συζυγίαν

2431 1391 2534 1442 ὑπὸ
2558 1390 2651 1441 τοῦ
2692 1392 2895 1458 πατρὸς
2927 1392 3382 1460 άσφαλιζομένην,
3432 1396 3653 1462 μήνυμα
3676 1396 3830 1448 ἔθετο
3854 1399 3992 1462 πρός

2427 1499 2547 1533 τινα
2573 1482 2915 1549 διακείμενον
2942 1484 3218 1552 ἐρωτικῶς
3249 1483 3383 1553 πρὸς
3428 1486 3597 1554 αὐτὴν
3624 1488 3718 1537 τοῦ
3766 1489 3991 1555 γινομέ-

2428 1582 2518 1617 νου
2547 1567 2728 1619 καλοῦ.
2770 1567 2827 1619 Ὀ
2860 1567 2936 1626 δὲ.
2980 1568 3146 1638 μηδὲν
3184 1571 3473 1639 μελλήσας,
3502 1571 3578 1633 ὡς
3603 1574 3989 1641 ἑρωτομανῶν,

2430 1656 2567 1723 μετά
2623 1673 2784 1709 τινων
2826 1659 3160 1711 ἀπαιδεύτων
3220 1662 3462 1730 συνήθων
3509 1664 3658 1731 αύτῷ
3688 1668 3745 1715 ὲν
3775 1666 3993 1736 ἑσπέρᾳ

2431 1749 2527 1815 μιᾷ
2562 1746 2658 1815 τὴν
2690 1747 2789 1815 τῆς
2827 1748 3079 1815 γυναικὸς
3102 1751 3380 1803 κατοικίαν
3402 1752 3663 1806 κατέλαϐε
3688 1770 3705 1787 ο
3740 1758 3839 1809 καὶ
3862 1758 3993 1825 τρύο

2428 1837 2524 1905 τὴν
2552 1837 2769 1906 ήρπασε
2800 1838 3083 1901 θέλουσαν,
3129 1842 3223 1893 καὶ
3268 1841 3551 1910 ἀπήγαγεν
3580 1844 3660 1905 είς
3684 1844 3790 1913 τὴν
3813 1864 3994 1897 κατοι-

2427 1921 2549 1972 κίαν
2584 1920 2769 1985 αὑτοῦ,
2804 1921 3157 1991 διακειμένην
3214 1925 3294 1985 εἰς
3334 1924 3518 1993 ἐτέρου
3573 1927 3772 1994 χωρίου
3834 1946 3993 1996 πεμ-

2427 2013 2581 2079 οχήν.
2627 2012 2845 2081 Ἐρωτῶ
2877 2008 2968 2065 οὖν
2998 2014 3186 2081 μαθεῖν
3216 2015 3265 2066 εί
3303 2015 3550 2069 δύνανται
3581 2017 3666 2069 διὰ
3687 2018 3996 2085 ίερολογίας

2425 2104 2719 2165 κανονικῶς
2740 2104 3074 2173 συναφθῆναι
3101 2107 3150 2157 oi
3166 2106 3306 2159 οὕτω
3329 2108 3427 2176 τὴν
3454 2108 3710 2177 τοιαύτην
3730 2112 3993 2179 ἁρπαγὴν

2426 2193 2875 2257 συσκευάσαντες.
2913 2195 3021 2247 Καὶ
3046 2197 3093 2247 oi
3132 2200 3309 2265 γονεῖς
3344 2198 3451 2267 γὰρ
3477 2199 3575 2268 τῆς
3602 2201 3867 2265 γυναικὸς
3905 2202 3996 2254 θέ-

2424 2285 2602 2337 λουσιν
2628 2286 2828 2354 ἀρτίως
2863 2284 3020 2338 τοῦτο
3056 2286 3329 2353 γενέσθαι.

2506 2379 2709 2431 ’Δπόι
2744 2379 2817 2430 Τὸ
2848 2376 2897 2445 γ’
2929 2380 3219 2448 κεφάλαιον
3249 2380 3341 2433 τοῦ
3372 2390 3451 2451 νη¹
3487 2381 3662 2435 τίτλου
3694 2382 3791 2433 τοῦ
3829 2383 3875 2446 ξ’
3913 2383 3994 2450 βι-

2424 2467 2568 2535 βλίου
2598 2468 2703 2521 τῶν
2726 2467 3029 2521 Βασιλικῶν
3047 2470 3219 2524 ταῦτά
3249 2488 3381 2540 φησι
3422 2472 3623 2541 ῥητῶς·
3652 2473 3744 2540 Μὴ
3797 2476 3995 2539 γαμεί-

2425 2556 2535 2608 σθω
2565 2559 2598 2627 ή
2626 2557 2940 2625 ἁρπαγεῖσα
2985 2558 3061 2627 τῷ
3118 2560 3424 2626 ἁρπάσαντι
3461 2560 3630 2630 αὐτήν
3655 2576 3669 2592 ·
3723 2562 3868 2613 ἀλλὰ
3903 2562 3997 2613 καὶ

2423 2648 2470 2697 εί
2503 2647 2875 2701 συναινέσουσι
2923 2649 3002 2717 τῷ
3045 2650 3273 2719 τοιούτῳ
3334 2651 3652 2719 συνοικεσίῳ
3687 2654 3737 2703 oi
3809 2655 3997 2717 γονεῖς

2423 2738 2593 2806 αὐτῆς
2616 2778 2630 2803 ,
2681 2738 3102 2807 περιορίζονται.
3168 2741 3275 2792 Καὶ
3302 2742 3331 2793 ὁ
3358 2741 3438 2803 κζ’
3468 2740 3645 2793 κανὼν
3677 2740 3779 2806 τῆς
3829 2742 3995 2803 ἁγίας

2424 2830 2516 2879 καὶ
2539 2828 2921 2897 οίκουμενικῆς
2950 2828 2990 2880 δ’
3018 2829 3234 2881 συνόδου
3263 2828 3435 2882 ταῦτα
3483 2844 3619 2897 φησι
3643 2843 3654 2857 ⁸
3692 2828 3836 2887 Τοὺς
3893 2832 3995 2899 ἁρ-

2424 2917 2694 2981 πάζοντας
2760 2922 3022 2985 γυναῖκας
3109 2920 3196 2972 tn’
3266 2919 3487 2988 ὀνόματι
3553 2921 3919 2983 συνοικεσίου,
3959 2921 3993 2989 ἢ

2425 3008 2888 3077 συμπράττοντας,
2921 3010 2953 3077 ἢ
2990 3010 3413 3079 συναιρομένους
3460 3011 3571 3071 τοῖς
3624 3010 3991 3078 ἁρπάζουσιν,

750 3090 900 3153 laici,
935 3089 1418 3143 anathematizarl.
1455 3090 1823 3154 Quamobrem
1851 3100 2021 3146 etsnos
2051 3093 2164 3146 haec
2191 3093 2320 3161 legi-
2347 3124 2391 3179 ο

2347 3124 2391 3179 ο
2423 3099 2617 3167 ὥρισεν
2650 3102 2681 3167 ἠ
2719 3100 2849 3164 ἁγία
2873 3099 3109 3163 σύνοδος,
3139 3101 3187 3151 εί
3212 3099 3310 3167 μιν
3364 3099 3614 3169 κληρικοὶ
3644 3098 3775 3161 είεν,
3826 3100 3991 3151 ἐκπί-

750 3184 882 3237 time
912 3184 1284 3252 canoniceque
1332 3186 1628 3237 constituta
1665 3196 1977 3253 sequentes,
2036 3184 2268 3239 dicimus
2303 3205 2315 3239 :

751 3276 799 3329 si
832 3291 954 3339 res,
1010 3284 1070 3330 ut
1128 3276 1559 3343 interrogatione
1618 3285 1709 3329 tua
1770 3275 2223 3344 pr0posuisti,ita
2259 3291 2317 3329 se

750 3366 947 3431 habet;
1005 3381 1182 3434 neque
1210 3366 1427 3434 nuptias
1465 3363 1680 3418 futuras
1717 3365 1858 3419 inter
1911 3372 2119 3429 raptam
2148 3372 2202 3417 et
2231 3380 2319 3417 ra-

750 3464 985 3523 ptorem,
1039 3464 1093 3508 et
1152 3456 1198 3509 si
1250 3464 1405 3523 pater
1447 3456 1594 3507 illius
1648 3470 1757 3508 rem
1800 3457 2063 3524 approbet
2094 3473 2105 3507 :
2140 3470 2317 3525 neque

749 3555 941 3614 raptus
969 3561 1159 3613 pinnas
1198 3545 1541 3615 eﬂ‘ugituros,
1565 3546 1657 3615 qui
1689 3544 1806 3612 ejus
1841 3547 2043 3602 iuerint
2086 3549 2316 3614 conscii,

751 3637 845 3690 sed
873 3638 1034 3689 etiam
1071 3637 1262 3690 ultimo
1286 3636 1508 3708 all‘ectos
1537 3638 1602 3690 iri
1633 3637 1925 3704 supplicio.

2427 3205 2583 3240 πτειν
2608 3189 2701 3241 τοῦ
2763 3188 2971 3256 βαθμοῦ
2994 3205 3007 3218 ·
3059 3192 3107 3241 εί
3158 3190 3213 3241 δὲ
3246 3189 3441 3252 λαῖκοὶ,
3470 3188 3993 3256 άναθεματίζεσθαι.

2427 3279 2517 3329 Διὸ
2542 3280 2637 3331 καὶ
2664 3281 2823 3347 ἡμεῖς
2853 3282 2965 3340 τοῖς
2989 3279 3130 3330 οὕτω
3155 3279 3594 3346 διατεταγμένοις
3643 3280 3897 3345 νομίμως
3934 3296 3992 3330 τε

2426 3369 2518 3419 καὶ
2571 3368 2868 3428 κανονικῶς
2940 3367 3426 3435 ἀκολουθήσαντες,
3480 3367 3709 3434 λέγομεν
3776 3368 3857 3426 ὡς
3946 3372 3993 3418 εί

2424 3456 2593 3518 οὕτως
2632 3458 2812 3525 ἔχουσι
2848 3456 2915 3508 τὰ
2950 3457 3043 3509 τοῦ
3073 3458 3390 3526 πράγματος
3420 3457 3598 3519 καθὼς
3631 3459 3662 3525 ή
3716 3457 3994 3524 ἐρώτησις

2425 3549 2803 3615 περιέστησεν,
2840 3547 2961 3599 οὔτε
2991 3548 3168 3615 γάμος
3195 3549 3481 3616 γενήσεται
3510 3545 3708 3615 μεταξὺ
3736 3547 3835 3613 τῆς
3896 3548 3994 3616 dp-

2428 3637 2693 3704 παγείσης
2725 3638 2819 3689 καὶ
2852 3636 2944 3687 τοῦ
2980 3637 3345 3707 ἁρπάσαντος,
3379 3637 3480 3689 κᾶν
3508 3638 3536 3686 6
3566 3637 3747 3704 πατὴρ
3785 3638 3996 3703 ταύτης

747 3726 1061 3794 ἀσπάζηται
1088 3726 1147 3778 τὸ
1174 3729 1473 3796 γινόμενον,
1502 3726 1627 3778 οὗτε
1674 3727 1741 3778 τὰ
1772 3727 1869 3795 τῆς
1918 3728 2173 3798 ἁρπαγῆς
2200 3727 2449 3797 δπιτίμια
2487 3728 2863 3796 διαδράσουσιν
2891 3730 2940 3781 oi
3005 3728 3209 3796 ταύτης
3279 3729 3613 3796 συνίστορες,
3680 3727 3818 3777 ἀλλὰ
3905 3732 3997 3778 καὶ

749 3821 990 3889 ἐσχάτως
1022 3820 1521 3889 τιμωρηθήσονται.
2300 3872 2301 3875 η

823 3911 1017 3966 lnterr.
1043 3912 1131 3965 64.
1158 3910 1351 3967 Mulier
1381 3913 1627 3979 quaedam
1649 3912 1799 3980 gravi
1824 3912 2014 3964 morbo
2039 3912 2316 3974 laborans,

749 4012 913 4057 nocte
968 4002 1097 4055 mali
1152 4001 1500 4055 aliiictionem
1548 4002 1683 4065 ulta,
1720 4004 1955 4068 seipsam
1998 4001 2052 4052 in
2092 4010 2319 4054 mortem

754 4090 1008 4159 projecit,
1048 4101 1099 4142 et
1129 4089 1323 4143 mortis
1354 4090 1534 4142 hausit
1582 4089 1861 4156 poculum.
1901 4088 1997 4140 Vir
2021 4088 2163 4157 cjus,
2194 4102 2318 4143 cum

752 4181 923 4233 lector
980 4187 1109 4231 tunc
1156 4190 1351 4244 esset,
1411 4179 1679 4245 hodieque
1724 4177 1824 4241 sit,
1884 4179 2097 4245 quaerit,
2146 4193 2213 4231 an
2252 4179 2321 4233 ob

752 4284 871 4325 eam
919 4285 1032 4323 rem
1086 4270 1485 4324 saderdotaletn
1528 4268 1850 4338 dignitatem
1900 4271 2161 4339 consequi
2207 4286 2316 4324 non

754 4360 943 4427 possit.

829 4530 981 4598 Resp.
1006 4530 1085 4592 Si,
1113 4529 1577 4600 quemadmodum
1598 4545 1814 4595 narras,
1840 4535 1912 4584 ita
1936 4546 1995 4585 se
2023 4518 2111 4584 res
2139 4532 2320 4596 habet,
2356 4512 2398 4565 ί)

756 4619 927 4671 lector
947 4619 1065 4671 sine
1104 4618 1492 4686 impedimento
1522 4619 1851 4683 sacrabitur.
1911 4618 1979 4672 Ut
2029 4622 2169 4673 enim
2198 4620 2322 4672 dili-

757 4722 967 4782 gentem
1004 4713 1224 4780 pigritia
1262 4726 1364 4764 non
1387 4712 1534 4764 la-dit
1566 4713 1990 4781 negligentis,ex
2014 4714 2321 4766 divinorum

757 4817 1025 4856 canonum
1084 4804 1351 4854 sententia
1384 4820 1396 4854 :
1426 4803 1503 4855 sic
1564 4802 1753 4855 lectori
1809 4803 2181 4871 prmjudicium
2218 4819 2325 4856 non

760 4892 924 4946 faciet
960 4896 1151 4947 uxoris
1217 4894 1336 4959 cjus
1395 4904 1698 4961 peccatum.
1738 4892 2123 4961 Unusquisque
2183 4894 2325 4945 enim

761 4984 995 5051 propriis
1084 4985 1298 5037 catenis
1392 4986 1492 5053 (ut
1578 4985 1734 5054 vulgo
1816 4983 2026 5052 l'crtur)
2112 5000 2327 5037 coerce-

761 5084 848 5126 tur
896 5074 945 5125 ιι.

934 5243 1252 5301 OFFICIUM
1289 5245 1379 5299 ET
1422 5247 1767 5302 DEFINITIO
1805 5248 2137 5305 EPISCOI’I.

763 5334 846 5387 Ea:
900 5335 1036 5387 libro
1075 5334 1137 5386 dc
1188 5336 1332 5400 jure,
1366 5339 1453 5403 qui
1508 5348 1582 5387 est
1639 5339 1847 5399 Basilii,
1901 5339 2237 5393 Constantini
2280 5355 2325 5393 et

1176 5402 1384 5465 Leonis,
1427 5408 1578 5458 titulo
1627 5425 1676 5461 ν.
1720 5424 1836 5472 cap.
1873 5424 1909 5460 ι.

835 5547 1135 5620 Episcopus
1190 5564 1273 5609 est
1308 5559 1579 5624 inspector
1615 5570 1663 5612 ct
1704 5571 1923 5611 curator
1981 5563 2222 5614 omnium
2261 5562 2325 5613 ad

2510 3907 2708 3973 Ἐρώτ.
2774 3906 2864 3969 ξς’.
2926 3907 3065 3975 Γυνή
3126 3924 3207 3969 τις
3276 3907 3554 3977 ἀρρωστίᾳ
3615 3906 3998 3975 περιπεσοῦσα

2420 3996 2589 4063 δεινῇ,
2628 3996 2685 4045 εν
2739 3994 2857 4062 ὥρᾳ
2909 3998 3216 4063 νυκτερινῇ.
3271 3995 3365 4046 τοῦ
3424 3998 3726 4063 νοσήματος
3784 4000 3997 4062 ἀμυνο-

2427 4082 2559 4151 μένη
2588 4082 2751 4148 δῆθεν
2796 4083 2895 4149 τήν
2926 4083 3189 4146 κάκωσιν,
3237 4083 3437 4151 ἑαυτὴν
3499 4086 3577 4143 είς
3622 4083 3856 4135 θάνατον
3908 4087 3997 4154 Ep.

2427 4173 2570 4244 ριψε,
2611 4172 2704 4225 καὶ
2736 4172 2797 4224 τὸ
2836 4173 2931 4223 τοῦ
2982 4172 3211 4225 θανάτου
3260 4175 3517 4243 ποτήριον
3543 4173 3713 4226 ἔπιεν.
3787 4175 3996 4245 Ἐρωτᾷ

2426 4263 2571 4316 οὖνὸ
2616 4264 2817 4331 ταύτης
2854 4263 3012 4331 ἀνὴρ,
3052 4264 3401 4332 ἀναγνώστης
3460 4264 3533 4315 ὢν
3583 4266 3673 4315 καὶ
3727 4266 3849 4316 τότε
3907 4271 3995 4316 καὶ

2431 4356 2692 4423 σήμερον,
2750 4356 2798 4405 εἰ
2842 4354 3091 4406 ἐντεῦθεν
3155 4355 3419 4407 κωλύεται
3477 4358 3658 4423 τυχεῖν
3719 4357 3993 4424 ἱερατικοῦ

2429 4444 2563 4506 ἀξιῶ
2571 4462 2755 4511 ματος.

2511 4534 2715 4585 Ἀπόκ.
2779 4533 2837 4583 Ei
2881 4532 3021 4583 κατὰ
3067 4531 3163 4599 τὴν
3197 4532 3445 4599 διήγησίν
3479 4549 3569 4584 σου
3600 4536 3899 4585 συνέπεσον
3933 4540 3993 4587 τί

2426 4622 2520 4673 τοῦ
2590 4624 2931 4690 πράγματος,
2989 4624 3477 4689 ἀπαρεμποδίστως
3532 4625 3560 4673 ὁ
3636 4627 3991 4688 ἀναγνώστης

2429 4712 2800 4779 ἱερωθήσεται.
2867 4712 2951 4770 Ὠς
2993 4710 3099 4779 γὰρ
3146 4713 3205 4762 ού
3282 4712 3505 4772 βλάπτει
3558 4714 3646 4763 τὶν
3706 4718 3988 4765 cnsui-ix.-

2430 4803 2463 4869 ή
2499 4800 2740 4869 ῥᾳθυμία
2787 4800 2879 4851 τοῦ
2936 4802 3189 4866 άμελοῦς,
3240 4802 3379 4852 κατὰ
3409 4803 3506 4868 τὴν
3535 4803 3641 4851 τῶν
3695 4803 3859 4853 θείων
3916 4808 3991 4854 τὸ·

2440 4908 2553 4957 μων
2585 4888 2895 4956 περίληψιν,
2932 4889 3053 4939 οὐδὲ
3090 4890 3177 4939 τὸν
3218 4890 3570 4956 ἀναγνώστην
3632 4895 3966 4959 προκριματί

2436 4992 2517 5025 σει
2559 4978 2655 5043 τῆς
2691 4975 2946 5039 γυναικὸς
2975 4973 3139 5026 αὐτοῦ
3164 4976 3222 5026 τὸ
3251 4976 3541 5043 ὀλίσθημα.
3591 4976 3862 5038 Ἕκαστος
3895 4996 3993 5043 γάρ

2436 5069 2554 5125 ταῖς
2583 5065 2812 5125 οἰκείαις
2859 5066 3087 5132 σειραῖς,
3142 5066 3281 5116 κατὰ
3340 5066 3429 5116 τὸν
3472 5065 3716 5130 είπόντα,
3771 5072 3993 5133 al.333357-

2436 5172 2609 5220 γεται.

2494 5247 2579 5295 'l'O
2610 5245 2948 5299 ΚΑΘΗΚΟΝ
2982 5246 3098 5297 ΚΑΙ
3130 5246 3301 5298 ΟΡΟΣ
3345 5246 3481 5297 ΤΟΥ
3516 5247 3931 5300 ΕΠΙΣΚΟΠΟΥ.

2450 5336 2591 5386 Ἀπὸ
2646 5336 2749 5387 τοῦ
2832 5338 3083 5402 νομίμου
3145 5337 3388 5397 βιϐλίου
3450 5340 3797 5394 Βασιλεία).
3845 5342 3991 5390 Kur-

2506 5408 2830 5489 σταντίγου
2894 5406 2989 5455 καὶ
3058 5403 3333 5469 Λέοντος,
3377 5407 3494 5459 ἀπὸ
3554 5406 3663 5459 τοῦ
3698 5415 3741 5458 ε’
3776 5411 3987 5468 τίτλον,

2506 5490 2636 5539 κερ.
2678 5490 2714 5524 a
2735 5512 2749 5525 .

2520 5565 2841 5625 Ἐπίσκοπος
2912 5566 3055 5615 ἐστιν
3114 5566 3444 5633 ἐπι-τηρητὴς
3513 5567 3605 5619 καὶ
3663 5566 3987 5634 ἐπιμελητὴς

2075 5650 2303 5705 νΑιιιΑι
2346 5651 2744 5705 ιῐζατιοδςιῑδ.

837 5731 862 5773 θ’
901 5738 1298 5803 constringitur.
