4214 6450
819 324 945 389 1015

2039 341 2311 405 ’[11Εο1).
2353 345 2437 401 BA
2453 341 2821 402 1.5ΛΜΟΝ[Ξ

3883 339 4016 402 1616

823 446 1091 498 ini-utionc
1124 447 1299 501 throni
1348 449 1935 522 Constantinopolitani
1983 458 2141 516 facta.
2173 458 2353 511 Roma:
2384 462 2424 513 Α
2453 459 2487 509 ὃς

2341 473 2353 510 ι
2384 462 2424 513 Α
2453 459 2678 511 δέδωκεν
2711 462 2846 528 αὐτῇ
2876 461 2940 512 τά
2970 463 3226 531 πρεσϐεῖα
3251 467 3345 531 τῆς
3380 467 3605 530 παλαιᾶς
3640 470 3888 540 Ῥώμης,
3920 479 4005 527 δια

817 538 1011 588 veteris
1061 537 1132 587 illi
1168 539 1454 591 honoraria
1492 540 1606 606 iura
1653 544 1861 607 tribuit,
1895 556 2173 614 propterea
2209 550 2349 615 quod

817 624 1046 682 esset(ut
1077 624 1248 690 ipsius
1274 627 1453 679 verbis
1505 630 1646 698 utar)
1671 630 1837 684 Roma
1867 649 2003 687 nova
2040 652 2054 687 :
2091 638 2349 704 quemad~

813 712 1030 763 modum
1092 712 1204 763 hac
1256 714 1493 769 secundo
1543 726 1596 768 et
1656 720 1815 772 tertio
1858 723 2044 788 synodi
2113 721 2348 787 ejusdem

812 816 1021 853 canone
1074 803 1442 856 declarantur.
1504 803 1570 857 Ut
1628 819 1804 861 autem
1849 812 2021 863 bonus
2072 814 2224 871 ordo,
2266 825 2350 864 res

810 891 1052 942 omnium
1104 893 1489 959 pulcherrima,
1570 898 1624 947 in
1719 895 2079 950 Ecclesiarum
2137 914 2350 967 quoque

808 980 1076 1046 capitibus
1122 983 1363 1049 perinde,
1418 992 1683 1048 servetur,
1741 995 1898 1053 atque
1947 988 2261 1041 cmlestibus
2296 989 2349 1041 in

803 1070 1083 1122 ordinibus
1113 1112 1126 1135 ,
1178 1071 1355 1123 divina
1390 1080 1441 1125 et
1477 1074 1793 1129 universalis
1848 1084 2034 1128 sancta
2087 1078 2345 1145 synodus,

810 1158 860 1208 in
921 1155 1106 1209 Trullo
1147 1158 1369 1225 majoris
1431 1161 1608 1226 palatii
1642 1174 1847 1225 coacta,
1889 1179 2005 1229 qua?
2058 1167 2245 1232 quinta
2296 1173 2350 1218 et

802 1261 951 1303 sexta
984 1250 1209 1306 dicitur.
1248 1252 1362 1304 haec
1394 1253 1609 1305 disertis
1641 1254 1820 1307 verbis
1878 1254 2134 1307 decrevit.

870 1340 1185 1393 Renovantes
1209 1358 1291 1403 ea,
1324 1358 1439 1410 qua:
1466 1359 1496 1393 α
1520 1353 1721 1395 centum
1746 1346 2122 1411 quinquaginta
2152 1346 2347 1398 sanctis

805 1429 1071 1489 l’utribus,
1099 1430 1151 1481 in
1178 1432 1439 1483 custodita
1472 1433 1721 1484 divinitus
1757 1442 1804 1483 et
1854 1434 2190 1500 imperatoria
2224 1437 2347 1487 urbe

797 1519 1102 1586 congressis,
1151 1529 1197 1570 et
1250 1535 1280 1569 a
1320 1522 1572 1570 sexcentis
1626 1536 1686 1572 ac
1724 1522 1959 1589 triginta,
1997 1524 2085 1589 qui
2132 1523 2343 1576 Chalce-

796 1614 927 1660 done
975 1619 1341 1664 conrenerunt.
1396 1611 1600 1661 sancito
1652 1620 1771 1661 sunt
1831 1629 1847 1660 :
1893 1612 2230 1675 decernimus,
2289 1625 2343 1665 ut

794 1700 1007 1751 thronus
1104 1699 1583 1765 ConstantinOpolis
1676 1700 1957 1765 tequalibus
2048 1704 2342 1755 honerariis

791 1800 1001 1853 [runtur
1040 1787 1246 1854 furibus
1281 1788 1466 1855 quibus
1496 1790 1677 1840 veteris
1701 1788 1878 1842 Roma:
1909 1791 2159 1845 thronus:
2190 1802 2346 1859 utque

788 1891 966 1941 parem
995 1891 1111 1926 cum
1152 1875 1241 1925 illo
1266 1875 1628 1926 ecclesiasticis
1669 1877 1719 1926 in
1762 1879 1910 1929 rebus
1945 1878 2340 1945 amplitudinem

788 1964 1037 2021 obtineat,
1069 1974 1113 2014 et
1146 1963 1209 2013 ab
1237 1962 1325 2012 illo
1359 1962 1617 2015 secundus
1643 1964 1709 2014 sit
1743 1979 1759 2014 :
1786 1974 1899 2028 post
1936 1982 2110 2031 quam,
2142 1983 2342 2035 magna:

788 2055 929 2104 urbis
984 2053 1357 2105 Alexandrina:
1440 2053 1654 2105 thronus
1719 2064 2017 2105 numeretur
2068 2071 2084 2105 :
2133 2056 2337 2119 deinde,

788 2143 1139 2195 Antioclienus
1186 2158 1203 2193 :
1249 2152 1295 2193 et
1369 2152 1481 2209 post
1549 2143 1702 2206 hunc,
1772 2143 1912 2195 urbis
1966 2143 2340 2215 Hierosolymi-

787 2243 924 2285 tanre
982 2232 1215 2283 thronus.
1253 2230 1540 2299 Pr0pterea
1572 2233 1868 2285 secundum
1921 2233 1995 2298 id,
2042 2235 2185 2302 quod
2240 2236 2339 2289 hoc

786 2340 992 2378 cano-ie
1048 2326 1377 2383 continetur,
1430 2338 1495 2375 ex
1545 2337 1607 2377 eo
1667 2332 1910 2392 tempore
1974 2327 2079 2380 huc
2145 2343 2337 2395 usque,

786 2414 1255 2465 sanctissimorum
1286 2411 1515 2463 istorum
1549 2412 1792 2478 quinque
1823 2414 2081 2468 soliorum
2116 2431 2340 2485 magnos

786 2500 1068 2570 pontiﬁces
1094 2514 1189 2567 per
1222 2498 1409 2552 orbem
1435 2497 1745 2552 universum
1784 2500 1885 2552 lioc
1918 2502 2078 2555 modo
2117 2517 2341 2556 venera-

788 2608 929 2643 mur.
968 2590 1172 2645 Etenim
1205 2592 1347 2657 iusta
1372 2603 1521 2657 papae
1553 2590 1751 2643 veteris
1777 2589 1957 2643 Romae
1988 2594 2054 2645 ab
2082 2592 2339 2647 Ecclesiis

786 2682 1076 2743 abscissio,
1113 2680 1355 2734 .minime
1405 2680 1647 2732 ordinem
1703 2683 2022 2735 canonicum
2082 2684 2335 2738 abolevit.

784 2773 1047 2825 Przetcrea
1108 2771 1315 2838 primus
1380 2769 1638 2823 adversus
1694 2773 1992 2825 secundum
2052 2788 2173 2828 sese
2232 2788 2336 2828 non

782 2861 961 2924 eil‘ert,
1021 2873 1192 2927 neque
1247 2857 1522 2913 secundus
1592 2859 1853 2914 adversus
1906 2860 2121 2914 tertium
2190 2865 2337 2916 :sed

783 2967 907 3006 cum
955 2952 1129 3004 instar
1166 2950 1408 3018 quinque
1453 2962 1714 3001 sensuum
1776 2949 1969 3016 capitis
2019 2950 2182 3006 unius
2223 2954 2333 3021 (qui

2452 547 2511 596 τὸ
2542 544 2677 597 εῐναι
2711 548 2911 615 ταύτην
2934 550 3108 618 (and)
3140 552 3262 602 νέαν
3309 554 3542 621 Ῥώμην,
3575 555 3754 619 καθὼς
3800 560 4004 627 δηλοῦο

2465 652 2554 687 ται
2584 639 2650 688 τὰ
2682 640 2809 705 περὶ
2860 643 3048 690 τούτου
3102 641 3208 691 ἀπὸ
3252 642 3342 692 τοῦ
3395 643 3647 712 δευτέρου
3689 648 3784 698 καὶ
3816 651 4004 716 τρίτου

2453 724 2666 786 κανόνος
2700 728 2797 792 τῆς
2822 726 2988 795 αὐτῆς
3017 729 3251 780 συνόδου.
3284 730 3397 782 Ἵνα
3422 731 3476 783 δὲ
3492 732 3552 783 τὺ
3568 733 3855 786 κάλλιστον
3871 739 4005 804 χρῆ-

2453 829 2525 879 μα
2560 814 2654 880 τῆς
2688 814 2937 877 εὐταξίας
2982 818 3075 869 καὶ
3121 819 3199 878 sl;
3234 817 3328 879 τὰς
3376 819 3614 885 κεφαλὰς
3657 822 4003 891 φυλάττηται

2449 902 2556 951 τῶν
2586 901 2936 969 Ἑκκλησιῶν,
2952 902 3137 972 ὥσπερ
3159 907 3250 957 καὶ
3279 908 3357 967 είς
3376 908 3442 957 τὰ
3462 908 3685 974 οὐράνια
3716 911 4000 978 τάγματα,

2451 988 2645 1057 ὥρισεν
2674 993 2706 1057 ἠ
2735 992 2791 1041 ὲν
2818 991 2895 1059 τῷ
2917 992 3169 1062 Τρούλλῳ
3197 994 3289 1045 τοῦ
3326 996 3559 1062 μεγάλου
3592 996 3856 1050 mla-riuo
3907 1016 4000 1049 συ-

2453 1080 2624 1131 στᾶσα
2665 1080 2783 1132 Θεία
2832 1082 2923 1132 καὶ
2960 1084 3304 1150 οἰκουμενικὴ
3353 1085 3485 1149 ἁγία
3535 1085 3773 1150 σύνοδος,
3816 1090 3853 1155 ἠ
3913 1090 4003 1139 καὶ

2454 1168 2717 1236 πενθέκτη
2754 1170 3039 1239 λεγομένη,
3068 1172 3239 1224 ταῦτα
3260 1174 3457 1242 ῥητῶς.

2517 1349 2958 1413 Ἀνανεούμενοι
3000 1350 3067 1401 τὰ
3112 1353 3268 1416 παρὰ
3316 1350 3431 1401 τῶν
3460 1351 3550 1418 ρν’
3590 1354 3771 1419 ἁγίων
3815 1355 3999 1407 Πατέ-

2439 1452 2583 1501 ρων,
2616 1434 2732 1485 τῶν
2758 1437 2825 1487 ἐν
2868 1435 2939 1500 τῇ
2966 1436 3347 1502 θεοφυλάκτῳ
3373 1440 3471 1490 καί
3494 1440 3773 1501 βασιλίδι
3824 1443 4000 1495 πόλει

2445 1526 2876 1584 συνελθόντων,
2914 1524 3009 1575 καί
3046 1522 3162 1576 τῶν
3194 1525 3522 1586 ἑξακοσίων
3544 1528 3863 1593 τριάκοντα
3886 1529 4003 1581 τῶν

2443 1614 2511 1663 ἐν
2574 1610 2909 1675 Χαλκηδόνι
2982 1615 3398 1666 συνελθόντων
3447 1619 3995 1684 νενομοθετημένα·

2447 1698 2743 1764 ὁρίζομεν,
2783 1697 2935 1751 ὥστε
2981 1699 3087 1751 τὸν
3146 1700 3252 1766 τῆς
3302 1706 3998 1771 Κωνσταντινουπόλεως

2444 1790 2657 1852 θρόνον
2683 1787 2798 1839 τῶν
2839 1790 2988 1840 ἴσων
3022 1789 3350 1843 ἀπολαύειν
3378 1796 3705 1857 πρεσϐείων
3742 1797 3856 1849 τοῦ
3893 1783 3997 1860 τῆς

2443 1878 2844 1943 πρεσϐυτέρας
2882 1876 3103 1943 Ῥώμης
3136 1879 3372 1943 θρόνου,
3400 1880 3495 1932 καὶ
3522 1882 3590 1932 ἐν
3627 1881 3753 1945 τοῖς
3775 1884 3997 1949 ἐκκλη-

2441 1968 2772 2029 σιαστικοῖς
2800 1968 2876 2029 ὡς
2906 1966 3139 2019 ἐκεῖνον
3160 1969 3607 2035 μεγαλύνεσθαι
3655 1970 3989 2036 πράγμασι,

2441 2054 2717 2122 δεύτερον
2748 2057 2872 2122 μετ’
2896 2056 3129 2109 ἐκεῖνον
3162 2057 3507 2124 ὑπάρχοντα
3526 2072 3538 2084 ⁵
3575 2058 3705 2125 μεθ’
3740 2058 3817 2110 ὃν
3841 2063 3875 2111 ὀ
3895 2057 3995 2124 τῆς

2453 2141 2889 2210 Ἀλεξανδρείας
2901 2145 3357 2211 μεγαλοπόλεως
3382 2144 3733 2210 ἁριθμείσθω
3759 2147 3996 2210 θρόνος*

2441 2229 2565 2285 εἶτα
2580 2236 2612 2286 ό
2636 2232 2744 2299 τῆς
2772 2233 2889 2284 τῶν
2909 2234 3279 2300 Ἀντιοχέωνο
3303 2233 3397 2286 καὶ
3416 2234 3564 2301 μετὰ
3589 2235 3827 2297 τοῦτον,
3847 2241 3880 2288 ό
3894 2238 3998 2300 τῆς

2439 2320 2559 2373 τῶν
2616 2320 3106 2389 Ἱεροσολυμιτῶν
3160 2324 3407 2386 πόλεως.
3442 2324 3532 2374 Διὸ
3560 2325 3649 2374 καὶ
3709 2326 3855 2375 κατὰ
3906 2328 4000 2392 τὴν

2438 2411 2630 2463 τούτου
2656 2412 2970 2481 περίληψιν,
3006 2412 3189 2464 ἔκτοτε
3215 2416 3308 2466 καὶ
3350 2415 3507 2483 μέχρι
3537 2414 3629 2464 τοῦ
3666 2413 3762 2464 νῦν
3800 2420 3854 2465 οἱ
3895 2416 3997 2465 τῶν

2439 2498 2694 2551 τοιούτων
2726 2499 2883 2550 πέντε
2916 2500 3233 2565 ἁγιωτάτων
3293 2500 3494 2568 Θρόνων
3530 2498 3754 2567 μεγάλοι
3813 2502 3998 2567 ἀρχιε-

2440 2593 2551 2657 ρεῖς
2577 2590 2716 2668 οὕτω
2741 2590 2881 2641 κατὰ
2929 2592 3109 2641 πᾶσαν
3142 2590 3239 2655 τὴν
3277 2590 3600 2655 οἰκουμένην
3652 2585 3996 2647 σεϐάζονται.

2439 2678 2545 2729 Τοῦ
2576 2680 2683 2746 γὰρ
2713 2680 2870 2729 πάπιι
2922 2679 3018 2744 τῆς
3055 2678 3288 2739 παλαιᾶς
3339 2677 3555 2745 Ῥώμης
3604 2678 3638 2745 ἡ
3688 2676 3884 2728 δικαία
3940 2679 4000 2727 εκ

2438 2771 2545 2821 τῶν
2588 2768 2923 2836 Ἐκκλησιῶν
2974 2768 3205 2836 iunoni},
3244 2768 3342 2836 τὴν
3396 2768 3682 2835 κανονικὴν
3744 2766 4002 2829 εὐταξίαν

2439 2859 2537 2910 οὐκ
2567 2859 2889 2927 ἐλυμήνατο.
2922 2858 3079 2926 Παρὰ
3103 2856 3261 2909 τοῦτο
3286 2858 3361 2922 δὲ,
3391 2856 3485 2909 τοῦ
3512 2857 3766 2925 δευτέρου
3797 2858 3829 2907 δ
3854 2857 4003 2923 πρῶ-

2439 2966 2527 3009 τος
2562 2950 2621 3000 οὐ
2663 2947 3092 3018 κστεπαίρεται,
3148 2947 3266 2998 οὐδὲ
3299 2946 3390 2997 τοῦ
3424 2947 3656 3015 τρίτουδ
3702 2947 3961 3013 δεύτερος
3986 2963 3999 2974 ·

785 3054 865 3097 tot
893 3058 1015 3097 esse
1046 3054 1273 3095 numero
1302 3038 1581 3099 dicuntur.
1608 3052 1707 3090 nec
1734 3038 2050 3094 dividuntur
2077 3050 2253 3096 tamen
2282 3045 2335 3097 in
2364 3056 2407 3114 ο
2442 3058 2449 3090 ι

2364 3056 2407 3114 c
2442 3039 2557 3091 ἀλλ’
2596 3038 2669 3099 ὡς
2702 3038 2984 3105 αἰσθήσεις
3013 3038 3169 3089 πέντε
3207 3038 3333 3104 μιᾶς
3366 3037 3604 3103 κεφαλῆς
3654 3036 4003 3104 ἀριθμούμε-

784 3138 990 3200 partes)
1022 3127 1163 3198 apud
1210 3128 1467 3196 populum
1507 3124 1877 3179 Christianum
1908 3129 2225 3192 habeantur,
2259 3132 2336 3183 di-

790 3224 997 3293 gnitate
1046 3221 1400 3275 nihilominus
1446 3233 1605 3287 pares
1652 3229 1777 3273 sunt
1838 3220 1892 3272 in
1940 3220 2230 3282 omnibus;
2283 3229 2336 3274 et

784 3328 905 3366 cum
954 3310 1133 3378 capita
1168 3321 1481 3363 sanctarum
1523 3323 1617 3376 per
1652 3310 1963 3362 universum
1999 3313 2181 3362 orbem
2231 3309 2334 3363 Ec-

784 3400 1073 3454 clesiarum
1122 3397 1214 3451 Dei
1260 3397 1383 3465 jure
1415 3398 1688 3459 dicantur,
1725 3396 1907 3450 locum
1948 3399 1999 3450 in
2030 3400 2108 3451 eis
2140 3400 2335 3452 discri-

785 3508 905 3544 men
950 3490 1016 3543 ab
1063 3488 1377 3542 hominibus
1428 3496 1691 3542 statutum
1732 3486 1929 3541 habere
1976 3502 2080 3540 non
2112 3496 2331 3556 potest:

788 3596 959 3648 neque
1002 3581 1066 3633 de
1104 3579 1370 3632 sententia
1421 3577 1782 3646 quorumdam
1831 3593 1935 3630 non
1988 3579 2165 3645 magni
2222 3594 2336 3639 mo-

788 3670 950 3721 mt'ltli
1000 3683 1084 3721 res
1132 3666 1493 3727 offerentium,
1556 3681 1705 3733 papa:
1757 3665 2001 3718 Romano
2050 3676 2332 3735 propterea

785 3758 842 3811 fit
895 3756 1124 3825 injuria,
1171 3756 1312 3823 quod
1374 3756 1489 3822 ipse
1543 3765 1761 3822 propter
1819 3756 2051 3807 litteram
2102 3753 2147 3806 ιι
2200 3754 2332 3824 (57),

786 3851 829 3903 si
866 3849 1164 3901 litterarum
1201 3846 1609 3898 collocationem
1645 3846 2019 3911 respiciamus,
2048 3847 2239 3899 tertius
2281 3846 2332 3900 in'

783 3936 971 3987 ul’lllllc
1000 3934 1068 3985 sit
1094 3951 1107 3994 ;
1138 3943 1188 3985 et
1217 3930 1403 3984 eadem
1449 3931 1659 3981 ratione
1696 3929 2335 3999 Constantiuopolitanus

786 4042 877 4092 per
900 4024 948 4079 C
976 4024 1210 4075 litteram
1235 4021 1553 4080 lionoretur,
1588 4033 1651 4071 ac
1669 4020 1904 4087 priorem
1939 4021 2115 4073 locum
2147 4036 2337 4075 conse-

784 4123 1003 4184 quatur.
1058 4111 1163 4163 Nec
1210 4109 1497 4162 oﬂ'ensioni
1549 4115 1735 4176 aperta
1779 4108 2012 4161 fenestra
2062 4107 2167 4162 fuit
2196 4111 2337 4164 inter

786 4202 1204 4258 Alexandrinum
1233 4210 1285 4252 et
1320 4197 1735 4261 Antiochenum,
1774 4207 1993 4265 propter
2016 4197 2060 4248 Α
2081 4198 2334 4265 litteram,

785 4298 931 4349 velut
967 4307 1153 4347 eorum
1207 4290 1445 4357 quolibet
1491 4290 1667 4343 locum
1715 4287 1816 4341 sibi
1876 4288 2112 4356 priorem
2160 4287 2339 4342 vindi-

2443 3145 2529 3180 ναι
2560 3130 2655 3180 καὶ
2681 3127 2755 3195 μὴ
2803 3126 3177 3194 μεριζόμεναι,
3220 3126 3365 3194 παρὰ
3389 3126 3466 3193 τῷ
3497 3126 3864 3194 χριστωνὺμῳ
3894 3126 4005 3191 λαῷ

2442 3217 2797 3283 λογιζόμενοι,
2836 3214 3103 3281 ἰσοτιμίαν
3146 3216 3202 3264 ὲν
3225 3214 3423 3265 ἂπασιν
3462 3212 3666 3281 ἔχουσι,
3708 3215 3803 3263 καὶ
3831 3214 4001 3279 κάραι

2441 3306 2547 3359 τῶν
2580 3306 2718 3357 κατά
2762 3306 2939 3356 πᾶσαν
2982 3303 3081 3371 τὴν
3110 3302 3429 3371 οἰκουμένην
3460 3303 3629 3368 ἁγίων
3664 3301 4004 3368 Ἐκκλησιὼν

2442 3398 2534 3449 τοῦ
2574 3397 2709 3450 Θεοῦ
2739 3398 2958 3455 δικαίως
2991 3397 3331 3461 καλούμενοι,
3358 3394 3618 3460 διαφορὰν
3650 3391 4007 3458 ἀνθρωπίνην

2441 3488 2502 3538 οὐ
2535 3488 2865 3555 πάσχουσιν·
2907 3487 3027 3538 οὐδὲ
3062 3487 3200 3537 κατὰ
3238 3484 3657 3553 σμικρολόγους,
3715 3480 3744 3529 δ
3817 3483 4003 3538 πάπας

2451 3578 2668 3644 Ῥώμης
2688 3576 3024 3645 ὑδριοπαθεῖ,
3042 3579 3121 3627 ὅτι
3148 3576 3306 3633 αὐτὸς
3336 3575 3433 3641 μὲν
3452 3574 3539 3624 διὰ
3558 3573 3649 3622 τοῦ
3674 3573 3713 3622 Ρ
3733 3573 4006 3639 στοιχείου

2442 3670 2710 3736 τρίτοςτῇ
2743 3668 2886 3717 θέσει
2941 3667 3046 3717 τῶν
3106 3668 3446 3734 γραμμάτων
3498 3662 4003 3730 κατεστοιχείωτξιτ,

2440 3758 2467 3807 ὸ
2504 3754 2560 3806 δὲ
2590 3756 3204 3815 Κωνσταντινουπόλεως
3242 3756 3330 3807 διὰ
3376 3754 3468 3806 τοῦ
3523 3754 3570 3804 Κ
3622 3754 3853 3819 τιμᾶται
3915 3753 4008 3802 καὶ

2454 3848 2865 3917 προτερεύεται.
2919 3848 3050 3900 Οὐδὲ
3089 3848 3381 3902 σκανδάλου
3425 3846 3655 3912 πάροδος
3683 3845 3881 3911 γέγονε
3917 3846 4009 3912 μὲ-

2447 3954 2538 3989 σον
2567 3938 2660 3989 τοῦ
2705 3936 3105 4004 ’Δλεξανδρείας
3142 3938 3235 3988 καὶ
3287 3935 3382 3988 τοῦ
3442 3935 3787 4002 Ἀντιοχείας,
3842 3934 4004 4001 χάριν

2444 4027 2535 4079 τοῦ
2566 4028 2710 4093 ἄλφα
2756 4025 3137 4095 στοιχείου,ώς
3189 4025 3419 4077 ἑκάστου
3473 4024 3653 4076 αὐτῶν
3701 4023 4004 4090 ίδιουμένου

2446 4116 2536 4168 τὸν
2570 4120 2831 4184 πρότερον
2851 4131 2863 4145 ·
2900 4116 3013 4167 ἀλλ’
3046 4114 3234 4182 ὥσπερ
3261 4116 3293 4183 ἡ
3334 4113 3530 4175 πεντὰς
3556 4112 3663 4164 τῶν
3696 4111 4006 4179 αἰσθήσεων

2448 4209 2649 4274 στοιχεῖ
2672 4208 2735 4273 τῇ
2761 4205 3042 4256 διαπλάσει
3070 4205 3162 4256 τοῦ
3198 4204 3570 4271 ἀρχιτέκτονος
3615 4203 3711 4252 καὶ
3764 4200 4004 4251 πλάστου

2447 4294 2605 4355 Θεοῦ,
2634 4294 2727 4345 καὶ
2754 4294 2812 4343 οὑ
2848 4292 3169 4359 κατατρέχει
3196 4290 3357 4358 τυχὸν
3400 4290 3434 4358 ἡ
3460 4288 3647 4355 ὅρασις
3662 4286 3765 4352 τῆς
3795 4286 4002 4353 δσξρήσ

781 4394 941 4437 caute
982 4401 994 4435 :
1028 4382 1122 4436 sed
1146 4379 1603 4449 quemadmodum
1630 4378 1912 4446 quinarius
1944 4378 2032 4432 ille
2058 4393 2340 4444 sensuum,
2378 4386 2417 4437 D

2378 4386 2417 4437 D
2451 4401 2607 4445 σεως,
2660 4384 2779 4434 οὐδὲ
2806 4386 2836 4451 ἡ
2868 4383 3005 4450 ἀκοὴ
3032 4382 3131 4449 τῆς
3163 4382 3304 4449 ἁφῆς
3336 4381 3428 4431 καὶ
3472 4381 3568 4446 τῆς
3618 4378 3887 4443 γεύσεως,
3922 4380 4004 4429 ὅτι

784 4474 1062 4527 architecti
1114 4481 1167 4526 et
1197 4469 1495 4524 conditoris
1536 4468 1627 4521 Dei
1682 4467 1991 4521 formationi
2029 4469 2337 4535 respondet,

785 4578 885 4616 nec
916 4571 1165 4631 aspectus
1193 4562 1363 4633 (verbi
1400 4559 1593 4628 gratia)
1618 4558 1929 4620 odoratum,
1978 4574 2075 4612 nec
2120 4560 2340 4614 auditus

785 4662 985 4707 Iactura
1053 4653 1131 4705 vel
1184 4660 1456 4719 gustatum
1515 4649 1783 4703 hostilner
1826 4662 1944 4701 eam
1996 4650 2066 4702 ob
2120 4662 2339 4702 causam

788 4742 1013 4805 invadit,
1056 4743 1196 4808 quod
1214 4756 1401 4794 eorum
1427 4739 1644 4794 nomina
1679 4737 1816 4791 forte
1835 4738 1928 4789 tali
1961 4738 2101 4790 serie
2130 4752 2160 4790 a
2181 4738 2342 4792 nobis

2450 4474 2579 4541 παρ’
2611 4476 2742 4540 ἡμῖν
2796 4472 2937 4523 οὕτω
2968 4488 3083 4532 πως
3140 4470 3522 4539 ὀνομάζονται·
3554 4467 3724 4528 οὕτως
3773 4468 3896 4518 οὑδέ
3928 4484 4007 4525 τις

2452 4561 2558 4614 τῶν
2586 4561 2900 4628 ἁγιωτάτων
2928 4559 3277 4629 πατριάρχῶν
3309 4560 3373 4609 εκ
3403 4559 3507 4609 τῶν
3535 4557 3694 4608 θείων
3762 4558 4004 4607 κανόνων

2452 4655 2615 4703 τόπον
2663 4650 3081 4719 κληρωσάμενος
3144 4648 3424 4717 πρότερον,
3466 4646 3558 4697 τοῦ
3605 4645 3865 4711 δευτέρου
3920 4645 4006 4694 καὶ

2453 4740 2545 4792 τοῦ
2581 4740 2697 4809 μετ’
2728 4739 2887 4792 αὑτὸν
2912 4739 2985 4798 ὡς
3016 4736 3339 4805 ὑπερφέρων
3364 4734 3767 4797 άλαζονεὺεται.

794 4834 1182 4903 proferantur:
1220 4834 1289 4884 ita
1336 4849 1433 4886 nec
1497 4832 1967 4885 sanctissimorum
2003 4832 2439 4899 patriarcharum
2472 4834 2688 4901 aliquis,
2732 4834 2819 4887 cui
2890 4846 2984 4901 per
3009 4830 3221 4884 divinos
3283 4843 3520 4884 canones
3584 4828 3796 4893 primus
3868 4827 4011 4879 attri-

788 4932 949 4980 lmtns
979 4936 1063 4978 est
1094 4926 1269 4989 locus,
1306 4924 1566 4976 adversus
1597 4922 1921 4986 secundum,
1947 4930 2001 4975 et
2025 4924 2335 4989 proximum
2382 4925 2447 4977 ad
2480 4925 2599 4989 hoc,
2625 4932 2939 4993 arroganter
2972 4930 3144 4975 semet
3168 4918 3339 4973 effert.

858 5022 997 5084 Quia
1038 5034 1164 5072 vero
1212 5018 1455 5071 nonnulli
1489 5018 1697 5081 dicunt,
1726 5031 1833 5070 non
1864 5031 1985 5071 esse
2024 5018 2347 5085 permissum

792 5109 1164 5165 Alexandrino
1201 5108 1282 5161 vel
1320 5108 1677 5167 Autiocheno,
1711 5107 1860 5159 verbi
1899 5107 2093 5174 gratia,
2137 5115 2193 5158 ut
2225 5122 2347 5159 cum

793 5201 1037 5268 lampade
1067 5201 1151 5251 vel
1190 5200 1303 5251 face
1345 5196 1691 5265 patriarchali
1726 5194 1889 5248 faciat
1930 5196 2031 5249 iter
2060 5196 2126 5249 ad
2163 5198 2348 5250 urbem

792 5289 1215 5359 imperatoriam,
1264 5288 1347 5341 vel
1406 5288 1457 5340 in
1520 5287 1680 5339 aliam
1746 5285 2052 5351 dimcesin;
2109 5290 2349 5355 exceptis

791 5384 897 5435 illis
954 5378 1270 5448 provinciis,
1335 5393 1453 5447 quze
1506 5393 1603 5447 per
1650 5391 1888 5431 canones
1938 5377 2019 5431 eis
2079 5378 2349 5431 attributae

2544 5020 2695 5071 Ἐπεὶ
2715 5019 2771 5070 δέ
2802 5033 2941 5077 τινες
2963 5016 3233 5081 λέγουσιν,
3265 5012 3340 5074 ὡς
3370 5013 3467 5064 οὐκ
3508 5012 3718 5077 ἐφεῖται
3746 5011 3829 5078 τῷ
3874 5009 4003 5061 Αλε-

2456 5106 2732 5175 ξανδρείας
2777 5103 2916 5173 ἢτῷ
2955 5102 3278 5171 Ἀντιοχείας
3331 5101 3511 5169 τυχὸν,
3563 5099 3699 5167 μετὰ.
3729 5099 4005 5167 λαμπάδος

2454 5198 2857 5266 πατριαρχικῆς
2884 5197 2979 5256 τὰς
3008 5193 3312 5261 ὁδοιπορίας
3337 5194 3508 5243 ποιεῖν
3535 5192 3613 5251 είς
3643 5189 3744 5255 τὴν
3775 5189 3892 5238 τῶν
3919 5190 4005 5240 πό-

2452 5288 2588 5339 λεων
2622 5285 3023 5353 βασιλεύουσαν,
3054 5283 3087 5349 ἢ
3116 5283 3192 5342 είς
3224 5282 3415 5350 ἑτέραν
3435 5278 3717 5345 διοίκησιν,
3743 5276 3897 5343 παρὰ
3921 5278 4003 5335 τὰς

2456 5376 2892 5444 ἀπονεμηθείσας
2963 5373 3068 5427 ἀπὸ
3101 5373 3206 5425 τῶν
3262 5371 3497 5424 κανόνων
3523 5369 3726 5429 αὐτοῖς.
3788 5368 3858 5420 Ἦ
3905 5366 4003 5434 γὰρ

2013 5549 2240 5603 ῩᾹΒΙᾹΞ
2311 5546 2705 5605 LECTIONICS.

861 5650 970 5715 (57)
1012 5647 1140 5713 Qua:
1175 5646 1345 5714 prima
1376 5652 1456 5698 est
1504 5644 1554 5695 in
1602 5643 1868 5698 vocabulo
1904 5642 2099 5696 Roman
