4214 6450
771 366 902 430 1019

765 873 884 910 sum
914 870 1052 919 esto,
1081 863 1327 915 lucernas
1358 863 1747 929 patriarchales
1779 860 1999 914 accendi
2034 876 2128 928 per
2154 861 2329 927 ignem

764 956 846 1000 tot
872 950 1245 1014 traditionum,
1272 952 1381 1003 veri
1417 954 1648 1019 speciem
1682 952 2014 1003 habentium.
2047 949 2151 1002 Sed
2184 948 2329 1002 unde

764 1038 1066 1103 profectum
1097 1050 1197 1099 est,
1222 1043 1363 1105 quod
1391 1040 1593 1093 eisdem
1630 1056 1691 1091 ex
1724 1051 1949 1107 argento
1972 1040 2053 1091 vis
2082 1039 2325 1106 quadam

764 1124 1027 1175 accedat?
1061 1124 1391 1186 Suﬂiciehat,
1428 1128 1689 1177 duntaxat
1727 1127 2083 1178 ecclesiarum
2136 1126 2327 1193 capiti-

763 1213 865 1265 bus
924 1230 1017 1279 per
1078 1217 1355 1279 lampadas
1418 1218 1717 1283 iuajestatis
1776 1217 1975 1281 aliquid
2040 1216 2321 1276 accedere,

763 1312 923 1369 atque
956 1304 1171 1356 interim
1205 1321 1319 1365 eos,
1350 1306 1439 1370 qui
1474 1315 1741 1372 vagantur
1773 1307 1823 1356 iu
1856 1306 2070 1364 exsilio,
2109 1312 2161 1356 et
2191 1319 2323 1372 pau-

759 1406 915 1458 peres
946 1400 1093 1446 sunt.
1122 1406 1236 1443 eam
1274 1394 1342 1443 ob
1376 1407 1597 1444 causam
1631 1407 1737 1444 non
1771 1392 1975 1443 vexari.
2009 1391 2324 1456 RCSponde-

761 1494 902 1538 mus,
957 1481 1235 1545 piissimus
1296 1481 1675 1545 imperatores,
1740 1486 1794 1530 et
1849 1480 2319 1530 sanctissimorum

757 1569 1188 1635 patriarcharum
1234 1570 1567 1636 quinarium,
1621 1583 1741 1622 esse
1786 1568 1991 1621 similes
2038 1567 2316 1635 agricolis,

756 1660 1184 1712 consistentibus
1245 1661 1297 1711 in
1360 1674 1482 1712 area
1553 1659 1807 1712 frumenti
1875 1659 2192 1726 largitricc.
2254 1672 2317 1709 se

755 1750 1055 1801 ventilabro
1091 1749 1364 1801 unctionis
1391 1750 1739 1801 vitiositatem
1774 1765 1870 1802 ceu
1914 1751 2094 1814 paleas
2132 1756 2314 1799 exter-

757 1840 1008 1899 minare,
1062 1849 1113 1889 et
1164 1839 1416 1890 virtutem
1471 1854 1567 1890 ceu
1620 1853 1787 1906 grana
1845 1838 2101 1905 colligere
2159 1855 2169 1887 :

756 1929 961 1981 similes
1031 1944 1153 1981 esse
1230 1929 1435 1981 normis
1504 1936 1648 1981 recta
1718 1928 1905 1980 circuli
1974 1927 2316 1994 superﬁciem

755 2018 1079 2070 librantibus
1136 2026 1189 2069 et
1263 2026 1511 2069 centrum
1564 2032 1660 2083 per
1710 2017 1941 2083 justitiae
1990 2016 2170 2069 radios
2207 2016 2319 2067 col—

754 2108 1109 2161 lustrantibus
1148 2123 1162 2158 :
1206 2109 1285 2160 vel
1328 2107 1587 2159 maritimi
1624 2109 1821 2172 navigii
1862 2108 2019 2159 malis
2061 2122 2124 2159 ac
2157 2106 2312 2165 velis,

750 2200 876 2251 dum
912 2200 1277 2266 imperatoriis
1308 2199 1575 2259 consiliis,
1610 2207 1661 2250 et
1693 2198 1979 2265 praeceptis
2013 2195 2316 2263 spirituali-

750 2290 850 2342 bus
909 2290 1155 2357 cymbam
1217 2289 1400 2341 mundi
1469 2289 1629 2355 hujus
1689 2288 2013 2340 incolumem
2074 2293 2312 2339 servant.

749 2380 867 2443 Quo
902 2382 978 2437 lit.
1025 2389 1081 2432 ut
1122 2395 1243 2431 cum
1278 2381 1487 2447 exiguis
1532 2394 1721 2447 magna
1769 2388 2149 2447 comparantes
2184 2377 2315 2429 reli-

748 2472 1043 2539 giosissimi
1078 2473 1460 2540 imperatores,
1494 2482 1655 2541 atque
1683 2473 1824 2525 inter
1853 2483 2071 2525 sanctos
2103 2470 2311 2531 Patres,

745 2560 927 2615 eximii
973 2562 1175 2628 quique
1225 2565 1538 2615 necessario
1586 2563 1897 2622 statuerint,
1948 2562 2050 2615 ista
2104 2564 2314 2613 ratione

746 2650 1087 2701 cumitandos
1122 2665 1242 2703 esse
1278 2665 1505 2717 magnos
1542 2652 1851 2718 pontiﬁces,
1889 2653 2115 2719 parique
2154 2650 2313 2701 modo

747 2743 854 2787 tam
905 2738 1244 2803 opulentum,
1284 2753 1445 2805 quam
1496 2754 1789 2807 pauperem
1840 2740 2147 2792 habendum
2192 2754 2206 2790 :
2248 2746 2313 2791 ut

745 2835 906 2875 recta:
946 2826 1163 2891 quidem
1216 2826 1472 2879 doctrina:
1524 2837 1849 2888 sectatores,
1890 2831 2017 2881 dum
2060 2841 2309 2897 magnam

746 2915 893 2965 illam
922 2923 973 2967 et
1006 2922 1289 2983 augustam
1328 2931 1575 2983 pompam
1624 2918 1757 2970 solis
1806 2917 2225 2984 imperatoribus
2258 2927 2313 2972 et

748 3005 1076 3074 patriarchis
1121 3005 1361 3057 exhiberi
1405 3005 1608 3068 vident,
1657 3006 2066 3059 convenientem
2109 3008 2313 3075 gratia-

746 3112 863 3150 rum
891 3099 1159 3149 actionem
1186 3096 1362 3149 instar
1388 3097 1521 3165 grati
1549 3095 1778 3158 sumtus,
1800 3096 2029 3150 oﬂ‘erant
2058 3094 2309 3156 Domino,
2335 3130 2380 3192 Ο

742 3186 832 3254 qui
871 3187 1013 3237 intra
1044 3193 1291 3238 centrum
1337 3184 1626 3237 mundanae
1653 3184 2076 3252 pulchritudinis
2118 3182 2309 3236 delen-

743 3290 895 3329 sores
947 3276 1065 3343 ejus
1123 3275 1431 3343 gloriﬁcat;
1482 3282 1647 3338 utque
1694 3274 1835 3327 ﬂexo
1873 3288 2011 3343 genu
2064 3282 2248 3342 petant
2283 3287 2311 3325 a

747 3366 993 3426 Domino,
1042 3378 1150 3431 quo
1199 3364 1420 3430 tropmis
1483 3362 1851 3429 imperatoriis
1904 3364 2158 3416 universa
2208 3362 2313 3415 sub

743 3459 856 3509 sole
902 3456 1062 3509 tellus
1113 3454 1485 3515 collustretur,
1528 3462 1578 3505 et
1631 3452 2013 3520 patriarchicis
2059 3454 2311 3519 precibus

741 3556 973 3599 terrenae
1009 3560 1092 3598 res
1120 3545 1451 3597 irradientur
1482 3560 1495 3595 :
1534 3552 1585 3594 at
1612 3557 1740 3596 vero
1774 3544 1999 3597 diversa:
2029 3544 2311 3596 sententia:

741 3647 1063 3697 seetatores,
1114 3635 1204 3702 qui
1259 3634 1495 3702 potentia
1533 3648 1627 3686 sua
1666 3635 1917 3687 nituntur
1951 3674 1963 3697 ,
2004 3642 2057 3686 et
2096 3634 2211 3687 suis
2254 3648 2313 3685 se

740 3730 946 3794 jactant
998 3726 1192 3791 opibus
1251 3722 1562 3789 (simulacra
1612 3735 1844 3787 namque
1890 3720 2130 3788 gentium
2184 3728 2311 3770 sunt

743 3832 934 3869 aurum
968 3825 1021 3868 et
1055 3812 1362 3883 argentum)
1401 3810 1465 3863 ad
1522 3813 1590 3871 id,
1637 3811 1778 3878 quod
1829 3812 2093 3871 cernitur,
2138 3825 2312 3862 caecu-

745 3916 879 3959 tiant
928 3922 942 3957 :
992 3914 1043 3958 et
1100 3916 1428 3955 excusorum
1479 3914 1641 3968 opera
1698 3913 1834 3950 vana
1890 3907 2050 3965 atque
2101 3898 2309 3950 inutilia

744 3997 1080 4056 existiment,
1109 3981 1508 4060 mundanaeque
1534 3990 1809 4056 opinionis
1840 4004 2083 4041 munera.
2110 3988 2171 4039 Et
2200 3990 2313 4042 haec

742 4087 960 4155 quidem
988 4085 1054 4137 de
1088 4083 1429 4151 lampadibus
1462 4080 1860 4148 patriarcliieis.
1892 4078 2159 4143 Quoniam
2186 4097 2312 4134 veru

744 4176 991 4231 baculus.
1035 4182 1087 4225 et
1127 4186 1339 4231 saccus,
1386 4180 1438 4222 et
1489 4184 1683 4221 cruces
1730 4169 1994 4237 plurimce,
2047 4170 2311 4235 plenaque

742 4267 922 4319 tunica
980 4264 1165 4333 ﬁguris
1213 4276 1427 4331 gamma
1484 4261 1715 4313 litteram
1774 4260 2308 4326 rcprascntantibus,

743 4357 1159 4426 patriarchalein
1218 4355 1565 4407 sanctitatem
1633 4351 1803 4404 solam
1863 4351 2190 4413 nobilitant,
2250 4367 2313 4406 ac

2013 380 2291 438 TllEUD.
2337 382 2805 442 [BA-LSAMONIS

769 502 929 567 lium)
968 515 980 550 :
1028 501 1229 555 idcirco
1276 502 1421 557 faces
1465 506 1849 570 imperatorum
1888 506 2120 572 geminis
2153 505 2331 554 aureis
2363 509 2380 559 ί

2437 502 2743 569 διαχρύσοις
2806 504 3253 571 περιζωννύονται
3291 502 3674 569 στεφανώμσσι
3705 519 3718 531 ·

767 595 1063 659 cinguntur
1123 596 1363 654 corollis,
1420 610 1543 646 cum
1603 610 1720 661 qum
1793 596 2223 661 patriarcharum
2283 604 2335 645 et

768 681 1133 749 iit-peratricis
1191 696 1337 745 sunt,
1391 700 1499 736 uno
1549 686 1702 753 quasi
1750 686 2053 751 sepiinento
2099 686 2335 736 circum-

766 772 981 823 dentur.
1027 772 1130 825 Sed
1163 774 1302 828 dicet
1330 777 1595 842 quispiam
1625 792 1637 826 :
1672 775 1753 826 Sit
1787 775 1884 836 ita,
1910 789 2059 826 sane.
2095 773 2335 825 Conces-

2232 1836 2313 1889 vel
2348 1814 2388 1868 Β

3873 384 4007 447 1020

3769 507 3883 555 τῶν
3944 509 3995 556 ἂ

2439 592 2790 658 πατριαρχῶν
2829 595 2921 643 καὶ
2948 592 3046 656 τῆς
3072 591 3382 658 βασιλίσσης
3418 592 3496 641 ἑνὶ
3528 594 3996 643 κατακυκλοῦνται

2435 676 2796 745 θριγγώματι.
2848 680 2983 731 Ἀλλ’
3031 682 3148 747 ἐρεῖ
3189 696 3269 739 τις
3294 695 3307 707 ·
3345 679 3546 730 Ἔστω*
3576 680 3829 739 δεδόσθω,
3900 684 3995 740 τάς

2435 770 2837 836 πατριαρχικάς
2870 770 3159 837 λαμπάδας
3186 769 3522 822 ἀνάπτεσθαι
3561 772 3692 831 πυρὶ
3722 770 3996 820 {modum

2432 857 2802 923 εὐλογοφανῶν
2837 859 3203 925 παραδόσεων.
3256 859 3327 908 Τὸ
3373 857 3575 917 ταύτας
3624 860 3683 920 ἐξ
3745 859 3995 926 ἀργύρου

2432 944 2891 1012 περιζωννύεσθαι
2919 946 3167 1014 δύναμιν,
3210 948 3372 997 πόθεν
3427 949 3800 1015 περιεζώσατο
3828 948 3996 999 δύνα-

2434 1050 2561 1099 μιν;
2591 1036 2787 1101 Ἤρκει
2815 1036 2900 1087 διά
2926 1037 3099 1103 μόνων
3133 1035 3241 1086 τῶν
3283 1036 3577 1103 λαμπάδιον
3616 1038 3715 1097 τάς
3750 1038 3994 1103 nequitis;

2427 1122 2534 1171 τῶν
2581 1124 2887 1187 ἐκκλησιῶν
2940 1124 3358 1191 μεγαλύνεσθαι,
3391 1127 3484 1176 καὶ
3512 1126 3647 1185 τέως
3684 1128 3811 1185 τοὺς
3826 1126 3995 1191 ὑπερ⁹

2424 1212 2605 1277 ορίους
2632 1214 3017 1280 πλανωμένους
3042 1216 3132 1265 καὶ
3162 1214 3571 1281 πενητεύοντας,
3608 1215 3769 1281 χάριν
3798 1216 3990 1264 τούτου

2428 1302 2500 1367 μὴ
2536 1303 2877 1355 σκύλλεσθαι.
2912 1305 3092 1371 φαμὲν
3123 1300 3235 1366 οὖν,
3288 1304 3362 1363 ὡς
3403 1306 3449 1353 οί
3482 1304 3863 1354 εύσεϐέστατοι
3896 1305 3993 1368 βαι

2425 1390 2609 1455 σιλεῐς,
2643 1393 2735 1441 καὶ
2758 1392 2864 1442 τῶν
2885 1393 3206 1456 ἁγιωτάτων
3252 1393 3605 1459 πατριαρχῶν
3667 1395 3699 1459 ἡ
3765 1395 3987 1452 πεντὰς,

2422 1478 2628 1531 ἐοίκασι
2657 1484 2922 1546 γεωργοῖς
2956 1482 3118 1547 μέσον
3158 1481 3408 1547 ἑστηκόσι
3469 1481 3789 1541 σιτοδότιδος
3850 1482 3995 1531 εἱλω-

2421 1584 2530 1631 νος,
2582 1572 2675 1620 καὶ
2720 1570 2797 1637 τῷ
2852 1571 3004 1636 πτύῳ
3042 1570 3135 1621 τοῦ
3188 1571 3486 1637 χρίσματος
3535 1570 3631 1636 τὴν
3686 1570 3896 1621 κακίαν
3921 1572 3993 1629 ὡς

2420 1659 2619 1728 ἄχυρον
2643 1661 3046 1725 ἑκφαυλίζουσι,
3067 1661 3159 1711 καὶ
3191 1661 3288 1727 τὴν
3316 1661 3513 1725 ἀρετὴν
3532 1659 3606 1719 ὡς
3639 1660 3843 1709 κόκκον
3870 1676 3993 1709 συν-

2419 1751 2642 1813 άγουσιν
2675 1765 2689 1778 ’
2721 1750 2751 1818 ἢ
2792 1750 3075 1814 διαῦήταις
3136 1748 3557 1816 ζυγοστατοῦσιν
3606 1750 3867 1808 ίθυτενὼς
3898 1749 3990 1799 τοῦ

2421 1836 2622 1887 κύκλου
2651 1838 2748 1904 τὴν
2799 1837 3139 1903 ἐπιφάνειαν,
3188 1837 3280 1887 καὶ
3337 1836 3398 1886 τὸ
3458 1838 3681 1902 κέντρον
3707 1850 3992 1900 καταπυρ-

2419 1931 2633 1981 σεύουσι
2666 1931 2764 1997 τῆς
2797 1930 3141 1998 δικαιοσύνης
3169 1934 3278 1989 τοῖς
3314 1930 3708 1998 ἀμαρύγμασιν
3732 1945 3745 1957 ”
3800 1929 3833 1996 ἦ
3868 1928 3991 1995 νηὸς

2419 2021 2858 2091 ποντοπορούσης
2904 2023 3079 2083 ίστοῖς
3116 2021 3207 2073 καὶ
3260 2022 3627 2088 πετάσμασιν,
3677 2021 3734 2069 ὲν
3780 2036 3991 2085 προμηο

2419 2111 2590 2173 θείαις
2627 2112 2951 2181 βασιλικαῖς,
3004 2115 3096 2164 καὶ
3149 2112 3541 2180 παραγγελίαις
3586 2112 3989 2176 πνευματικαῖς

2414 2203 2475 2253 τὸ
2508 2204 2767 2271 κοσμικδν
2806 2205 3029 2255 ἀκάτιον
3072 2202 3319 2265 σώζουσι.
3357 2201 3445 2269 Τῷ
3490 2216 3569 2251 τοι
3610 2201 3706 2250 καὶ
3773 2203 3987 2267 μικροῖς

2414 2294 2481 2345 τὰ
2508 2295 2718 2360 μεγάλα
2746 2295 3125 2361 σταθμώμενοι
3156 2294 3262 2343 τῶν
3298 2292 3557 2357 βασιλέων
3580 2292 3626 2339 ei
3661 2290 3990 2340 εὐσεϐέστα-

2414 2402 2514 2447 τοι,
2558 2388 2651 2437 καὶ
2681 2386 2787 2435 τῶν
2816 2386 2985 2450 ἁγίων
3034 2384 3291 2450 Πατέρων
3326 2384 3377 2434 οἱ
3413 2382 3769 2452 προύχοντες,
3804 2382 3991 2448 διωρί-

2416 2491 2576 2526 σαντο
2604 2474 2662 2537 ὲξ
2691 2476 2933 2541 ἀνάγκης
2984 2472 3124 2525 οὕτω
3180 2473 3591 2541 δορυφορεῖσθαι
3622 2474 3750 2531 τοις
3818 2471 3991 2539 μεγά·

2415 2565 2537 2626 λους
2560 2567 2853 2633 ἀρχιερεῖς,
2879 2567 2971 2616 καὶ
2998 2563 3132 2615 εἶναι
3164 2563 3450 2615 ὲπιτοαυτὸ
3478 2562 3735 2612 πλούσιόν
3782 2578 3846 2610 τε
3903 2562 3992 2611 καὶ.

2416 2658 2623 2723 πένητα
2650 2672 2663 2685 ⁸
2696 2655 2770 2716 ὠς
2806 2656 2868 2705 ἂν
2896 2656 2943 2705 οἱ
2978 2656 3075 2722 μὲν
3101 2652 3368 2721 ὁρθόδοξοι
3408 2652 3696 2719 βλέποντες
3746 2652 3808 2701 τὸ
3846 2652 3993 2717 μέγα

2414 2746 2571 2797 τοῦτο
2597 2745 2690 2796 καὶ
2716 2744 3006 2811 σεϐάσμιον
3061 2742 3441 2810 σεμνολόγημα
3498 2740 3647 2807 παρᾶ
3708 2740 3992 2807 βασιλεῦσι

2416 2837 2509 2886 καὶ
2542 2834 2906 2902 πατριάρχαις
2941 2834 3120 2900 μόνοις
3151 2830 3582 2897 πολιτευόμενον,
3630 2829 3992 2897 εὐχαριστίαν

2415 2924 2674 2989 ἀνάλογον
2702 2923 2776 2984 ὡς
2791 2922 3038 2991 θυμίαμα
3064 2921 3248 2972 δεκτὸν
3278 2919 3352 2987 τῷ
3382 2920 3573 2985 Κυρίῳ
3604 2918 3989 2986 προσφέρωσι,

2413 3015 2489 3083 τῷ
2556 3014 2723 3082 μέσον
2758 3014 2850 3064 τοῦ
2892 3014 3115 3080 κέντρου
3165 3011 3266 3076 τῆς
3326 3009 3596 3077 κοσμικῆς
3645 3008 3990 3075 ὼραιότητος

2414 3106 2538 3164 τοὺς
2567 3103 2892 3170 δεφένσορας
2923 3101 3112 3151 τούτου
3144 3098 3416 3161 δοξάζοντι
3445 3114 3461 3129 ο
3513 3098 3604 3147 καὶ
3625 3096 3990 3162 γονυκλιτῶσι

2418 3190 2551 3257 πρὸς
2579 3192 2805 3259 Κύριον,
2837 3187 3114 3257 τροπαίοις
3170 3186 3467 3254 βασιλικοῖς
3496 3185 3593 3253 τὴν
3621 3184 3856 3251 seem»
3893 3201 3991 3235 κα-

2412 3280 2810 3349 ταλάμπεσθαι,
2870 3279 2965 3331 καὶ
2996 3278 3183 3345 εὐχαῖς
3220 3275 3648 3343 πατριαρχικαῖς
3694 3273 3989 3324 ἀκτινοδοο

2413 3370 2620 3422 λεῖσθαι
2651 3370 2718 3421 τὰ
2753 3369 3031 3436 ὲπιχθόνια
3060 3381 3074 3396 ·
3110 3368 3157 3418 οἱ
3193 3365 3247 3417 δὲ
3285 3364 3602 3424 πεποιθότες
3648 3363 3745 3414 ἐπὶ
3796 3366 3867 3432 τῇ
3894 3365 3990 3415 δυ-

2413 3462 2573 3529 νάμει
2630 3460 2807 3513 αὐτῶν
2858 3457 3175 3527 ἑτερόδοξοι,
3238 3458 3331 3507 καὶ
3392 3454 3736 3521 καυχώμενοι
3788 3457 3886 3505 ἐπὶ
3915 3454 3993 3521 τῷ

2414 3552 2633 3621 πλούτῳ
2664 3551 2842 3603 αὐτῶν
2877 3550 2964 3618 (τά
3029 3549 3135 3616 γάρ
3168 3548 3359 3598 εἴδωλα
3408 3546 3515 3597 τῶν
3562 3545 3733 3595 ἐθνῶν
3760 3548 3991 3612 χρυσίον

2413 3643 2519 3692 elei.
2548 3642 2641 3692 xui.
2670 3638 2975 3707 ἀργύριον),
3017 3638 3152 3705 πρὸς
3180 3638 3238 3687 τὸ
3264 3638 3537 3704 δρώμενον
3568 3634 3987 3700 ἀδλεπτήσωσι,

2413 3733 2505 3782 καὶ
2536 3730 2826 3798 νομίσωσιν
2852 3729 2988 3794 ἔργα
3018 3726 3376 3795 χαλκοτύπων
3426 3721 3564 3776 εἶναι
3625 3725 3835 3790 μάταια
3892 3728 3987 3775 καὶ

2411 3824 2661 3891 ἀνόνητα,
2721 3821 2812 3871 καὶ
2870 3817 3134 3885 κοσμικοῦ
3175 3816 3431 3884 δοξαρίου
3486 3816 3823 3884 χαρίσματα.
3877 3817 3986 3866 Καὶ

2410 3909 2579 3963 ταῦτα
2616 3909 2713 3976 μὲν
2751 3908 2877 3976 περὶ
2911 3907 3017 3958 τῶν
3040 3902 3455 3972 πατριαρχικῶν
3486 3902 3807 3969 λαμπάδων.
3829 3903 3984 3952 Ἐπει

2410 3998 2467 4049 δὲ
2502 3997 2597 4049 καὶ
2623 3996 2835 4065 ῥάϐδος,
2877 3995 2969 4046 καὶ
2999 3994 3221 4055 σάκκος,
3276 3994 3369 4043 καὶ
3428 3992 3846 4057 πολυσταύριον,
3892 3995 3985 4043 καὶ

2410 4089 2497 4141 διὰ
2533 4086 2874 4155 γραμμάτων
2904 4088 2952 4116 ⁷⁸
3001 4086 3295 4152 στιχάριον,
3327 4094 3425 4151 την
3456 4084 3861 4149 πατριαρχικὴν
3890 4090 3986 4133 καί

2414 4181 2578 4248 μόνην
2610 4178 2919 4243 δοξάζουσιν
2947 4176 3228 4243 ἀγιότητα,
3270 4174 3483 4225 θέλουσι
3517 4174 3572 4224 δέ
3631 4174 3781 4233 τινές
3838 4189 3983 4221 τισιν

2412 4272 2472 4335 ἐξ
2505 4272 2684 4325 αὐτῶν
2711 4288 2861 4334 τινας
2891 4269 2996 4321 τῶν
3040 4268 3393 4337 πατριαρχῶν
3452 4267 3620 4318 ἐνίοτε
3682 4265 3758 4334 μὴ
3813 4282 3983 4316 κειτα-

2412 4362 2808 4423 ποικίλλεσθαι,
2841 4363 2969 4429 φέρε
3010 4361 3102 4412 κα)⁵
3134 4357 3486 4427 περὶτούτων
3525 4356 3729 4424 βραχέα
3758 4356 3980 4421 φιλοσο-

743 4450 987 4502 nonnulli
1034 4449 1243 4509 volunt,
1282 4444 1547 4513 quosdam
1580 4458 1643 4496 ex
1686 4444 2009 4511 patriarchis
2051 4458 2307 4495 nonnun-
2342 4454 2380 4506 ι)

2419 4453 2697 4519 φήσωμεν.
2723 4450 2913 4500 Κλῖνον
2932 4450 2988 4500 τὸ
3005 4444 3097 4509 οὖς
3118 4464 3236 4510 σου,
3268 4444 3661 4513 πανιερώτατε,
3693 4445 3786 4494 καὶ
3815 4446 3983 4495 ἀκου-

739 4555 901 4607 quam
946 4538 1219 4606 aliquibus
1263 4538 1453 4589 horum
1494 4551 1599 4589 non
1629 4534 1880 4588 exornari
1922 4551 1933 4585 :
1970 4549 2088 4603 age,
2120 4534 2185 4587 de
2225 4534 2307 4587 his

739 4632 901 4682 etiam
953 4628 1189 4681 breviter
1237 4628 1591 4682 disseramus.
1648 4626 1853 4701 Inclina
1898 4641 2083 4678 aurem
2133 4636 2303 4688 tuam,

739 4717 1105 4779 sanctissime,
1151 4725 1205 4769 et
1253 4732 1337 4769 me
1379 4716 1523 4769 audi.
1568 4716 1685 4769 Non
1734 4717 1879 4769 enim
1932 4717 1984 4768 in
2030 4718 2306 4784 parabolis

742 4810 982 4876 aperiam
1016 4822 1077 4859 os
1110 4821 1309 4869 meum,
1345 4806 1437 4859 sed
1470 4807 1800 4873 quaestiones
1832 4806 1899 4857 ab
1930 4806 2140 4871 origine
2175 4819 2298 4872 pro-

743 4901 934 4961 feram,
964 4913 1100 4965 quas
1127 4897 1376 4949 divorum
1417 4896 1636 4948 Patrum
1670 4898 1844 4964 gratia
1882 4911 1966 4947 me
1992 4897 2195 4947 docuit.

812 4990 1198 5043 Sanctissiuios
1236 4989 1479 5057 quinque
1517 4988 1857 5055 patriarchas
1905 4988 2106 5053 (adhuc
2154 4988 2299 5039 enim

743 5092 800 5135 ut
830 5082 1025 5134 hedera
1049 5081 1294 5148 quercui,
1319 5082 1397 5132 sic
1428 5080 1541 5145 ipse
1570 5080 1874 5132 concordiae
1905 5094 2053 5147 papa:
2084 5078 2309 5131 Romani

744 5172 899 5241 quasi
944 5172 1219 5224 mordicus
1250 5170 1510 5232 inhaareo,
1542 5179 1593 5221 et
1624 5170 1692 5221 ob
1724 5173 2125 5237 scparationem
2163 5173 2307 5223 illus

743 5265 927 5316 animo
953 5263 1178 5323 laceror,
1208 5272 1369 5330 atque
1394 5260 1635 5330 quotidie
1692 5264 2100 5315 conversionem
2136 5263 2306 5326 ipsius

737 5356 1009 5423 egregiam
1084 5354 1361 5421 exspecto)
1441 5368 1537 5421 pro
1610 5352 1727 5404 solo
1806 5354 1982 5419 capite
2057 5355 2304 5419 corporis

738 5448 983 5498 omnium
1019 5446 1382 5499 Ecclesiarum
1419 5447 1510 5499 Dei
1546 5445 1911 5514 agnoscimus,
1943 5446 2305 5513 quemadmo-

2418 4543 2508 4593 σόν
2548 4558 2671 4608 μου.
2727 4540 2800 4590 Ού
2824 4541 2930 4605 γὰρ
2959 4540 3014 4588 ὲν
3044 4537 3379 4606 παραῦολαῖς
3435 4534 3627 4597 άνοίξω
3678 4534 3738 4584 τὸ
3806 4537 3979 4601 στόμα

2418 4650 2543 4701 μου,
2575 4631 2716 4687 ἀλλὰ
2748 4630 3046 4695 φθέγξομαι
3082 4627 3442 4694 προϐλήματα
3479 4625 3570 4676 ἀπ’
3622 4623 3822 4691 ἀρχῆς.
3882 4626 3981 4675 ὅσα

2417 4727 2489 4794 μὴ
2527 4724 2682 4775 θείων
2716 4721 2972 4788 Πατέρων
3000 4720 3157 4785 χάρις
3186 4714 3407 4777 ἐδίδαξε.

2481 4984 2616 5043 Τοὺς
2641 4980 2975 5047 ἀγιωτάτους
3001 4974 3345 5040 πατριάρχας
3389 4970 3544 5021 πέντε
3579 4969 3694 5035 (καὶ
3735 4968 3814 5018 ἔτι
3873 4969 3976 5034 γὰρ

2412 5075 2483 5133 ὡς
2519 5072 2701 5131 κισσὸς
2734 5068 2913 5136 δρυὸς,
2945 5065 3041 5130 τῆς
3071 5062 3319 5129 ὁμονοίας
3375 5058 3469 5109 τοῦ
3525 5060 3678 5109 min:
3752 5056 3973 5124 Ῥώμης

2415 5164 2691 5230 ὲξὲχομαι,
2716 5160 2809 5212 καὶ
2832 5157 2909 5222 τῷ
2934 5153 3193 5224 χωρισμῴ
3223 5149 3413 5202 τούτου
3445 5148 3541 5216 τὴν
3572 5147 3801 5214 καρδίαν
3839 5162 3974 5197 σπα-

2417 5256 2702 5323 ράττομαι,
2750 5251 2845 5301 καὶ
2872 5247 2969 5316 τὴν
3019 5245 3186 5311 καλὴν
3244 5240 3575 5307 ἐπιστροφὴν
3634 5237 3975 5303 κδ’)εκάστην

2414 5342 2724 5413 καραδοκῶ)
2760 5344 2889 5409 μίαν
2918 5341 3140 5406 οἴδαμεν
3172 5331 3415 5399 κεφαλὴν
3462 5327 3553 5379 τοῦ
3590 5325 3843 5394 σώματος
3870 5342 3975 5376 πσ-

2417 5437 2647 5492 οῶντών
2688 5434 3020 5502 Ἐκκλησιῶν
3053 5429 3147 5481 τοῦ
3169 5424 3327 5489 Θεοῦ,
3386 5416 3563 5480 καθὼς
3615 5422 3709 5471 καὶ
3772 5416 3972 5470 ἄνωθεν

1974 5617 2204 5672 VARI/Ii
2259 5614 2543 5669 LICCTIUN
2558 5617 2653 5665 κε.

812 5712 854 5742 ’⁸
879 5714 1197 5781 γαμμάτων.
