4214 6450
251 398 378 465 1021

1681 408 2090 470 MEDITATA.

3317 414 3453 474 1022

257 520 471 587 εἴρηται
492 534 503 548 ·
549 520 642 574 καὶ
671 522 1013 585 πιστεύοντες
1046 526 1387 594 τελειωθῆναι
1442 528 1658 588 τούτους
1708 531 1803 596 τῆς
1837 532 1875 585 Δ
1904 543 1921 580 ‹

1788 547 1803 590 ς
1837 532 1875 585 Δ
1904 529 2032 582 dum
2064 541 2113 583 et
2149 547 2310 599 supra
2355 532 2557 584 dictum
2602 530 2701 583 fuit
2738 550 2751 583 ς
2789 539 2841 582 et
2880 530 3006 598 quia
3045 528 3317 581 credimus
3359 545 3452 583 eos

255 610 563 680 ἁγιωσύνης
622 614 699 683 τῷ
758 616 1058 683 χρίσματι,
1114 618 1378 685 Χριστοὺς
1438 619 1662 687 Κυρίου,
1712 622 1805 671 καὶ

259 701 593 768 ἀγιωτάτους
644 705 1113 783 κατονομάζξμεν,
1160 708 1249 758 καὶ
1309 708 1804 775 στηλογραφοῦντες

260 790 399 858 μετὰ
418 790 527 842 τῶν
557 791 723 857 ἁγίων
752 792 841 844 καὶ
873 793 1142 862 θεοφόρων
1186 796 1443 864 Πατέρων
1477 796 1654 864 ἡμῶν,
1712 798 1805 847 καὶ

260 880 522 948 σχετικῶς
544 881 928 949 ἀσπαζόμενοι,
976 882 1461 953 πληροφορούμεθα
1490 887 1574 938 διά
1603 886 1805 938 τούτων

255 970 389 1035 ἡμῖν
416 970 512 1030 τὰς
541 970 711 1039 θύρας
753 972 851 1039 τῆς
895 973 1166 1039 βασιλείας
1210 974 1322 1025 τῶν
1385 975 1629 1042 οὐρανῶν
1670 978 1806 1027 ἀπο-

258 1058 529 1110 κλείεσθαι
574 1061 667 1110 καὶ
705 1062 1037 1126 ἀνοίγεσθαι,
1061 1065 1155 1114 καὶ
1204 1064 1289 1114 διὰ
1323 1063 1431 1115 τῶν
1460 1064 1683 1131 χειλέων
1708 1064 1805 1116 αὑ-

255 1143 363 1194 τῶν
383 1146 473 1196 τὸν
505 1146 636 1198 Θεὸν
660 1149 1109 1214 ἀποστοματίζειν
1132 1151 1197 1202 τά
1240 1152 1516 1216 μέλλοντα.
1582 1154 1656 1204 Οὐ
1699 1154 1807 1222 γὰρ

258 1232 399 1301 σὰρξ
443 1236 534 1286 καὶ
580 1234 743 1305 αἷμα,
794 1239 906 1290 ἀλλ’
953 1240 981 1289 6
1014 1240 1261 1307 οὐράνιος
1317 1242 1504 1309 Πατὴρ
1535 1244 1627 1295 καὶ
1677 1244 1809 1305 Θεὸς

254 1322 435 1387 ἡμῶν,
469 1326 498 1376 6
529 1316 699 1377 είπών
732 1342 745 1355 ·
794 1329 880 1379 ἐν
910 1331 1027 1390 ταῖς
1075 1331 1305 1397 ἡμέραις
1353 1333 1586 1395 ἑκείναις
1630 1336 1805 1402 ἐκχεῶ

260 1411 364 1462 ἀπὸ
394 1413 488 1463 τοῦ
528 1415 832 1481 πνεύματός
863 1436 986 1484 μου,
1019 1421 1113 1471 καὶ
1143 1421 1193 1470 nl.
1237 1421 1411 1474 δοῦλοί
1461 1441 1559 1491 μου
1600 1442 1810 1493 προφη-

274 1499 557 1559 τεύσουσιν.
619 1506 988 1559 ἀποκαλύπτει
1030 1508 1239 1571 τούτοις
1292 1511 1360 1567 τά
1414 1513 1543 1564 δντα
1595 1516 1689 1567 καὶ
1742 1517 1809 1567 τά

290 1588 510 1654 σόμενα.
553 1592 707 1644 Οὕτω
757 1594 865 1661 γὰρ
898 1597 989 1647 καὶ
1050 1597 1221 1649 Σαοὺλ
1263 1602 1320 1651 ὲν
1351 1604 1675 1669 προφήταις,
1717 1608 1810 1658 καὶ

258 1678 514 1744 Καϊάφας
542 1682 687 1734 ἀκων
715 1686 1173 1751 προεφητεύσατο,
1201 1689 1389 1741 εἰπών·
1412 1692 1688 1763 Συμφέρει
1716 1696 1809 1749 ἕνα

256 1770 556 1823 ἀπολέσθαι
587 1772 726 1840 ὑπὲρ
760 1776 850 1825 τοῦ
888 1774 1016 1828 λαοῦ
1046 1778 1140 1828 καὶ
1172 1781 1311 1848 ὑπὲρ
1334 1785 1429 1833 τοῦ
1457 1783 1641 1847 ἔθνους
1677 1805 1811 1839 παν-

254 1857 369 1917 τός.
414 1858 471 1909 Ὀ
501 1859 719 1926 μὲνγὰρ
742 1861 816 1928 τῷ
841 1864 1099 1930 χρίσματι
1153 1870 1249 1935 τῆς
1282 1842 1558 1935 βασιλείας
1582 1842 1814 1945 ὑπεθερ-
1842 1842 1882 1896 Β

261 1949 503 2017 μαίνετο,
526 1951 553 2000 6
580 1951 636 2003 δὲ
657 1951 752 2017 τῆς
773 1954 1176 2020 ἀρχιερωσύνης
1222 1961 1286 2026 τῇ
1310 1960 1514 2029 χάριτι.
1538 1958 1647 2014 Ἦν
1678 1964 1808 2033 γὰρ,

257 2037 447 2104 φησὶν,
486 2040 773 2107 ἀρχιερεὺς
810 2042 900 2094 τοῦ
941 2046 1181 2098 ἐνιαυτοῦ
1207 2048 1433 2100 ἐκείνου.
1476 2051 1567 2102 Διδ
1596 2054 1689 2104 καὶ
1740 2055 1815 2116 ὡς

255 2125 421 2179 τόπον
451 2127 736 2195 ἐπέχοντες
759 2130 852 2182 τοῦ
874 2133 1107 2201 Χριστοῦ
1136 2137 1228 2187 καὶ
1245 2136 1379 2189 Θεοῦ
1400 2140 1430 2206 ἡ
1440 2139 1575 2206 μῶν,
1593 2141 1815 2204 δικαίως

255 2216 689 2282 ἀποσεμνύνουσι
716 2222 781 2271 τὰ
814 2222 1034 2274 ἑκούσια
1083 2226 1227 2290 πάθη
1262 2228 1446 2289 αὑτοῦ,
1495 2231 1588 2282 καὶ⁵
1622 2233 1684 2283 τά
1729 2234 1815 2287 διὰ

254 2307 357 2376 τὴν
416 2312 691 2379 σωτηρίαν
723 2313 876 2381 ἡμῶν
908 2316 1261 2385 ἐπενεχθέντα
1289 2321 1461 2387 τούτῳ
1503 2324 1651 2392 παρά
1709 2325 1816 2377 τῶν

254 2398 567 2469 ἀχαρίστων
606 2402 873 2459 Ἰουδαίων
927 2405 1226 2476 ἐφύσριστα
1276 2411 1381 2478 πρὸ
1435 2408 1529 2464 τοῦ
1582 2416 1813 2484 σταυροῦ

256 2489 354 2543 καὶ
392 2490 487 2559 τῆς
513 2493 874 2557 ἀναστάσεως.
898 2494 1027 2549 Ποῖα
1057 2498 1302 2552 δὲταῦτὰ
1342 2504 1501 2564 είσιν,
1530 2504 1817 2559 ἀκουσάτω

259 2584 293 2648 ὴ
325 2584 533 2650 ιερότης
564 2602 678 2637 σου.
722 2586 836 2637 Κάν
872 2588 979 2653 γὰρ
1038 2590 1201 2650 κόπος
1240 2592 1470 2643 ἐνώπιόν
1516 2594 1616 2662 μού
1669 2598 1817 2648 ἐστιν

260 2672 365 2733 ῑως
387 2669 445 2724 οὗ
486 2672 709 2726 είσέλθω
745 2677 825 2736 εις
881 2677 941 2728 τὸ
971 2679 1325 2748 ἀγιαστήριον
1384 2681 1476 2733 τοῦ
1524 2682 1678 2747 Θεοῦ,
1726 2686 1818 2736 καὶ

262 2761 407 2812 συνῶ
433 2764 499 2814 τά
530 2765 586 2812 εν
618 2764 762 2833 αὐτῷ
789 2767 882 2817 καὶ
926 2767 1050 2835 περὶ
1092 2769 1242 2831 αὑτὴ,
1288 2768 1404 2820 ἀλλ’
1446 2772 1477 2839 ἡ
1521 2772 1679 2839 χάρις
1722 2773 1816 2825 τοῦ

261 2850 530 2915 παναγίου
581 2850 892 2919 Πνεῦματος
938 2855 970 2921 ἡ
1008 2857 1063 2904 ἐν
1122 2856 1483 2924 πατριάρχαις
1531 2875 1817 2927 προτυπωο

260 2935 435 2997 θεῖσα,
456 2939 515 2987 ιν
549 2943 850 3007 προφήταις
883 2943 1347 3010 προκηρυχθεῖσα,
1406 2947 1464 2997 ἐν
1498 2947 1818 3013 ἀποστόλοις

261 3021 669 3090 θεμελιωθετσα,
711 3028 769 3078 δν
822 3030 1055 3096 μάρτυσι
1085 3031 1453 3097 τελειωθεῖσα,
1486 3036 1580 3089 καὶ
1619 3038 1677 3089 ὲν
1710 3040 1821 3109 ἱερ-

1908 634 2007 686 per
2034 623 2346 674 unctionem
2384 623 2692 674 sanctitatis
2736 621 2941 687 perlici,
2978 629 3167 670 unctos
3217 618 3454 677 Domini,

1904 718 1958 762 et
2005 710 2381 762 sanctissimos
2426 709 2781 777 appellamus;
2825 724 2887 761 ac
2933 708 3229 761 referentes
3272 722 3365 758 eos
3400 708 3454 758 iu

1907 813 2188 852 numerum
2212 807 2521 853 sanctorum
2548 808 2600 851 ct
2624 798 2885 852 divinitus
2912 796 3209 848 alliatormn
3237 794 3455 847 Patrum

1906 898 2239 950 nostrorum,
2288 897 2341 941 et
2394 897 2639 940 amanter
2682 888 2828 955 ipsos
2876 889 3286 951 amptectentes,
3319 885 3454 936 certi

1906 996 2115 1044 sumus,
2172 980 2314 1035 fores
2372 982 2521 1047 regni
2569 980 2806 1033 caalestis
2857 994 2950 1046 per
2996 992 3089 1031 eos
3137 979 3289 1029 nobis
3346 986 3456 1027 tum

1907 1070 2140 1132 occludi,
2175 1080 2286 1122 tum
2326 1070 2541 1136 aperiri,
2578 1078 2631 1122 et
2677 1083 2771 1135 per
2813 1069 3052 1132 ipsorum
3099 1067 3243 1117 labra
3294 1066 3456 1117 Deum

1908 1160 2054 1210 velut
2085 1174 2176 1211 ore
2207 1161 2424 1227 pr0prio
2468 1159 2648 1211 futura
2692 1158 2951 1223 proferre.
3001 1155 3115 1207 Non
3151 1157 3294 1207 enim
3335 1170 3460 1204 caro

1908 1250 1961 1294 et
2000 1245 2238 1311 sanguis,
2271 1244 2362 1298 sed
2400 1246 2635 1297 caelestis
2675 1244 2763 1295 ille
2800 1244 2957 1301 Pater
2998 1258 3057 1295 ac
3106 1243 3243 1294 Deus
3280 1253 3461 1292 noster

1911 1332 2024 1400 (qui
2053 1333 2215 1385 dixit:
2250 1334 2306 1386 ln
2334 1334 2524 1387 diebus
2559 1335 2661 1387 illis
2688 1334 2955 1387 effundam
2985 1334 3050 1385 de
3083 1330 3283 1399 Spiritu
3320 1344 3461 1389 meo,

1908 1430 1960 1475 et
2025 1424 2167 1477 servi
2228 1423 2331 1476 mei
2402 1424 2885 1491 vaticinabuntur).
2949 1424 3150 1476 revelat
3211 1422 3289 1472 eis
3355 1429 3460 1470 tam

1910 1514 2225 1583 praesentia,
2270 1528 2429 1581 quam
2478 1514 2680 1566 futura.
2723 1515 2812 1566 Sic
2863 1513 3004 1566 enim
3052 1521 3103 1565 et
3148 1511 3277 1564 Saul
3325 1510 3468 1561 inter

1911 1601 2243 1669 prophetas,
2308 1599 2362 1653 et
2417 1601 2687 1668 Caiaphas
2757 1602 2957 1654 invitus
3014 1600 3293 1653 oraculum
3365 1602 3465 1650 hoc

1913 1691 2176 1758 protulit:
2246 1689 2470 1757 Expedit
2530 1706 2694 1743 unum
2766 1691 2938 1757 perire
3004 1704 3101 1757 pro
3162 1688 3359 1756 populo
3415 1698 3468 1740 et

1914 1794 2010 1845 pro
2042 1779 2140 1832 hac
2178 1778 2428 1831 universa
2469 1779 2709 1831 natione.
2741 1776 2872 1829 Nam
2898 1777 2991 1829 ille
3012 1792 3107 1843 per
3158 1776 3466 1827 unt-tionem

1917 1870 2115 1937 regiam
2151 1868 2547 1931 incalescebat,
2584 1869 2671 1921 hic
2709 1883 2805 1936 per
2834 1869 3062 1935 gratiam
3098 1864 3465 1934 pontiﬁcatus.

1916 1961 2043 2013 Erat
2084 1961 2247 2023 enim,
2290 1959 2486 2027 inquit,
2534 1958 2654 2024 ejus
2709 1957 2833 2009 anni
2884 1955 3121 2025 pontifex
3178 1952 3466 2006 maximus.

1916 2052 2202 2120 Propterea
2249 2050 2419 2104 nostri
2474 2049 2813 2117 patriarchae,
2880 2056 3135 2114 tanquam
3164 2045 3475 2097 obtinentes

1917 2124 2091 2197 locum
2117 2142 2317 2195 Christi
2346 2141 2547 2211 Deique
2568 2140 2765 2199 nostri.
2789 2155 2895 2193 non
2925 2138 3021 2193 abs
3049 2152 3107 2189 re
3134 2136 3470 2187 voluntarios

1918 2231 2089 2299 ipsius
2119 2230 2418 2291 cruciatus,
2451 2237 2503 2282 et
2537 2228 2731 2295 probra
2773 2226 2968 2280 salutis
2999 2233 3199 2277 nostra:
3228 2236 3391 2275 causa
3421 2222 3470 2274 ei

1917 2326 2041 2369 ante
2070 2331 2289 2369 crucem
2324 2326 2378 2369 et
2411 2314 2868 2367 resurrectionem
2910 2312 2977 2364 ab
3012 2311 3242 2379 ingratis
3271 2308 3471 2361 Judaeis

1918 2410 2085 2473 illata,
2112 2423 2233 2461 cum
2264 2408 2529 2476 gravitate
2562 2412 2968 2473 repraesentant.
3004 2403 3133 2468 Quae
3164 2412 3343 2455 autem
3380 2401 3475 2453 illa

1919 2500 2046 2560 siut,
2095 2496 2279 2549 audiat
2323 2505 2413 2549 tua
2458 2495 2743 2549 sanctitas.
2806 2492 2939 2545 Nam
3001 2491 3217 2544 tametsi
3261 2488 3473 2541 videam

1920 2604 2003 2643 me
2028 2589 2267 2642 laborem
2297 2587 2627 2647 subiturum,
2654 2586 2827 2637 donec
2851 2582 3123 2651 ingrediar
3147 2582 3197 2631 in
3223 2587 3475 2633 sanctua-

1918 2682 2059 2733 rium
2114 2677 2226 2740 Dei,
2273 2690 2499 2745 qumque
2546 2676 2597 2727 in
2647 2688 2713 2726 eo
2766 2679 2915 2734 sunt,
2966 2678 3020 2723 et
3070 2670 3213 2723 circa
3274 2670 3471 2735 ipsum,

1920 2768 2211 2835 intelligam
2257 2785 2269 2819 :
2312 2764 2665 2818 nihilominus
2709 2762 2880 2817 sancti
2927 2758 3162 2830 Spiritus
3208 2759 3376 2826 gratia
3420 2756 3473 2809 iu

1920 2856 2250 2925 patriarcbis
2290 2854 2659 2923 praligurata,
2703 2851 2757 2904 in
2806 2850 3083 2919 prophetis
3116 2856 3239 2901 ante
3268 2849 3480 2901 denun-

1920 2950 2076 3012 tiata,
2106 2948 2161 2999 in
2192 2945 2451 3014 apostolis
2482 2943 2727 3005 fundata,
2754 2942 2807 2995 in
2843 2942 3174 3010 martyribus
3201 2940 3476 2999 absoluta,

1925 3040 1977 3091 iu
2026 3038 2327 3091 bierarchis
2361 3037 2621 3090 decorata
2648 3076 2663 3099 ,
2694 3032 3134 3087 subministrabit
3177 3030 3477 3084 orationem

263 3112 459 3181 ἀρχαις
525 3118 1023 3186 κατακοσμηθεῖσα,
1054 3120 1212 3173 δώσει
1245 3122 1403 3190 λόγον
1421 3126 1479 3177 ἐν
1508 3128 1815 3189 ἀνοίξειτοῦ
1847 3148 1889 3203 (ς
1924 3129 1927 3181 i

936 3136 1023 3185 σα,
1054 3120 1212 3173 δώσει
1245 3122 1403 3190 λόγον
1421 3126 1479 3177 ἐν
1508 3128 1815 3189 ἀνοίξειτοῠ
1847 3148 1889 3203 (ς
1924 3128 1977 3182 in
2018 3130 2289 3196 apertione
2324 3128 2437 3181 oris
2476 3126 2600 3179 mei.

263 3204 529 3271 στόματός
563 3224 688 3274 μου.

334 3289 412 3343 Τά
456 3293 564 3344 τῶν
603 3296 952 3366 πατριαρχῶν
995 3298 1102 3351 τῶν
1142 3301 1311 3366 ἁγίων
1351 3305 1684 3372 ὲπιμάνικα,
1724 3309 1822 3370 τὰς

262 3382 580 3447 χειροπέδας
608 3383 703 3435 τοῦ
736 3387 938 3454 Κυρίου
968 3388 1283 3452 δοξάζουσιν
1311 3431 1325 3453 ,
1358 3392 1424 3455 ἃς
1451 3396 1591 3446 ἑκὼν
1617 3397 1821 3469 ὑπέστη

261 3470 353 3521 διὰ
406 3473 504 3539 τὴν
560 3476 833 3543 σωτηρίαν
894 3479 1087 3546 ἡμῶν,
1141 3483 1282 3534 κατὰ
1342 3488 1632 3553 μαστιγίαν
1691 3489 1825 3557 πρὸς

263 3560 522 3627 Καϊάφαν
553 3565 833 3630 ἀγόμενος.
867 3568 944 3619 Τά
978 3572 1356 3640 ἐπιτραχήλια,
1395 3574 1454 3625 τὸ
1502 3578 1825 3643 φραγέλλιον

262 3650 325 3700 τὸ
356 3650 588 3703 ἑλκύσαν
636 3654 733 3722 τὴν
775 3653 918 3725 ζωὴν
965 3656 1099 3725 πρὸς
1143 3660 1231 3711 τὸν
1277 3660 1524 3714 θάνατον.
1574 3663 1654 3716 Τά
1689 3667 1829 3733 μετὰ

265 3740 544 3807 ποταμίων
567 3742 838 3811 πιχάρια,
856 3748 978 3806 τοὺς
1002 3749 1261 3815 κρουνοὺς
1275 3751 1368 3802 τοῦ
1387 3752 1613 3821 αἵματος
1630 3755 1826 3808 καὶτοῦ

264 3828 497 3893 ὓδατος,
532 3838 657 3892 τοὺς
706 3837 768 3885 ὲκ
808 3836 905 3903 τῆς
933 3837 1081 3900 Θείας
1117 3840 1353 3909 πλευρᾶς
1395 3844 1825 3910 ἀποστάξαντας.

266 3919 386 3971 Τῶν
408 3924 670 4007 γονατίων
700 3923 767 3976 τὰ
792 3924 1155 3995 ὲπιδλήματα,
1187 3929 1279 3982 τοῦ
1312 3932 1517 3985 λεντίου
1552 3937 1615 3985 τὸ
1646 3938 1825 4007 ἐγχει-

269 4010 453 4077 ρίδιον,
486 4012 550 4063 δι’
580 4006 642 4066 οὗ
674 4016 801 4077 τοὺς
846 4016 1014 4079 πόδας
1056 4020 1083 4069 6
1134 4019 1335 4088 Κύριος
1374 4022 1481 4072 τῶν
1517 4006 1828 4078 ἀποστόλων

266 4102 604 4171 ἀπέσμηξεν.
638 4107 698 4157 Ol
728 4107 940 4168 σάκκοι,
977 4108 1075 4175 τὴν
1105 4108 1323 4177 χλαῖναν
1356 4113 1450 4178 τῆς
1486 4112 1714 4191 ὕϐρεως.
1748 4112 1829 4168 Τὰ

266 4193 571 4263 ὠμοφόρια,
605 4195 701 4262 τὴν
732 4198 795 4249 ὲκ
818 4198 911 4249 τοῦ
946 4198 1070 4264 ᾅδου
1108 4201 1241 4266 πρὸς
1274 4201 1502 4267 οὐρανὸν
1550 4204 1644 4255 τοῦ
1677 4222 1829 4274 πρω-

264 4286 564 4338 τοπλάστου
588 4287 903 4352 μετάϐασιν.
924 4289 1002 4343 Τὰ
1019 4290 1106 4341 διά
1123 4290 1534 4360 πολυσταυρίων
1559 4296 1825 4361 φαινόλια,

265 4372 360 4426 τοῦ
386 4375 569 4442 τιμίου
597 4374 828 4442 σταυροῦ
862 4380 960 4444 τὴν
994 4380 1334 4448 παγκόσμιον
1366 4382 1521 4447 δόξαν
1549 4386 1642 4436 καὶ
1674 4387 1832 4437 δύνα-

1995 3312 2319 3365 Sanctorum
2378 3308 2808 3378 patriarcharum
2869 3307 3209 3377 epimanica,
3266 3302 3482 3356 Domini

1928 3404 2169 3456 manicas
2207 3402 2506 3465 celebrant,
2535 3415 2672 3469 quas
2698 3399 2886 3452 volens
2917 3396 3180 3451 sustinuit
3230 3396 3298 3448 ob
3332 3394 3481 3446 salu-

1928 3502 2034 3547 tem
2066 3501 2329 3555 nostram,
2365 3506 2487 3545 cum
2523 3491 2695 3545 instar
2725 3488 3047 3543 verberonis
3089 3487 3153 3538 ad
3187 3485 3481 3552 Caiapliam

1930 3582 2241 3633 duceretur.
2301 3578 2560 3641 Collaria,
2600 3580 2773 3630 lorum
2828 3576 2980 3639 illud,
3016 3573 3161 3642 quod
3217 3574 3382 3627 vitam
3414 3572 3479 3623 ad

1931 3678 2159 3723 mortem
2188 3669 2368 3721 traxit.
2402 3668 2625 3721 Tunicae
2656 3666 2849 3719 ﬂuvios
2884 3666 3169 3724 habentes.
3200 3663 3485 3730 sanguinis

1930 3767 1985 3811 et
2015 3773 2169 3823 aqua:
2219 3758 2383 3819 rivos,
2411 3760 2504 3827 qui
2541 3773 2603 3811 ex
2670 3757 2854 3810 divino
2895 3757 3066 3808 latere
3113 3754 3483 3809 destillarunt.

1930 3840 2177 3899 Genuum
2228 3847 2481 3908 amictus,
2540 3846 2659 3911 ejus
2712 3844 2861 3897 lintei
2917 3844 3330 3901 documentum,
3380 3856 3486 3905 quo

1930 3935 2093 4003 pedes
2180 3936 2553 4003 apostolorum
2629 3934 2892 3987 Dominus
2968 3933 3214 3986 extersit.
3306 3930 3486 3992 Sacri,

1932 4025 2155 4093 pallium
2185 4025 2317 4078 illud
2350 4024 2692 4080 contumelia
2725 4031 2887 4090 atque
2934 4022 3234 4089 opprobrii.
3292 4020 3491 4072 Hume-

1934 4114 2091 4174 ralia,
2126 4114 2382 4182 primitivi
2450 4114 2739 4167 transitum
2791 4113 2858 4165 ab
2925 4111 3117 4164 inferis
3163 4109 3226 4162 ad
3270 4110 3484 4162 t‘ml'tnl.

1932 4198 2117 4253 Multis
2197 4200 2467 4268 insignitae
2546 4200 2803 4253 crucibus
2864 4199 3098 4267 penula,
3169 4196 3490 4250 venerandae

1934 4289 2115 4343 crucis
2154 4290 2513 4344 universalem
2539 4291 2765 4357 gloriam
2801 4298 2959 4355 atque
2986 4296 3325 4354 potestatem.
3360 4287 3490 4351 Qua:

1935 4380 2147 4431 suntin
2206 4379 2291 4433 his
2335 4380 2628 4447 triangula,
2683 4376 2912 4446 lapidem
2966 4379 3116 4429 illum
3178 4379 3488 4444 angularem

270 4484 382 4533 μιν.
409 4466 489 4519 Τὰ
520 4469 576 4519 ἑν
597 4468 805 4530 τούτοις
820 4468 1104 4538 τριγώνια,
1129 4471 1219 4521 τὸν
1245 4474 1635 4540 ἀκρογωνιαῑον
1659 4475 1827 4539 λίθον,
1865 4477 1905 4531 D

1823 4516 1827 4535 ,
1865 4477 1905 4531 D
1935 4469 2210 4522 Christum
2247 4469 2411 4524 Deum
2444 4479 2714 4532 nostrum,
2738 4469 2829 4535 qui
2856 4469 3134 4534 disiuncta
3181 4468 3487 4535 conjnimt.

268 4558 498 4625 Χριστὸν
524 4557 613 4609 τὸν
636 4557 767 4609 Θεὸν
790 4559 962 4626 ἡμῶν,
995 4560 1085 4611 τὸν
1115 4562 1183 4613 τὰ
1209 4562 1469 4614 διεστῶτα
1498 4565 1829 4633 συνάψαντα.

267 4648 377 4700 Καὶ
410 4649 464 4700 al
499 4648 681 4717 ῥάϐδοι
724 4649 813 4699 τὸν
846 4649 1087 4716 κάλαμον
1109 4690 1124 4712 ,
1169 4652 1259 4703 τὸν
1289 4653 1386 4719 τὴν
1430 4656 1699 4722 σωτηρίαν
1736 4656 1830 4707 τοῦ

268 4738 455 4804 γένους
509 4736 619 4789 τῶν
670 4736 970 4807 ἀνθρώπων
1027 4740 1572 4807 καλλιγραφήσαντα.
1632 4746 1742 4796 Καὶ
1806 4748 1834 4797 6

273 4830 480 4896 μάρτυς
521 4831 577 4880 ιν
604 4828 815 4898 οὐρανῷ
850 4830 1057 4892 πιστός.
1115 4832 1248 4884 Ἀπὸ
1275 4832 1405 4899 γοῦν
1434 4834 1542 4884 τῶν
1571 4834 1713 4887 οὕτω
1744 4836 1829 4887 δε-

268 4918 610 4988 δοξασμένων
653 4921 953 4985 ἀγακλεῶς,
988 4924 1083 4975 καὶ
1118 4924 1196 4983 είς
1246 4924 1417 4976 τύπον
1450 4928 1832 4980 καταστάντων

268 5008 358 5060 τοῦ
384 5010 639 5078 ἀληθινοῦ
668 5011 901 5081 Χριστοῦ
935 5014 1027 5064 καὶ
1058 5012 1192 5065 Θεοῦ
1219 5014 1393 5083 ἡμῶν,
1424 5017 1576 5079 ποῖός
1607 5034 1691 5077 τις
1713 5019 1832 5069 τολ-

272 5100 469 5167 μητίας
500 5100 593 5152 καὶ
625 5099 1019 5169 θρασυκάρδιος
1054 5101 1318 5167 ἀφέληταί
1352 5118 1402 5152 τι
1442 5102 1649 5153 δίκαιον
1685 5105 1834 5172 ἱερα-

269 5190 418 5241 τικὸν
447 5191 830 5258 όπωσδήποτε;
866 5192 1087 5251 Πάντως
1117 5191 1312 5249 οὐδείς.
1357 5191 1605 5245 Ἀκούσει
1636 5194 1740 5263 γὰρ
1772 5194 1834 5246 ἐκ

274 5277 364 5329 τοῦ
396 5277 745 5346 θεοπάτοροςο
771 5278 843 5329 Συ
886 5279 937 5329 δὲ
980 5279 1184 5330 ἀπώσω
1222 5281 1315 5330 καὶ
1344 5280 1707 5343 ἐξουδένωσας
1745 5283 1834 5333 τὸν

274 5370 505 5437 Χριστόν
551 5385 666 5429 σου,
705 5370 797 5419 καὶ
847 5370 905 5420 τὸ
956 5370 1202 5437 ἀγίασμα
1253 5370 1415 5422 αὐτοῦ
1468 5370 1831 5439 ὲὸεὸήλωσας.

277 5461 485 5529 Ὠσπερ
521 5461 699 5511 τοίνυν
743 5460 843 5511 οὐκ
878 5460 1059 5527 ,ἔξεστι
1096 5461 1199 5511 τῶν
1240 5460 1492 5511 ἁπάντων
1523 5462 1628 5511 τινὶ⁵
1660 5460 1836 5528 λέγειν

275 5552 403 5618 περὶ
430 5551 519 5601 τοῦ
557 5551 673 5607 ἑνὸς
695 5552 929 5615 Χριστοῦ
959 5550 1048 5605 καὶ
1080 5548 1213 5601 Θεοῦ
1246 5550 1423 5619 ήμῶν,
1455 5551 1628 5611 ἄλλως
1656 5552 1751 5618 μὲν
1782 5554 1837 5602 ὲν

279 5642 408 5709 τῷδε
452 5643 547 5709 τῆς
592 5643 912 5709 οἰκουμένης
954 5642 1029 5709 τῷ
1065 5642 1285 5709 κλίματι
1324 5643 1707 5711 παρουσιάζειν
1749 5645 1838 5694 καὶ

277 5734 700 5798 μεγαλῦνεσθαε,
737 5735 905 5792 ἄλλως
955 5733 997 5784 δ’
1043 5736 1099 5785 ἐν
1144 5734 1335 5802 ὲκείνῳ
1368 5734 1713 5797 δοξάζεσθαι,
1755 5735 1838 5784 ἵνα

1935 4559 2142 4622 Baculi,
2188 4561 2511 4613 arundinem
2576 4561 2743 4622 illam,
2808 4576 2928 4627 qua
2991 4561 3221 4612 salutem
3276 4563 3489 4627 gem-ris

1938 4651 2156 4703 humani
2180 4650 2393 4719 egregie
2447 4649 2711 4716 depinxit.
2768 4650 2946 4704 Testis
3003 4654 3055 4701 in
3103 4650 3243 4703 caelo
3298 4650 3491 4702 ﬁdelis.

1938 4741 2274 4794 Patriarchis
2303 4755 2433 4808 ergo
2467 4749 2575 4791 tam
2629 4741 2886 4807 prmelare
2945 4741 3270 4801 nobilitatis,
3327 4750 3378 4792 et
3439 4757 3490 4791 ιιι

1938 4829 2288 4883 simulacrum
2313 4830 2425 4882 veri
2457 4826 2660 4881 Christi
2684 4843 2748 4881 ac
2783 4828 2873 4881 Dei
2919 4828 3093 4881 nostri
3152 4829 3490 4889 constitutis,

1936 4921 2058 4987 quis
2086 4920 2219 4973 adeo
2244 4920 2563 4972 temerarius
2594 4929 2647 4971 et
2690 4918 2865 4970 audax
2920 4918 3107 4977 fuerit,
3164 4928 3220 4970 ut
3257 4920 3347 4983 jus
3394 4919 3493 4969 ali-

1936 5010 2081 5078 quod
2111 5009 2446 5063 sacerdotale
2471 5025 2800 5077 quocunque
2828 5009 2986 5063 modo
3010 5009 3250 5062 adimat?
3274 5012 3496 5062 omnino

1938 5100 2143 5153 nullus.
2174 5098 2371 5152 Audiet
2398 5102 2540 5151 enim
2572 5114 2601 5151 a
2660 5099 2861 5153 Christi
2926 5110 3077 5168 patre
3132 5099 3369 5152 Davide:
3413 5097 3492 5151 Tu

1936 5197 2116 5241 autem
2176 5190 2423 5257 repulisti
2473 5198 2521 5241 et
2573 5190 2886 5241 annihilasti
2947 5201 3167 5242 unctum
3226 5201 3399 5251 tuum,
3440 5198 3494 5242 et

1939 5280 2420 5332 sanctilicationem
2484 5280 2603 5345 ejus
2657 5280 2979 5347 profanasti.
3026 5279 3492 5343 Quemadmodum

1938 5386 2066 5437 ergo
2106 5370 2309 5423 nemini
2342 5369 2524 5439 dicere
2554 5370 2677 5422 licet
2711 5370 2777 5422 de
2837 5385 2944 5422 uno
2997 5370 3218 5423 Christo
3280 5370 3497 5439 Dcoque

1941 5468 2150 5523 nostro,
2176 5460 2319 5528 quod
2352 5437 2510 5513 aliter
2538 5461 2588 5513 in
2618 5461 2719 5512 hoc
2751 5462 2898 5513 orbis
2932 5469 3103 5513 tractu
3139 5462 3211 5513 sit
3258 5437 3495 5529 prmeus

1941 5564 1991 5603 et
2019 5549 2418 5617 magniﬂcctur,
2446 5551 2604 5603 aliter
2633 5552 2684 5602 in
2718 5550 2806 5602 illo
2830 5552 3207 5617 glorilicetur;
3245 5567 3309 5604 ne
3340 5567 3495 5606 vesa-

1945 5642 2046 5693 niaa
2082 5651 2336 5693 extremae
2390 5657 2539 5693 reum
2599 5657 2657 5694 se
2702 5641 2882 5703 faciat,
2944 5650 2995 5693 et
3048 5643 3112 5694 ad
3168 5643 3495 5708 impietatem

1944 5732 2211 5783 ewtbitct
2242 5752 2249 5782 :
2284 5733 2360 5785 sic
2387 5733 2546 5783 etiam
2602 5747 2758 5783 nemo
2810 5733 3224 5799 pzttriarclialcm
3282 5747 3495 5787 sacrant
