4214 6450
832 384 852 445 1
902 386 966 444 9'?

2043 394 2314 452 THEUU.
2366 393 2838 456 BALSAHONIS

3883 398 4022 467 10‘?!

826 507 1237 569 amplitudinem
1270 508 1432 557 dividi
1466 508 1661 562 debere
1692 510 1904 571 dixt'rit,
1959 512 2032 564 uti
2061 515 2140 565 vel
2167 515 2364 579 majora
2395 521 2439 576 Α
2472 532 2490 581 ι.

2353 529 2364 564 I
2395 521 2439 576 Α
2472 515 2543 582 μὴ
2576 516 2954 584 παραπληξίας
2979 516 3206 584 ἐσχάτης
3235 518 3569 587 κατακριθῇ,
3604 519 3695 571 καὶ
3725 521 3859 589 πρὸς
3885 522 4017 573 δυσ-

825 596 903 645 ιέἰ
939 595 1145 645 minora
1210 598 1399 649 habeat
1460 600 1756 665 privilegia.
1804 602 2142 667 Quapropter
2198 604 2360 655 etiam

822 689 1081 734 statutum
1110 695 1210 742 est.
1241 696 1296 735 ut
1344 686 1395 739 itt
1460 692 1650 753 quavis
1701 690 1926 741 ecclesia
1980 692 2091 754 Dei,
2135 691 2248 743 sive
2295 690 2360 741 ad

820 769 1169 836 Euphratem,
1200 776 1309 827 sive
1335 778 1398 829 ad
1432 779 1668 843 Tigrim,
1704 780 1816 832 sive
1851 780 1917 831 ad
1948 782 2123 847 ipsum
2158 781 2359 847 pertin-

816 856 1225 923 gatOceanum,
1254 865 1581 930 ctmjttnctitn
1639 882 1825 919 eorum
1857 870 2071 919 nomina
2123 868 2361 919 referan-

816 960 925 999 tur.
980 951 1319 1018 Acceperunt
1382 956 1562 1016 enim,
1626 958 1704 1007 uti
1777 958 2039 1024 scriptum
2109 958 2355 1025 legimus,

815 1038 1063 1103 regiones
1126 1044 1404 1105 gentium;
1449 1053 1501 1096 et
1546 1061 1733 1097 eorum
1789 1047 1967 1099 throni
2012 1054 2141 1099 sunt
2188 1048 2359 1099 instar

812 1124 952 1178 luna:
984 1130 1249 1194 perfecta}.
1284 1148 1345 1184 ac
1373 1133 1505 1185 solis
1538 1136 1708 1185 instar
1740 1150 1922 1187 coram
1962 1150 2046 1189 me
2069 1144 2216 1189 sunt.

881 1303 983 1357 Sed
1023 1306 1159 1359 dicet
1188 1307 1423 1374 aliquis:
1459 1308 1591 1360 Cum
1628 1310 1794 1363 divini
1827 1319 1879 1364 et
1932 1313 2073 1365 sacri
2110 1325 2353 1365 canones

808 1395 952 1445 velut
1017 1397 1330 1463 arvipendio
1406 1399 1638 1465 quodam
1717 1402 2041 1469 patriarcbis
2119 1410 2354 1467 quatuor

807 1482 952 1538 Orbis
998 1497 1175 1549 partes
1229 1486 1628 1550 distribuerint,
1680 1490 1770 1551 qui
1808 1489 1883 1548 lit,
1924 1499 1979 1541 ut
2022 1490 2136 1554 ipse
2186 1490 2351 1541 semel

807 1579 1008 1623 statuta
1039 1576 1464 1640 transgrediens,
1499 1578 1629 1629 velis
1657 1592 1750 1629 cas
1777 1579 1944 1629 instar
1974 1580 2136 1631 unius
2166 1577 2349 1629 haberi

806 1668 1114 1733 provinciae,
1140 1685 1365 1736 quaeque
1396 1672 1565 1723 divisa
1612 1681 1755 1724 recte
1780 1682 1924 1732 sunt.
1956 1674 2092 1725 male
2128 1672 2351 1724 confun-

804 1755 966 1807 dere?
1001 1758 1076 1807 Ad
1134 1758 1269 1809 hanc
1316 1759 1673 1825 objectionem
1720 1762 2131 1827 respondemus,
2185 1776 2348 1828 posse

2468 602 2678 655 σέσειαν
2710 605 3089 673 μετακυλισθῇ,
3122 606 3289 667 οὕτως
3314 608 3433 658 οὑδέ
3471 611 3570 677 τὴν
3598 612 4011 678 πατριαρχικὴν

2464 691 2611 744 θείαν
2647 693 3034 760 μεγαλειότητα
3064 693 3363 761 διαιρετίαν
3408 696 3549 747 εῐποι
3586 713 3670 757 τις
3703 693 3842 751 εἶναι
3865 738 3880 758 ,
3916 702 4012 750 καὶ

2463 782 2595 851 πρὸς
2618 782 2839 847 μείζονα
2860 783 2953 833 καὶ
2971 784 3225 836 ἐλάττονα
3248 785 3512 854 προνόμια
3538 788 4007 853 μεταπίπτουσαν.

2462 870 2553 936 Τῷ
2588 886 2667 919 τοι
2697 870 2786 920 καὶ
2835 870 3071 922 δέδοκται
3134 872 3270 922 κατά
3313 876 3490 926 πᾶσαν
3530 875 3843 941 ἐκκλησίαν,
3882 877 4012 942 περὶ

2459 958 2547 1009 τὸν
2581 959 2891 1026 Εὐφράτην,
2917 961 3008 1010 καὶ
3029 960 3289 1028 Τίγρητα,
3308 966 3398 1014 καὶ
3420 964 3577 1014 αὑτὸν
3604 964 3898 1030 διήκουσαν
3923 964 4013 1016 τὸν

2458 1046 2692 1097 ὠκεανὸν
2711 1085 2726 1107 ,
2753 1048 2925 1098 ἰλαδὸν
2970 1050 3163 1108 αὐτοὺς
3192 1052 3572 1117 ἀναφέρεσθαι.
3608 1052 3838 1104 Ἐλαδον
3876 1053 4011 1119 γὰρ,

2457 1138 2610 1203 φησί,
2634 1137 2813 1204 χώρας
2838 1137 3001 1189 ἐθνῶν
3023 1177 3036 1197 ,
3056 1139 3147 1189 καὶ
3173 1141 3220 1188 οἱ
3250 1140 3425 1206 θρόνοι
3450 1141 3626 1193 αὐτῶν
3650 1142 3780 1195 ὡσεὶ
3804 1158 4010 1208 κατηρο

2456 1224 2681 1292 τισμένη
2716 1225 2932 1291 σελήνη,
2962 1226 3055 1276 καὶ
3089 1226 3162 1285 ὼς
3190 1226 3339 1293 ἥλιός
3368 1230 3505 1277 εἰσιν
3539 1230 3774 1280 ἐναντίον
3808 1246 3938 1297 μου.

2535 1311 2813 1377 ’Δλλ⁹ἐρεί
2848 1326 2967 1370 τις·
3022 1312 3128 1362 Καὶ
3184 1313 3298 1373 πῶς
3352 1314 3460 1365 τῶν
3513 1315 3670 1365 θείων
3708 1316 3803 1366 καὶ
3847 1315 4012 1383 ἰερῶν

2455 1400 2689 1450 κανόνων
2720 1399 2794 1461 ὡς
2823 1402 2879 1450 ἐν
2917 1401 3131 1467 σχοινίῳ
3177 1401 3527 1467 κληροδοσίας
3568 1404 4008 1471 ἐπιμερισάντων

2452 1488 2563 1546 τοῖς
2595 1488 2958 1554 πατριάρχαις
2985 1488 3086 1553 τῆς
3112 1490 3430 1555 οἰκουμένης
3457 1492 3555 1558 τὴν
3585 1492 4006 1559 τετραμέρειαν.

2451 1575 2606 1634 αὑτὸς
2630 1575 2969 1642 ὑπερϐαίνων
2994 1575 3062 1627 τὰ
3089 1575 3312 1638 δόξαντα
3339 1579 3510 1639 Θέλεις
3533 1579 3607 1639 ὡς
3634 1580 3759 1645 μίαν
3788 1579 4009 1647 ἐνορίαν

2448 1663 2649 1725 ταύτας
2680 1663 2985 1730 λογίζεσθαι
3012 1706 3026 1728 ,
3063 1666 3155 1716 καί
3204 1668 3453 1733 συγχέειν
3484 1667 3665 1727 κακῶς
3692 1668 3761 1721 τὰ
3801 1668 4009 1735 διαιρε-

2450 1750 2609 1803 θέντα
2642 1751 2853 1815 καλῶς;
2888 1754 3066 1820 Φαμὲν
3094 1748 3185 1805 οὖν
3218 1756 3352 1821 πρὸς
3382 1754 3480 1821 τὴν
3508 1755 3761 1823 τοιαύτην
3794 1755 4009 1806 ἀντίθεο

803 1847 1002 1909 ptriter
1025 1855 1078 1897 et
1112 1848 1220 1899 htce
1247 1850 1353 1899 vim
1384 1864 1534 1900 suam
1581 1850 1845 1910 obtinere,
1896 1850 2344 1916 quemadmodum
2376 1830 2421 1888 Β
2450 1858 2467 1891 ε

2341 1873 2344 1901 ι
2376 1830 2421 1888 Β
2450 1858 2552 1901 σιν,
2580 1840 2651 1901 ὡς
2680 1841 2795 1893 ἔστι
2818 1842 2909 1893 καὶ
2934 1842 3104 1894 ταῦτα
3122 1846 3339 1911 κρατεῖν
3364 1842 3541 1903 καθὼς
3572 1843 3674 1894 ὑπὸ
3696 1844 3805 1894 τῶν
3834 1844 4005 1908 ἁγίων

802 1948 828 1982 a
855 1937 1061 1987 sanctis
1090 1936 1342 1990 Patribus
1376 1942 1581 1990 sancita
1619 1941 1766 2000 sint,
1802 1948 1853 1990 et
1880 1951 2053 1991 tamen
2096 1941 2347 1992 identita-

799 2031 900 2071 tt-tn
930 2028 1143 2076 ttninnis
1166 2044 1269 2077 non
1292 2028 1571 2079 confundi.
1598 2028 1785 2095 Opiter
1806 2030 1893 2081 ille
1922 2028 2081 2095 hujus
2106 2029 2344 2082 universi

798 2112 957 2172 Deus,
998 2114 1082 2177 qui
1114 2114 1381 2167 hominem
1431 2130 1582 2166 suam
1621 2117 1685 2168 ad
1732 2118 2018 2183 imaginem
2082 2116 2256 2177 tinxit,
2291 2123 2345 2167 et

796 2213 968 2265 regem
1000 2202 1331 2252 terrestrium
1361 2204 1663 2263 constituit,
1717 2204 1810 2270 qui
1863 2204 2075 2256 caelitus
2128 2218 2342 2269 regere-

795 2295 900 2341 tur.
937 2289 1259 2352 prze-iicatur
1285 2289 1372 2340 ille
1405 2289 1622 2353 quidem
1654 2304 1773 2341 cum
1806 2298 2030 2356 propter
2079 2292 2338 2356 reliquam

795 2375 1034 2439 ﬁgmenti
1073 2375 1233 2441 huius
1265 2377 1517 2428 eximiam
1556 2392 1905 2445 compagem;
1952 2388 2063 2430 tum
2097 2378 2239 2445 quod
2272 2392 2339 2429 ex

793 2464 1083 2515 immortali
1143 2467 1359 2531 partim,
1414 2468 1609 2533 partim
1670 2468 1883 2521 mortali
1940 2470 2189 2531 mistura,
2241 2483 2337 2521 vas

790 2554 916 2603 illud
950 2564 1071 2621 apte
1104 2552 1352 2606 ﬂuxerit:
1390 2556 1533 2621 quod
1593 2572 1725 2610 sane
1754 2574 1873 2610 cum
1931 2560 2049 2611 loco
2100 2560 2337 2615 circum-

790 2642 1079 2701 scribatur,
1113 2644 1320 2696 rzttione
1357 2645 1629 2697 crassitiei
1657 2646 1916 2705 carnalis.
1952 2658 2128 2701 mente
2156 2656 2333 2700 tamen

788 2742 850 2779 ea
879 2738 1100 2794 spectat,
1135 2743 1251 2795 qua!
1275 2729 1356 2781 vel
1408 2731 1544 2795 apud
1569 2728 1745 2782 Gades
1800 2732 2092 2783 exsistunt.
2150 2730 2335 2797 Neque

790 2818 967 2868 minus
988 2819 1034 2869 ei
1067 2819 1448 2884 tnajestatisex
1479 2834 1541 2871 eo
1573 2819 1850 2882 tribuitur,
1880 2819 2023 2887 quod
2055 2822 2331 2872 hominum

790 2907 948 2956 vitam
986 2920 1077 2969 per
1108 2908 1349 2973 quinque
1390 2922 1582 2960 sensus
1630 2909 1739 2975 regi
1800 2910 2049 2968 voluerit,
2100 2923 2329 2975 quorum

786 2996 1011 3059 quilibet
1046 2997 1151 3047 vim
1186 2997 1285 3049 sibi
1315 2997 1637 3063 peculiarem
1667 2998 1988 3059 vindicaret,
2022 3012 2144 3049 cum
2193 2998 2331 3049 inte-

786 3088 886 3138 titn
917 3088 1228 3139 societatem
1264 3096 1504 3139 mutuam
1535 3102 1639 3137 non
1670 3087 1957 3154 abnegent.
2008 3086 2157 3139 Licet
2184 3086 2325 3138 enim

2449 1930 2705 1996 Πατέρων
2737 1930 3105 1995 τεοέσπισται,
3146 1933 3239 1983 καὶ
3270 1932 3368 1999 τὴν
3403 1933 3707 1998 ταυτότητα
3739 1932 3842 1999 τῆς
3882 1931 4009 1983 ἐνώ-

2448 2033 2584 2074 σεως
2618 2018 2690 2085 μὴ
2727 2019 3067 2086 συγχέεσθαι.
3120 2020 3176 2071 ’0
3207 2020 3543 2087 Δημιουργὺς
3568 2021 3675 2071 τῶν
3705 2021 3846 2072 ὅλων
3877 2022 4007 2082 Θεὸς

2445 2108 2563 2157 κατ’
2593 2107 2797 2160 οἰκείαν
2834 2108 3016 2159 εἰκόνα
3065 2108 3514 2176 πλαστουργήσας
3558 2110 3647 2161 τδν
3678 2110 4003 2178 ἄνθρωπον,

2444 2196 2535 2245 καὶ
2569 2194 2790 2261 βασιλέα
2818 2198 3167 2263 καταστήσας
3196 2197 3302 2247 τῶν
3326 2198 3415 2247 ἐπὶ
3444 2198 3545 2261 γῆς
3576 2197 4002 2265 βασιλευόμενον

2442 2281 2665 2347 ἄνωθεν,
2692 2286 2937 2351 ὑμνεῖται
2968 2286 3066 2353 μὲν
3088 2286 3180 2337 καὶ
3203 2286 3360 2354 χάριν
3384 2287 3481 2355 τῆς
3500 2288 3663 2353 ἄλλης
3685 2287 4002 2355 ὑπερφυοῦς

2442 2373 2703 2441 ἁρμονίας
2729 2374 2822 2427 τοῦ
2854 2374 3188 2443 πλάσματος,
3215 2378 3307 2428 καὶ
3332 2376 3446 2437 πῶς
3470 2377 3529 2440 ἐξ
3557 2376 3831 2429 ἀθανάτου
3864 2379 4002 2445 κρά-

2441 2478 2606 2528 ματος
2628 2464 2718 2514 καὶ
2740 2464 2933 2533 θνητοῦ
2968 2463 3028 2515 τὸ
3054 2464 3298 2531 ἐφόλκιον
3327 2465 3693 2534 διωργάνωσε,
3722 2466 3821 2517 καὶ
3851 2469 4001 2534 τόπῳ

2438 2554 2908 2621 περιγραφόμενον
2939 2552 3014 2620 τῷ
3036 2552 3177 2620 λόγῳ
3204 2554 3300 2622 τῆς
3333 2554 3640 2622 σαρκώδους
3663 2557 3998 2624 παχύτητος,

2440 2640 2639 2705 νοερῶς
2675 2642 2741 2691 τὰ
2767 2641 2912 2709 παρά
2936 2641 3205 2710 Γαδείρων
3226 2658 3382 2709 περιε
3394 2642 3670 2708 ργάζεται.
3694 2644 3808 2709 Οὐχ
3839 2641 4001 2712 ἦττον

2436 2727 2490 2777 δὲ
2532 2728 2889 2793 μεγαλύνεται
2911 2766 2925 2789 ,
2959 2729 3040 2779 ὅτι
3070 2728 3165 2795 τὴν
3200 2727 3343 2797 ζωὴν
3375 2730 3480 2780 τῶν
3511 2730 3813 2799 ἀνθρώπων
3854 2734 4000 2784 εὑδό-

2435 2835 2567 2882 κησε
2607 2820 2693 2871 διὰ
2724 2821 2881 2870 πέντε
2925 2821 3229 2888 αἰσθήσεων
3270 2819 3643 2887 διεξάγεσθαι,
3676 2826 3998 2890 σφετεριζο-

2435 2908 2607 2974 μένων
2652 2910 2749 2975 τὴν
2790 2908 3097 2975 ίδικότητα,
3147 2910 3241 2961 καὶ
3294 2910 3367 2976 μὴ
3420 2911 3849 2979 ἀπαρνουμένων
3900 2915 3999 2982 τὴν

2430 2997 2799 3049 ἀνακοίνωσιν.
2838 2998 2953 3049 Κᾶν
2970 3000 3075 3067 γάρ
3107 3001 3139 3066 ἡ
3166 2999 3285 3065 1ὂψις
3316 3000 3474 3067 τυχδν
3498 3001 3690 3069 ἐνεργῇ
3724 3003 3822 3053 καὶ
3840 3019 3999 3070 μονο-

2435 3086 2615 3153 μερῶς
2664 3088 2724 3137 τὸ
2774 3087 3159 3155 ἀποκληρωθέν
3202 3088 3370 3157 ταύτῃ
3434 3089 3802 3159 λειτούργημα
3843 3092 3997 3161 ⁸ιιιιιρά

782 3188 1057 3242 aspectus,
1084 3176 1230 3228 verbi
1266 3178 1458 3242 gratia,
1485 3192 1683 3229 munus
1704 3178 1804 3228 sibi
1831 3176 2094 3229 divinitus
2150 3176 2329 3243 injun-
2353 3143 2397 3204 Ε
2433 3177 2446 3225 ί

2353 3143 2397 3204 C
2433 3143 2610 3237 δεοῦ,
2638 3175 2774 3227 καθά
2826 3194 2877 3227 τι
2920 3143 3122 3227 δίκαιον
3155 3143 3410 3245 ὄφλημα,
3466 3177 3538 3245 μὴ
3588 3143 3994 3248 ἐμποδιζομένη

781 3274 927 3315 ctum
982 3265 1140 3315 etiam
1193 3280 1290 3333 pro
1345 3282 1439 3318 sua
1472 3276 1623 3332 parte
1670 3266 1935 3317 duntaxat
2007 3265 2186 3327 obeat,
2228 3278 2325 3316 ceu

783 3354 1020 3404 debitum
1082 3352 1352 3419 quoddam
1408 3355 1759 3419 persolvens,
1821 3355 1873 3405 in
1932 3369 2037 3419 quo
2109 3352 2327 3404 minime

781 3443 1028 3509 cognatis
1057 3456 1084 3491 a
1111 3443 1360 3495 sensibus
1402 3443 1709 3507 impeditur,
1770 3455 2111 3508 nequaquam
2146 3448 2323 3491 tamen

778 3533 844 3585 ab
876 3534 1065 3584 horum
1100 3534 1356 3584 societate
1391 3532 1659 3591 avellitur,
1722 3533 1813 3583 sed
1856 3532 1970 3583 vult
2015 3546 2109 3583 eos
2144 3530 2322 3597 digni-

776 3625 903 3675 tatis
965 3637 1074 3674 sua:
1135 3622 1423 3689 participes
1482 3636 1641 3680 esse,
1707 3630 2027 3688 mutuasque
2075 3620 2323 3672 conferre

773 3728 967 3779 operas
1002 3716 1174 3763 instar
1208 3712 1431 3761 lidarum
1469 3712 1811 3772 ancillarum,
1846 3711 1909 3761 ad
1936 3710 2234 3761 curandum
2270 3709 2320 3761 id

772 3818 991 3869 corpus,
1020 3802 1105 3853 cui
1138 3817 1330 3853 sensus
1365 3802 1411 3852 lii
1447 3803 1553 3853 dati
1590 3812 1733 3853 sunt.
1762 3800 2027 3853 Prazterea
2088 3809 2323 3853 meretur

771 3890 1205 3947 admirationem,
1244 3886 1385 3951 quod
1424 3888 1719 3951 quemlibet
1764 3886 1956 3937 horum
2013 3888 2322 3951 geminave-

772 3980 875 4040 rit;
921 3987 978 4029 ιιι
1037 3977 1252 4029 tametsi
1317 3978 1494 4043 perire
1542 3978 1831 4044 contigerit
1884 3992 2074 4040 unum,
2138 3986 2317 4027 tamen

769 4071 1011 4135 reliquus
1044 4068 1189 4119 illius
1217 4069 1377 4119 etiam
1410 4070 1578 4119 vicem
1614 4067 1852 4133 impleat,
1898 4082 1997 4119 nec
2056 4066 2318 4118 adversus

767 4174 890 4211 eum
924 4160 1247 4209 ittsolescant
1276 4171 1471 4208 sensus
1504 4155 1683 4207 adhuc
1719 4157 1936 4223 integri,
1992 4154 2083 4207 sed
2139 4155 2317 4221 potius

765 4249 813 4299 ei
848 4247 1189 4305 condoleant,
1221 4263 1285 4297 ne
1344 4247 1577 4299 ludibrio
1631 4246 2018 4314 paterfamilias
2072 4247 2315 4312 ipsorum

766 4338 1054 4388 habeatur.
1090 4335 1298 4402 Quippe
1350 4336 1394 4389 si
1433 4337 1721 4403 contigerit
1779 4338 2093 4388 alterutram
2128 4350 2314 4388 aurem

2433 3265 2580 3330 παρὰ
2602 3264 2709 3315 τῶν
2738 3266 3048 3332 συντρόφων
3075 3267 3398 3333 αἰσθήσεων,
3423 3268 3558 3319 ἀλλά
3582 3268 3678 3335 τῆς
3702 3270 3994 3329 κοινωνίας

2431 3352 2606 3403 αὐτῶν
2640 3354 2699 3403 οὑ
2732 3353 3050 3421 χωρίζεται·
3085 3354 3230 3405 θέλει
3272 3355 3327 3408 δὲ
3365 3357 3567 3416 ταύτας
3598 3357 3851 3423 μετέχειν
3885 3360 3993 3407 τῶν

2430 3442 2749 3509 ἀξιωμάτων
2781 3444 2968 3507 αὐτῆς,
3011 3444 3105 3494 καὶ
3134 3445 3461 3511 συναρήγειν
3488 3446 3566 3505 εἰς
3591 3445 3651 3495 τὸ
3680 3446 3812 3496 αὐτὸ
3851 3448 3994 3497 κατά

2429 3530 2668 3592 δουλίδας
2699 3532 2891 3593 πιστὰς
2912 3570 2927 3593 ,
2967 3536 3101 3601 πρὸς
3139 3534 3433 3601 θεραπείαν
3463 3534 3554 3586 τοῦ
3583 3534 3788 3596 ταύτας
3821 3537 3995 3587 πλου-

2430 3622 2688 3684 τήσαντος
2733 3620 2999 3687 σώματος.
3048 3622 3168 3673 Ἔτι
3203 3622 3570 3686 θαυμάζεται,
3600 3622 3714 3682 πῶς
3748 3624 3996 3687 ἑκάστην

2429 3708 2631 3758 τούτων
2657 3707 3062 3771 ἐδιπλασίασεν,
3095 3709 3181 3760 ἵνα
3217 3710 3318 3761 κᾶν
3362 3711 3539 3778 συμϐῇ
3572 3712 3991 3779 περιαιρεθῆναι

2428 3797 2524 3863 τὴν
2558 3797 2683 3864 μίαν
2706 3836 2719 3857 ,
2749 3798 2780 3864 ἡ
2812 3798 3215 3864 περιλειφθεῖσα
3246 3799 3502 3865 κάκείνης
3535 3800 3623 3849 τὸν
3658 3800 3821 3851 τόπον
3854 3808 3990 3854 ἀνα-

2430 3887 2769 3953 πληρώσειε,
2820 3887 2913 3936 καὶ
2969 3889 3044 3954 μὴ
3099 3886 3628 3948 καταλαζονεύωνται
3667 3890 3877 3957 ταύτης
3936 3894 3989 3941 αἰ

2426 3976 2787 4040 ἀρτιόσωμοι,
2834 3976 3145 4040 συμπονῶσι
3178 3976 3230 4025 δὲ
3269 3977 3461 4031 μᾶλλον
3502 3978 3657 4043 αὑτῇ,
3688 3978 3765 4037 ὼς
3814 3979 3881 4029 ἂν
3915 3981 3988 4045 μὴ

2424 4066 2450 4115 ὁ
2475 4064 2854 4131 οἰκοδεσπότης
2876 4065 3049 4115 αὐτῶν
3078 4064 3495 4132 θριαμίλεύηται.
3535 4066 3620 4126 Ὠς
3646 4066 3805 4134 εἰπερ
3834 4068 3987 4135 τύχοι

2425 4154 2516 4203 καὶ
2542 4153 2637 4221 τὴν
2667 4153 2898 4220 θατέραν
2940 4154 3302 4220 ἁχρειωθῆνλι
3332 4155 3439 4205 τῶν
3471 4154 3675 4220 ἀκοῶν,
3706 4157 3894 4207 οὐκέτι
3930 4159 3987 4207 τὸ

2425 4244 2706 4295 κάλλιστον
2753 4243 2940 4311 χρῆμα
2991 4246 3017 4294 ὁ
3059 4243 3362 4313 ἄνθρωπος,
3398 4244 3614 4307 ἐντελὴς
3669 4246 3763 4296 καὶ
3824 4246 3983 4307 σῶος,

2424 4332 2517 4381 καί
2546 4326 2655 4383 οἷον
2691 4332 2849 4383 αὑτὸν
2884 4334 2911 4382 ὁ
2941 4332 3069 4392 Θεὸς
3119 4334 3446 4397 εἰργάσατο,
3482 4332 3723 4398 λέγεται’
3760 4336 3879 4385 ἀλλ’
3910 4336 3985 4397 ὡς

766 4427 1008 4479 inutilem
1044 4426 1217 4478 reddi.
1244 4440 1347 4476 non
1375 4427 1604 4492 amplius
1660 4428 1841 4486 homo,
1876 4435 2115 4478 creatum
2154 4426 2313 4492 longe
2340 4455 2393 4512 Β
2424 4421 2430 4468 Ι

2340 4455 2393 4512 D
2424 4420 2682 4487 ἐκτρωμά
2730 4437 2782 4470 τι
2830 4420 3125 4485 λογίζεται,
3178 4421 3280 4471 ὑπὸ
3330 4421 3434 4473 τῶν
3474 4420 3672 4475 λοιπῶν
3702 4425 3982 4490 τεττάρων

764 4513 1211 4581 pulcherrimum,
1257 4510 1527 4577 perfectus
1562 4520 1613 4563 et
1659 4512 1972 4568 incolumis.
2014 4522 2067 4564 et
2098 4512 2309 4578 qualem

762 4604 906 4655 Deus
934 4602 1194 4661 condidit,
1247 4616 1366 4653 esse
1431 4602 1660 4665 dicitur;
1720 4601 1813 4653 sed
1864 4602 2038 4653 instar
2090 4602 2311 4653 abortus

761 4692 1008 4753 habetur,
1062 4706 1181 4741 cum
1244 4704 1270 4740 a
1322 4691 1540 4756 reliquis
1576 4694 1807 4757 qua‘tuor
1856 4693 2129 4759 sensibus,
2183 4690 2309 4742 licet

761 4780 1062 4831 incolumes
1089 4779 1215 4838 sint,
1240 4778 1422 4829 auxilii
1447 4780 1577 4829 nihil
1603 4781 1817 4833 habeat.
1843 4780 2306 4843 Quemadmodum

756 4883 885 4935 t-rgo
922 4870 1165 4935 quolibet
1203 4883 1365 4920 sensu
1400 4885 1594 4921 munus
1628 4884 1786 4922 suum
1838 4872 2115 4937 implente,
2147 4881 2306 4924 carto-

757 4970 936 5007 rorum
976 4971 1132 5007 usum
1163 4971 1267 5009 non
1318 4956 1643 5021 inﬁciatnur,
1691 4974 1788 5011 nec
1843 4959 2164 5013 damnamus
2215 4976 2308 5014 eos

758 5053 1011 5109 tanquam
1042 5043 1216 5097 {mdes
1257 5056 1308 5097 ct
1331 5047 1575 5112 inutiles,
1609 5056 1892 5116 propterea
1921 5051 2061 5116 quod
2092 5052 2304 5118 gemina

756 5136 963 5185 ratione
1012 5151 1113 5187 non
1163 5135 1273 5188 sint
1329 5136 1595 5203 ellicaces,
1648 5139 2100 5206 quemadmodum
2150 5149 2305 5193 erant

754 5224 978 5287 conditi,
1005 5225 1095 5276 sed
1125 5226 1302 5293 potius
1338 5227 1416 5278 eis
1448 5226 1689 5279 favemus
1726 5228 1943 5295 (quippe
1979 5230 2021 5281 si
2066 5245 2204 5281 unus
2236 5246 2300 5282 ex

749 5314 850 5372 eis.
884 5315 961 5366 uti
994 5314 1197 5366 dictum
1232 5324 1333 5376 est,
1369 5315 1420 5367 in
1446 5317 1760 5369 universum
1796 5317 2090 5381 defecerit;
2122 5327 2291 5371 totum

747 5414 946 5465 corpus
998 5402 1187 5455 inutile
1235 5402 1504 5467 redditur,
1559 5413 1611 5457 et
1658 5406 1726 5457 ah
1783 5406 2094 5461 hominibus
2150 5409 2291 5461 haud

744 5491 900 5542 aliter
938 5490 1159 5544 habetur
1200 5502 1361 5561 atque
1418 5495 1461 5546 si
1512 5510 1619 5547 non
1658 5497 1981 5563 exsisteret),
2015 5498 2091 5551 sic
2130 5501 2289 5553 etiam

741 5580 1024 5643 quinaritts
1072 5582 1502 5649 patriarcharum
1570 5594 1714 5639 recte
1744 5596 1903 5654 atque
1934 5590 2124 5643 ordine
2172 5606 2288 5643 sese

742 5678 906 5737 geret.
944 5669 1072 5723 Nam
1100 5674 1325 5739 quilibet
1358 5674 1548 5727 horum
1603 5677 2131 5733 administrationem
2185 5683 2283 5736 sibi

2418 4508 2743 4571 αἰσθήσεων,
2769 4508 3125 4570 ὑγιαινουσῶν
3154 4512 3246 4558 καὶ
3271 4509 3465 4568 ταῦταῖ
3490 4508 3562 4577 μὴ
3594 4508 3977 4578 βοηθούμενος.

2429 4596 2513 4657 Ὠς
2552 4596 2680 4661 γοῦν
2726 4598 2960 4664 ἑκάστης
3010 4595 3117 4647 τῶν
3164 4597 3465 4665 αἰσθήσεων
3515 4598 3833 4667 πληρούσης
3882 4603 3973 4669 τὴν

2412 4687 2616 4737 οἰκείαν
2644 4686 2943 4753 ἐνέργειαν,
2968 4685 3073 4736 τῶν
3102 4685 3302 4739 λοιπῶν
3333 4688 3391 4738 τὸ
3413 4690 3679 4757 χρήσιμον
3701 4691 3804 4743 οὑκ
3832 4694 3973 4744 ἀπα-

2414 4776 2719 4842 ναινὸμεθα,
2753 4776 2870 4827 οὑδέ
2902 4775 3397 4845 καταψηφιζόμεθα
3430 4778 3627 4829 τούτων
3661 4780 3973 4849 ἀσχημοσύο

2413 4881 2507 4931 νην
2533 4866 2625 4915 καὶ
2659 4864 2983 4933 ἀχρειότητα
3006 4905 3019 4928 ,
3047 4865 3133 4916 διὰ
3160 4866 3220 4916 τὸ
3257 4865 3330 4932 μὴ
3360 4866 3670 4928 διπλοειδῶς
3704 4870 3967 4937 ἐνεργεῖν,

2412 4953 2590 5015 καθὼς
2622 4953 3162 5022 πεπλαστούργηνται
3184 4991 3199 5015 ,
3240 4955 3436 5021 μᾶλλον
3472 4957 3569 5023 μὲν
3597 4954 3692 5007 οὖν
3723 4960 3823 5008 καὶ
3852 4975 3968 5009 συν.-

2411 5044 2611 5112 άγομεν
2644 5044 2794 5113 (μιᾶς
2830 5044 2935 5113 γὰρ
2965 5044 3025 5106 ἐξ
3050 5044 3225 5095 αὐτῶν
3256 5045 3591 5112 σχολασάσης
3621 5046 3868 5109 τελείως.
3896 5049 3966 5109 ὼς

2407 5137 2640 5203 εἴρηται,
2684 5134 2800 5185 ὅλον
2847 5134 2906 5185 τὸ
2960 5134 3113 5201 σῶμα
3151 5134 3472 5201 ὴχρείωται,
3522 5136 3617 5185 καὶ
3644 5136 3720 5197 ὡς
3747 5137 3964 5204 μηδὲὸν

2404 5227 2513 5285 τοῖς
2538 5222 2839 5290 ἀνθρώποις
2859 5222 3172 5289 λογίζεται)’
3190 5223 3328 5273 οὕτω
3350 5225 3440 5273 καὶ
3464 5222 3569 5273 τῶν
3605 5225 3961 5293 πατριαρχῶν

2404 5317 2436 5381 ὴ
2474 5315 2671 5375 πεντὰς
2697 5355 2710 5377 ,
2760 5314 2984 5375 δικαίως
3014 5315 3106 5365 καὶ
3150 5314 3405 5381 ἀσφαλῶς
3450 5317 3956 5386 οἰκονομηθήσεται.

2406 5405 2667 5466 Ἕκαστος
2698 5403 2806 5472 γὰρ
2836 5404 3060 5467 τούτων,
3096 5406 3193 5471 τὴν
3226 5404 3321 5471 μὲν
3347 5405 3786 5473 ἀπονεμηθεῖσαν
3815 5409 3955 5476 αὐτῷ

2401 5498 2661 5565 διοίκησιν
2710 5498 2989 5565 ἐνεργήσει
3024 5495 3337 5562 μονοειδῶς,
3385 5496 3469 5547 ἵνα
3502 5497 3576 5565 μὴ
3618 5500 3953 5566 συγχέωντσι

2400 5589 2503 5638 τῶν
2552 5587 2719 5654 ἁγίων
2771 5588 3099 5657 Ἐκκλησιῶν
3134 5587 3200 5639 τὰ
3230 5588 3521 5657 προνόμια·
3556 5588 3663 5639 τῶν
3690 5588 3744 5640 δὲ
3790 5592 3951 5658 τιμῆς

2396 5679 2488 5729 τνιῦ
2536 5679 2668 5730 Θεοῦ
2706 5681 2795 5731 καὶ
2830 5681 2933 5731 τῶν
2975 5679 3232 5732 ἀνέκαθεν
3279 5679 3573 5747 δεδομένων
3616 5680 3843 5731 δικαίων
3888 5684 3942 5747 τῇ
