4214 6450
268 384 402 448 1025

1684 384 1732 439 Μ
1751 385 2093 443 ΕΟΙΤᾹΤᾹ.

3309 397 3441 460 1026

270 503 637 569 πατριαρχικῇ
666 501 783 570 θείᾳ
816 504 1222 569 μεγαλειότητι,
1254 504 1423 565 οὐδεὶς
1464 504 1803 569 ἀποξενωθή-
1837 515 1873 565 Α
1910 516 1920 554 t

1771 533 1803 567 _—
1837 515 1873 565 Α
1910 506 2162 557 tributam
2188 505 2349 556 obibit
2382 519 2473 569 pro
2508 515 2655 569 parte
2680 519 2798 565 sua,
2842 519 2907 556 ne
2934 516 3241 560 sanctarum
3270 510 3435 562 cccle-

275 608 445 644 σεται.
480 592 540 642 El
572 592 677 658 γαρ
707 591 940 642 τοιοῦτόν
967 609 1015 643 τι
1044 594 1282 658 γένηται,
1316 596 1404 643 καὶ
1434 594 1520 645 τὸν
1561 594 1804 655 Ἀλεξαν-

271 680 456 749 δρείας
510 679 666 746 τυχὸν
730 680 1109 749 εὑρισκόμενον
1165 682 1240 740 είς
1293 680 1389 747 τὴν
1450 681 1556 730 τῶν
1611 680 1810 730 πόλεων

274 768 675 836 βασιλεύουσαν,
706 768 810 819 τῶν
836 769 1239 836 πατριαρχικῶν
1280 768 1584 835 προνομίων
1613 769 1809 831 ἀποξε-

273 857 435 907 νώσει
464 873 565 917 τις,
592 857 671 908 ὅτι
698 856 836 907 κατά
858 859 954 921 τὴν
983 857 1183 907 οίκείαν
1208 855 1415 921 ἐνορίαν
1438 857 1495 906 οὐ
1532 856 1809 922 πάρεστιν,

273 946 560 1011 ἀχρειώσει
591 945 684 1013 τὴν
711 945 943 1012 κεφαλὴν
964 946 1036 1005 ὠς
1062 945 1428 1009 κωφεύουσαν,
1453 944 1484 1011 ἢ
1511 944 1639 994 άϐλε
1651 944 1811 994 πτοῦ-

273 1052 391 1095 σαν,
421 1037 509 1085 καὶ
538 1036 640 1086 ὑπὸ
662 1037 949 1103 τεττάρων,
998 1035 1031 1100 ἢ
1085 1036 1174 1085 καὶ
1224 1034 1385 1102 τριῶν
1431 1034 1811 1101 διεξαγομένην

274 1124 593 1190 αἰσθήσεων.
623 1122 717 1173 Διὰ
745 1122 944 1186 ταύτην
978 1122 1073 1185 τὴν
1098 1122 1293 1177 αἰτίαν,
1321 1121 1393 1179 ὡς
1421 1120 1580 1179 ἔοικε,
1614 1136 1809 1184 προτε-

270 1212 514 1262 τύπωται
571 1209 961 1280 προόάλλισθαι
1028 1208 1166 1259 κατὰ
1200 1208 1258 1257 τὸ
1302 1206 1670 1274 ἀπαραίτητον
1719 1207 1811 1257 καὶ

271 1301 394 1361 τοὺς
428 1301 499 1368 μὴ
536 1300 751 1367 ἔχοντας
792 1298 1126 1365 πατριάρχας
1180 1297 1299 1356 τοὺς
1331 1294 1810 1361 ἀποκληρωθέντας

273 1389 456 1448 αὐτοῖς
482 1387 666 1451 ἁγίους
687 1385 1022 1453 θρόνους,διά
1050 1384 1143 1450 τὴν
1171 1384 1463 1449 ἐπιδρομὴν
1493 1381 1597 1431 τῶν
1622 1381 1807 1442 ἐθνῶν,

274 1477 363 1525 τὸν
397 1474 720 1542 Ἀντιοχείας
750 1472 950 1524 καὶτὸν
986 1470 1365 1537 Ἰεροσολύμων
1398 1471 1562 1537 φημί.

1909 595 2107 645 siarum
2142 596 2415 659 privilegia
2442 594 2877 645 confundantur:
2913 610 3007 645 nec
3035 603 3213 647 tamen
3235 597 3443 649 honore

1910 696 2169 735 concesso
2205 683 2481 744 divinitus,
2516 683 2724 735 datisve
2764 682 3062 748 antiquitus
3099 684 3443 749 patriarchali

1912 782 2079 819 sacras
2108 768 2444 835 amplitudini
2491 756 2706 833 juribus
2730 804 2742 826 ,
2778 767 3047 833 quispiam
3102 769 3443 833 Spoliahitur.

1914 856 2118 923 Quippe
2160 857 2204 909 si
2240 859 2345 910 tale
2376 856 2503 925 quid
2538 858 2875 915 usuvenerit,
2931 864 2983 907 et
3026 856 3446 908 Alexandrinum

1918 948 2083 1013 (verbi
2121 949 2301 1016 causa)
2336 948 2387 1000 in
2418 950 2550 1001 urbe
2595 949 2941 1016 imperatrice
3001 960 3448 1007 commorantem,

1916 1036 2208 1102 privilegiis
2289 1037 2738 1103 patriarchalibus
2818 1046 3096 1103 propterea
3176 1039 3447 1103 quispiam

1917 1122 2248 1189 spoliaverit,
2280 1124 2421 1188 quod
2441 1140 2547 1176 non
2573 1124 2728 1191 degat
2754 1126 2803 1175 in
2828 1125 3101 1191 provincia
3130 1139 3224 1176 sua
3256 1142 3268 1181 ;
3293 1135 3455 1189 caput

1915 1211 2087 1277 ipsum
2120 1212 2310 1265 inutile
2332 1213 2537 1270 reddet.
2560 1220 2810 1278 tanquam
2844 1214 3091 1274 surdum,
3115 1214 3200 1264 vel
3229 1228 3455 1272 esecum,

1915 1306 1965 1347 et
1998 1306 2249 1364 quatuor,
2283 1305 2373 1349 aut
2426 1300 2595 1351 tribus
2631 1298 2893 1350 duntaxat
2949 1300 3202 1350 sensibus
3265 1300 3455 1365 priedi—

1918 1392 2049 1435 tum.
2078 1386 2157 1438 0b
2186 1387 2323 1438 hanc
2379 1387 2547 1452 ipsum
2582 1401 2826 1445 causam,
2868 1401 2962 1438 ceu
3010 1387 3152 1437 credi
3225 1402 3317 1453 par
3356 1397 3456 1445 est,

1913 1472 2228 1537 jamdudum
2266 1475 2533 1526 sancitum
2573 1482 2676 1538 est,
2719 1486 2770 1526 ut
2808 1475 2947 1526 haud
2988 1476 3149 1525 dubie
3204 1490 3295 1539 per
3346 1478 3456 1525 cle-

274 1564 508 1615 ctionem
568 1563 917 1612 instituantur
962 1560 1122 1610 etiam
1184 1560 1218 1609 ii
1288 1559 1644 1624 patriarchae,
1713 1559 1803 1625 qni
1842 1563 2131 1627 ceteroqui
2167 1576 2349 1615 sacros
2374 1563 2472 1615 sibi
2500 1562 2798 1614 destinatos
2877 1562 3122 1621 thronos,
3186 1562 3254 1613 ob
3300 1576 3454 1628 pag-i-

272 1667 469 1705 norum
500 1652 722 1704 hostiles
746 1652 1019 1711 incursus,
1068 1649 1207 1701 haud
1242 1649 1547 1713 possident:
1585 1650 1980 1715 Antiochenus,
2022 1652 2262 1718 inquam,
2306 1660 2358 1703 et
2398 1652 2938 1718 llierosolymitanus.

342 1740 460 1792 Κᾶν
493 1739 594 1805 γάρ
620 1735 925 1805 ἐξώσθησαν
961 1740 1055 1805 τῆς
1077 1737 1231 1803 δόξης
1256 1736 1361 1787 τῶν
1386 1737 1588 1803 θρόνων
1616 1736 1813 1797 αὐτῶν,
1848 1744 1889 1797 Β
1986 1738 2006 1797 (

1798 1775 1813 1797 .
1848 1744 1889 1797 Β
1986 1738 2185 1801 Quavis
2213 1739 2354 1792 enim
2384 1741 2551 1807 gloria
2602 1741 2918 1790 thronorum
2962 1752 3182 1789 suorum
3223 1752 3315 1804 per
3356 1741 3457 1786 vim

273 1830 388 1880 ἀλλ’
429 1832 461 1897 ὴ
523 1828 864 1895 πνευματικὴ
897 1828 1076 1894 χάριςς
1115 1827 1254 1878 κατὰ
1282 1827 1371 1876 τὸν
1403 1826 1584 1885 Δαὸὶδ,
1618 1827 1676 1875 οὐ
1711 1843 1814 1878 πα-

272 1920 645 1986 λαιωθήσεται.
674 1919 825 1980 Ἥξει
854 1918 908 1967 δὲ
935 1917 1127 1983 μᾶλλον
1149 1918 1176 1967 ό
1199 1916 1325 1974 Θεὸς
1360 1916 1510 1982 ἡμῶν
1542 1915 1815 1981 ἐμφανῶς,

275 2010 370 2059 καὶ
424 2008 482 2057 οὺ
530 2008 1005 2073 παρασιωπήσεται
1029 2020 1041 2033 ·
1102 2006 1174 2064 ὡς
1206 2007 1481 2070 συναγάγῃ
1515 2002 1659 2069 αὑτῷ
1692 2005 1815 2062 τοὺς

275 2099 453 2157 ὁσίους
480 2095 662 2158 αὑτοῦ,
720 2096 839 2155 τοὺς
872 2093 1268 2160 διατιθεμένους
1304 2094 1401 2158 τὴν
1434 2092 1694 2159 διαθήκην
1719 2092 1819 2143 αὑ-

275 2188 393 2240 τοῦ.
429 2184 841 2254 Φιλοφρονητὲον
874 2183 1048 2233 τοίνυν
1068 2184 1191 2244 τοὺς
1240 2180 1681 2244 ἀποξενωθέντας
1715 2199 1818 2231 παπ

278 2278 541 2346 τριάρχας
567 2278 628 2325 ἐκ
653 2274 757 2325 τῶν
814 2274 1127 2339 ἁγιωτάτων
1178 2273 1479 2340 ἐκκλησιῶν
1502 2273 1697 2335 αὐτῶν,
1728 2275 1820 2324 καὶ

280 2362 599 2429 ὑπερορίους
638 2362 975 2429 καθημένους
1034 2363 1109 2422 είς
1146 2361 1328 2429 ἐτέρου
1386 2360 1714 2429 πατριάρχου
1744 2362 1821 2412 δι-

276 2452 509 2517 οίκησιν,
538 2451 627 2501 καὶ
650 2450 721 2517 μὴ
740 2450 1080 2518 ἀτιμαστέον.
1108 2451 1493 2502 Κεκανόνισται
1515 2451 1617 2516 γάρ
1642 2466 1820 2519 παρα-

277 2538 555 2590 καλεῖσθαι
638 2538 887 2600 τούτους,
970 2537 1061 2588 καὶ
1128 2538 1305 2606 πάσης
1352 2536 1664 2603 ἐπιμελείας
1727 2540 1819 2588 καὶ

279 2624 543 2691 ὑποδοχῆς
570 2624 862 2688 ἀξιοῦσθαι,
896 2626 955 2675 οὑ
990 2624 1091 2693 μὴν
1120 2624 1431 2691 ὑϐρίζεσθαι
1476 2624 1560 2677 διὰ
1588 2626 1684 2692 τὴν
1714 2624 1820 2674 τῶν

280 2714 615 2781 πραγμάτων
648 2713 989 2779 ἀνωμαλίαν,
1045 2713 1253 2780 θρήνων
1304 2713 1458 2775 ἀξίαν
1512 2713 1693 2774 οὖσαν,
1732 2715 1822 2764 καὶ

283 2799 358 2867 μὴ
376 2800 687 2860 ἀλαζονείας
712 2801 1047 2867 γεννήτριαν.
1067 2794 1197 2849 Εἶτα
1221 2800 1327 2850 τῶν
1350 2799 1503 2851 θείων
1530 2800 1621 2851 καὶ
1656 2801 1821 2866 ἁγίων

280 2890 511 2959 Γραφῶν
562 2889 651 2940 καὶ
685 2890 788 2939 τῶν
828 2890 1113 2955 Πατρικῶν
1160 2890 1500 2955 παραδόσεων
1528 2907 1824 2956 κατονομαο

280 2978 489 3040 ζουσῶν
524 2980 713 3031 Πάπαν
738 2979 825 3030 τὸν
849 2979 1141 3029 ἐπίσκοπον
1182 2977 1415 3045 Ῥώμης,
1445 2978 1700 3039 ὡσαύτως
1730 2980 1821 3029 καὶ

1916 1828 2253 1890 exciderunt,
2302 1840 2476 1881 tamen
2546 1829 2839 1893 spiritualis
2909 1828 3102 1895 gratia,
3160 1825 3453 1878 secundum

1917 1903 2192 1975 Davidém,
2242 1932 2345 1968 non
2383 1916 2669 1968 exolescet.
2708 1916 2815 1966 lino
2868 1915 3043 1981 potius
3094 1914 3268 1965 veniet
3322 1913 3459 1965 Dens

1918 2012 2103 2052 noster
2151 2003 2457 2063 manifesto,
2516 2018 2613 2054 nec
2678 2003 2951 2064 silebitur;
2992 2012 3045 2052 ut
3089 2004 3306 2067 colligat
3360 2002 3459 2053 silui

1917 2098 2136 2142 sanctos
2176 2106 2322 2149 suos,
2372 2092 2461 2157 qni
2506 2099 2883 2143 testamentum
2932 2091 3100 2154 ipsius
3149 2090 3459 2154 disponunt.

1920 2178 2100 2245 Itaque
2150 2179 2539 2246 complcctendi
2585 2185 2708 2231 sunt
2758 2186 2999 2229 amanter
3049 2178 3081 2229 ii
3121 2178 3459 2242 ρθιτὶζὶνριιςν,

1918 2268 2008 2335 qui
2070 2268 2425 2321 sanctissimis
2480 2266 2736 2321 Ecclesiis
2794 2270 2906 2320 suis
2958 2267 3170 2334 Spoliati
3214 2272 3360 2327 sunt,
3412 2273 3462 2315 ('t

1920 2357 2135 2410 exsules
2176 2358 2225 2407 in
2255 2358 2474 2408 alterius
2510 2357 2823 2422 patriarcha:
2853 2356 3072 2407 dimeesi
3104 2356 3323 2422 degunt,
3362 2367 3463 2403 Ill:-

1922 2447 2169 2512 nimeque
2229 2446 2568 2504 contumeliis
2618 2444 2899 2495 alliciendi.
2940 2442 3145 2510 Quippe
3199 2445 3461 2493 sancitum

1920 2535 2219 2587 canonibus
2259 2541 2359 2596 est,
2402 2540 2459 2584 ut
2512 2548 2604 2585 eos
2646 2533 3003 2593 consolemur,
3052 2544 3103 2584 et
3139 2531 3283 2582 omni
3334 2545 3461 2581 cura

1929 2624 2373 2691 susceptioneque
2442 2623 2738 2689 lignemur;
2780 2636 2883 2673 nou
2930 2620 3140 2687 injuriis
3173 2619 3465 2670 alliciamns

1922 2713 1989 2765 ob
2021 2726 2197 2763 rerum
2259 2710 2613 2761 humanarum
2693 2710 3133 2768 inconstantiam,
3204 2722 3321 2774 quae
3387 2706 3464 2755 la-

1923 2800 2120 2868 crymis
2160 2800 2337 2867 potius
2367 2807 2450 2851 est
2487 2799 2667 2865 digna,
2704 2813 2865 2865 quam
2907 2806 2963 2848 ut
3008 2797 3351 2848 insolentiam
3390 2796 3465 2861 gi-

1924 2903 2084 2955 gnere
2143 2889 2350 2940 debeat.
2403 2888 2664 2940 Caeterum
2713 2902 2833 2939 cum
2886 2902 3051 2939 sacrze
3091 2886 3322 2946 Litterae,
3365 2884 3467 2937 Pa-

1929 2984 2178 3041 truruque
2198 2976 2533 3033 traditiones.
2553 2977 2859 3044 episcopum
2885 2976 3125 3027 Romanu
3138 2990 3228 3025 ma
3241 2976 3467 3041 ppellent

272 3070 369 3121 τὸν
411 3067 799 3135 Ἀλεξανδρείας
825 3084 835 3095 ·
864 3068 995 3119 ἀλλά
1028 3068 1130 3135 μὴν
1162 3070 1248 3119 καὶ
1283 3068 1370 3117 τὸν
1400 3070 1823 3119 Κωνσταντινου-
1851 3074 1890 3127 C
1925 3081 1936 3131 ι

1806 3098 1823 3107 -
1851 3074 1890 3127 C
1925 3079 2146 3131 papam;
2186 3064 2475 3131 itidemque
2502 3065 2944 3125 Alexandrinum,
2970 3073 3020 3115 et
3050 3066 3222 3131 ipsum
3256 3079 3466 3130 quoque

277 3154 509 3220 τίόλεως,
534 3157 627 3209 καὶ
652 3158 738 3207 τὸν
770 3157 1169 3225 Ἱεροσολύμων,
1204 3158 1655 3223 ἀρχιεπισκόπους
1682 3174 1693 3187 ·
1730 3158 1823 3224 μό·

281 3264 366 3299 νον
392 3247 447 3297 δέ
489 3248 578 3297 τὸν
624 3247 965 3312 Ἀντιοχείας,
1005 3248 1365 3311 πατριάρχην.
1406 3246 1531 3304 Πῶς
1567 3246 1671 3294 τῶν
1707 3245 1825 3295 Ἀν-

275 3337 498 3404 τιοχέων
543 3338 574 3402 ἠ
636 3335 892 3403 ἐκκλησία
947 3334 1418 3401 οὑχσὺὁριοπαθεῖ,
1486 3336 1822 3400 μανθάνουσα

278 3427 372 3475 καὶ
401 3427 519 3485 τοὺς
555 3424 787 3484 λοιποὺς,
815 3426 1149 3492 πατριάρχας
1178 3425 1663 3492 ἀνακηρύττεσθαις
1694 3427 1823 3476 πάν-

276 3532 385 3575 τως
436 3514 522 3566 διὰ
548 3514 643 3580 τὴν
674 3513 971 3580 ταυτότητα
1002 3514 1099 3578 τῆς
1135 3513 1313 3579 τιμῆς,
1372 3516 1464 3563 καὶ
1491 3514 1574 3564 διὰ
1618 3514 1678 3563 τὸ
1728 3516 1822 3565 ἐπ-

278 3604 423 3669 έχειν
453 3603 575 3662 τοὺς
610 3596 767 3653 πὲντε
793 3603 1131 3668 πατριάρχας
1168 3602 1329 3651 τόπον
1363 3601 1458 3666 τῆς
1498 3602 1622 3665 μιᾶς
1658 3617 1821 3666 κειρα-

277 3686 373 3754 λῆς
403 3685 494 3737 τοῦ
522 3684 796 3754 σώματος,
829 3684 1023 3753 δηλαδὴ
1049 3686 1150 3736 τῶν
1174 3686 1341 3749 ἀγίων
1370 3685 1704 3753 Ἐκκλησιῶν
1730 3687 1820 3739 τοῦ

275 3776 432 3829 Θεοῦ.

357 3865 508 3915 Ἐπεὶ
539 3865 595 3915 δέ
651 3882 791 3925 τινες
826 3866 1036 3930 λέγουσι
1074 3865 1234 3932 μηδὲν
1287 3859 1506 3917 εἶναιτὸ
1554 3866 1818 3934 ἐμποδὼν,

274 3957 517 4016 καὶτοὺς
546 3956 818 4022 ἑκασταχῆ
852 3954 1331 4023 ἀρχιερατεύοντας
1383 3953 1522 4005 οὕτω
1563 3956 1820 4022 τιμᾶσθαι

273 4045 368 4094 καὶ
423 4042 835 4111 μεγαλύνεσθαι.
902 4044 1008 4093 Καὶ
1073 4037 1217 4093 οὗτοι
1279 4058 1383 4106 γαρ
1440 4041 1819 4094 διδασκαλικοῦ

272 4132 577 4199 ἀξιώματος
603 4132 980 4198 κατηξίωνται,
1010 4132 1097 4183 καὶ
1122 4133 1260 4183 κατὰ
1290 4132 1487 4183 Μωσέα
1511 4132 1599 4181 καὶ
1616 4130 1821 4199 Ἃαρὼν

268 4225 353 4284 είς
379 4225 445 4274 τὰ
468 4223 597 4288 ἆγια
612 4223 718 4273 τῶν
744 4223 911 4288 ἀγίων
931 4224 1208 4289 ἑστήκασι,
1243 4224 1335 4275 καὶ
1358 4223 1455 4291 τὴν
1490 4222 1821 4287 ἀναίμακτον

271 4312 461 4364 θυσίαν
490 4312 869 4381 προσφέρουσι.
911 4312 1109 4378 Φαμὲν,
1145 4312 1217 4371 ὡς
1257 4313 1360 4363 ἀπὸ
1404 4312 1508 4362 τῶν
1550 4312 1704 4361 θείων
1731 4312 1821 4361 καὶ

1923 3153 2603 3219 Constantinopolitanum,
2662 3169 2721 3205 ac
2768 3152 3331 3221 Hierosolymitanum,
3383 3168 3467 3204 ar-

1922 3244 2329 3311 chiepiSCopos;
2386 3244 2558 3295 solum
2612 3258 2735 3294 vero
2796 3243 3183 3295 Antiochenum
3239 3244 3466 3310 patriar-

1922 3334 2077 3386 cham
2110 3349 2121 3383 :
2158 3335 2244 3400 qui
2273 3333 2384 3385 ﬁeri
2416 3342 2607 3401 potest,
2642 3342 2698 3384 ut
2732 3332 3061 3385 Antiochena
3103 3335 3328 3386 ecclesia
3361 3350 3467 3386 non

1922 3422 2155 3489 patiatur
2197 3422 2471 3488 injuriani,
2518 3436 2634 3487 qua:
2692 3420 2972 3488 intelligat,
3019 3422 3252 3488 reliquos
3306 3423 3465 3474 etiam

1923 3512 2133 3577 publice
2179 3511 2281 3561 dici
2333 3510 2704 3575 patriarchas?
2741 3510 2969 3562 Omnino
3012 3510 3067 3561 fit
3106 3511 3204 3561 hoc
3253 3520 3468 3575 propter

1922 3600 2255 3652 identitatem
2286 3601 2527 3661 honoris,
2562 3608 2613 3651 et
2641 3600 2780 3667 quod
2812 3600 2861 3651 hi
2888 3602 3127 3666 quinque
3149 3600 3467 3664 patriarchzn

1921 3689 2090 3741 vicem
2145 3692 2304 3741 unius
2359 3690 2551 3757 capitis
2604 3692 2841 3741 universi
2888 3691 3131 3756 corporis
3169 3690 3463 3751 obtineant,

1922 3784 2231 3829 sanctarum
2256 3774 2503 3828 videlicet
2531 3774 2896 3828 Ecclesiarum
2934 3776 3048 3829 Dei.

1989 3864 2123 3928 Quia
2153 3880 2277 3918 vero
2307 3864 2525 3931 quidam
2566 3865 2872 3931 perhibent,
2901 3864 3033 3916 nihil
3068 3880 3188 3918 esse
3239 3865 3465 3931 impedi-

1921 3965 2129 4015 mento,
2214 3955 2504 4021 quominus
2588 3955 2764 4006 ubivis
2816 3955 3097 4007 constituti
3158 3957 3462 4021 pontifices.

1920 4048 2105 4096 eodem
2155 4059 2274 4095 cum
2346 4045 2669 4111 patriarchis
2736 4046 2941 4097 honore
3007 4046 3463 4111 amplitudineqnv

1921 4133 2187 4195 fruantur,
2249 4148 2367 4185 cum
2418 4142 2470 4186 et
2530 4136 2630 4200 ipsi
2684 4134 2909 4186 docendi
2957 4134 3270 4199 dignitatem
3325 4136 3462 4184 naiti

1921 4228 2069 4282 sunt,
2111 4228 2162 4272 et
2191 4220 2435 4286 exemplo
2478 4218 2639 4271 Mosis
2669 4227 2721 4272 et
2760 4219 2989 4271 Aaronis
3026 4220 3077 4269 in
3110 4219 3311 4269 sanctis
3343 4234 3467 4269 san-

1920 4320 2129 4363 Ctorum
2173 4312 2492 4368 consistant.
2534 4312 2985 4373 incruentamque
3030 4308 3301 4360 victimam
3332 4307 3463 4358 olle-

268 4401 431 4468 ιερῶν
464 4375 712 4450 κανόνων-
738 4400 915 4465 μόνοις
942 4375 1049 4459 τοῖς
1084 4400 1438 4468 πατριάρχαις
1472 4401 1820 4465 πεφιλοτίμη-
1847 4375 1897 4431 D
1924 4417 1932 4452 l

1796 4430 1820 4439 -
1847 4375 1897 4431 D
1924 4409 2081 4452 rant:
2109 4401 2498 4466 respondemus
2524 4413 2615 4466 per
2640 4398 2852 4451 divinos
2876 4412 3171 4465 sacrosque
3206 4411 3460 4452 canones.

268 4506 354 4539 ται
408 4490 511 4551 τῆς
562 4490 884 4553 οίκουμένης
939 4488 1004 4537 τά
1064 4480 1315 4553 κλίματα.
1355 4488 1661 4539 Κάντεῦθεν
1701 4489 1820 4538 οὐδὲ

267 4579 378 4645 εχει
420 4596 499 4639 τις
528 4578 709 4646 ἕτερος
741 4580 923 4644 οἰκείῳ
954 4577 1143 4645 δικαίῳ
1167 4578 1399 4643 ἐνορίαν,
1435 4577 1464 4643 ἢ
1492 4577 1616 4627 ἄλλο
1656 4594 1706 4627 τι
1739 4578 1817 4629 δί-

268 4680 421 4714 καιον
456 4664 753 4731 ίερατικόν·
786 4663 895 4714 ἀλλ’
919 4666 1089 4714 ἐκεῖνο
1138 4666 1229 4714 καὶ
1257 4665 1413 4731 μόνον
1439 4665 1498 4714 τὸ
1528 4666 1689 4731 μέρος
1723 4666 1819 4730 τῆς

264 4746 605 4819 διοικήσεως’
638 4753 922 4820 ίερατικῶς
961 4755 1188 4819 ἐνεργεῖ,
1224 4753 1283 4804 τὸ
1313 4754 1461 4805 δοθὲν
1491 4755 1639 4823 αὺτῷ
1670 4756 1821 4821 παρὰ

266 4841 363 4903 τῆς
418 4840 818 4908 πατριαρχικῆς
881 4840 1026 4901 θείας
1065 4842 1493 4909 μεγαλειότητος.
1542 4843 1703 4894 Ὅθεν
1744 4844 1817 4903 ὡς

266 4927 890 4996 άποστελλόμενοι”παρά
925 4930 1291 4997 πατριαρχῶν,
1326 4932 1417 4981 καὶ
1447 4931 1817 4999 ἀναπληροῦν-

262 5028 355 5074 τες
386 5014 476 5065 τὸν
499 5016 661 5067 τόπον
689 5016 795 5067 τῶν
826 5017 981 5068 θείων
1012 5019 1103 5068 καὶ
1134 5018 1300 5083 άγίων
1334 5020 1659 5083 ἀποστόλων,
1680 5022 1815 5070 ἀπο-

265 5102 528 5155 στολικῶν
589 5105 685 5171 μὲν
723 5108 1031 5173 προνομίων
1092 5106 1344 5174 ἠξίωνται
1390 5109 1667 5176 (δεσμοῦσι
1709 5110 1814 5176 γάρ

262 5190 354 5241 καὶ
384 5192 569 5247 λύουσι
603 5197 721 5247 κατ’
746 5196 940 5256 αὐτοὺς
968 5197 1060 5247 καὶ
1080 5200 1410 5264 χειροτονίας
1437 5198 1665 5261 ποιοῦσι,
1725 5201 1816 5251 καὶ

257 5276 356 5343 τὴν
394 5282 725 5349 ἀναίμακτον
783 5285 990 5349 θυσίαν,
1024 5287 1377 5355 προσάγουσι)
1411 5289 1816 5357 πατριαρχικῶν

261 5370 318 5423 δέ
351 5372 573 5424 δικαίων
596 5376 656 5426 οὑ
686 5376 1065 5441 κατηξίωνται.
1095 5376 1229 5429 Οὔτε
1275 5380 1381 5446 γάρ
1408 5380 1661 5442 σάκκους,
1691 5378 1813 5429 οὕτε

265 5461 635 5530 πολυσταύρια
664 5465 1054 5517 ἐνδιδύσκονται
1079 5484 1091 5497 ·
1124 5466 1244 5518 οὔτε
1301 5471 1434 5535 μετὰ
1478 5469 1815 5537 γραμμάτων

264 5554 356 5604 καὶ
380 5556 685 5619 τριγωνίων
710 5558 975 5625 στιχάρια,
1012 5558 1193 5610 Ταῦτα
1222 5558 1276 5611 δὲ
1303 5559 1443 5611 οὕτω
1471 5561 1697 5625 γίνεται,
1737 5562 1814 5611 ὅτι

264 5642 357 5693 καὶ
384 5645 492 5697 τῶν
553 5647 718 5707 ἁγίων
751 5648 1057 5701 ἀποστόλων
1112 5651 1144 5717 ὴ
1194 5650 1309 5701 θεία
1342 5652 1612 5719 ὁμήγυρις
1639 5651 1696 5701 τὸ
1725 5651 1814 5703 τοῦ

1921 4491 2052 4543 solis
2106 4490 2429 4557 patriarchis
2482 4504 2600 4541 esse
2660 4501 2950 4540 concessos
3001 4488 3148 4538 orbis
3200 4496 3464 4537 terrarum

1920 4586 2147 4630 tractus.
2188 4577 2339 4631 Unde
2368 4578 2443 4641 lit,
2476 4585 2532 4629 ut
2570 4578 2709 4629 alius
2754 4577 3023 4644 quispiam
3061 4592 3159 4628 suo
3185 4577 3306 4642 jure
3346 4590 3468 4642 pro-

1919 4668 2150 4719 vinciam
2183 4682 2285 4718 non
2319 4668 2527 4727 habeat,
2562 4666 2642 4718 vel
2677 4667 2818 4717 aliud
2850 4667 3136 4733 quodpiam
3162 4667 3250 4732 jus
3284 4679 3468 4717 sacer-

1918 4754 2096 4807 dotale
2131 4768 2145 4804 :
2176 4753 2268 4806 sed
2299 4756 2349 4804 in
2388 4768 2449 4806 ea
2483 4754 2742 4805 duntaxat
2772 4765 2919 4820 parte
2951 4753 3201 4806 dioecesis
3248 4767 3467 4804 munere

1919 4843 2239 4896 sacerdotali
2276 4842 2538 4909 fungitur,
2572 4857 2691 4908 quae
2726 4842 2821 4907 ipsi
2860 4856 2885 4891 a
2929 4855 3081 4893 sacra
3116 4839 3465 4907 patriarchali

1920 4930 2271 4997 amplitudine
2306 4945 2563 4983 concessa
2596 4940 2695 4982 est.
2734 4928 2884 4979 Unde
2921 4930 3083 4979 veluti
3123 4930 3212 4995 qui
3249 4931 3469 4978 mittan-

1920 5031 2007 5075 tur
2036 5038 2061 5073 a
2088 5022 2430 5089 patriarchis,
2452 5028 2504 5072 et
2525 5021 2696 5071 vicem
2720 5019 3023 5070 divinorum
3048 5028 3253 5072 sanctor
3272 5034 3467 5084 uirque

1919 5112 2284 5179 apostolorum
2322 5111 2595 5176 impleant,
2630 5109 2922 5176 apostolica
2945 5109 3157 5175 quidem
3192 5108 3464 5173 privilegia

1917 5199 2198 5253 consecuti
2237 5208 2363 5251 sunt
2397 5200 2585 5266 (ligant
2620 5199 2762 5249 enim
2806 5205 2857 5249 et
2900 5198 3116 5248 solvunt
3164 5211 3255 5260 per
3293 5210 3371 5258 sc,
3404 5210 3470 5249 ac

1919 5288 2287 5340 ordinationes
2319 5284 2543 5345 faciunt,
2584 5292 2639 5336 et
2672 5284 3012 5335 incruentam
3063 5282 3293 5334 hostiam
3334 5284 3470 5335 olle—

1920 5378 2103 5445 runt),
2136 5387 2188 5429 at
2213 5374 2593 5444 putriarchalia
2626 5375 2747 5442 jura
2792 5389 2899 5426 non
2942 5374 3310 5427 obtinuerunt.
3359 5372 3470 5427 Nec

1920 5467 2065 5519 enim
2091 5467 2172 5520 vel
2198 5480 2409 5529 saccos,
2444 5466 2525 5517 vel
2566 5463 2788 5532 penulas
2821 5464 3002 5516 multis
3035 5464 3315 5530 insigni-tas
3348 5478 3470 5515 cru-

1921 5558 2073 5609 cibus
2095 5555 2349 5615 induunt,
2374 5568 2470 5606 nec
2492 5553 2702 5606 tunicas
2733 5552 2997 5621 frequenti
3034 5554 3207 5601 littera
3234 5565 3464 5615 gamma,

1928 5648 2314 5716 triangulisun
2351 5647 2614 5714 depictas.
2652 5644 2771 5697 llwc
2817 5655 2991 5694 autem
3030 5644 3097 5693 ita
3146 5643 3291 5693 fiunt
3328 5644 3466 5710 quod
