4214 6450
260 404 402 471 1029

1719 414 2137 476 MEDITATA.

3358 425 3497 488 1030

265 534 471 599 σθησαν
500 524 591 580 οὖν
615 530 662 578 οἱ
697 530 751 579 ὲν
775 525 995 588 ταύταις
1038 528 1536 596 ἀρχιερατεύων-είς,
1574 532 1819 599 ἀρχιεπί-
1848 576 1855 591 ι

1935 544 2103 596 pterea
2133 536 2272 602 quod
2307 538 2357 589 in
2384 551 2498 588 ean:
2522 538 2732 603 imperii
2761 537 2987 591 Romani
3016 548 3226 609 sceptra
3257 542 3491 597 inissent

263 637 456 675 σκοποι
476 634 487 646 ·
524 618 689 687 ἁρχαὶ
714 620 954 686 δηλονότι
982 620 1073 668 καὶ
1096 618 1324 681 κεςαλαὶ
1358 618 1565 670 πολλῶν
1603 623 1822 672 ἐπισκόο

261 730 399 767 πων.
432 714 639 763 Ταὺτὸν
666 711 722 762 δέ
749 712 893 761 ἐστιν
936 711 1129 771 εἰπεῖν,
1161 711 1396 776 Πατέρες
1436 710 1529 762 καὶ
1561 713 1824 779 πατριάρ-

260 820 377 871 χαι.
421 804 514 854 Ἐκ
542 802 731 853 τούτου
776 801 831 853 δὲ
861 801 1094 867 διαφορά
1124 817 1207 861 τις
1232 802 1331 851 οὐκ
1364 803 1477 853 ἔστι
1534 804 1695 868 μέσον
1728 805 1825 854 αὺ-

256 894 391 962 τῷν.
455 892 512 943 '0
537 890 642 959 γὰρ
672 893 858 959 πατὴρ
886 890 980 939 τοῦ
1015 888 1200 949 ἔθνους
1246 888 1396 939 τοῦδε
1427 889 1611 955 τυχὸν.
1641 891 1823 957 πατήρ

259 985 377 1035 ἔστι
410 988 501 1033 καὶ
534 982 811 1049 ἱερατικῆς
843 980 1015 1048 φυλῆς
1047 980 1140 1031 καὶ
1176 979 1388 1045 λαῖκῆς,
1445 980 1521 1041 ὡς
1571 982 1598 1031 ὁ
1630 980 1823 1031 Ἰακὼϐ

258 1076 371 1127 τῶν
399 1076 463 1140 ιβ’
508 1073 688 1139 φυλῶν
728 1072 963 1141 Ἰσραήλ.
1000 1072 1106 1123 Καὶ
1134 1072 1313 1138 ἄρχων
1343 1069 1674 1132 ἐπισκόπων,
1737 1070 1824 1135 ἑξ-

254 1166 505 1234 ονάγκης
535 1166 650 1215 ἐστὶ
682 1164 863 1232 πατὴρ
892 1164 984 1214 καὶ
1011 1162 1322 1213 ἐπισκόπων
1346 1162 1440 1214 καὶ
1470 1161 1696 1213 λαῖκῶν’
1720 1165 1747 1213 ὁ
1767 1162 1823 1213 δι

255 1256 482 1316 Γοτθίας
510 1256 570 1307 οὐ
600 1256 840 1305 καλεῖται
869 1254 1298 1322 ἀρχιεπίσκοπος
1322 1294 1336 1314 ,
1386 1253 1461 1314 ὡς
1494 1253 1677 1321 ἄρχων
1704 1256 1824 1304 ἑπι-

259 1345 481 1397 σκόπων
513 1344 607 1395 καὶ
657 1341 971 1411 προϐολεὺς,
1034 1340 1146 1391 ἀλλ’
1191 1340 1267 1401 ὡς
1298 1340 1439 1408 ἀρχὴ
1490 1341 1822 1393 ἐπισκόπων.

269 1434 495 1502 Ὠρίσθη
526 1435 635 1502 γὰρ
686 1434 836 1501 παρὰ
867 1431 973 1483 τῶν
1006 1431 1176 1496 ἁγίων
1237 1430 1519 1499 Πατέρων,
1565 1430 1665 1491 τὰς
1726 1431 1824 1498 μὶν

258 1524 489 1593 ἐχούσας
529 1523 821 1591 διοικήσεις
862 1520 1060 1582 πολλὰς
1094 1521 1299 1583 πόλεις,
1361 1520 1464 1571 ὑπὸ
1512 1521 1825 1572 ἑπισκόπων

256 1613 712 1682 κυϐερνωμένας,
782 1613 932 1678 παρὰ
992 1610 1400 1679 μητροπολιτῶν
1460 1609 1822 1677 διεξάγεσθαι,

257 1701 353 1765 οὓς
400 1704 492 1754 καὶ
523 1702 769 1770 πρώτους
794 1700 842 1750 οἱ
887 1700 1107 1760 κανόνες
1136 1697 1491 1765 ὀνομάζουσι·
1529 1698 1627 1760 τὰς
1660 1697 1715 1751 δὲ
1751 1700 1825 1768 μὴ

258 1792 491 1861 ἐχούσας
524 1792 613 1858 ὑφ’
667 1790 867 1849 ἑαυτὰς
917 1789 1101 1847 πόλεις
1147 1790 1299 1849 τινὰς
1354 1789 1459 1840 ὑπὸ
1512 1789 1825 1840 ἐπισκόπων

260 1882 602 1948 ίθυνομένας,
626 1880 774 1949 παρὰ
795 1879 1236 1947 ἀρχιεπισκόπων
1260 1878 1631 1945 ίερατεύεσθαι
1653 1894 1667 1907 ·
1686 1878 1823 1930 ὥστε

259 1974 595 2038 μειονεκτεῖν
630 1972 727 2037 μὲν
781 1969 948 2030 αὑτὰς
1004 1968 1112 2019 τῶν
1150 1967 1556 2036 μητροπόλεων,
1595 1967 1825 2037 ὑπερτε-

261 2064 377 2129 ρεῐν
398 2060 453 2112 δὲ
479 2061 585 2111 τῶν
615 2060 948 2111 ἐπισκόπων.
981 2057 1136 2110 Οὕτω
1168 2057 1420 2126 λυθείσης
1460 2058 1554 2111 καὶ
1584 2059 1681 2128 τῆς
1717 2075 1827 2110 τοι-

256 2153 429 2218 αύτης
460 2149 805 2217 ἀμφιϐολίας,
856 2149 1048 2218 ἡθελον
1079 2151 1274 2211 εἰπεῖν,
1308 2150 1431 2200 ὅτου
1464 2150 1622 2218 χάριν
1658 2151 1686 2200 ὁ
1722 2149 1828 2201 πά·-

257 2260 370 2303 πας
415 2241 633 2310 Ῥώμης
655 2241 1028 2309 οίκουμενικὸς
1074 2242 1261 2301 πάπας
1306 2240 1543 2307 λέγεται,
1569 2240 1827 2301 ὡσαύτως

256 2335 354 2384 καὶ
382 2334 411 2382 ὁ
441 2331 868 2399 ἀρχιεπίσκοπος
900 2328 1542 2391 Κωνσταντινουπόλεως,
1570 2329 1826 2396 οίκουμε-

256 2419 409 2481 νικδς
465 2421 848 2487 πατριάρχης·
904 2419 953 2469 ot
991 2418 1048 2469 δὲ
1108 2417 1285 2469 λοιποὶ
1326 2421 1698 2488 πατριάρχαι,
1734 2420 1829 2472 καὶ

255 2508 434 2562 ταῦτα
462 2508 562 2575 τῆς
590 2508 757 2576 αὐτῆς
784 2507 933 2567 ὄντες
965 2506 1193 2571 τάξεως,
1248 2507 1489 2577 κλήσεώς
1523 2524 1581 2559 τε
1629 2508 1721 2561 καὶ
1750 2526 1829 2560 τι-

262 2599 391 2667 μῆς,
425 2600 518 2650 καὶ
550 2597 749 2666 ταύτης
782 2599 879 2649 οὑκ
906 2597 1095 2665 ἔτυχον
1124 2597 1221 2665 τῆς
1239 2598 1643 2665 ἀνακηρύξεως.
1679 2600 1829 2650 Ἐπεὶ

258 2690 318 2744 δδ
354 2691 443 2743 τὸν
480 2690 578 2759 μὲν
616 2692 802 2743 πάπαν
852 2690 911 2743 τὸ
940 2689 1042 2759 τῆς
1098 2690 1383 2758 φιλαυτίας
1428 2689 1701 2759 δαιμόνιον
1728 2690 1829 2758 τῆς

258 2784 370 2837 τῶν
404 2784 605 2836 λοιπῶν
638 2784 954 2849 ἁγιωτάτων
989 2783 1340 2852 πατριαρχῶν
1374 2782 1684 2848 ἀπέστησεν
1731 2783 1829 2851 ὀμ-

259 2880 532 2948 ηγύρεως,
557 2877 651 2929 καὶ
684 2879 761 2937 είς
793 2878 958 2945 μόνην
986 2878 1082 2946 τὴν
1097 2876 1255 2928 Λύσιν
1280 2876 1680 2945 ἑστενοχώρησε
1702 2894 1713 2906 ·
1742 2877 1829 2929 τὸν

257 2966 319 3016 δὲ
344 2967 971 3026 Κωνσταντινουπόλεως
1035 2966 1220 3033 βλέπω
1250 2965 1435 3033 μηδενὶ
1488 2965 1595 3015 τῶν
1639 2982 1830 3033 προνο-

264 3056 403 3123 μίων
435 3056 525 3107 τοῦ
564 3058 720 3109 πάπα
748 3055 1263 3124 κατακοσμούμενον
1317 3054 1462 3124 (οὔτε
1493 3056 1599 3125 γὰρ
1623 3057 1697 3125 τῷ
1730 3056 1829 3125 τῆς

1926 624 2205 676 translata.
2243 626 2424 693 Itaque
2465 630 2685 679 unitatis
2744 630 3060 683 nominibus
3096 630 3284 683 harum
3322 634 3491 698 ponti-

1927 714 2054 765 iices
2096 715 2226 767 dicti
2284 725 2410 768 sunt
2452 718 2874 786 archiepiscotii.
2922 720 3083 772 veluti
3129 722 3392 788 principia
3436 734 3491 774 et

1924 806 2101 872 capita
2131 808 2421 857 multorum
2457 808 2859 873 episcoporum.
2895 809 3051 872 Quod
3096 809 3236 862 idem
3271 813 3395 869 erit.
3429 826 3492 863 ac

1926 896 1970 947 si
1999 894 2225 953 dixeris.
2254 896 2444 950 Patres
2470 904 2523 947 et
2548 899 2886 964 patriarchae.
2934 899 3086 953 Unde
3128 901 3334 952 nullum
3381 901 3492 953 exi-

1924 985 2017 1036 llit
2041 984 2182 1035 inter
2205 998 2299 1037 eos
2332 984 2647 1038 discritren.
2691 986 2821 1038 Nam
2868 988 3024 1040 Pater
3057 988 3218 1054 hujus
3278 989 3490 1040 illiusvo

1926 1075 2120 1139 gentis,
2183 1082 2290 1124 tam
2338 1076 2711 1136 sacerdotalis,
2758 1093 2918 1144 quam
2968 1079 3116 1129 laicte
3180 1078 3355 1131 tribus
3410 1086 3494 1129 est

1926 1160 2103 1224 Pater,
2128 1164 2273 1216 sicut
2310 1161 2477 1216 Jacob
2516 1146 2800 1218 duodecim
2852 1166 3092 1219 tribuum
3146 1166 3379 1221 Israelis.
3428 1168 3492 1221 Et

1928 1252 2179 1320 princeps
2217 1254 2618 1320 episcoporum,
2667 1260 2975 1309 necessario
3035 1257 3193 1312 Pater
3243 1270 3323 1313 est
3379 1270 3490 1313 tum

1926 1338 2325 1406 episcoporum,
2368 1349 2476 1392 tum
2518 1333 2800 1393 laicorum.
2852 1343 3084 1396 Gotthiae
3141 1346 3358 1412 quidem
3402 1363 3498 1396 an-

1927 1430 2077 1481 tistes
2111 1444 2218 1481 non
2262 1438 2548 1497 propterea
2585 1440 2809 1483 vocatur
2844 1434 3314 1501 archiepiscopus,
3350 1440 3492 1501 quod

1926 1516 2301 1584 episcoporum
2347 1520 2598 1585 princeps
2638 1530 2691 1571 et
2732 1518 3013 1572 ordinator
3049 1523 3155 1583 sit,
3224 1523 3317 1574 sed
3375 1532 3497 1573 tau:—

1926 1620 2087 1672 qnam
2144 1607 2471 1675 principium
2509 1611 2918 1677 episcOporum.
2967 1612 3182 1681 Quippe
3231 1616 3436 1666 sauttis
3470 1630 3497 1663 τι

1925 1693 2177 1750 Patribus
2207 1705 2289 1752 est
2313 1702 2603 1763 sancitum,
2629 1708 2689 1753 ut
2719 1717 2796 1755 ea:
2830 1704 3115 1767 dioeceses,
3152 1721 3270 1772 qua“:
3302 1710 3500 1757 nniltas

1928 1785 2126 1840 habent
2168 1790 2331 1843 urbes
2373 1792 2474 1842 sub
2510 1792 2888 1859 episcoporum
2929 1797 3327 1862 gubernatione
3377 1811 3500 1849 con.

1929 1879 2187 1939 stitulas,
2244 1893 2272 1929 a
2324 1882 2759 1948 metropolitauis
2822 1882 3311 1945 administrentur,
3364 1900 3499 1951 quos

1927 1968 2090 2020 etiam
2149 1970 2248 2035 ipsi
2286 1982 2523 2022 canones
2571 1972 2843 2038 appellant
2906 1974 3110 2039 primos
3161 1990 3175 2024 :
3219 1990 3337 2041 qua:
3374 1990 3501 2026 vero

1930 2058 2030 2111 sub
2058 2073 2114 2111 se
2143 2075 2247 2111 non
2283 2060 2483 2113 habent
2525 2064 2688 2116 urbes
2720 2062 2951 2129 aliquas,
2995 2065 3371 2131 episcOporum
3414 2081 3496 2117 ro-

1928 2147 2115 2217 gimini
2138 2149 2406 2212 subditas,
2435 2152 2877 2218 archiepiscopus
2900 2152 3131 2205 habeant
3163 2154 3444 2221 pontillces
3474 2170 3487 2204 :

1929 2244 1989 2289 ut
2015 2237 2304 2291 inferiores
2337 2240 2418 2290 ba:
2447 2240 2664 2306 quidem
2706 2242 2817 2293 sint
2850 2242 3266 2310 metropolibus,
3303 2252 3354 2294 at
3386 2243 3501 2309 epi-

1930 2327 2240 2395 scopatibus
2287 2330 2624 2398 superiores.
2659 2331 2715 2384 In
2759 2333 2901 2385 hunc
2932 2333 3176 2392 modum,
3205 2332 3305 2385 hoc
3338 2332 3499 2385 etiam

1930 2418 2184 2484 ambiguo
2214 2419 2415 2479 soluto,
2451 2420 2702 2471 videbant
2723 2422 2971 2488 equidem
2992 2418 3189 2482 dicere,
3220 2423 3493 2489 quamobo

1930 2523 2042 2561 rem
2094 2524 2225 2576 papa
2264 2507 2542 2563 Romanus
2584 2512 2883 2576 appelletur
2931 2510 3254 2564 nnivrrsalis
3318 2510 3499 2579 Papa,

1933 2598 2300 2666 similiterque
2338 2598 2841 2667 COIIStaIItiIIOpOIiS
2875 2601 3363 2675 archiepisc0pus,_
3390 2604 3506 2655 uni-

1932 2689 2161 2741 versalis
2196 2690 2502 2756 patriarcha
2542 2706 2557 2741 :
2594 2705 2715 2744 cum
2762 2690 2958 2757 reliqui
2995 2691 3337 2755 patriarchae,
3383 2692 3507 2743 litet

1930 2779 2170 2845 ejusdem
2206 2781 2315 2831 siut
2354 2780 2582 2840 ordinis,
2618 2781 2998 2848 appellationis
3043 2788 3093 2831 ct
3142 2770 3387 2843 honoris,
3431 2781 3505 2833 ita

1933 2870 2259 2937 proclamari
2297 2886 2401 2921 non
2443 2871 2667 2922 soleant.
2727 2870 2830 2922 Sed
2881 2870 3100 2935 quando
3153 2885 3343 2939 papam
3390 2869 3499 2923 Ro-

1934 2977 2155 3014 manum
2189 2964 2363 3016 malus
2408 2964 2721 3015 ambitionis
2756 2963 2839 3016 ille
2873 2965 3065 3031 genius
3101 2979 3127 3014 a
3167 2965 3501 3031 reliquorum

1933 3052 2409 3106 sanctissimorum
2452 3055 2885 3119 patriarcharum
2926 3063 3069 3106 cortu
3100 3055 3318 3115 avulsit,
3360 3054 3499 3107 etin

262 3146 538 3214 βασιλείας
598 3146 754 3216 λώρῳ
787 3146 928 3199 κατὰ
985 3146 1043 3197 τδ
1073 3147 1165 3199 τοῦ
1222 3148 1377 3214 ἁγίου
1414 3146 1825 3198 Κωνσταντίνου

1935 3141 2277 3196 Occidentem
2308 3144 2569 3195 duntaxat
2618 3146 2949 3209 coarctat-it;
2999 3160 3120 3197 cum
3170 3146 3382 3197 interim
3425 3146 3508 3197 νίν

260 3237 616 3306 νομιζόμενον
652 3239 923 3307 θέσπισμα
968 3240 1389 3305 καταστέφεται,
1423 3237 1541 3289 οὔτε
1564 3238 1829 3291 κοκκοϐα-

262 3328 390 3396 φέσι
424 3329 657 3391 πεδίλοις
696 3332 834 3382 κατὰ
877 3330 935 3381 τὸ
980 3330 1228 3381 τυπωθὲν
1289 3329 1654 3397 Θεατρίζεται,
1712 3329 1829 3381 ἀλλ’

260 3417 371 3470 οὐδ’
405 3418 577 3485 ἑτέρῳ
612 3420 886 3488 προνομίῳ
908 3421 1001 3483 τῆς
1033 3420 1268 3480 παλαιᾶς
1308 3418 1523 3488 Ῥώμης
1544 3412 1828 3489 κέχρηται,

264 3507 360 3557 καὶ
389 3506 475 3557 διὰ
504 3505 661 3557 τοῦτο
687 3508 734 3557 ut
773 3508 929 3566 πόδες
967 3508 1129 3558 αὑτοῦ
1183 3507 1427 3557 ἵστανται
1460 3507 1515 3556 έν
1553 3506 1829 3575 εὐθύτητι,

260 3595 359 3647 καὶ
385 3596 643 3664 ήίκεφαλὴ
666 3597 825 3647 αὐτοῦ
857 3598 1084 3665 παντοέα
1107 3599 1337 3659 συνέσει,
1372 3596 1509 3648 κατά
1537 3599 1624 3648 τὸν
1640 3596 1829 3659 Δαὸὶδ,

263 3688 627 3738 πεπολίωται·
685 3689 775 3737 καὶ
830 3690 925 3748 τὰς
957 3689 1163 3748 οἰκείας
1193 3687 1249 3737 δὲ
1284 3686 1610 3756 ὑπο-γραφὰς
1645 3687 1721 3748 ὡς
1752 3690 1831 3739 ot-

263 3780 583 3847 κουμενικὸς
621 3778 679 3829 οὐ
743 3780 1025 3847 μεγευύνει
1076 3778 1280 3847 πατὴρ,
1336 3776 1439 3830 κᾶν
1496 3776 1624 3845 παρ’
1675 3777 1832 3846 ἡμῶν

260 3873 402 3927 οὓτω
427 3871 687 3939 κέκληται
718 3874 808 3921 καὶ
847 3870 1203 3935 δεδόξασται)⁹
1226 3869 1325 3939 τὴν
1363 3869 1461 3939 μὲν
1488 3870 1617 3938 περὶ⁸
1638 3868 1831 3921 τούτου

262 3962 579 4030 συζήτησιν,
611 3960 684 4022 ὡς
707 3960 1017 4028 ἀλυσιτελῆ,
1050 3961 1397 4030 παρατρέχω.
1432 3958 1832 4029 ’Δπολογοῦμαι

260 4052 318 4104 δὲ
351 4052 484 4119 πρὸς
514 4052 637 4112 τοὺς
670 4050 925 4116 λέγοντας
981 4051 1287 4119 τολμηρῶς,
1338 4051 1571 4120 δφείλειν
1600 4051 1699 4118 τῆς
1730 4046 1855 4101 πα-’

262 4142 591 4211 τριαρχικῆς
618 4141 1008 4206 ἀποξενοῦσθαι
1046 4144 1208 4210 τιμῆς
1242 4140 1330 4193 τὸν
1374 4142 1706 4210 Ἀντιοχείας
1741 4140 1834 4193 καὶ

259 4232 354 4285 τὸν
391 4232 793 4301 Ἱεροσολύμων.
848 4230 1236 4283 Κεκανόνισται
1273 4231 1401 4298 γὰρ,
1465 4231 1642 4298 φασὶ,
1707 4230 1831 4300 μηδ’

261 4326 322 4375 ἐν
348 4322 659 4392 ἀρχιερεῦσι
729 4322 1110 4373 συντάττεσθαι
1155 4323 1279 4381 τοὺς
1314 4322 1387 4388 μὴ
1440 4318 1832 4399 ῥιψοκινδύνως

260 4414 671 4481 ἀπερχομένους
722 4414 995 4482 ἀρχιερεῖς
1028 4414 1104 4472 είς
1146 4416 1269 4474 τοὺς
1319 4410 1469 4476 παρὰ
1530 4404 1830 4478 Παρδόνρων

1932 3235 2096 3287 deant
2138 3233 2799 3303 ConstantinOpolitanuin
2834 3236 2984 3287 nullo
3037 3250 3190 3303 papa:
3222 3234 3508 3304 privilegio

1947 3334 2116 3377 semet
2175 3334 2459 3376 ornantem
2524 3328 2763 3392 (quippe
2834 3341 2932 3378 nec
2994 3327 3143 3392 regni
3220 3335 3509 3377 coronatur

1935 3414 2127 3475 fascia,
2162 3417 2461 3469 secundum
2506 3417 2581 3477 id,
2616 3417 2758 3485 quod
2798 3417 2971 3469 sancti
3018 3416 3362 3469 Constantini
3401 3423 3512 3468 sta-

1938 3512 2114 3557 tutum
2139 3521 2258 3557 esse
2291 3515 2532 3568 putatur,
2574 3521 2671 3557 nec
2722 3521 2843 3558 cum
2886 3506 3158 3558 coccineis
3196 3504 3416 3563 calceis,
3451 3513 3509 3556 ut

1942 3596 2140 3650 ibidem
2191 3577 2469 3659 sancitur;
2505 3599 2648 3649 velut
2692 3597 2744 3648 in
2793 3599 3105 3664 sper-tacnlo
3149 3607 3314 3649 semet
3362 3596 3515 3648 exhi-

1947 3687 2073 3748 bet;
2110 3701 2206 3739 nec
2248 3686 2395 3737 aliud
2428 3686 2660 3753 denique
2695 3686 2882 3740 Roma:
2930 3688 3128 3740 veteris
3162 3702 3310 3754 papa:
3346 3687 3516 3750 privi-

1942 3776 2142 3844 legiurn
2172 3786 2393 3842 usurpat
2425 3793 2439 3826 :
2477 3776 2705 3844 ideoque
2736 3784 2881 3829 stant
2918 3778 3078 3844 pedes
3112 3778 3233 3844 ejus
3264 3778 3315 3828 iu
3346 3778 3513 3829 recti-

1936 3867 2221 3929 tudine,et
2250 3874 2410 3934 caput
2441 3866 2559 3935 ejus
2592 3870 2882 3937 ouinigena
2917 3871 3223 3937 prudentia,
3247 3869 3512 3935 quemad-

1934 3958 2153 4011 modum
2236 3956 2465 4011 DaviJes
2532 3959 2814 4027 loiluitnr,
2884 3961 3149 4012 incanuit.
3234 3959 3376 4011 Idem
3452 3972 3518 4011 ne

1935 4050 2371 4117 subscriptiones
2401 4050 2619 4117 quidem
2670 4066 2800 4103 snas
2852 4052 3165 4119 magniﬁcas
3200 4049 3349 4109 facit,
3396 4054 3518 4099 tau-

1935 4155 2098 4210 quam
2129 4151 2283 4208 pater
2320 4142 2680 4204 universalis;
2715 4142 2837 4192 licet
2867 4156 2892 4190 a
2925 4141 3079 4192 uobis
3114 4140 3183 4191 ita
3217 4148 3439 4191 vocetur
3464 4146 3517 4191 ct

1934 4231 2242 4285 celebretur
2296 4231 2570 4299 (equidem
2600 4231 2665 4283 de
2699 4229 2800 4281 hoc
2847 4230 3313 4297 disquisitionem,
3372 4230 3520 4283 velut

1934 4323 2334 4393 infrugiicram,
2363 4324 2651 4376 instituere
2711 4324 3063 4389 supersedeo.
3101 4322 3300 4375 Facere
3337 4332 3519 4375 tamen

1934 4429 2041 4468 non
2086 4429 2328 4483 possum,
2365 4415 2496 4481 quin
2552 4413 2619 4467 iis
2676 4412 3036 4481 respondeam
3071 4453 3083 4477 ,
3127 4415 3220 4479 qui
3261 4414 3519 4464 audacter

261 4503 660 4572 κατεχομένους
689 4503 908 4569 θρόνους
961 4502 1163 4564 αὐτῶν,
1211 4503 1343 4571 μηδὲ
1374 4502 1463 4552 τὸν
1492 4500 1584 4553 τοῦ
1619 4516 1828 4567 μαρτυ-

1937 4482 2255 4574 praedicant,
2294 4520 2321 4556 a
2354 4504 2617 4571 dignitate
2645 4504 2990 4571 patriarclrali
3025 4502 3386 4556 removendos
3411 4503 3521 4553 An-

262 4594 381 4662 ρίου
411 4592 863 4660 προαρπάζοντας
917 4592 1200 4657 στέφανον.
1249 4591 1333 4648 Ὠς
1362 4592 1409 4641 εί
1441 4588 1539 4658 μὲν
1562 4590 1669 4641 εἰσὶ
1708 4588 1827 4639 λαῖ-

260 4682 347 4734 κοὶ
372 4683 419 4734 ot
440 4680 662 4733 τοιαῦτα
695 4678 835 4731 καθά
871 4696 921 4729 τι
960 4681 1185 4746 μάταιον
1241 4680 1513 4747 ἅμὸλωμα
1548 4678 1688 4729 κατὰ
1722 4676 1829 4729 τῶν

259 4773 430 4839 ἁγίων
452 4770 704 4839 κεφαλῶν
734 4770 1118 4838 ὡδινήσαντες,
1151 4769 1479 4837 συγγνώμης
1508 4768 1833 4835 ἀξιωθήσον-

260 4882 348 4916 ται
375 4864 514 4915 κατὰ
542 4862 738 4931 πολλὴν
766 4860 1087 4913 ἐπιείκειαν.
1123 4860 1433 4931 Γέγραπται
1460 4860 1588 4929 γάρ·
1618 4859 1691 4911 0'3
1723 4857 1829 4926 χρὴ

272 4957 542 5024 Ῥωμαίον
587 4954 754 5023 ἄνδρα
787 4954 980 5022 νόμους
1011 4953 1233 5020 (ταύτὸν
1262 4951 1306 5003 δ’
1357 4951 1500 5005 ἔστιν
1532 4952 1706 5002 εἰπεῖν
1738 4949 1829 5001 καὶ

259 5046 512 5114 κανόνας)
544 5048 776 5111 ἀγνοεῖν.
821 5046 942 5096 ’Ὁτι
982 5044 1083 5095 κᾶν
1120 5041 1390 5112 χειρῶναξ
1424 5043 1506 5103 τίς
1544 5045 1682 5103 ἐστι,
1723 5039 1829 5094 κᾶν

257 5137 492 5205 σύρφαξ,
522 5138 732 5190 οἰκοθεν
757 5136 948 5188 εἰδέναι
968 5138 1158 5203 νόμους
1184 5134 1215 5203 ἢ
1262 5134 1487 5196 κανόνας
1519 5133 1593 5203 μὴ
1622 5149 1832 5201 συγχω-

251 5230 520 5303 ρούμενός
574 5233 743 5293 ἐστιν,
813 5229 923 5282 ἀλλ’
979 5231 1026 5280 ot
1062 5227 1281 5289 τούτους
1318 5227 1456 5279 κατὰ
1511 5226 1829 5288 σπουδαίους

255 5320 753 5390 ἀργυρογνώμονας
787 5320 1222 5388 μεταλλεύοντες,

300 5415 498 5467 Ὄσσα
524 5431 587 5466 τε
610 5416 815 5481 φύλλα
845 5418 944 5468 καὶ
972 5418 1153 5469 ἄνθεα
1177 5416 1394 5483 γίνεται
1420 5417 1616 5482 εἴαρος
1639 5416 1760 5484 ὥρῃ
1784 5435 1795 5448 ·

1940 4597 2252 4650 tiocheuum
2286 4606 2341 4649 et
2367 4594 2943 4663 llierosolymitanum.
2972 4594 3184 4661 Quippe
3215 4594 3520 4645 canonibus

1946 4699 2208 4744 statutum
2244 4697 2349 4750 est,
2384 4688 2659 4754 inquiunt,
2709 4702 2773 4738 ne
2807 4686 3023 4753 quidem
3060 4687 3200 4736 inter
3236 4684 3521 4751 pontilicvs

1937 4777 2305 4833 recensendos
2352 4793 2497 4839 esse,
2532 4777 2625 4845 qui
2663 4792 2771 4829 non
2812 4775 2891 4827 vel
2922 4783 3169 4827 extremo
3206 4789 3328 4825 cum
3366 4773 3517 4839 peri—

1937 4852 2061 4923 culo
2093 4886 2151 4923 se
2181 4868 2477 4923 conterant
2507 4868 2572 4920 ad
2600 4868 2829 4920 thronos
2863 4880 2992 4918 suos
3018 4880 3044 4915 a
3074 4863 3326 4916 Barbaris
3356 4879 3520 4915 occu-

1938 4972 2115 5031 patos.
2147 4978 2247 5015 nec
2276 4961 2521 5030 martyrii
2564 4974 2822 5013 coronam
2872 4957 3204 5024 prarripiant.
3253 4954 3517 5006 Nimirum

1940 5055 1986 5109 si
2025 5054 2153 5106 laici
2201 5062 2354 5114 sunt,
2406 5052 2495 5118 qui
2539 5051 2663 5101 talia
2715 5049 2881 5101 Veluti
2924 5048 3183 5100 stolidum
3227 5046 3515 5113 qneunlam

1940 5147 2191 5199 abortum
2220 5145 2483 5197 adversus
2511 5157 2664 5195 sacra
2692 5152 2879 5195 sancta
2908 5145 3086 5208 capita
3122 5140 3515 5207 ptll‘llll‘il'l‘lllll,

1940 5237 2151 5291 veniant
2203 5235 2554 5287 merebuntur
2599 5250 2662 5286 ex
2736 5233 3000 5300 singulari
3048 5233 3281 5296 quadam
3330 5239 3515 5280 nostra

1943 5327 2336 5381 moderatione.
2369 5324 2713 5390 Cteteroquin
2749 5326 2891 5377 enim
2925 5324 3185 5388 scriptum
3219 5328 3301 5370 est
3337 5334 3350 5370 :
3407 5316 3517 5366 llo-

1941 5422 2137 5473 miuem
2174 5417 2477 5469 Romanum
2509 5418 2761 5484 ignorare
2794 5416 2935 5484 leges
2972 5415 3133 5478 (idem
3165 5420 3216 5462 et
3246 5411 3311 5462 de
3346 5424 3517 5461 cano—

258 5505 413 5558 uibus
447 5506 761 5574 dicendum)
802 5523 909 5560 non
979 5518 1209 5576 oportet.
1251 5508 1461 5575 Quippe
1528 5510 1652 5563 licet
1689 5512 1889 5580 aliquis
1932 5512 2250 5565 manuarius
2274 5510 2344 5562 sit
2379 5508 2581 5575 opifex,
2609 5517 2660 5560 et
2687 5524 2748 5558 ex
2786 5507 2967 5559 intima
3002 5504 3127 5555 hcce
3162 5502 3357 5569 plebis,
3382 5502 3509 5564 quin

257 5598 401 5664 leges
433 5608 527 5651 aut
559 5613 797 5652 canones
834 5616 927 5668 per
969 5617 1025 5654 se
1063 5602 1229 5663 norit,
1302 5603 1513 5655 veniam
1601 5606 1891 5671 impetrare
1933 5619 2041 5657 non
2094 5611 2273 5671 potest
2323 5619 2336 5654 :

2380 5616 2502 5654 cum
2550 5601 2641 5667 qui
2692 5602 2834 5666 leges
2906 5606 2956 5650 rt
3008 5609 3270 5659 canones,
3336 5593 3506 5647 instat

257 5688 645 5743 industriorum
699 5692 904 5759 argenti
960 5695 1392 5761 exploratorum,
1436 5694 1784 5760 investigent,
1836 5694 1889 5747 in
1933 5694 2034 5747 hac
2064 5694 2196 5746 urbe
2240 5694 2383 5760 regia
2420 5701 2494 5744 tot
2527 5694 2655 5751 sint.

1195 5783 1331 5844 Quot
1361 5784 1489 5846 folia
1520 5795 1563 5835 rt
1594 5787 1747 5853 ﬂores
1776 5796 2062 5839 nascuntur
2096 5795 2319 5852 tempore
2350 5802 2501 5836 t'rruo
2538 5801 2555 5835 :
