4214 6450
240 410 379 477 1033

1638 400 2045 463 MEDI'I‘A'I‘A.

3294 386 3425 451 1034

236 528 367 581 τῶνο
406 524 465 577 τὸ
501 522 556 576 δι
590 521 733 583 ίλεός
779 536 876 588 μου
925 512 985 570 οὗ
1023 519 1095 587 μὴ
1149 506 1482 571 διασκεδάσω
1527 518 1631 569 ὰπδ
1674 518 1781 570 τῶν
1808 520 1856 577 Α

1836 513 2309 576 imisericordiam
2342 529 2467 569 vero
2499 526 2669 569 meam
2701 528 2806 568 non
2858 514 3165 583 dispergam
3224 525 3255 563 a
3299 510 3425 564 dili-

237 615 570 683 ἀγαπώντων
603 630 689 681 με,
722 612 828 663 οὐδ’
860 610 922 662 οὗ
965 608 1038 677 μὴ
1069 608 1357 677 βεϐηλώσω
1388 607 1485 676 τὴν
1522 608 1779 676 διαθήκην

240 718 380 771 μου⁶
424 701 518 769 τὴν
555 702 650 767 μὲν
700 698 916 765 ἐθνικὴν
957 696 1211 749 ἀπιστίαν
1252 694 1620 763 διασκορπίσει
1652 695 1779 746 ὡσεὶ

237 790 512 859 κονιορτὸν
542 789 647 841 ἀπὸ
678 788 875 846 ἅλωνος
904 786 1139 854 θερινῆς,
1171 786 1293 846 τοὺς
1327 784 1383 836 δὲ
1411 784 1586 845 ὁσίους
1618 784 1780 836 αὐτοῦ

239 880 539 949 συναγάγῃ,
568 878 659 929 καὶ
683 877 841 928 δώσει
871 875 1050 934 αὐτοῖς
1079 872 1257 942 χώρας
1287 873 1453 923 εθνῶν
1475 874 1565 925 καὶ
1588 872 1777 936 φυλάς.

238 971 346 1021 Καὶ
374 970 488 1037 ipsi
528 967 629 1026 πᾶς
687 966 714 1015 ό
743 964 866 1024 λαός
899 979 914 992 °
959 962 1256 1031 Εὐλογητὸς
1310 962 1509 1029 Κύριος
1564 962 1643 1023 είς
1693 960 1781 1011 τὸν

236 1054 430 1107 αίῶνα.
462 1054 692 1115 Γένοιτο,
732 1052 954 1115 γένοιτο.

806 1178 940 1231 ΤΟΥ
985 1172 1211 1229 ΑΥΤΟΥ

240 1310 493 1376 Μελέτη.
524 1308 697 1374 χάριν
718 1306 833 1358 τῶν
859 1305 965 1376 δύο
998 1304 1307 1376 όξρφικίων,
1325 1300 1457 1376 Δτοῦ
1485 1315 1545 1353 τε
1572 1304 1780 1368 καρτο-

517 1369 807 1443 έὸύξιιικος,
832 1374 928 1425 καί
956 1369 1059 1424 τοῦ
1086 1369 1509 1433 πρωτεκδίκου.

309 1481 416 1535 Τοῦ
452 1480 682 1549 μεγάλου
716 1478 1031 1531 διδασκάλου
1072 1477 1169 1545 τῆς
1216 1475 1539 1545 Ἑκκλησίας
1573 1473 1782 1527 Παύλου

238 1572 333 1625 τοῦ
369 1572 692 1638 θεοκήρυκος
730 1568 976 1633 λέγοντος
1000 1605 1013 1625 ,
1047 1566 1157 1632 Οὐχ
1197 1564 1370 1632 ἑαυτῷ
1398 1582 1479 1625 τις
1522 1563 1785 1629 λαμσάνει

240 1662 425 1729 τιμὴν,
458 1660 591 1711 ἀλλὰ
630 1657 952 1724 καλούμενος
991 1656 1092 1707 ὑπὸ
1136 1653 1229 1705 τοῦ
1276 1653 1409 1705 Θεοῦ
1435 1694 1448 1716 ,
1482 1652 1708 1720 ὤφειλεν
1758 1655 1785 1704 ὁ

240 1751 607 1821 πρωτέκδικος
646 1746 930 1817 ἀρκεῖσθαι
978 1747 1088 1806 τοῖς
1135 1743 1434 1811 δεδομένοις
1474 1740 1639 1809 αὐτῷ,
1694 1740 1786 1793 καὶ

240 1816 361 1891 κατ’
387 1839 524 1905 ἱχνία
554 1838 595 1869 τ’
632 1816 832 1903 βαίνειν
864 1834 971 1883 τῶν
1004 1831 1108 1900 πρὸ
1147 1828 1331 1891 αὑτοῦ,
1367 1829 1591 1899 παντοίᾳ
1624 1828 1784 1896 σοφίᾳ
1814 1816 1858 1874 Β

240 1930 350 1981 τῶν
384 1930 636 1981 πλειόνων
683 1925 1104 1993 κεκοσμημένων
1152 1924 1217 1990 τῇ
1260 1922 1440 1990 χάριτι
1482 1920 1573 1972 τοῦ
1628 1918 1783 1983 Θεοῦ,

240 2018 423 2079 καθὼς
449 2018 541 2069 καὶ
571 2016 727 2076 αὐτός
753 2018 886 2077 ἔστι,
923 2014 1016 2065 καὶ
1052 2014 1120 2064 τὰ
1155 2012 1455 2080 ὑψηλότατα
1487 2011 1585 2078 τῆς
1626 2011 1790 2076 ἁγιω-

240 2108 409 2175 τάτης
438 2108 527 2157 τοῦ
574 2105 703 2157 Θεοῦ
740 2104 978 2174 μεγάλης
1016 2102 1339 2170 Ἐκκλησίας
1380 2101 1787 2169 ινεργησάντων

238 2195 489 2262 όφφίκια,
525 2193 682 2245 τινῶν
710 2193 764 2243 δὲ
798 2192 888 2243 καὶ
922 2191 1062 2242 κατὰ
1092 2190 1344 2259 γνησίους
1374 2187 1788 2257 πτερυξαμένων

238 2285 494 2342 ἁετιδεῐς,
526 2282 617 2333 καὶ
646 2283 722 2341 είς
756 2281 846 2331 τὸν
888 2279 1061 2347 μέγαν
1105 2279 1423 2344 φθασάντων
1471 2276 1657 2344 θρόνον
1692 2274 1788 2342 τῆς

242 2370 857 2430 Κωνσταντινουπόλεως
874 2409 888 2432 ,
918 2369 1010 2420 καὶ
1036 2368 1102 2419 τὰ
1132 2363 1445 2434 κυρωθέντι
1470 2364 1554 2416 διὰ
1585 2362 1789 2433 χρόνων

242 2459 664 2528 ἁμνημονεύτων
724 2458 942 2527 σχεδὸν,
1004 2456 1076 2525 μὴ
1134 2454 1382 2507 σπεύδειν
1438 2450 1789 2519 ἀλλοιωθῆναι

245 2551 386 2603 κατὰ
421 2549 631 2615 σηπύας
676 2546 1016 2616 αὐθημερὸν,
1068 2545 1160 2597 καὶ
1202 2544 1346 2597 οὕτω
1409 2541 1791 2611 ῥιψοκινδύνως

244 2639 619 2700 σκανδαλίζειν
652 2638 742 2689 καὶ
778 2634 1217 2697 σκανδαλίζεσθαι
1242 2650 1256 2665 ⁸
1290 2632 1463 2685 θέλειν
1494 2633 1549 2684 δὲ
1596 2630 1793 2699 μᾶλλον

246 2730 470 2798 εἰρήνην
499 2730 589 2780 ἐπὶ
614 2728 703 2780 τὸν
731 2728 858 2781 λαὸν
889 2726 983 2778 τοῦ
1014 2725 1177 2786 Θεοῦ,
1208 2725 1300 2776 καὶ
1332 2723 1425 2775 ἐπὶ
1462 2724 1587 2784 τοὺς
1615 2723 1793 2783 ὁσίους

245 2819 435 2873 αὐτοῦ.
481 2819 629 2870 Ἐπεὶ
674 2816 717 2869 δ’
762 2817 860 2869 οὐκ
905 2811 1001 2868 οἷδ’
1050 2816 1193 2876 ὅπως
1247 2811 1615 2882 παραδραμὼν
1669 2813 1794 2873 τοὺς

246 2908 555 2978 εγείροντας
578 2907 646 2959 τὰ
672 2905 938 2957 σκάνδαλα
964 2903 1228 2973 μύλωνας,
1255 2902 1348 2953 καὶ⁵
1370 2904 1436 2953 τὰ
1458 2900 1793 2970 διορισθέντα

246 2997 544 3059 κανονικῶς
595 2995 733 3050 κατὰ
774 2994 882 3047 τῶν
938 2993 1323 3062 παραλυόντων
1380 2990 1796 3059 ἀπερισκέπτως

246 3085 536 3154 συνήθειαν
569 3083 783 3152 μακρὰν
810 3080 1266 3151 ικκλησιαστικὴν
1305 3078 1613 3148 οἱανδήτινα
1659 3077 1795 3148 (καὶ

243 3174 448 3244 ταύτην
476 3176 579 3244 γὰρ
610 3174 828 3242 κρατεῖν
858 3171 931 3232 ὡς
963 3170 1090 3231 τοὺς
1127 3169 1301 3229 θείους
1327 3167 1553 3230 κανόνας
1575 3183 1794 3235 νενομο-

246 3265 517 3332 θέτηται),
542 3264 635 3317 καὶ
667 3260 1014 3331 ὑπεραναδὰς
1038 3260 1127 3312 τὸν
1152 3259 1421 3329 ὁρίζοντα,
1445 3257 1590 3309 θέλει
1619 3267 1796 3325 παρα-

252 3354 511 3408 σαλεῦσαι
540 3353 605 3403 τὰ
650 3349 743 3403 τοῦ
774 3348 1179 3419 χαρτοφύλακος
1211 3345 1511 3416 προνόμια,
1544 3347 1638 3397 καλ⁸
1677 3362 1799 3397 συν-

252 3443 386 3511 άψαι
416 3445 527 3502 τοῖς
556 3442 844 3501 ὲκδικικοίς
872 3437 1156 3507 λειτουργή
1166 3452 1318 3505 μασι,
1341 3436 1479 3489 κατά
1505 3452 1654 3497 τινας
1682 3435 1799 3486 ἑτε-

251 3534 423 3603 ροφυῆ
456 3530 923 3599 συμμοσχεύοντας
949 3527 1193 3597 σώματα,
1222 3528 1315 3578 καὶ
1344 3526 1476 3595 πρὸς
1503 3524 1799 3577 δπισύστα-

250 3638 338 3676 σιν
364 3621 459 3673 τοῦ
488 3620 684 3673 οίκείου
708 3619 1032 3687 θελήματος,
1074 3617 1259 3669 κανόσι
1290 3615 1487 3684 χρῆται
1511 3613 1608 3682 τῆς
1640 3613 1799 3679 ἁγίας

248 3712 347 3763 καὶ
379 3708 757 3777 οίκουμενικῆς
785 3708 1050 3774 τετάρτης
1078 3705 1317 3768 συνόδου,
1339 3703 1471 3773 πρὸς
1496 3702 1553 3755 δὲ
1579 3701 1668 3754 καί
1692 3717 1799 3753 τισι

251 3801 461 3869 ῥήμασι
494 3796 585 3849 τοῦ
613 3794 972 3866 ἀποκειμένου
1011 3793 1213 3862 βιϐλίου
1246 3795 1302 3844 εν
1330 3791 1408 3859 τῷ
1439 3779 1677 3859 σεὶιρέτῳ
1704 3786 1799 3839 τοῦ

250 3880 397 3950 ίηιροῦ
419 3881 701 3945 δκδικείου,
738 3879 986 3947 παριστῶ
1015 3879 1106 3930 καὶ
1136 3878 1297 3940 αὐτὸς
1328 3877 1417 3929 διὰ
1460 3876 1556 3945 τῆς
1594 3874 1801 3944 παρούο

250 3986 351 4039 σης
368 3971 580 4039 γραφῆς
609 3987 730 4038 μου,
753 3968 932 4030 καθὼς
957 3967 1212 4037 ὴξίωμαι,
1236 3969 1303 4019 τὰ
1332 3964 1538 4031 τοῦτον,
1566 3964 1639 4026 ὡς
1664 3958 1802 4030 ιγῷ-

253 4078 374 4129 μαι,
400 4059 619 4118 δικαίως
661 4056 1099 4125 ιπιστομίζοντα,
1134 4057 1227 4109 καὶ
1266 4056 1357 4108 τὸν
1387 4055 1527 4109 κατὰ
1576 4056 1803 4125 καιροὺς

249 4147 633 4217 χαρτοφύλακα
678 4147 981 4214 φιλαλήθως
1024 4144 1488 4213 ἀποσεμνύνοντα.
1535 4144 1667 4195 Ἀπὺ
1708 4143 1802 4196 τοῦ

250 4245 346 4304 κγ’
366 4237 584 4300 κανόνος
609 4238 716 4291 τῶν
743 4239 799 4290 ἑν
822 4235 1121 4303 Χαλκηδόνι
1147 4234 1504 4287 συνελθόντων
1532 4234 1608 4302 χλ¹
1635 4232 1803 4299 ἁγίων

253 4328 543 4397 Πατίρων,
594 4326 816 4395 συκίνην
854 4326 1173 4395 ὶπικουρίαν
1203 4325 1231 4377 ό
1268 4324 1630 4395 πρωτέκδικος
1665 4321 1807 4375 ίδιώ-

254 4438 404 4486 σατο,
436 4420 593 4491 χάριν
618 4418 712 4470 τοῦ
745 4417 950 4485 κρίνειν
979 4414 1313 4484 ἱδιορυθμίας
1347 4414 1683 4482 μοναζόντων
1711 4413 1804 4465 καὶ

252 4511 558 4579 κληρικῶν,
606 4509 699 4559 καὶ
748 4506 1064 4576 ἀνακρίνειν
1109 4503 1415 4572 ἀποδημίας
1465 4502 1681 4567 αὐτῶν,
1712 4501 1807 4554 καὶ

250 4603 597 4673 κατακρίνειν
642 4602 715 4663 ὼς
759 4599 1022 4667 φυγαδίας
1066 4597 1473 4665 δουλοπρεπεῐς.
1529 4594 1641 4664 Πρὸ
1701 4593 1810 4662 γὰρ

255 4695 450 4747 ἑκατὸν
484 4693 686 4761 χρόνων
723 4689 917 4759 μικρόν
958 4702 1011 4742 τι
1042 4688 1202 4739 πλέον
1232 4686 1269 4757 ἢ
1293 4685 1545 4748 ῐλαττον,
1576 4677 1671 4736 τοῦ
1697 4683 1811 4735 ἀοι⁹

253 4785 413 4850 δίμου
437 4778 695 4847 βασιλέως
723 4775 816 4827 τοῦ
846 4771 1353 4834 ’1ουστινιανοῦ,τοῦ
1376 4766 1808 4837 τὴνἚκκλησίαν

255 4867 538 4935 ἀγακλεῶς
578 4863 1017 4932 οὐρανὼσαντος,
1066 4863 1094 4912 ό
1134 4858 1370 4919 τοιοῦτος
1425 4856 1605 4911 κανὼν
1644 4858 1810 4910 ἔκπε-

258 4958 527 5025 φώνηται,
564 4954 650 5005 δτε
694 4951 851 5018 λόγος
879 4950 979 5001 οὐκ
1016 4944 1082 5018 ἦν
1116 4948 1342 5000 εκδίκων
1370 4946 1537 5000 όντων
1568 4946 1678 4999 ἀπὸ
1716 4948 1809 5000 τοῦ

260 5047 536 5113 βήματος,
585 5039 785 5091 λαῖκῶν
854 5038 910 5090 δὲ
967 5038 1085 5098 ταῖς
1154 5032 1469 5101 εκκλησίαις
1522 5033 1812 5102 διδομένων

258 5134 516 5188 ἑκάστοτε
542 5129 674 5198 πρὸς
709 5127 1003 5193 δκδίκησιν.
1032 5124 1141 5177 Καὶ
1170 5123 1323 5176 τοῦτο
1352 5122 1507 5192 δῆλόν
1528 5123 1674 5175 ἐστιν
1706 5121 1812 5174 ἀπὸ

261 5222 359 5278 τοῦ
387 5227 455 5275 οε¹
485 5219 701 5278 κανόνος
739 5218 837 5283 τῆς
873 5217 930 5267 ιν
960 5213 1289 5283 Καρθαγὲνῃ
1330 5213 1546 5265 συνόδου
1570 5249 1584 5275 ,
1616 5211 1812 5263 οὑτωσὶ

258 5314 547 5376 διεξιόντος
581 5308 755 5379 ῥητῶς
779 5321 790 5335 ⁸
826 5306 958 5370 Περὶ
983 5304 1234 5355 ἐκδίκων
1265 5302 1380 5355 τῶν
1419 5300 1805 5365 Ἔκκλησιῶν,

260 5400 379 5455 τῶν
407 5398 765 5467 ὀφειλόντων
813 5394 928 5447 ἀπὸ
966 5392 1071 5446 τοῦ
1118 5393 1422 5456 ,ϐασιλέως
1477 5389 1804 5456 αίτηθῆναι,

267 5496 585 5559 σύμπασιν
630 5486 838 5551 “ob?
884 5484 1123 5551 αἰτῆσαι
1187 5484 1304 5537 ἀπὸ
1342 5484 1455 5537 τῶν
1501 5481 1810 5545 βασιλέων

1883 608 2131 673 gentibus
2163 622 2265 671 me,
2290 622 2387 659 nec
2418 605 2715 675 proianabo
2768 610 3152 657 testamentum
3206 614 3422 653 meum:

1882 693 1927 746 is
1953 706 2080 761 ergo
2118 707 2448 761 paganorum
2499 693 2712 760 quidem
2751 689 3122 745 inlidelitatem
3176 686 3424 753 dissipet,

1882 782 2046 834 veluti
2100 782 2378 849 pulverem
2431 797 2495 836 ex
2530 796 2655 836 area
2714 781 2923 842 aestiva,
2976 786 3194 832 sanctos
3246 788 3423 828 autem

1881 886 2010 925 suos
2041 873 2281 940 colligat,
2317 880 2370 924 et
2419 884 2752 940 paganorum
2805 869 2885 923 eis
2923 868 3014 921 det
3059 869 3305 934 regiones
3364 878 3428 917 ac

1882 961 2074 1015 tribus.
2121 962 2186 1015 Et
2250 961 2396 1015 dicat
2444 961 2673 1029 populus
2724 959 3011 1012 universus
3056 956 3429 1009 :Beuedictus

1885 1050 2141 1103 Dominus
2174 1050 2225 1102 in
2254 1050 2533 1103 saxulum.
2570 1048 2709 1112 Fiat,
2745 1048 2859 1099 (lat.

2506 1174 2804 1232 EIUSDEM

1886 1302 2215 1365 Meditatum,
2249 1306 2311 1356 de
2341 1302 2542 1355 duobus
2577 1304 2683 1356 illis
2715 1302 2892 1365 oﬂiciis
2918 1342 2931 1365 ,
2965 1296 3278 1352 charlularii
3324 1298 3427 1350 sti-

2254 1373 2391 1434 licet,
2434 1387 2495 1423 ac
2538 1373 2691 1437 primi
2725 1370 3036 1437 defensoris.

1953 1476 2087 1529 Cum
2124 1490 2351 1545 magnus
2392 1475 2480 1528 ille
2530 1475 2720 1528 doctor
2777 1473 3054 1538 Ecclesiae,
3108 1476 3430 1543 divinusqne

1886 1580 2059 1635 preco
2092 1564 2286 1618 Paulus
2311 1565 2477 1629 dicat,
2509 1580 2614 1617 non
2657 1564 2759 1618 sibi
2810 1565 3117 1631 quempiam
3172 1566 3427 1619 honorem

1887 1668 2118 1718 sumere,
2152 1654 2243 1707 sed
2270 1668 2299 1706 a
2328 1653 2435 1707 Deo
2459 1665 2741 1717 vocatum;
2772 1668 2900 1707 sane
2933 1654 3164 1708 debebat
3226 1658 3429 1724 primus

1888 1745 2141 1800 deiensor
2177 1744 2280 1797 sibi
2316 1745 2595 1799 concessis
2633 1758 2755 1797 esse
2812 1753 3123 1809 contentus,
3159 1754 3211 1800 et
3240 1747 3429 1800 decesa

1887 1847 2070 1887 sorum
2092 1847 2311 1885 suorum
2330 1832 2572 1898 vestigiis
2592 1831 2871 1894 insistere;
2902 1846 3131 1899 quorum
3164 1833 3429 1902 plerique,

1890 1924 2026 1976 sicut
2049 1932 2102 1977 et
2142 1907 2279 1991 ipse,
2321 1936 2414 1989 per
2447 1919 2538 1974 Dei
2604 1920 2831 1988 gratiam
2875 1922 3161 1989 omnigena
3211 1922 3434 1975 fuerunt

1889 2012 2064 2065 ornati
2132 2010 2409 2074 doctrina,
2474 2023 2866 2078 supremasque
2927 2010 3287 2064 sanctissima:
3340 2010 3432 2064 Dei

1891 2102 2112 2170 majoris
2148 2100 2400 2154 Ecclesia
2426 2100 2713 2168 dignitates
2740 2109 3052 2168 gesserunt,
3080 2110 3242 2170 atque
3265 2101 3430 2154 etiam

1889 2192 2054 2260 aliqui
2091 2191 2449 2260 genuinorum
2492 2192 2545 2245 in
2592 2206 2794 2246 morem
2849 2191 3118 2260 pullorum
3171 2194 3437 2261 aquilino-

1891 2294 2014 2334 rum
2040 2281 2155 2335 alas
2191 2287 2564 2348 sumpserunt,
2596 2288 2650 2333 et
2679 2281 2743 2333 ad
2800 2291 3053 2350 magnum
3110 2280 3259 2342 illum
3293 2281 3437 2334 Con-

1891 2372 2280 2441 stantinOpolis
2334 2371 2591 2425 thronum
2643 2379 3047 2440 pervenerunt:
3108 2373 3436 2440 minimeque

1891 2462 2021 2515 dare
2045 2461 2275 2517 debebat
2306 2475 2550 2531 operam,
2609 2470 2670 2515 ut
2717 2462 2876 2514 annis
2930 2462 3206 2516 hominum
3271 2473 3438 2529 prope

1894 2552 2210 2607 memoriam
2254 2551 2645 2606 excedentibus
2701 2551 3042 2611 conﬁrmata.
3096 2558 3435 2603 mutarentur

1894 2656 2002 2695 uno
2032 2642 2140 2706 die,
2163 2644 2436 2711 sepiarum
2465 2643 2515 2695 in
2544 2656 2746 2694 morem
2770 2658 2785 2704 ;
2806 2651 2967 2710 atquc
3011 2641 3082 2694 ita
3128 2643 3433 2710 periculose

1895 2741 2001 2784 tam
2059 2730 2353 2796 oliendere,
2419 2745 2580 2800 quam
2640 2731 2873 2786 oﬂendl:
2934 2732 3026 2786 sed
3074 2732 3210 2785 Velle
3259 2734 3437 2801 potius

1895 2834 2081 2887 pacem
2109 2835 2272 2889 supra
2303 2821 2563 2890 populum
2610 2818 2726 2884 Dei,
2760 2828 2814 2875 et
2841 2834 3008 2889 supra
3039 2830 3258 2874 sanctos
3300 2820 3436 2883 eius.

1894 2908 2097 2963 Verum
2133 2910 2255 2979 quia
2306 2912 2494 2965 nescio
2548 2906 2821 2980 quomodo
2855 2908 3154 2966 molaribus
3204 2912 3441 2964 excitan-

1896 2995 2043 3050 tibus
2074 2996 2327 3051 scandala
2361 2998 2673 3066 praterltis,
2728 3006 2891 3066 atque
2945 2997 3131 3051 itidem
3195 2997 3282 3058 iis,
3313 3005 3435 3063 quae

1900 3081 2166 3136 canonice
2232 3088 2438 3137 statuta
2511 3089 2641 3137 sunt
2706 3084 2968 3138 adversus
3041 3082 3441 3137 inconsiderate

1900 3171 2168 3225 violantes
2208 3185 2589 3240 quamcunque
2631 3171 2944 3225 diuturnam
2995 3170 3439 3225 consuetudinem

1898 3259 2324 3315 ecclesiasticam
2375 3260 2523 3329 (nam
2560 3267 2611 3315 et
2639 3260 2788 3314 illam
2835 3259 3057 3328 perinde
3111 3269 3281 3312 ratam
3321 3273 3444 3312 esse

1899 3350 2097 3405 debere
2141 3351 2415 3405 sancitum
2467 3357 2569 3415 est,
2627 3359 2789 3419 atque
2839 3361 3026 3404 sacros
3078 3347 3336 3413 canones)
3390 3359 3444 3400 et

1901 3447 2220 3494 transcenso
2242 3440 2476 3510 denique
2498 3439 2800 3501 horizonte,
2823 3437 3105 3505 privilegia
3127 3436 3441 3490 chartuiarii

1900 3534 2190 3581 concutere
2235 3527 2370 3589 vult,
2418 3536 2471 3581 et
2515 3541 2637 3580 cum
2688 3525 3063 3581 {unctionibus
3121 3526 3444 3581 defensoriis

1900 3615 2250 3686 conjungere.
2277 3630 2427 3672 more
2448 3615 2832 3685 quorumdam,
2855 3616 2947 3685 qui
2976 3615 3205 3669 diversae
3237 3625 3444 3669 naturae

1904 3718 2135 3772 corpora
2191 3705 2411 3760 sibimet
2492 3705 2780 3760 inserendo
2846 3706 3136 3775 c0puiant:
3213 3720 3449 3774 cumtu

1910 3793 2149 3847 instituti
2185 3794 2269 3849 sui
2296 3794 2556 3863 probandi
2580 3808 2764 3860 causa,
2793 3804 2998 3850 sancta:
3035 3805 3087 3849 et
3120 3797 3446 3849 universalis

1904 3892 2111 3951 quarta
2169 3883 2358 3953 synodi
2424 3886 2732 3940 canonibus
2783 3894 2998 3947 utatur.
3056 3900 3117 3939 ac
3194 3894 3449 3954 practerea

1902 3971 2084 4026 verbis
2114 3973 2440 4040 quibusdam
2468 3990 2533 4029 ex
2553 3975 2711 4037 libro,
2747 3974 2841 4043 qui
2873 3983 3117 4031 servatur
3148 3977 3200 4029 in
3244 3986 3451 4029 secreto

1905 4062 2048 4116 sacri
2087 4061 2384 4117 defensorii
2421 4081 2434 4117 :
2495 4064 2765 4131 proferam
2794 4072 2848 4119 et
2896 4066 3012 4134 ipse
3050 4067 3150 4119 hoc
3202 4070 3452 4134 pruenti

1905 4152 2132 4221 scripto.
2156 4153 2609 4223 quemadmodum
2647 4168 2675 4207 a
2704 4169 2791 4207 me
2824 4155 3047 4223 petitum
3089 4166 3193 4217 est.
3221 4166 3339 4224 quae
3375 4170 3438 4209 os

1905 4242 2031 4297 huic
2059 4258 2167 4297 non
2192 4244 2288 4298 abs
2304 4258 2384 4307 re,
2421 4258 2540 4299 meo
2561 4243 2777 4313 quidem
2802 4243 3029 4312 judicio,
3080 4255 3205 4299 sunt
3237 4246 3459 4298 obtura-

1907 4338 2061 4399 tura;
2119 4339 2174 4386 et
2236 4347 2362 4388 vere
2424 4333 2598 4389 cuivis
2662 4348 2759 4402 pro
2818 4341 3064 4403 tempore
3128 4333 3458 4387 chartulario

1836 4440 1880 4497 ι)
1912 4422 2317 4477 venerationem
2342 4424 2721 4477 conciliatura.
2778 4422 2944 4492 Igitur
2978 4440 3043 4479 ex
3089 4436 3296 4477 canone
3324 4437 3456 4476 nm

1913 4520 2223 4565 sanctorum
2252 4509 2497 4576 Patrum,
2539 4513 2629 4581 qui
2676 4512 3021 4567 Chalcedone
3068 4520 3459 4569 convenerunt.

1912 4597 2173 4651 ﬁculnum
2206 4599 2514 4668 praesidium
2551 4599 2654 4654 sibi
2676 4600 2929 4656 defensor
2982 4602 3249 4669 quaesivit.
3301 4602 3459 4670 quasi

1908 4686 2115 4756 judicet
2146 4689 2259 4758 ipse
2281 4688 2349 4743 de
2370 4688 2457 4753 iis,
2480 4704 2599 4758 qua:
2632 4697 2759 4744 sunt
2786 4688 2944 4745 ollicii
2990 4692 3380 4744 monachorum
3408 4700 3462 4744 et

1911 4776 2256 4838 clericorum,
2294 4778 2562 4847 quasique
2593 4778 2660 4832 de
2692 4779 2887 4832 horum
2928 4778 3460 4847 peregrinationibus

1913 4866 2173 4936 inquirat,
2212 4881 2417 4936 easque
2456 4868 2619 4921 veluti
2652 4868 3047 4937 mancipiorum
3083 4868 3302 4936 aufugia
3328 4880 3461 4921 con-

1910 4953 2148 5008 demnet.
2214 4953 2479 5009 Nimirum
2559 4952 2717 5009 antiis
2782 4956 2942 5025 paulo
3018 4958 3137 5024 plus
3216 4957 3460 5010 minusve

1909 5052 2128 5096 centum
2202 5052 2327 5098 ante
2401 5045 2768 5100 clarissimum
2842 5045 2991 5098 illum
3074 5045 3457 5113 imperatorem

1908 5126 2309 5196 Iustinianum,
2384 5132 2477 5203 qui
2554 5132 2697 5186 hanc
2766 5133 3047 5188 ecclesiam
3120 5132 3462 5186 laudabiliter

1912 5222 2069 5291 quasi
2103 5222 2337 5291 quodam
2375 5222 2583 5278 cmiesti
2619 5237 2783 5290 opere
2824 5222 3149 5285 construxit,
3188 5222 3233 5275 is
3286 5236 3459 5275 canon

1913 5310 2225 5379 publicatus
2258 5310 2396 5363 fuit:
2448 5324 2561 5379 quo
2600 5317 2843 5376 tempore
2898 5307 3081 5361 nullus
3113 5315 3229 5359 erat
3282 5320 3460 5359 seruo

1913 5399 1979 5453 de
2025 5397 2407 5453 defensoribus
2456 5413 2523 5453 ex
2586 5395 2777 5451 ordine
2842 5408 3020 5457 sacro,
3073 5394 3165 5446 sed
3211 5391 3457 5444 ecclesiis

1908 5499 2120 5556 semper
2151 5486 2273 5540 laici
2334 5483 2668 5543 defensionis
2720 5496 2886 5537 causa
2936 5481 3231 5535 dabantur.
3294 5482 3469 5542 Aequo

1530 5613 1762 5671 VABIE
1799 5614 2198 5677 LECTIONES.

342 5714 389 5748 "
423 5710 693 5781 κατίχνια.

563 5815 831 5877 annos.
864 5808 981 5870 Gn.
1025 5806 1422 5873 CXXXVIII.
