4214 6450
774 338 902 404 1035

2035 337 2308 400 ΤΗΕΟΙ).
2347 338 2435 396 BA
2446 336 2737 396 LSAMON
2752 338 2814 393 IS

3867 333 4001 394 1036

776 468 1262 527 boc'manifeslum
1294 476 1375 521 est
1406 482 1468 522 ex
1489 481 1627 523 uxr
1670 480 1878 521 canone
1931 466 2155 519 concilii
2183 464 2317 517 Car-
2353 468 2401 525 Α

2353 468 2401 525 Α
2442 464 2537 515 διὰ
2566 464 2679 529 τὴν
2718 462 2836 517 τῶν
2896 461 3165 526 ⁴πενήτων
3215 462 3497 524 κάκωσιν,
3522 451 3612 512 ὧν
3663 455 3797 519 ταῖς
3851 455 3991 505 ἐπα.

776 557 1152 628 thagiuiensis,
1177 557 1332 625 cujus
1362 558 1471 610 haec
1502 556 1662 609 verba
1697 566 1860 610 sunt:
1916 555 1992 608 De
2036 555 2321 621 defensori-

731 650 734 655 ’
775 650 867 701 bus
926 645 1299 711 Ecclesiarum,
1352 648 1441 714 qui
1491 648 1554 699 ab
1604 650 1917 715 imperatore
1968 646 2071 711 peti
2117 643 2319 706 debent,

775 738 939 789 visum
1003 744 1079 789 est
1138 736 1417 801 universis,
1476 740 1718 802 petendos
1781 738 1845 788 ab
1894 733 2316 803 imperatoribus,

776 834 983 893 propter
1016 825 1345 894 aﬂlictionem
1404 842 1712 891 pauperum,
1741 840 1959 891 quorum
1993 820 2315 891 gravamini-

2435 554 2654 618 χθείαις
2685 552 3002 613 ἀπαύστως
3030 553 3067 617 ἠ
3105 550 3432 613 Ἐκκλησία
3488 543 3954 613 παρενοχλεῖται
3975 583 3989 606 ,

2430 640 2583 692 ὥστε
2612 641 2889 703 ἐκδίκους
2918 640 3146 701 τούτοις
3173 639 3321 703 μετὰ
3349 635 3462 703 τῆς
3499 634 3614 687 τῶν
3640 636 3990 686 ἐπισκόπων

2430 730 2711 793 προνοίας
2745 729 3121 796 ἐπιλέγεσθαι
3173 727 3319 779 κατὰ
3344 725 3451 792 τῆς
3503 723 3619 777 τῶν
3677 724 3993 775 πλουσίων

2434 818 2801 883 τιιραννίδος.

778 920 873 968 bus
901 917 1249 968 indesinenter
1284 914 1519 967 Ecclesia
1549 917 1885 969 molestatur'.
1916 925 1970 965 ut
2016 914 2309 980 defensores
2350 912 2444 970 eis,
2508 911 2875 969 interveniente
2910 909 3237 975 prouidentia
3294 908 3672 974 episcoporum,
3723 907 3992 973 eligantur

782 1005 1025 1057 adversus
1053 1005 1412 1071 opulentorum
1454 1007 1798 1072 tyrannidem.

851 1095 1035 1149 Itidem
1060 1103 1213 1163 paret
1243 1095 1347 1147 hoc
1380 1110 1443 1146 ex
1475 1110 1541 1147 xv
1563 1096 1766 1147 novella
1808 1095 2150 1162 imperatoris
2196 1094 2323 1147 Jus-

781 1182 997 1245 tiniani,
1020 1197 1137 1249 quae
1155 1190 1331 1235 exstat
1357 1182 1497 1234 libro
1530 1199 1579 1235 vi
1611 1182 1985 1245 Basilicarum,
2014 1184 2172 1235 titulo
2197 1198 2324 1235 mu

784 1273 837 1325 in
868 1273 1006 1323 hanc
1030 1271 1387 1325 sententiam:
1442 1270 1769 1325 Defensores
1798 1288 1859 1325 ex
1910 1272 2102 1325 incolis
2146 1271 2327 1338 cujus-

785 1364 913 1413 libet
963 1362 1112 1413 urbis
1160 1376 1255 1427 per
1303 1362 1448 1415 vices
1499 1362 1642 1430 eligi,
1691 1362 1814 1413 licet
1872 1361 2109 1413 illustres
2165 1360 2329 1427 aliqui

782 1452 913 1511 sint,
944 1462 998 1502 et
1051 1449 1379 1504 clarissimi:
1431 1458 1593 1517 atque
1652 1450 1749 1503 lios
1801 1450 2064 1503 duntaxat
2112 1451 2330 1503 biennio

784 1535 1117 1591 defensionis
1154 1552 1353 1590 munus
1388 1539 1682 1591 sustinere.
1716 1536 1893 1595 Ouare
1924 1554 2045 1591 cum
2078 1536 2329 1591 defensov

784 1642 869 1679 res
900 1633 953 1677 et
977 1627 1263 1692 eligantur,
1295 1642 1392 1680 ceu
1416 1628 1616 1680 dictum
1652 1637 1755 1690 est,
1806 1637 1857 1679 et
1892 1641 2078 1679 eorum
2132 1641 2329 1679 munus

783 1724 933 1765 certo
968 1715 1223 1779 temporis
1262 1714 1438 1782 spatio
1460 1714 1773 1769 deﬁniatur:
1830 1721 2101 1782 nugantur
2156 1728 2284 1766 sane
2312 1753 2324 1777 ,

781 1799 873 1861 qui
907 1813 971 1851 ex
1006 1798 1242 1851 indicato
1265 1813 1471 1851 canone
1499 1800 1727 1851 stabiliri
1754 1788 2038 1866 perhibent
2074 1800 2147 1860 id,
2177 1798 2321 1865 quod

2516 1093 2784 1154 Ὡσαύτως
2823 1095 2916 1145 καὶ
2963 1093 3069 1145 άπὸ
3115 1092 3213 1159 τῆς
3260 1091 3322 1143 ιε’
3354 1095 3550 1158 νεαρᾶς
3593 1089 3687 1141 τοῦ
3728 1090 3995 1157 βασιλέως

2445 1183 2835 1247 ’ῐουστινιανοῦ,
2869 1183 2963 1249 τῆς
2998 1184 3252 1251 κειμένης
3286 1184 3342 1233 ὲν
3374 1181 3557 1249 βιϐλίῳ
3599 1179 3649 1242 ς’
3690 1181 3803 1231 τῶν
3837 1181 3995 1231 Βασι-

2434 1270 2620 1333 λικῶν,
2648 1270 2809 1339 τίτλῳ
2844 1268 2932 1338 ιη’,
2962 1271 3054 1320 καὶ
3081 1268 3569 1337 διαλαμϐανούσης,
3592 1268 3721 1327 τοὺς
3749 1268 3993 1327 ὲκδῐκους

2438 1360 2543 1409 ἀπὸ
2579 1359 2683 1410 τῶν
2723 1360 2992 1411 κατοίκων
3030 1359 3264 1426 ἑκάστης
3297 1358 3503 1418 πόλεως
3539 1356 3842 1423 ἀμοιϐαδλιν
3883 1358 3994 1407 ἐπι-

2436 1446 2707 1511 λέγεσθαι,
2732 1447 2831 1499 κᾶν
2855 1446 3172 1515 ἰλλούστριοί
3197 1462 3337 1507 τινες
3359 1440 3459 1497 ὦσι
3478 1446 3571 1498 καὶ
3587 1445 3992 1512 λαμπρότατοι·

2437 1535 2527 1586 καὶ
2550 1536 2638 1585 ἐπὶ
2670 1536 2803 1603 μόνῃ
2833 1535 3003 1603 διετίᾳ
3028 1536 3086 1585 τὸ
3123 1534 3221 1602 τῆς
3251 1535 3574 1602 ἐκδικήσεως
3617 1535 3848 1601 ὑπέχειν
3876 1533 3994 1585 τούς

2432 1639 2557 1685 τους
2586 1611 2968 1692 λειτούργημα.
3005 1624 3124 1675 Τῶν
3155 1624 3281 1690 γοῦν
3320 1625 3545 1675 ὲκδίκων
3591 1622 3993 1689 ἐπιλεγομένων

2436 1712 2509 1773 ὡς
2540 1713 2769 1781 εἴρηται,
2800 1711 2893 1762 καὶ
2918 1711 3015 1778 τῆς
3045 1711 3382 1778 λειτουργίας
3406 1710 3583 1761 αὐτῶν
3614 1711 3993 1777 μετρουμένης

2434 1801 2669 1870 χρονικῷ
2689 1802 3031 1869 διαστήματι,
3057 1800 3491 1868 είκαιομυθοῦσιν
3511 1801 3559 1850 οι
3581 1800 3861 1865 λέγοντες,
3893 1801 3993 1850 ἀπὸ

782 1900 810 1935 a
856 1888 1028 1955 primo
1058 1886 1339 1940 defensore
1394 1890 1675 1941 asseritur.
1717 1887 1890 1941 Verba
1926 1903 2053 1941 vero
2104 1888 2227 1940 libri
2264 1888 2329 1940 de
2362 1902 2405 1959 Β
2434 1909 2446 1932 ε

2325 1892 2526 1959 ιΒτοῦ
2582 1891 2834 1958 ῥηθέντος
2895 1891 3112 1951 κανόνος
3171 1890 3514 1958 στηρίζεσθαι
3572 1890 3630 1941 τὸ
3686 1891 3844 1959 παρὰ
3907 1890 3989 1940 τοῦ

782 1974 957 2028 officio
998 1976 1153 2042 primi
1176 1974 1502 2038 defensoris,
1540 1990 1660 2043 quae
1706 1974 2095 2043 propemodum
2138 1976 2325 2043 hujus-

782 2066 928 2116 modi
960 2073 1122 2116 sunt:
1174 2064 1388 2130 Oportet
1441 2080 1550 2125 vos,
1583 2065 1629 2115 si
1660 2065 1775 2132 quis
1823 2065 2236 2131 presbyterorum
2282 2074 2329 2116 et

782 2150 1123 2203 diaconorum
1148 2168 1265 2203 cum
1292 2154 1466 2220 aliquo
1487 2153 1631 2205 litem
1663 2156 1889 2215 habebit,
1921 2172 2035 2207 eum
2065 2159 2150 2223 qui
2178 2174 2305 2209 accu

784 2252 952 2300 satur,
986 2243 1195 2292 tertium
1223 2243 1408 2302 citare,
1440 2241 1717 2294 secundum
1776 2245 2069 2295 indicatum
2101 2248 2329 2308 modum,

782 2340 831 2384 et
893 2347 995 2384 non
1059 2336 1415 2400 obsequentem
1449 2336 1820 2388 condemnare:
1903 2339 2036 2401 haec,
2085 2339 2328 2407 inquam,

784 2420 947 2473 verba
980 2436 1154 2488 neque
1179 2423 1465 2488 radicitus,
1498 2439 1669 2492 neque
1696 2428 1776 2479 vel
1810 2429 1966 2491 rami,
1996 2429 2079 2482 vel
2112 2430 2333 2483 corticis

784 2519 1030 2575 respectu
1061 2548 1074 2570 ,
1108 2510 1546 2578 jurisdictionem
1600 2511 1912 2568 cliartularii
1954 2518 2005 2569 in
2048 2519 2331 2572 universos

786 2599 959 2653 sacris
990 2598 1235 2655 initiatos
1274 2609 1546 2665 evertunt,
1576 2609 1629 2655 et
1655 2604 1719 2655 ad
1750 2603 2063 2660 defensores
2101 2607 2334 2661 transfe-

786 2696 936 2741 runt.

853 2774 1063 2845 Quippe
1087 2791 1192 2830 non
1217 2778 1295 2833 sic
1318 2778 1706 2848 intelliguntur,
1747 2782 1809 2835 de
1835 2783 1993 2851 primi
2035 2782 2334 2838 defensoris

784 2868 1074 2932 sententia,
1119 2870 1269 2936 quasi
1318 2871 1490 2937 possit
1533 2871 1579 2924 is
1623 2886 1813 2941 cogere
1852 2875 1933 2928 vel
1976 2876 2175 2930 invitos
2214 2892 2331 2941 eos,

783 2953 876 3020 qui
924 2967 951 3003 a
998 2952 1242 3009 diaconis
1293 2964 1344 3008 et
1398 2956 1726 3025 presbyteris
1772 2960 2087 3026 quibusdam
2136 2977 2333 3016 conve-

784 3043 1027 3105 niuutur,
1070 3042 1317 3097 fortassis
1363 3046 1464 3113 ipsi
1508 3047 1647 3111 laici,
1694 3055 1749 3099 ut
1792 3051 1930 3115 apud
1961 3066 2080 3105 eum
2116 3067 2334 3105 causam

2433 1980 2799 2048 πρωτεκδίκου
2821 1979 3133 2046 λεγόμενον.
3152 1980 3229 2031 Τὰ
3249 1979 3303 2030 δὲ
3330 1981 3548 2047 ῥήματα
3574 1977 3664 2029 τοῦ
3688 1978 3982 2048 πρωτεκδί-

2432 2087 2525 2121 κου
2554 2069 2778 2137 βιϐλίου,
2803 2069 2868 2120 τὰ
2893 2068 3031 2121 οὕτω
3059 2087 3171 2130 πως
3198 2070 3332 2120 κατὰ
3361 2070 3507 2139 ῥῆμα
3532 2070 3983 2135 διαλαμσάνοντα·

2434 2157 2529 2207 Δεῖ
2565 2156 2741 2221 ὑμᾶς,
2770 2156 2825 2207 sl
2863 2171 2950 2218 τις
2975 2155 3090 2205 τῶν
3120 2156 3531 2221 πρεσϐυτέρων
3561 2156 3658 2207 καὶ
3694 2155 3990 2206 διακόνων

2434 2245 2610 2308 δίκην
2631 2243 2749 2305 ἕξει
2777 2243 2927 2310 μετά
2962 2260 3150 2307 τινος,
3181 2243 3600 2309 προκαλεῖσθαι
3622 2244 3667 2273 ⁸ο
3689 2243 3800 2293 τὸν
3839 2242 3989 2308 διετ-

2433 2336 2807 2399 καλούμενον
2834 2334 2899 2384 ἐκ
2934 2334 3127 2399 τρίτου
3166 2334 3311 2384 κατὰ
3351 2334 3455 2384 τὸν
3502 2331 3820 2397 εἰρημένον
3865 2332 3991 2396 τρό-

2434 2439 2567 2485 πον,
2587 2422 3104 2490 καὶμὴύπείκοντα
3120 2419 3542 2479 καταδικάζειν,
3567 2421 3638 2471 0-5
3669 2419 3991 2470 κατασπῶσι

2437 2513 2813 2584 προθέλυμνον,
2850 2512 2957 2564 οὐδ’
2999 2512 3057 2575 ἐξ
3096 2510 3548 2575 ἁποσπάδος,οὑδ⁴
3575 2511 3636 2560 ἐκ
3658 2508 3867 2576 φλοιοῦ,
3904 2508 3994 2576 τὴν

2436 2603 2572 2653 κατὰ
2592 2602 2802 2655 πάντων
2820 2600 2923 2652 τῶν
2958 2601 3262 2669 ἱερωμένων
3296 2598 3654 2651 δικαιοδοσίαν
3677 2599 3774 2649 τοῦ
3805 2616 3995 2666 χαρτοο

2436 2689 2671 2757 φύλακος
2696 2730 2709 2753 ,
2737 2690 2827 2741 καὶ
2857 2690 2989 2756 πρὸς
3053 2689 3174 2750 τοὺς
3215 2688 3457 2748 ἐκδίκους
3515 2688 3995 2753 μεταφυτεύουσιν.

2507 2778 2640 2832 Οὐδὲ
2672 2778 2779 2847 γὰρ
2808 2777 3255 2844 ἐκλαμϐάνονται,
3284 2776 3461 2836 καθώς
3490 2793 3657 2843 φησιν
3684 2778 3712 2827 ό
3749 2780 3999 2843 πρωτέκο

2435 2869 2604 2931 δικος,
2668 2870 2742 2926 είς
2771 2867 2828 2918 τὸ
2864 2866 3120 2919 δύνασθαι
3166 2866 3350 2917 τοῦτον
3403 2866 3849 2931 καταναγκάζειν
3908 2867 3993 2916 καὶ

2436 2958 2664 3018 ἄκοντας
2696 2956 2822 3017 τοὺς
2853 2955 3215 3021 ὲναγομένους
3243 2954 3391 3021 παρὰ
3415 2954 3673 3005 διακόνων
3734 2954 3836 3006 καὶ
3871 2971 3995 3021 πρε-

2441 3046 2714 3115 σδυτέρων
2748 3046 2927 3107 τινῶν,
2964 3047 3092 3111 (om;
3114 3045 3271 3105 όντας
3300 3047 3390 3097 καὶ
3418 3045 3653 3107 λαῖκοὺς,
3709 3046 3996 3111 ἀπολογεῖ-

785 3130 988 3192 dicant.
1042 3131 1110 3184 ob
1157 3148 1316 3200 quam
1377 3135 1737 3202 postulantur.
1797 3137 1930 3191 Nam
1992 3142 2333 3193 temerarium
2380 3153 2449 3205 Li

2332 3184 2333 3191 η
2380 3203 2401 3205 _7
2440 3134 2560 3186 σθαι
2592 3135 2738 3200 παρὰ
2764 3134 2934 3202 τούτῳ
2964 3138 3088 3203 περὶ
3115 3132 3188 3188 ὧν
3220 3136 3521 3204 ήαίτίασις.
3556 3135 3729 3187 Τοῦτο
3756 3137 3872 3205 γὰρ
3912 3137 3996 3187 καὶ

785 3218 963 3275 istbuc
999 3228 1104 3279 est.
1141 3236 1201 3276 ac
1241 3236 1309 3276 ne
1355 3224 1700 3291 patriarchali
1750 3226 1966 3293 quidem
2011 3241 2178 3279 sacra:
2220 3241 2334 3280 am-
2362 3203 2449 3262 ο·

2333 3203 2407 3264 κο
2439 3226 2705 3294 τολμηρόν
2762 3225 2927 3291 ἐστιν,
2983 3226 3100 3277 οὐδὲ
3136 3229 3201 3295 τῇ
3244 3203 3617 3294 νπατριαρχικῇ
3667 3225 3794 3294 θείᾳ
3841 3203 3997 3292 μεγα-

788 3310 1037 3376 'plitudini
1096 3325 1441 3377 concessum,
1500 3314 1665 3367 veluti
1718 3316 1925 3384 legibus
1981 3318 2333 3379 contrarium,

786 3414 903 3465 qua:
940 3409 1151 3455 actores
1188 3401 1363 3455 forum
1412 3418 1628 3456 reorum
1673 3408 1824 3473 sequi
1865 3407 2068 3460 volunt.
2104 3407 2255 3471 Quod
2293 3409 2337 3462 si

786 3489 909 3554 quis
957 3489 1115 3555 primi
1170 3489 1472 3545 defensoris
1518 3500 1747 3546 mentem
1802 3495 2037 3562 probans
2088 3495 2233 3564 (nam
2286 3506 2339 3550 et

790 3578 1056 3632 malitiose
1097 3579 1381 3646 agentibus
1409 3582 1550 3649 quod
1597 3584 1769 3646 aiunt,
1803 3584 2074 3638 interdum
2116 3586 2338 3639 benedi-

785 3667 970 3736 citur),
1021 3685 1157 3721 vano
1197 3686 1319 3723 cum
1370 3670 1516 3725 fastu
1570 3674 1845 3742 subjiciet,
1902 3676 2140 3729 iudicata
2179 3678 2338 3731 verba

786 3755 927 3824 loqui
993 3757 1058 3810 de
1101 3760 1309 3814 duabus
1355 3762 1621 3828 partibus,
1689 3778 1807 3831 quae
1853 3766 2081 3819 diversis
2146 3767 2340 3819 studiis

786 3860 892 3899 non
938 3847 1376 3917 distinguantur;
1420 3852 1513 3906 sed
1553 3868 1670 3923 qua
1709 3856 2012 3908 communis
2048 3838 2337 3910 sacerdotii

788 3937 1121 4005 professione
1169 3938 1472 4009 conjuncta:
1518 3944 1627 3997 sint
1674 3961 1685 3993 -.
1735 3946 1781 3998 is
1816 3946 2018 4008 audiet,
2049 3946 2149 4000 hoc
2184 3949 2340 4001 modo

787 4032 1129 4083 temerariam
1183 4033 1517 4088 vacationem
1564 4042 1618 4088 et
1674 4034 1957 4104 justicium
2012 4038 2175 4090 indici
2233 4052 2339 4090 non

787 4117 1099 4171 chartularii
1142 4120 1407 4176 duntaxat
1451 4123 1865 4191 jurisdictioni,
1946 4139 2131 4177 verum
2181 4125 2340 4177 etiam

788 4206 956 4271 ipsius
988 4210 1364 4272 patriarchalis
1396 4212 1755 4266 sacratissimi
1793 4213 2099 4270 tribunalis.
2129 4211 2341 4281 Quippe

786 4293 829 4346 si
877 4294 978 4347 hoc
1019 4310 1335 4351 concessum
1379 4301 1469 4365 sit,
1517 4302 1725 4369 primus
1774 4302 2027 4355 defensor
2067 4302 2158 4370 jus
2199 4300 2343 4356 dicet

784 4382 1066 4443 audacter.
1120 4385 1227 4438 imo
1280 4401 1531 4453 suprema
1583 4404 1705 4441 cum
1754 4398 2041 4457 potestate,
2080 4391 2341 4445 adversus

2440 3314 2671 3383 λειότητι
2718 3316 2943 3377 δέδοται,
3003 3317 3077 3377 ὡς
3143 3316 3455 3369 ὑπεναντίον
3490 3317 3600 3376 τοῖς
3646 3315 3861 3382 νόμοις,
3896 3317 3997 3374 τοῖς

2439 3403 2818 3472 διοριζομένοις
2834 3404 2940 3455 τῶν
2968 3404 3308 3471 ὲναγομένων
3335 3404 3409 3471 τῷ
3433 3405 3578 3471 φόρῳ
3610 3402 3735 3463 τοὺς
3771 3404 3994 3469 ἐνάγον-

2438 3508 2535 3552 τας
2551 3492 2796 3546 ἒπεσθαι.
2831 3494 2889 3544 El
2919 3494 2975 3543 δέ
3014 3509 3097 3553 τις
3121 3492 3211 3543 τοῦ
3232 3491 3656 3560 πρωτεκδικικοῦ
3694 3492 3998 3558 θελήματος

2440 3581 2791 3649 ἀντεχόμενος
2816 3580 3177 3647 (εὐλογοῦνται
3226 3580 3354 3649 γὰρ,
3392 3579 3546 3647 φησὶ,
3573 3578 3664 3629 καὶ
3715 3594 3997 3646 κακοπρα-

2443 3669 2661 3735 γοῦντες
2705 3670 2916 3735 ἐνίοτε),
2954 3670 3214 3737 ὑποθήσει
3252 3668 3617 3736 κενεμϐατῶν,
3645 3670 3713 3718 τὰ
3770 3667 3998 3734 ρηθέντα

2444 3758 2660 3825 ῥήματα
2688 3757 3163 3825 διαλέγεσθαιπερὶ
3186 3756 3363 3825 μερῶν
3382 3756 3455 3824 μὴ
3490 3754 3863 3822 μεριζομένων
3889 3754 3995 3803 δια-

2450 3849 2634 3917 φόροις
2662 3845 3106 3913 ὲπιτηδεύμασιν.
3142 3844 3256 3896 ἀλλ’
3275 3844 3563 3914 ήνωμένων
3583 3843 3676 3909 τῆς
3705 3841 3999 3909 ἱερωσύνης

2441 3940 2516 4007 τῷ
2548 3936 2938 4003 ὲπαγγὲλματι,
2972 3935 3193 3985 ἀκούσει
3222 3934 3309 3985 διὰ
3362 3932 3550 3983 τούτου
3578 3931 3775 3998 σχολὴν
3804 3930 4000 3998 τολμη-

2444 4028 2544 4099 ρὰν
2578 4023 3046 4094 καταψηφίζεσθαι
3082 4023 3174 4073 καὶ
3207 4021 3531 4090 παρόρασιν,
3594 4021 3666 4085 μὴ
3717 4017 3882 4085 μόνον
3910 4020 3998 4083 τῆς

2445 4114 2797 4173 δικαιοδοσίας
2825 4110 2920 4163 τοῦ
2962 4109 3389 4179 χαρτοφύλακος,
3428 4106 3562 4159 ἀλλὰ
3604 4106 3695 4157 καὶ
3749 4105 3844 4157 τοῦ
3900 4120 3997 4155 πα-

2443 4202 2763 4273 τριαρχικοῦ
2798 4201 3067 4253 θειοτάτου
3107 4199 3367 4267 βήματος,
3404 4197 3463 4248 El
3489 4196 3593 4262 γὰρ
3615 4195 3777 4245 τοῦτο
3805 4193 3997 4259 δοθείη,

2446 4292 2839 4357 δικαιοδοτησει
2870 4287 3235 4356 θαρρούντως,
3269 4285 3501 4352 μάλιστα
3530 4283 3573 4332 δ’
3603 4283 3782 4333 εἰπεῖν
3816 4280 3999 4332 αὐθεν-

2443 4382 2607 4444 τικῶς
2640 4382 2667 4432 ό
2704 4377 3093 4447 πρωτέκδικος,
3141 4375 3278 4427 κατὰ
3324 4372 3644 4440 ἀρχιερέων,
3700 4371 3799 4419 καὶ
3829 4366 4001 4419 διακό-

784 4470 1087 4539 pontiﬁces,
1141 4481 1193 4527 et
1256 4475 1537 4547 diaconos,
1599 4489 1647 4529 et
1711 4478 1951 4546 reliquos
2005 4479 2337 4544 sacerdotes,
2375 4491 2448 4558 D‘

2334 4522 2337 4538 ,
2375 4504 2417 4558 D
2443 4490 2567 4531 νων,
2606 4472 2698 4521 καὶ
2729 4468 2932 4520 λοιπῶν
2953 4466 3061 4519 τῶν
3090 4464 3180 4517 τοῦ
3206 4464 3466 4533 βήματος,
3499 4461 3647 4558 ἐστιν
3679 4460 3768 4511 ὅτε
3795 4458 3998 4558 καὶ-μι-

785 4561 998 4627 magnis
1050 4576 1438 4631 nonnunquam
1492 4566 1847 4635 dignitatibus
1912 4568 2174 4635 insignes,
2221 4584 2341 4636 qua:

785 4650 958 4718 ipsius
1011 4653 1173 4706 etiam
1228 4656 1384 4722 primi
1438 4647 1748 4710 defensoris
1801 4658 2231 4723 iurisdictionem
2276 4674 2340 4711 ex

785 4741 1051 4797 diametro
1086 4747 1489 4799 transcendant.
1537 4745 1678 4811 Quin
1724 4755 1777 4799 et
1820 4749 2197 4816 episcopiauos
2238 4749 2341 4801 sibi

786 4832 1061 4888 vindicare
1090 4836 1394 4895 conabitur,
1422 4837 1580 4890 veluti
1608 4836 1700 4905 qui
1726 4840 1959 4905 episc0pi
1996 4839 2339 4891 ratiocinium

784 4922 1013 4977 sortitus
1046 4924 1134 4977 sit.
1190 4910 1344 4987 Ouod
1400 4942 1553 4988 sane,
1589 4941 1749 4994 quam
1804 4926 2094 4980 absurdqu
2142 4927 2231 4987 sit.
2276 4940 2342 4978 ne

784 5011 890 5064 dici
922 5012 1136 5078 quidem
1181 5023 1440 5067 meretur.
1492 5016 1763 5070 Caeterum
1805 5015 1948 5081 quod
1986 5014 2205 5081 quidam
2246 5014 2339 5075 ait,

784 5115 878 5155 eos
913 5102 1002 5170 qui
1039 5117 1067 5154 a
1103 5104 1479 5157 sacerdotibus
1511 5105 1654 5173 apud
1688 5104 2015 5158 defensores
2045 5105 2115 5157 ob
2149 5117 2344 5170 quam-

2444 4561 2586 4628 γάλα
2614 4558 3020 4627 διαπρεπόντων
3060 4554 3307 4622 ὀφφίκια,
3368 4552 3462 4604 καὶ
3500 4551 3595 4616 τήν
3654 4549 4000 4617 πρωτεκδικι-

2446 4652 2549 4720 κήν
2606 4647 3019 4715 ίουρισδικτίονα
3080 4643 3218 4696 κατὰ
3269 4643 3552 4709 διάμετρον
3610 4639 3994 4703 ὑπερπαίοντα.

2447 4740 2677 4806 Ζητήσει
2704 4738 2757 4788 δὲ
2786 4737 2877 4787 καὶ
2909 4734 3033 4794 τοὺς
3059 4730 3511 4788 ὲκισκοπειανοὺς
3563 4724 3991 4793 σφετερίσασθαι.

2444 4829 2517 4889 ὡς
2541 4828 2838 4878 ἐπισκόπου
2870 4822 3287 4890 κληρωσάμενος
3340 4816 3669 4882 λογοθέσιον.
3701 4813 3881 4878 Ὅπερ
3932 4813 3994 4871 ὡς

2445 4916 2665 4976 ἄτοπον,
2728 4914 2847 4965 οὐδὲ
2894 4911 3144 4977 λέγεσθαι
3197 4910 3366 4970 ἄξιον.
3423 4905 3497 4957 Τὸ
3550 4906 3604 4956 δὲ
3632 4904 3817 4969 λέγειν
3861 4900 3990 4957 τινὰ.

2445 5011 2568 5067 τοὺς
2610 5004 2932 5071 ἑλκομένους
2976 5000 3124 5067 παρὰ
3145 5000 3254 5059 τοῖς
3293 4996 3524 5056 ὲκδίκοις
3546 4993 3653 5045 ὑπό
3686 5008 3850 5044 τινων
3899 4988 3992 5040 τῶν

2448 5094 2541 5147 τοῦ
2590 5094 2831 5162 βήματος
2898 5089 3023 5157 περὶ
3098 5086 3442 5156 χρηματικῆς
3506 5082 3537 5150 ἢ
3593 5076 3991 5147 ἔγκληματικῆς

785 5206 999 5259 cunque
1023 5207 1241 5245 causam
1276 5194 1355 5245 vel
1388 5194 1623 5257 civilem,
1658 5194 1737 5247 vel
1777 5193 2136 5256 criminalem,
2171 5193 2223 5244 in
2256 5190 2346 5257 jus
2448 5212 2449 5225 ι

2326 5208 2346 5245 5
2448 5186 2777 5253 οἱασδήτινος
2808 5175 3390 5241 ὑποθέσεως,,όφείλειν
3440 5169 3861 5241 μετακαλεῐσθαι
3915 5162 3990 5216 διὰ

787 5284 1048 5349 rapiatur,
1077 5299 1172 5352 per
1203 5292 1312 5337 tres
1339 5286 1784 5339 denuntiationcs
1810 5298 1932 5338 esse
1963 5282 2343 5343 arcessendos,

788 5381 842 5426 et
884 5374 1331 5427 condemnandos
1385 5375 1428 5427 si
1484 5388 1589 5427 non
1673 5380 2026 5441 compareant
2073 5370 2152 5437 (id
2200 5371 2345 5423 enim

2453 5273 2783 5344 μηνυμάτων
2812 5269 2997 5336 τριῶν,
3021 5266 3113 5317 καὶ
3150 5260 3599 5324 καταδικάζεσθαι
3655 5258 3732 5327 μὴ
3766 5258 3990 5344 discitur:

2454 5337 2551 5426 τας
2586 5337 2747 5427 (οὕτω
2778 5360 2884 5427 γὰρ
2912 5359 3122 5425 ἀνάγκη
3149 5356 3295 5406 πᾶσα
3339 5351 3617 5421 πρόκειται
3648 5343 3912 5413 γίνεσθαι,
3948 5337 3988 5391 sl

791 5466 1012 5518 omnino
1049 5464 1133 5516 fiat
1173 5478 1393 5518 necesse
1438 5474 1519 5517 est
1568 5464 1613 5518 si
1664 5478 1984 5518 concessum
2036 5462 2215 5523 fuerit,
2257 5473 2348 5527 per
2452 5481 2455 5501 ι

2326 5473 2348 5508 r
2452 5456 2629 5523 δοθείη
2659 5454 2745 5507 διὰ
2773 5452 2878 5503 τῶν
2901 5448 3170 5519 ῥηθέντων
3220 5445 3477 5516 ῥημάτων
3520 5438 3618 5491 τοῦ
3650 5431 3988 5506 aput:st-

2088 5599 2319 5655 VARIE
2359 5596 2756 5653 LECTIONES.

868 5676 909 5705 ”
935 5678 1343 5748 προσαλεῐσθαι.
