  <div class='ocr_page' id='page_1' title='image "/cluster/home/n/w/nwhite01/storage/ocr_20150623/138/nnc1.0046980083/536.png"; bbox 0 0 4214 6450; ppageno 0'>
   <div class='ocr_carea' id='block_1_1' title="bbox 200 411 331 475">
    <p class='ocr_par' dir='ltr' id='par_1_1' title="bbox 200 411 331 475">
     <span class='ocr_line' id='line_1_1' title="bbox 200 411 331 475; baseline 0.031 -4"><span class='ocrx_word' id='word_1_1' title='bbox 200 411 331 475; x_wconf 82' lang='grc'><strong>1037</strong></span> 
     </span>
    </p>
   </div>
   <div class='ocr_carea' id='block_1_2' title="bbox 1623 419 2035 481">
    <p class='ocr_par' dir='ltr' id='par_1_2' title="bbox 1623 419 2035 481">
     <span class='ocr_line' id='line_1_2' title="bbox 1623 419 2035 481; baseline 0.015 -6"><span class='ocrx_word' id='word_1_2' title='bbox 1623 420 1672 477; x_wconf 80' lang='grc' dir='ltr'><strong>Μ</strong></span> <span class='ocrx_word' id='word_1_3' title='bbox 1688 419 2035 481; x_wconf 77' lang='grc' dir='ltr'><strong>ΕΟΙΤΑΤΑ.</strong></span> 
     </span>
    </p>
   </div>
   <div class='ocr_carea' id='block_1_3' title="bbox 3290 423 3416 486">
    <p class='ocr_par' dir='ltr' id='par_1_3' title="bbox 3290 423 3416 486">
     <span class='ocr_line' id='line_1_3' title="bbox 3290 423 3416 486; baseline -0.016 0"><span class='ocrx_word' id='word_1_4' title='bbox 3290 423 3416 486; x_wconf 67' lang='grc'><strong>1038</strong></span> 
     </span>
    </p>
   </div>
   <div class='ocr_carea' id='block_1_4' title="bbox 204 534 1868 607">
    <p class='ocr_par' dir='ltr' id='par_1_4' title="bbox 204 538 1868 607">
     <span class='ocr_line' id='line_1_4' title="bbox 204 538 1868 607; baseline 0.001 -16"><span class='ocrx_word' id='word_1_5' title='bbox 204 540 304 591; x_wconf 83' lang='grc' dir='ltr'><strong>κού</strong></span> <span class='ocrx_word' id='word_1_6' title='bbox 350 538 552 604; x_wconf 62' lang='grc' dir='ltr'>βιϐλίου</span> <span class='ocrx_word' id='word_1_7' title='bbox 584 538 766 589; x_wconf 75' lang='grc' dir='ltr'>λαϐεῖν</span> <span class='ocrx_word' id='word_1_8' title='bbox 821 540 908 588; x_wconf 72' lang='grc' dir='ltr'>τὸν</span> <span class='ocrx_word' id='word_1_9' title='bbox 940 540 1307 604; x_wconf 58' lang='grc' dir='ltr'>πρωτέκδικον</span> <span class='ocrx_word' id='word_1_10' title='bbox 1373 541 1577 601; x_wconf 78' lang='grc' dir='ltr'>ἄδειαν,</span> <span class='ocrx_word' id='word_1_11' title='bbox 1633 545 1759 607; x_wconf 72' lang='grc' dir='ltr'>περὶ</span> <span class='ocrx_word' id='word_1_12' title='bbox 1790 540 1868 598; x_wconf 72' lang='grc' dir='ltr'><strong>Αἰ</strong></span> 
     </span>
    </p>
   </div>
   <div class='ocr_carea' id='block_1_5' title="bbox 1741 534 3405 607">
    <p class='ocr_par' dir='ltr' id='par_1_5' title="bbox 1741 534 3405 602">
     <span class='ocr_line' id='line_1_5' title="bbox 1741 534 3405 602; baseline 0 -11"><span class='ocrx_word' id='word_1_13' title='bbox 1741 545 1759 591; x_wconf 78' lang='grc' dir='ltr'><strong>ἰ</strong></span> <span class='ocrx_word' id='word_1_14' title='bbox 1790 539 2099 598; x_wconf 79' lang='lat' dir='ltr'><strong>Aindicata</strong></span> <span class='ocrx_word' id='word_1_15' title='bbox 2154 538 2312 591; x_wconf 78' lang='lat' dir='ltr'><strong>verba</strong></span> <span class='ocrx_word' id='word_1_16' title='bbox 2363 537 2482 589; x_wconf 86' lang='lat' dir='ltr'><strong>libri</strong></span> <span class='ocrx_word' id='word_1_17' title='bbox 2534 537 2599 589; x_wconf 88' lang='lat' dir='ltr'><strong>de</strong></span> <span class='ocrx_word' id='word_1_18' title='bbox 2648 534 2819 589; x_wconf 77' lang='lat' dir='ltr'><strong>ofﬁcio</strong></span> <span class='ocrx_word' id='word_1_19' title='bbox 2874 535 3031 602; x_wconf 88' lang='lat' dir='ltr'><strong>primi</strong></span> <span class='ocrx_word' id='word_1_20' title='bbox 3085 534 3405 601; x_wconf 76' lang='lat' dir='ltr'><strong>defensoris,</strong></span> 
     </span>
    </p>
   </div>
   <div class='ocr_carea' id='block_1_6' title="bbox 206 628 1761 697">
    <p class='ocr_par' dir='ltr' id='par_1_6' title="bbox 206 628 1761 697">
     <span class='ocr_line' id='line_1_6' title="bbox 206 628 1761 697; baseline -0.001 -17"><span class='ocrx_word' id='word_1_21' title='bbox 206 632 385 697; x_wconf 78' lang='grc' dir='ltr'>πάσης</span> <span class='ocrx_word' id='word_1_22' title='bbox 415 629 716 689; x_wconf 75' lang='grc' dir='ltr'><strong>ὑποθέσεως</strong></span> <span class='ocrx_word' id='word_1_23' title='bbox 741 628 978 689; x_wconf 79' lang='grc' dir='ltr'><strong>δικάζειν</strong></span> <span class='ocrx_word' id='word_1_24' title='bbox 1001 629 1278 689; x_wconf 73' lang='grc' dir='ltr'><strong>διακόνους</strong></span> <span class='ocrx_word' id='word_1_25' title='bbox 1312 632 1404 681; x_wconf 70' lang='grc' dir='ltr'>καὶ</span> <span class='ocrx_word' id='word_1_26' title='bbox 1440 632 1603 697; x_wconf 77' lang='grc' dir='ltr'>ἱερεῖς</span> <span class='ocrx_word' id='word_1_27' title='bbox 1626 630 1761 697; x_wconf 87' lang='grc' dir='ltr'><strong>μετά</strong></span> 
     </span>
    </p>
   </div>
   <div class='ocr_carea' id='block_1_7' title="bbox 206 718 1759 787">
    <p class='ocr_par' dir='ltr' id='par_1_7' title="bbox 206 718 1759 787">
     <span class='ocr_line' id='line_1_7' title="bbox 206 718 1759 787; baseline -0.001 -17"><span class='ocrx_word' id='word_1_28' title='bbox 206 720 315 770; x_wconf 81' lang='grc' dir='ltr'>τῶν</span> <span class='ocrx_word' id='word_1_29' title='bbox 345 718 756 771; x_wconf 77' lang='grc' dir='ltr'>ἀντιθιτούντων</span> <span class='ocrx_word' id='word_1_30' title='bbox 784 718 1008 784; x_wconf 75' lang='grc' dir='ltr'>αὐτοῖς),</span> <span class='ocrx_word' id='word_1_31' title='bbox 1040 720 1155 779; x_wconf 82' lang='grc' dir='ltr'>πῶς</span> <span class='ocrx_word' id='word_1_32' title='bbox 1180 720 1277 770; x_wconf 85' lang='grc' dir='ltr'>οὐκ</span> <span class='ocrx_word' id='word_1_33' title='bbox 1309 720 1422 770; x_wconf 78' lang='grc' dir='ltr'>ἐστι</span> <span class='ocrx_word' id='word_1_34' title='bbox 1450 720 1545 785; x_wconf 82' lang='grc' dir='ltr'>τῆς</span> <span class='ocrx_word' id='word_1_35' title='bbox 1578 736 1759 787; x_wconf 84' lang='grc' dir='ltr'>πρωτ-</span> 
     </span>
    </p>
   </div>
   <div class='ocr_carea' id='block_1_8' title="bbox 206 806 1759 875">
    <p class='ocr_par' dir='ltr' id='par_1_8' title="bbox 206 806 1759 875">
     <span class='ocr_line' id='line_1_8' title="bbox 206 806 1759 875; baseline -0.003 -16"><span class='ocrx_word' id='word_1_36' title='bbox 206 809 485 875; x_wconf 79' lang='grc' dir='ltr'>εκδικικῆς</span> <span class='ocrx_word' id='word_1_37' title='bbox 513 807 701 872; x_wconf 75' lang='grc' dir='ltr'>σοφίας</span> <span class='ocrx_word' id='word_1_38' title='bbox 734 806 986 870; x_wconf 76' lang='grc' dir='ltr'>ἀναξιον;</span> <span class='ocrx_word' id='word_1_39' title='bbox 1020 807 1188 857; x_wconf 76' lang='grc' dir='ltr'>Βαϐαὶ</span> <span class='ocrx_word' id='word_1_40' title='bbox 1214 809 1339 875; x_wconf 80' lang='grc' dir='ltr'>γὰρ,</span> <span class='ocrx_word' id='word_1_41' title='bbox 1375 808 1516 858; x_wconf 82' lang='grc' dir='ltr'>πόσα</span> <span class='ocrx_word' id='word_1_42' title='bbox 1572 808 1759 858; x_wconf 89' lang='grc' dir='ltr'>τούτου</span> 
     </span>
    </p>
   </div>
   <div class='ocr_carea' id='block_1_9' title="bbox 204 887 1759 961">
    <p class='ocr_par' dir='ltr' id='par_1_9' title="bbox 204 887 1759 961">
     <span class='ocr_line' id='line_1_9' title="bbox 204 887 1759 961; baseline -0.003 -14"><span class='ocrx_word' id='word_1_43' title='bbox 204 887 447 956; x_wconf 67' lang='grc' dir='ltr'>ίοϋέντος</span> <span class='ocrx_word' id='word_1_44' title='bbox 487 893 801 946; x_wconf 77' lang='grc' dir='ltr'>ἀθετοῦνται</span> <span class='ocrx_word' id='word_1_45' title='bbox 838 895 1083 945; x_wconf 87' lang='grc' dir='ltr'>θειότατα</span> <span class='ocrx_word' id='word_1_46' title='bbox 1130 894 1367 961; x_wconf 85' lang='grc' dir='ltr'>νόμιμαί</span> <span class='ocrx_word' id='word_1_47' title='bbox 1423 895 1562 944; x_wconf 80' lang='grc' dir='ltr'>πόσα</span> <span class='ocrx_word' id='word_1_48' title='bbox 1610 893 1759 958; x_wconf 81' lang='grc' dir='ltr'>βασι-</span> 
     </span>
    </p>
   </div>
   <div class='ocr_carea' id='block_1_10' title="bbox 205 981 1764 1052">
    <p class='ocr_par' dir='ltr' id='par_1_10' title="bbox 205 981 1764 1052">
     <span class='ocr_line' id='line_1_10' title="bbox 205 981 1764 1052; baseline -0.001 -18"><span class='ocrx_word' id='word_1_49' title='bbox 205 986 341 1035; x_wconf 86' lang='grc' dir='ltr'>λέων</span> <span class='ocrx_word' id='word_1_50' title='bbox 396 982 690 1052; x_wconf 76' lang='grc' dir='ltr'>ὀρθοδόξων</span> <span class='ocrx_word' id='word_1_51' title='bbox 762 981 1219 1050; x_wconf 77' lang='grc' dir='ltr'>θεσπιωόήματαί</span> <span class='ocrx_word' id='word_1_52' title='bbox 1303 984 1439 1034; x_wconf 80' lang='grc' dir='ltr'>πόσα</span> <span class='ocrx_word' id='word_1_53' title='bbox 1506 982 1764 1047; x_wconf 83' lang='grc' dir='ltr'>Πατέρων</span> 
     </span>
    </p>
   </div>
   <div class='ocr_carea' id='block_1_11' title="bbox 206 1074 1765 1152">
    <p class='ocr_par' dir='ltr' id='par_1_11' title="bbox 206 1074 1765 1152">
     <span class='ocr_line' id='line_1_11' title="bbox 206 1074 1765 1152; baseline -0.002 -27"><span class='ocrx_word' id='word_1_54' title='bbox 206 1076 367 1126; x_wconf 83' lang='grc' dir='ltr'>θείων</span> <span class='ocrx_word' id='word_1_55' title='bbox 428 1075 675 1140; x_wconf 84' lang='grc' dir='ltr'>δόγματα</span> <span class='ocrx_word' id='word_1_56' title='bbox 723 1075 813 1152; x_wconf 55' lang='lat' dir='ltr'><strong>aceti</strong></span> <span class='ocrx_word' id='word_1_57' title='bbox 848 1074 1187 1141; x_wconf 77' lang='grc' dir='ltr'><strong>διδάγματα,</strong></span> <span class='ocrx_word' id='word_1_58' title='bbox 1236 1075 1363 1135; x_wconf 78' lang='grc' dir='ltr'>τοὺς</span> <span class='ocrx_word' id='word_1_59' title='bbox 1410 1074 1765 1140; x_wconf 78' lang='grc' dir='ltr'>ἐναγομένους</span> 
     </span>
    </p>
   </div>
   <div class='ocr_carea' id='block_1_12' title="bbox 208 1160 1766 1230">
    <p class='ocr_par' dir='ltr' id='par_1_12' title="bbox 208 1160 1766 1230">
     <span class='ocr_line' id='line_1_12' title="bbox 208 1160 1766 1230; baseline -0.001 -17"><span class='ocrx_word' id='word_1_60' title='bbox 208 1162 474 1221; x_wconf 74' lang='grc' dir='ltr'><strong>παντοίως</strong></span> <span class='ocrx_word' id='word_1_61' title='bbox 511 1164 830 1225; x_wconf 76' lang='grc' dir='ltr'>συνάγοντα,</span> <span class='ocrx_word' id='word_1_62' title='bbox 860 1160 999 1230; x_wconf 65' lang='lat' dir='ltr'><strong>[xui]</strong></span> <span class='ocrx_word' id='word_1_63' title='bbox 1046 1162 1112 1212; x_wconf 75' lang='grc' dir='ltr'>δι’</span> <span class='ocrx_word' id='word_1_64' title='bbox 1148 1162 1586 1229; x_wconf 70' lang='grc' dir='ltr'>ἐπιφωνημάτων</span> <span class='ocrx_word' id='word_1_65' title='bbox 1612 1178 1766 1228; x_wconf 70' lang='grc' dir='ltr'>τρια-</span> 
     </span>
    </p>
   </div>
   <div class='ocr_carea' id='block_1_13' title="bbox 207 1250 1767 1317">
    <p class='ocr_par' dir='ltr' id='par_1_13' title="bbox 207 1250 1767 1317">
     <span class='ocr_line' id='line_1_13' title="bbox 207 1250 1767 1317; baseline -0.002 -16"><span class='ocrx_word' id='word_1_66' title='bbox 207 1250 563 1317; x_wconf 74' lang='grc' dir='ltr'>κονθημέρων</span> <span class='ocrx_word' id='word_1_67' title='bbox 592 1250 1117 1316; x_wconf 83' lang='grc' dir='ltr'>μετακαλουμένους,</span> <span class='ocrx_word' id='word_1_68' title='bbox 1172 1252 1263 1301; x_wconf 79' lang='grc' dir='ltr'>καὶ</span> <span class='ocrx_word' id='word_1_69' title='bbox 1310 1251 1525 1311; x_wconf 82' lang='grc' dir='ltr'>διπλαῖς</span> <span class='ocrx_word' id='word_1_70' title='bbox 1572 1250 1767 1317; x_wconf 78' lang='grc' dir='ltr'>ἐκκλή-</span> 
     </span>
    </p>
   </div>
   <div class='ocr_carea' id='block_1_14' title="bbox 210 1339 1768 1408">
    <p class='ocr_par' dir='ltr' id='par_1_14' title="bbox 210 1339 1768 1408">
     <span class='ocr_line' id='line_1_14' title="bbox 210 1339 1768 1408; baseline 0 -18"><span class='ocrx_word' id='word_1_71' title='bbox 210 1357 324 1399; x_wconf 79' lang='grc' dir='ltr'>τοις</span> <span class='ocrx_word' id='word_1_72' title='bbox 353 1342 450 1405; x_wconf 80' lang='grc' dir='ltr'>τὴν</span> <span class='ocrx_word' id='word_1_73' title='bbox 484 1339 687 1391; x_wconf 88' lang='grc' dir='ltr'>τούτων</span> <span class='ocrx_word' id='word_1_74' title='bbox 724 1341 1016 1407; x_wconf 71' lang='grc' dir='ltr'>καταδίκην</span> <span class='ocrx_word' id='word_1_75' title='bbox 1064 1341 1489 1408; x_wconf 75' lang='grc' dir='ltr'>μετεωρίζονταί</span> <span class='ocrx_word' id='word_1_76' title='bbox 1549 1340 1768 1399; x_wconf 82' lang='grc' dir='ltr'>Πάντως</span> 
     </span>
    </p>
   </div>
   <div class='ocr_carea' id='block_1_15' title="bbox 212 1425 1764 1494">
    <p class='ocr_par' dir='ltr' id='par_1_15' title="bbox 212 1425 1764 1494">
     <span class='ocr_line' id='line_1_15' title="bbox 212 1425 1764 1494; baseline -0.002 -18"><span class='ocrx_word' id='word_1_77' title='bbox 212 1428 399 1487; x_wconf 69' lang='grc' dir='ltr'>πολλὰ,</span> <span class='ocrx_word' id='word_1_78' title='bbox 445 1429 535 1476; x_wconf 69' lang='grc' dir='ltr'>καὶ</span> <span class='ocrx_word' id='word_1_79' title='bbox 596 1427 770 1477; x_wconf 75' lang='grc' dir='ltr'>πάντα</span> <span class='ocrx_word' id='word_1_80' title='bbox 824 1427 1005 1493; x_wconf 78' lang='grc' dir='ltr'>σχεδὸν</span> <span class='ocrx_word' id='word_1_81' title='bbox 1072 1426 1303 1494; x_wconf 71' lang='grc' dir='ltr'>ἀριθμὸν</span> <span class='ocrx_word' id='word_1_82' title='bbox 1352 1425 1764 1491; x_wconf 78' lang='grc' dir='ltr'>ὑπερῦαίνοντα.</span> 
     </span>
    </p>
   </div>
   <div class='ocr_carea' id='block_1_16' title="bbox 209 1515 1769 1583">
    <p class='ocr_par' dir='ltr' id='par_1_16' title="bbox 209 1515 1769 1583">
     <span class='ocr_line' id='line_1_16' title="bbox 209 1515 1769 1583; baseline -0.002 -18"><span class='ocrx_word' id='word_1_83' title='bbox 209 1517 507 1580; x_wconf 81' lang='grc' dir='ltr'>Συνάγεται</span> <span class='ocrx_word' id='word_1_84' title='bbox 538 1516 712 1566; x_wconf 80' lang='grc' dir='ltr'>τοίνυν</span> <span class='ocrx_word' id='word_1_85' title='bbox 754 1515 1141 1583; x_wconf 83' lang='grc' dir='ltr'>ἀπροσπαθῶς,</span> <span class='ocrx_word' id='word_1_86' title='bbox 1172 1516 1265 1565; x_wconf 69' lang='grc' dir='ltr'>καὶ</span> <span class='ocrx_word' id='word_1_87' title='bbox 1320 1516 1418 1583; x_wconf 82' lang='grc' dir='ltr'>τὴν</span> <span class='ocrx_word' id='word_1_88' title='bbox 1452 1515 1513 1566; x_wconf 83' lang='grc' dir='ltr'>ὲκ</span> <span class='ocrx_word' id='word_1_89' title='bbox 1568 1515 1769 1566; x_wconf 90' lang='grc' dir='ltr'>τούτων</span> 
     </span>
    </p>
   </div>
   <div class='ocr_carea' id='block_1_17' title="bbox 206 1603 1770 1671">
    <p class='ocr_par' dir='ltr' id='par_1_17' title="bbox 206 1603 1770 1671">
     <span class='ocr_line' id='line_1_17' title="bbox 206 1603 1770 1671; baseline -0.001 -17"><span class='ocrx_word' id='word_1_90' title='bbox 206 1604 317 1654; x_wconf 84' lang='grc' dir='ltr'>τῶν</span> <span class='ocrx_word' id='word_1_91' title='bbox 350 1604 605 1671; x_wconf 74' lang='grc' dir='ltr'>ῥημάτων</span> <span class='ocrx_word' id='word_1_92' title='bbox 640 1603 1071 1671; x_wconf 73' lang='grc' dir='ltr'>ἀναφαινομὲνην</span> <span class='ocrx_word' id='word_1_93' title='bbox 1102 1604 1259 1669; x_wconf 76' lang='grc' dir='ltr'>δῆθεν</span> <span class='ocrx_word' id='word_1_94' title='bbox 1281 1604 1547 1669; x_wconf 74' lang='grc' dir='ltr'>ἀσάφειαν</span> <span class='ocrx_word' id='word_1_95' title='bbox 1567 1618 1770 1669; x_wconf 82' lang='grc' dir='ltr'>συναρ-</span> 
     </span>
    </p>
   </div>
   <div class='ocr_carea' id='block_1_18' title="bbox 214 1691 1769 1761">
    <p class='ocr_par' dir='ltr' id='par_1_18' title="bbox 214 1691 1769 1761">
     <span class='ocr_line' id='line_1_18' title="bbox 214 1691 1769 1761; baseline -0.001 -19"><span class='ocrx_word' id='word_1_96' title='bbox 214 1692 559 1761; x_wconf 81' lang='grc' dir='ltr'>μολογείσοαι</span> <span class='ocrx_word' id='word_1_97' title='bbox 605 1693 782 1753; x_wconf 82' lang='grc' dir='ltr'>καλῶς</span> <span class='ocrx_word' id='word_1_98' title='bbox 840 1695 903 1759; x_wconf 77' lang='grc' dir='ltr'><strong>τῇ</strong></span> <span class='ocrx_word' id='word_1_99' title='bbox 939 1692 1065 1760; x_wconf 75' lang='grc' dir='ltr'>περὶ</span> <span class='ocrx_word' id='word_1_100' title='bbox 1114 1692 1436 1759; x_wconf 77' lang='grc' dir='ltr'>ἐλευθεριῶν</span> <span class='ocrx_word' id='word_1_101' title='bbox 1474 1691 1632 1760; x_wconf 77' lang='grc' dir='ltr'>λοιπῇ</span> <span class='ocrx_word' id='word_1_102' title='bbox 1677 1691 1769 1741; x_wconf 73' lang='grc' dir='ltr'>τοῦ</span> 
     </span>
    </p>
   </div>
   <div class='ocr_carea' id='block_1_19' title="bbox 213 1780 1771 1850">
    <p class='ocr_par' dir='ltr' id='par_1_19' title="bbox 213 1780 1771 1850">
     <span class='ocr_line' id='line_1_19' title="bbox 213 1780 1771 1850; baseline -0.001 -17"><span class='ocrx_word' id='word_1_103' title='bbox 213 1780 418 1850; x_wconf 79' lang='grc' dir='ltr'>βιϐλίου</span> <span class='ocrx_word' id='word_1_104' title='bbox 454 1785 634 1848; x_wconf 74' lang='grc' dir='ltr'>γραφῇ</span> <span class='ocrx_word' id='word_1_105' title='bbox 666 1797 675 1809; x_wconf 89' lang='grc'><strong>·</strong></span> <span class='ocrx_word' id='word_1_106' title='bbox 715 1782 807 1832; x_wconf 73' lang='grc' dir='ltr'>καὶ</span> <span class='ocrx_word' id='word_1_107' title='bbox 834 1782 960 1840; x_wconf 81' lang='grc' dir='ltr'>τοὺς</span> <span class='ocrx_word' id='word_1_108' title='bbox 993 1782 1145 1850; x_wconf 71' lang='grc' dir='ltr'>παρὰ</span> <span class='ocrx_word' id='word_1_109' title='bbox 1172 1782 1559 1850; x_wconf 67' lang='grc' dir='ltr'>πρεσϐυτέρων</span> <span class='ocrx_word' id='word_1_110' title='bbox 1594 1781 1625 1848; x_wconf 78' lang='grc' dir='ltr'>ἢ</span> <span class='ocrx_word' id='word_1_111' title='bbox 1656 1781 1771 1831; x_wconf 87' lang='grc' dir='ltr'>δια-</span> 
     </span>
    </p>
   </div>
   <div class='ocr_carea' id='block_1_20' title="bbox 1865 626 3410 696">
    <p class='ocr_par' dir='ltr' id='par_1_20' title="bbox 1865 626 3410 696">
     <span class='ocr_line' id='line_1_20' title="bbox 1865 626 3410 696; baseline 0.001 -15"><span class='ocrx_word' id='word_1_112' title='bbox 1865 638 2180 696; x_wconf 81' lang='lat' dir='ltr'><strong>pOtestatem</strong></span> <span class='ocrx_word' id='word_1_113' title='bbox 2218 629 2474 695; x_wconf 81' lang='lat' dir='ltr'><strong>consequi</strong></span> <span class='ocrx_word' id='word_1_114' title='bbox 2529 630 2760 694; x_wconf 90' lang='lat' dir='ltr'><strong>primum</strong></span> <span class='ocrx_word' id='word_1_115' title='bbox 2813 626 3185 688; x_wconf 82' lang='lat' dir='ltr'><strong>defensorem,</strong></span> <span class='ocrx_word' id='word_1_116' title='bbox 3222 629 3410 696; x_wconf 86' lang='lat' dir='ltr'><strong>quavis</strong></span> 
     </span>
    </p>
   </div>
   <div class='ocr_carea' id='block_1_21' title="bbox 1864 714 3408 783">
    <p class='ocr_par' dir='ltr' id='par_1_21' title="bbox 1864 714 3408 783">
     <span class='ocr_line' id='line_1_21' title="bbox 1864 714 3408 783; baseline -0.002 -14"><span class='ocrx_word' id='word_1_117' title='bbox 1864 720 1917 769; x_wconf 90' lang='lat' dir='ltr'><strong>in</strong></span> <span class='ocrx_word' id='word_1_118' title='bbox 1968 732 2127 770; x_wconf 87' lang='lat' dir='ltr'><strong>causa</strong></span> <span class='ocrx_word' id='word_1_119' title='bbox 2173 717 2455 783; x_wconf 86' lang='lat' dir='ltr'><strong>jndicandi</strong></span> <span class='ocrx_word' id='word_1_120' title='bbox 2509 716 2767 767; x_wconf 82' lang='lat' dir='ltr'><strong>diaconos</strong></span> <span class='ocrx_word' id='word_1_121' title='bbox 2818 721 2869 766; x_wconf 89' lang='lat' dir='ltr'><strong>et</strong></span> <span class='ocrx_word' id='word_1_122' title='bbox 2912 714 3238 775; x_wconf 74' lang='lat' dir='ltr'><strong>sacerdotes,</strong></span> <span class='ocrx_word' id='word_1_123' title='bbox 3287 730 3408 767; x_wconf 89' lang='lat' dir='ltr'><strong>cum</strong></span> 
     </span>
    </p>
   </div>
   <div class='ocr_carea' id='block_1_22' title="bbox 1864 804 3409 873">
    <p class='ocr_par' dir='ltr' id='par_1_22' title="bbox 1864 804 3409 873">
     <span class='ocr_line' id='line_1_22' title="bbox 1864 804 3409 873; baseline -0.003 -12"><span class='ocrx_word' id='word_1_124' title='bbox 1864 822 2050 861; x_wconf 87' lang='lat' dir='ltr'><strong>eormn</strong></span> <span class='ocrx_word' id='word_1_125' title='bbox 2090 806 2463 873; x_wconf 86' lang='lat' dir='ltr'><strong>adversariis).</strong></span> <span class='ocrx_word' id='word_1_126' title='bbox 2506 804 2557 857; x_wconf 89' lang='lat' dir='ltr'><strong>id</strong></span> <span class='ocrx_word' id='word_1_127' title='bbox 2599 819 2724 857; x_wconf 85' lang='lat' dir='ltr'><strong>vero</strong></span> <span class='ocrx_word' id='word_1_128' title='bbox 2761 820 2863 870; x_wconf 85' lang='lat' dir='ltr'><strong>quo</strong></span> <span class='ocrx_word' id='word_1_129' title='bbox 2898 812 3055 869; x_wconf 87' lang='lat' dir='ltr'><strong>pacto</strong></span> <span class='ocrx_word' id='word_1_130' title='bbox 3092 805 3409 869; x_wconf 88' lang='lat' dir='ltr'><strong>sapientiam</strong></span> 
     </span>
    </p>
   </div>
   <div class='ocr_carea' id='block_1_23' title="bbox 1864 893 3413 963">
    <p class='ocr_par' dir='ltr' id='par_1_23' title="bbox 1864 893 3413 963">
     <span class='ocr_line' id='line_1_23' title="bbox 1864 893 3413 963; baseline 0 -17"><span class='ocrx_word' id='word_1_131' title='bbox 1864 898 2022 963; x_wconf 84' lang='lat' dir='ltr'><strong>primi</strong></span> <span class='ocrx_word' id='word_1_132' title='bbox 2074 895 2385 949; x_wconf 54' lang='lat' dir='ltr'><strong>defensoris</strong></span> <span class='ocrx_word' id='word_1_133' title='bbox 2429 910 2533 946; x_wconf 89' lang='lat' dir='ltr'><strong>non</strong></span> <span class='ocrx_word' id='word_1_134' title='bbox 2587 894 2864 961; x_wconf 82' lang='lat' dir='ltr'><strong>indignum</strong></span> <span class='ocrx_word' id='word_1_135' title='bbox 2910 893 3032 945; x_wconf 84' lang='lat' dir='ltr'><strong>est?</strong></span> <span class='ocrx_word' id='word_1_136' title='bbox 3074 893 3249 957; x_wconf 74' lang='lat' dir='ltr'><strong>Babze,</strong></span> <span class='ocrx_word' id='word_1_137' title='bbox 3284 904 3413 959; x_wconf 83' lang='lat' dir='ltr'><strong>quot</strong></span> 
     </span>
    </p>
   </div>
   <div class='ocr_carea' id='block_1_24' title="bbox 1866 983 3419 1049">
    <p class='ocr_par' dir='ltr' id='par_1_24' title="bbox 1866 983 3419 1049">
     <span class='ocr_line' id='line_1_24' title="bbox 1866 983 3419 1049; baseline -0.001 -13"><span class='ocrx_word' id='word_1_138' title='bbox 1866 986 1957 1037; x_wconf 94' lang='lat' dir='ltr'><strong>illo</strong></span> <span class='ocrx_word' id='word_1_139' title='bbox 2000 999 2266 1036; x_wconf 88' lang='lat' dir='ltr'><strong>concesso</strong></span> <span class='ocrx_word' id='word_1_140' title='bbox 2308 984 2685 1037; x_wconf 72' lang='lat' dir='ltr'><strong>sacratissima:</strong></span> <span class='ocrx_word' id='word_1_141' title='bbox 2729 984 2871 1049; x_wconf 79' lang='lat' dir='ltr'><strong>leges</strong></span> <span class='ocrx_word' id='word_1_142' title='bbox 2915 983 3230 1034; x_wconf 77' lang='lat' dir='ltr'><strong>abolentur!</strong></span> <span class='ocrx_word' id='word_1_143' title='bbox 3288 992 3419 1049; x_wconf 85' lang='lat' dir='ltr'><strong>quot</strong></span> 
     </span>
    </p>
   </div>
   <div class='ocr_carea' id='block_1_25' title="bbox 1867 1072 3420 1138">
    <p class='ocr_par' dir='ltr' id='par_1_25' title="bbox 1867 1072 3420 1138">
     <span class='ocr_line' id='line_1_25' title="bbox 1867 1072 3420 1138; baseline -0.001 -15"><span class='ocrx_word' id='word_1_144' title='bbox 1867 1073 2292 1125; x_wconf 76' lang='lat' dir='ltr'><strong>orthodoxorum</strong></span> <span class='ocrx_word' id='word_1_145' title='bbox 2329 1073 2628 1138; x_wconf 83' lang='lat' dir='ltr'><strong>principum</strong></span> <span class='ocrx_word' id='word_1_146' title='bbox 2659 1072 3001 1122; x_wconf 73' lang='lat' dir='ltr'><strong>sanctiones!</strong></span> <span class='ocrx_word' id='word_1_147' title='bbox 3037 1079 3169 1137; x_wconf 90' lang='lat' dir='ltr'><strong>quot</strong></span> <span class='ocrx_word' id='word_1_148' title='bbox 3206 1080 3420 1122; x_wconf 73' lang='lat' dir='ltr'><strong>sancto-</strong></span> 
     </span>
    </p>
   </div>
   <div class='ocr_carea' id='block_1_26' title="bbox 1866 1157 3419 1226">
    <p class='ocr_par' dir='ltr' id='par_1_26' title="bbox 1866 1157 3419 1226">
     <span class='ocr_line' id='line_1_26' title="bbox 1866 1157 3419 1226; baseline -0.001 -15"><span class='ocrx_word' id='word_1_149' title='bbox 1866 1175 1986 1211; x_wconf 87' lang='lat' dir='ltr'><strong>rum</strong></span> <span class='ocrx_word' id='word_1_150' title='bbox 2040 1158 2260 1211; x_wconf 86' lang='lat' dir='ltr'><strong>Patrum</strong></span> <span class='ocrx_word' id='word_1_151' title='bbox 2323 1161 2541 1211; x_wconf 69' lang='lat' dir='ltr'><strong>decreta</strong></span> <span class='ocrx_word' id='word_1_152' title='bbox 2601 1160 2801 1226; x_wconf 81' lang='lat' dir='ltr'><strong>pariter</strong></span> <span class='ocrx_word' id='word_1_153' title='bbox 2843 1168 2892 1209; x_wconf 91' lang='lat' dir='ltr'><strong>et</strong></span> <span class='ocrx_word' id='word_1_154' title='bbox 2947 1157 3250 1209; x_wconf 63' lang='lat' dir='ltr'><strong>doctrinae?</strong></span> <span class='ocrx_word' id='word_1_155' title='bbox 3302 1174 3419 1226; x_wconf 75' lang='lat' dir='ltr'><strong>qum.</strong></span> 
     </span>
    </p>
   </div>
   <div class='ocr_carea' id='block_1_27' title="bbox 1870 1248 3417 1314">
    <p class='ocr_par' dir='ltr' id='par_1_27' title="bbox 1870 1248 3417 1314">
     <span class='ocr_line' id='line_1_27' title="bbox 1870 1248 3417 1314; baseline -0.001 -13"><span class='ocrx_word' id='word_1_156' title='bbox 1870 1250 2036 1303; x_wconf 89' lang='lat' dir='ltr'><strong>variis</strong></span> <span class='ocrx_word' id='word_1_157' title='bbox 2079 1251 2250 1301; x_wconf 85' lang='lat' dir='ltr'><strong>modis</strong></span> <span class='ocrx_word' id='word_1_158' title='bbox 2299 1250 2404 1301; x_wconf 85' lang='lat' dir='ltr'><strong>reis</strong></span> <span class='ocrx_word' id='word_1_159' title='bbox 2442 1248 2641 1309; x_wconf 90' lang='lat' dir='ltr'><strong>favent,</strong></span> <span class='ocrx_word' id='word_1_160' title='bbox 2674 1249 2797 1299; x_wconf 89' lang='lat' dir='ltr'><strong>dum</strong></span> <span class='ocrx_word' id='word_1_161' title='bbox 2840 1262 2937 1301; x_wconf 88' lang='lat' dir='ltr'><strong>eos</strong></span> <span class='ocrx_word' id='word_1_162' title='bbox 2983 1263 3077 1314; x_wconf 87' lang='lat' dir='ltr'><strong>per</strong></span> <span class='ocrx_word' id='word_1_163' title='bbox 3111 1249 3282 1297; x_wconf 69' lang='lat' dir='ltr'><strong>C&#39;!if‘lﬂ</strong></span> <span class='ocrx_word' id='word_1_164' title='bbox 3320 1250 3417 1299; x_wconf 90' lang='lat' dir='ltr'><strong>tri-</strong></span> 
     </span>
    </p>
   </div>
   <div class='ocr_carea' id='block_1_28' title="bbox 1870 1339 3422 1408">
    <p class='ocr_par' dir='ltr' id='par_1_28' title="bbox 1870 1339 3422 1408">
     <span class='ocr_line' id='line_1_28' title="bbox 1870 1339 3422 1408; baseline -0.002 -16"><span class='ocrx_word' id='word_1_165' title='bbox 1870 1341 2013 1408; x_wconf 74' lang='lat' dir='ltr'><strong>ginta</strong></span> <span class='ocrx_word' id='word_1_166' title='bbox 2061 1341 2265 1393; x_wconf 88' lang='lat' dir='ltr'><strong>dierum</strong></span> <span class='ocrx_word' id='word_1_167' title='bbox 2300 1351 2602 1403; x_wconf 73' lang='lat' dir='ltr'><strong>arcessunt,</strong></span> <span class='ocrx_word' id='word_1_168' title='bbox 2640 1348 2693 1393; x_wconf 89' lang='lat' dir='ltr'><strong>et</strong></span> <span class='ocrx_word' id='word_1_169' title='bbox 2722 1340 2932 1391; x_wconf 81' lang='lat' dir='ltr'><strong>duabus</strong></span> <span class='ocrx_word' id='word_1_170' title='bbox 2975 1339 3422 1403; x_wconf 71' lang='lat' dir='ltr'><strong>appellationibus</strong></span> 
     </span>
    </p>
   </div>
   <div class='ocr_carea' id='block_1_29' title="bbox 1870 1427 3423 1496">
    <p class='ocr_par' dir='ltr' id='par_1_29' title="bbox 1870 1427 3423 1496">
     <span class='ocr_line' id='line_1_29' title="bbox 1870 1427 3423 1496; baseline -0.003 -14"><span class='ocrx_word' id='word_1_171' title='bbox 1870 1429 2373 1484; x_wconf 89' lang='lat' dir='ltr'><strong>condemnationem</strong></span> <span class='ocrx_word' id='word_1_172' title='bbox 2416 1444 2598 1481; x_wconf 91' lang='lat' dir='ltr'><strong>eorum</strong></span> <span class='ocrx_word' id='word_1_173' title='bbox 2631 1428 3015 1496; x_wconf 88' lang='lat' dir='ltr'><strong>suspendunt?</strong></span> <span class='ocrx_word' id='word_1_174' title='bbox 3043 1427 3236 1489; x_wconf 70' lang='lat' dir='ltr'><strong>Multze,</strong></span> <span class='ocrx_word' id='word_1_175' title='bbox 3284 1428 3423 1478; x_wconf 89' lang='lat' dir='ltr'><strong>haud</strong></span> 
     </span>
    </p>
   </div>
   <div class='ocr_carea' id='block_1_30' title="bbox 1872 1518 3425 1585">
    <p class='ocr_par' dir='ltr' id='par_1_30' title="bbox 1872 1518 3425 1585">
     <span class='ocr_line' id='line_1_30' title="bbox 1872 1518 3425 1585; baseline 0 -15"><span class='ocrx_word' id='word_1_176' title='bbox 1872 1519 2055 1580; x_wconf 85' lang='lat' dir='ltr'><strong>dubie,</strong></span> <span class='ocrx_word' id='word_1_177' title='bbox 2089 1527 2246 1585; x_wconf 88' lang='lat' dir='ltr'><strong>atque</strong></span> <span class='ocrx_word' id='word_1_178' title='bbox 2281 1532 2493 1569; x_wconf 89' lang='lat' dir='ltr'><strong>omnem</strong></span> <span class='ocrx_word' id='word_1_179' title='bbox 2530 1532 2810 1568; x_wconf 86' lang='lat' dir='ltr'><strong>numerum</strong></span> <span class='ocrx_word' id='word_1_180' title='bbox 2861 1519 3199 1569; x_wconf 59' lang='lat' dir='ltr'><strong>excellentes.</strong></span> <span class='ocrx_word' id='word_1_181' title='bbox 3245 1518 3425 1583; x_wconf 76' lang='lat' dir='ltr'><strong>Itaque</strong></span> 
     </span>
    </p>
   </div>
   <div class='ocr_carea' id='block_1_31' title="bbox 1875 1607 3423 1673">
    <p class='ocr_par' dir='ltr' id='par_1_31' title="bbox 1875 1607 3423 1673">
     <span class='ocr_line' id='line_1_31' title="bbox 1875 1607 3423 1673; baseline -0.001 -12"><span class='ocrx_word' id='word_1_182' title='bbox 1875 1609 2025 1661; x_wconf 89' lang='lat' dir='ltr'><strong>nullo</strong></span> <span class='ocrx_word' id='word_1_183' title='bbox 2060 1609 2452 1661; x_wconf 82' lang='lat' dir='ltr'><strong>interveniente</strong></span> <span class='ocrx_word' id='word_1_184' title='bbox 2485 1607 2649 1659; x_wconf 89' lang='lat' dir='ltr'><strong>animi</strong></span> <span class='ocrx_word' id='word_1_185' title='bbox 2690 1607 2880 1658; x_wconf 67' lang='lat' dir='ltr'><strong>adet-tu</strong></span> <span class='ocrx_word' id='word_1_186' title='bbox 2924 1608 3215 1673; x_wconf 80' lang='lat' dir='ltr'><strong>colligitur,</strong></span> <span class='ocrx_word' id='word_1_187' title='bbox 3248 1623 3423 1659; x_wconf 86' lang='lat' dir='ltr'><strong>cmer-</strong></span> 
     </span>
    </p>
   </div>
   <div class='ocr_carea' id='block_1_32' title="bbox 1875 1695 3424 1765">
    <p class='ocr_par' dir='ltr' id='par_1_32' title="bbox 1875 1695 3424 1765">
     <span class='ocr_line' id='line_1_32' title="bbox 1875 1695 3424 1765; baseline -0.003 -16"><span class='ocrx_word' id='word_1_188' title='bbox 1875 1708 2085 1765; x_wconf 75' lang='lat' dir='ltr'><strong>gentem</strong></span> <span class='ocrx_word' id='word_1_189' title='bbox 2141 1712 2202 1749; x_wconf 77' lang='lat' dir='ltr'><strong>ex</strong></span> <span class='ocrx_word' id='word_1_190' title='bbox 2254 1696 2401 1748; x_wconf 91' lang='lat' dir='ltr'><strong>hisce</strong></span> <span class='ocrx_word' id='word_1_191' title='bbox 2445 1695 2619 1748; x_wconf 88' lang='lat' dir='ltr'><strong>verbis</strong></span> <span class='ocrx_word' id='word_1_192' title='bbox 2663 1696 3047 1747; x_wconf 73' lang='lat' dir='ltr'><strong>obscuritatem</strong></span> <span class='ocrx_word' id='word_1_193' title='bbox 3096 1697 3424 1761; x_wconf 72' lang='lat' dir='ltr'><strong>atttbigttattt,</strong></span> 
     </span>
    </p>
   </div>
   <div class='ocr_carea' id='block_1_33' title="bbox 1877 1783 3428 1852">
    <p class='ocr_par' dir='ltr' id='par_1_33' title="bbox 1877 1783 3428 1852">
     <span class='ocr_line' id='line_1_33' title="bbox 1877 1783 3428 1852; baseline -0.001 -15"><span class='ocrx_word' id='word_1_194' title='bbox 1877 1796 2019 1838; x_wconf 92' lang='lat' dir='ltr'><strong>recte</strong></span> <span class='ocrx_word' id='word_1_195' title='bbox 2054 1786 2331 1837; x_wconf 89' lang='lat' dir='ltr'><strong>conciliari</strong></span> <span class='ocrx_word' id='word_1_196' title='bbox 2370 1800 2461 1852; x_wconf 88' lang='lat' dir='ltr'><strong>per</strong></span> <span class='ocrx_word' id='word_1_197' title='bbox 2496 1784 2568 1847; x_wconf 90' lang='lat' dir='ltr'><strong>id,</strong></span> <span class='ocrx_word' id='word_1_198' title='bbox 2603 1784 2746 1852; x_wconf 89' lang='lat' dir='ltr'><strong>quod</strong></span> <span class='ocrx_word' id='word_1_199' title='bbox 2787 1785 2839 1836; x_wconf 92' lang='lat' dir='ltr'><strong>in</strong></span> <span class='ocrx_word' id='word_1_200' title='bbox 2875 1783 3061 1836; x_wconf 85' lang='lat' dir='ltr'><strong>eodem</strong></span> <span class='ocrx_word' id='word_1_201' title='bbox 3108 1785 3242 1835; x_wconf 91' lang='lat' dir='ltr'><strong>libro</strong></span> <span class='ocrx_word' id='word_1_202' title='bbox 3279 1785 3428 1836; x_wconf 82' lang='lat' dir='ltr'><strong>dein-</strong></span> 
     </span>
    </p>
   </div>
   <div class='ocr_carea' id='block_1_34' title="bbox 211 1851 1875 1944">
    <p class='ocr_par' dir='ltr' id='par_1_34' title="bbox 211 1851 1846 1937">
     <span class='ocr_line' id='line_1_34' title="bbox 211 1851 1846 1937; baseline -0.001 -16"><span class='ocrx_word' id='word_1_203' title='bbox 211 1872 385 1921; x_wconf 70' lang='grc' dir='ltr'>κόνων</span> <span class='ocrx_word' id='word_1_204' title='bbox 419 1872 736 1936; x_wconf 70' lang='grc' dir='ltr'>ἑλκομένους</span> <span class='ocrx_word' id='word_1_205' title='bbox 762 1870 908 1937; x_wconf 70' lang='grc' dir='ltr'>παρὰ</span> <span class='ocrx_word' id='word_1_206' title='bbox 938 1873 1048 1930; x_wconf 85' lang='grc' dir='ltr'>τοῖς</span> <span class='ocrx_word' id='word_1_207' title='bbox 1081 1870 1520 1931; x_wconf 78' lang='grc' dir='ltr'>θεοσεϐεστάτοις</span> <span class='ocrx_word' id='word_1_208' title='bbox 1541 1870 1773 1930; x_wconf 83' lang='grc' dir='ltr'>ἐκδίκοις</span> <span class='ocrx_word' id='word_1_209' title='bbox 1806 1851 1846 1902; x_wconf 74' lang='grc' dir='ltr'>Β</span> 
     </span>
    </p>
   </div>
   <div class='ocr_carea' id='block_1_35' title="bbox 1758 1851 3422 1944">
    <p class='ocr_par' dir='ltr' id='par_1_35' title="bbox 1758 1851 3422 1944">
     <span class='ocr_line' id='line_1_35' title="bbox 1758 1851 3422 1944; baseline -0.003 -14"><span class='ocrx_word' id='word_1_210' title='bbox 1758 1888 1773 1930; x_wconf 83' lang='lat'><strong>:</strong></span> <span class='ocrx_word' id='word_1_211' title='bbox 1806 1851 1846 1902; x_wconf 72' lang='grc' dir='ltr'>Β</span> <span class='ocrx_word' id='word_1_212' title='bbox 1876 1888 2001 1941; x_wconf 83' lang='lat' dir='ltr'><strong>ceps</strong></span> <span class='ocrx_word' id='word_1_213' title='bbox 2035 1851 2395 1944; x_wconf 81' lang='lat' dir='ltr'><strong>perscriptum</strong></span> <span class='ocrx_word' id='word_1_214' title='bbox 2441 1883 2523 1926; x_wconf 88' lang='lat' dir='ltr'><strong>est</strong></span> <span class='ocrx_word' id='word_1_215' title='bbox 2566 1851 2631 1926; x_wconf 88' lang='lat' dir='ltr'><strong>de</strong></span> <span class='ocrx_word' id='word_1_216' title='bbox 2666 1874 3003 1926; x_wconf 90' lang='lat' dir='ltr'><strong>libertatibus</strong></span> <span class='ocrx_word' id='word_1_217' title='bbox 3032 1874 3283 1925; x_wconf 82' lang='lat' dir='ltr'><strong>nimirum</strong></span> <span class='ocrx_word' id='word_1_218' title='bbox 3314 1888 3422 1935; x_wconf 89' lang='lat' dir='ltr'><strong>eos,</strong></span> 
     </span>
    </p>
   </div>
   <div class='ocr_carea' id='block_1_36' title="bbox 214 1958 1771 2028">
    <p class='ocr_par' dir='ltr' id='par_1_36' title="bbox 214 1958 1771 2028">
     <span class='ocr_line' id='line_1_36' title="bbox 214 1958 1771 2028; baseline -0.001 -19"><span class='ocrx_word' id='word_1_219' title='bbox 214 1958 374 2026; x_wconf 80' lang='grc' dir='ltr'>χάριν</span> <span class='ocrx_word' id='word_1_220' title='bbox 392 1958 911 2022; x_wconf 74' lang='grc' dir='ltr'>ἐλευθεροϐοούντων</span> <span class='ocrx_word' id='word_1_221' title='bbox 949 1958 980 2026; x_wconf 82' lang='grc' dir='ltr'>ἢ</span> <span class='ocrx_word' id='word_1_222' title='bbox 1036 1958 1563 2028; x_wconf 81' lang='grc' dir='ltr'>δουλαγωγουμένων</span> <span class='ocrx_word' id='word_1_223' title='bbox 1592 1959 1771 2020; x_wconf 79' lang='grc' dir='ltr'>τινῶν,</span> 
     </span>
    </p>
   </div>
   <div class='ocr_carea' id='block_1_37' title="bbox 223 2046 1773 2117">
    <p class='ocr_par' dir='ltr' id='par_1_37' title="bbox 223 2046 1773 2117">
     <span class='ocr_line' id='line_1_37' title="bbox 223 2046 1773 2117; baseline -0.002 -19"><span class='ocrx_word' id='word_1_224' title='bbox 223 2048 318 2098; x_wconf 70' lang='grc' dir='ltr'><strong>καὶ</strong></span> <span class='ocrx_word' id='word_1_225' title='bbox 354 2046 492 2112; x_wconf 85' lang='grc' dir='ltr'><strong>μετά</strong></span> <span class='ocrx_word' id='word_1_226' title='bbox 522 2050 665 2114; x_wconf 76' lang='grc' dir='ltr'>τρεῖς</span> <span class='ocrx_word' id='word_1_227' title='bbox 699 2048 976 2110; x_wconf 83' lang='grc' dir='ltr'>διαλαλιάς</span> <span class='ocrx_word' id='word_1_228' title='bbox 1021 2050 1095 2116; x_wconf 85' lang='grc' dir='ltr'>μὴ</span> <span class='ocrx_word' id='word_1_229' title='bbox 1152 2049 1511 2117; x_wconf 79' lang='grc' dir='ltr'>πειθομένους</span> <span class='ocrx_word' id='word_1_230' title='bbox 1581 2048 1773 2109; x_wconf 77' lang='grc' dir='ltr'><strong>ἐλθεῖν,</strong></span> 
     </span>
    </p>
   </div>
   <div class='ocr_carea' id='block_1_38' title="bbox 219 2137 1777 2208">
    <p class='ocr_par' dir='ltr' id='par_1_38' title="bbox 219 2137 1777 2208">
     <span class='ocr_line' id='line_1_38' title="bbox 219 2137 1777 2208; baseline 0 -20"><span class='ocrx_word' id='word_1_231' title='bbox 219 2138 534 2205; x_wconf 83' lang='grc' dir='ltr'>μονομερῶς</span> <span class='ocrx_word' id='word_1_232' title='bbox 572 2139 1015 2205; x_wconf 72' lang='grc' dir='ltr'>κατακρίνεσθαι,</span> <span class='ocrx_word' id='word_1_233' title='bbox 1055 2139 1141 2190; x_wconf 87' lang='grc' dir='ltr'><strong>διά</strong></span> <span class='ocrx_word' id='word_1_234' title='bbox 1185 2140 1252 2191; x_wconf 86' lang='grc' dir='ltr'><strong>τά</strong></span> <span class='ocrx_word' id='word_1_235' title='bbox 1295 2139 1499 2208; x_wconf 84' lang='grc' dir='ltr'>νόμιμα</span> <span class='ocrx_word' id='word_1_236' title='bbox 1529 2137 1645 2189; x_wconf 83' lang='grc' dir='ltr'>θεῖα</span> <span class='ocrx_word' id='word_1_237' title='bbox 1693 2138 1777 2189; x_wconf 86' lang='grc' dir='ltr'>θε-</span> 
     </span>
    </p>
   </div>
   <div class='ocr_carea' id='block_1_39' title="bbox 216 2227 1777 2296">
    <p class='ocr_par' dir='ltr' id='par_1_39' title="bbox 216 2227 1777 2296">
     <span class='ocr_line' id='line_1_39' title="bbox 216 2227 1777 2296; baseline 0.001 -19"><span class='ocrx_word' id='word_1_238' title='bbox 216 2228 518 2294; x_wconf 78' lang='grc' dir='ltr'>σπίσματα,</span> <span class='ocrx_word' id='word_1_239' title='bbox 555 2227 619 2280; x_wconf 77' lang='grc' dir='ltr'>τὰ</span> <span class='ocrx_word' id='word_1_240' title='bbox 674 2229 771 2296; x_wconf 71' lang='grc' dir='ltr'>τὴν</span> <span class='ocrx_word' id='word_1_241' title='bbox 821 2227 1130 2296; x_wconf 77' lang='grc' dir='ltr'>ἐλευθερίαν</span> <span class='ocrx_word' id='word_1_242' title='bbox 1182 2229 1319 2296; x_wconf 79' lang='grc' dir='ltr'>ὑπὲρ</span> <span class='ocrx_word' id='word_1_243' title='bbox 1373 2229 1546 2280; x_wconf 84' lang='grc' dir='ltr'>πάντα</span> <span class='ocrx_word' id='word_1_244' title='bbox 1596 2227 1777 2295; x_wconf 73' lang='grc' dir='ltr'>σχεδὸν</span> 
     </span>
    </p>
   </div>
   <div class='ocr_carea' id='block_1_40' title="bbox 217 2317 1777 2384">
    <p class='ocr_par' dir='ltr' id='par_1_40' title="bbox 217 2317 1777 2384">
     <span class='ocr_line' id='line_1_40' title="bbox 217 2317 1777 2384; baseline 0 -18"><span class='ocrx_word' id='word_1_245' title='bbox 217 2317 645 2383; x_wconf 77' lang='grc' dir='ltr'>περιθάλποντα,</span> <span class='ocrx_word' id='word_1_246' title='bbox 715 2318 808 2369; x_wconf 75' lang='grc' dir='ltr'>καὶ</span> <span class='ocrx_word' id='word_1_247' title='bbox 868 2318 924 2381; x_wconf 76' lang='grc' dir='ltr'>ἐξ</span> <span class='ocrx_word' id='word_1_248' title='bbox 977 2318 1235 2369; x_wconf 85' lang='grc' dir='ltr'>ἐπ.πέδου</span> <span class='ocrx_word' id='word_1_249' title='bbox 1287 2318 1629 2384; x_wconf 78' lang='grc' dir='ltr'>διοριζόμενα</span> <span class='ocrx_word' id='word_1_250' title='bbox 1681 2317 1777 2384; x_wconf 82' lang='grc' dir='ltr'>τὴν</span> 
     </span>
    </p>
   </div>
   <div class='ocr_carea' id='block_1_41' title="bbox 216 2406 1776 2475">
    <p class='ocr_par' dir='ltr' id='par_1_41' title="bbox 216 2406 1776 2475">
     <span class='ocr_line' id='line_1_41' title="bbox 216 2406 1776 2475; baseline 0.001 -18"><span class='ocrx_word' id='word_1_251' title='bbox 216 2406 420 2473; x_wconf 79' lang='grc' dir='ltr'>ταύτης</span> <span class='ocrx_word' id='word_1_252' title='bbox 451 2407 676 2475; x_wconf 78' lang='grc' dir='ltr'>ζήτησιν</span> <span class='ocrx_word' id='word_1_253' title='bbox 719 2406 981 2473; x_wconf 81' lang='grc' dir='ltr'>γίνεσθαι,</span> <span class='ocrx_word' id='word_1_254' title='bbox 1024 2409 1115 2458; x_wconf 77' lang='grc' dir='ltr'>καὶ</span> <span class='ocrx_word' id='word_1_255' title='bbox 1172 2408 1246 2475; x_wconf 80' lang='grc' dir='ltr'>μὴ</span> <span class='ocrx_word' id='word_1_256' title='bbox 1289 2407 1611 2475; x_wconf 79' lang='grc' dir='ltr'>ὠφελεῖσθαι</span> <span class='ocrx_word' id='word_1_257' title='bbox 1653 2410 1776 2468; x_wconf 79' lang='grc' dir='ltr'>τοὺς</span> 
     </span>
    </p>
   </div>
   <div class='ocr_carea' id='block_1_42' title="bbox 216 2496 1777 2564">
    <p class='ocr_par' dir='ltr' id='par_1_42' title="bbox 216 2496 1777 2564">
     <span class='ocr_line' id='line_1_42' title="bbox 216 2496 1777 2564; baseline 0.002 -19"><span class='ocrx_word' id='word_1_258' title='bbox 216 2496 358 2546; x_wconf 81' lang='grc' dir='ltr'>οὓτω</span> <span class='ocrx_word' id='word_1_259' title='bbox 384 2496 477 2563; x_wconf 77' lang='grc' dir='ltr'>τὴν</span> <span class='ocrx_word' id='word_1_260' title='bbox 512 2498 807 2564; x_wconf 78' lang='grc' dir='ltr'>καταδίκην</span> <span class='ocrx_word' id='word_1_261' title='bbox 838 2496 959 2547; x_wconf 85' lang='grc' dir='ltr'>καθ’</span> <span class='ocrx_word' id='word_1_262' title='bbox 993 2496 1200 2548; x_wconf 79' lang='grc' dir='ltr'>ἑαυτῶν</span> <span class='ocrx_word' id='word_1_263' title='bbox 1257 2496 1662 2564; x_wconf 85' lang='grc' dir='ltr'>σχεδιάσαντας,</span> <span class='ocrx_word' id='word_1_264' title='bbox 1712 2498 1777 2548; x_wconf 81' lang='grc' dir='ltr'><strong>ἐκ</strong></span> 
     </span>
    </p>
   </div>
   <div class='ocr_carea' id='block_1_43' title="bbox 216 2580 1776 2656">
    <p class='ocr_par' dir='ltr' id='par_1_43' title="bbox 216 2580 1776 2656">
     <span class='ocr_line' id='line_1_43' title="bbox 216 2580 1776 2656; baseline 0.002 -20"><span class='ocrx_word' id='word_1_265' title='bbox 216 2585 311 2636; x_wconf 85' lang='grc' dir='ltr'>τοῦ</span> <span class='ocrx_word' id='word_1_266' title='bbox 337 2580 471 2636; x_wconf 70' lang='grc' dir='ltr'>εἶναι</span> <span class='ocrx_word' id='word_1_267' title='bbox 500 2585 593 2636; x_wconf 75' lang='grc' dir='ltr'>τοῦ</span> <span class='ocrx_word' id='word_1_268' title='bbox 626 2585 861 2653; x_wconf 82' lang='grc' dir='ltr'>βήματος</span> <span class='ocrx_word' id='word_1_269' title='bbox 896 2586 995 2655; x_wconf 79' lang='grc' dir='ltr'>τῆς</span> <span class='ocrx_word' id='word_1_270' title='bbox 1034 2586 1344 2653; x_wconf 75' lang='grc' dir='ltr'>ἐλευθερίας</span> <span class='ocrx_word' id='word_1_271' title='bbox 1402 2588 1523 2648; x_wconf 75' lang='grc' dir='ltr'>τοὺς</span> <span class='ocrx_word' id='word_1_272' title='bbox 1558 2588 1776 2656; x_wconf 86' lang='grc' dir='ltr'>ἀντιλή-</span> 
     </span>
    </p>
   </div>
   <div class='ocr_carea' id='block_1_44' title="bbox 222 2674 1778 2744">
    <p class='ocr_par' dir='ltr' id='par_1_44' title="bbox 222 2674 1778 2744">
     <span class='ocr_line' id='line_1_44' title="bbox 222 2674 1778 2744; baseline 0.004 -22"><span class='ocrx_word' id='word_1_273' title='bbox 222 2690 449 2741; x_wconf 81' lang='grc' dir='ltr'>πτοροις.</span> <span class='ocrx_word' id='word_1_274' title='bbox 491 2674 645 2726; x_wconf 74' lang='grc' dir='ltr'>Οὕτω</span> <span class='ocrx_word' id='word_1_275' title='bbox 679 2675 735 2726; x_wconf 76' lang='grc' dir='ltr'>δὲ</span> <span class='ocrx_word' id='word_1_276' title='bbox 761 2676 965 2727; x_wconf 90' lang='grc' dir='ltr'>τούτων</span> <span class='ocrx_word' id='word_1_277' title='bbox 1006 2676 1259 2744; x_wconf 81' lang='grc' dir='ltr'>ἐχόντων,</span> <span class='ocrx_word' id='word_1_278' title='bbox 1303 2676 1523 2737; x_wconf 87' lang='grc' dir='ltr'>δικαίως</span> <span class='ocrx_word' id='word_1_279' title='bbox 1547 2678 1778 2743; x_wconf 80' lang='grc' dir='ltr'>ἐπιτραο</span> 
     </span>
    </p>
   </div>
   <div class='ocr_carea' id='block_1_45' title="bbox 221 2764 1777 2834">
    <p class='ocr_par' dir='ltr' id='par_1_45' title="bbox 221 2764 1777 2834">
     <span class='ocr_line' id='line_1_45' title="bbox 221 2764 1777 2834; baseline 0.005 -23"><span class='ocrx_word' id='word_1_280' title='bbox 221 2764 453 2829; x_wconf 78' lang='grc' dir='ltr'>πήσεται</span> <span class='ocrx_word' id='word_1_281' title='bbox 479 2766 505 2814; x_wconf 88' lang='grc' dir='ltr'><strong>ό</strong></span> <span class='ocrx_word' id='word_1_282' title='bbox 547 2765 937 2833; x_wconf 86' lang='grc' dir='ltr'>πρωτέκδικος,</span> <span class='ocrx_word' id='word_1_283' title='bbox 989 2765 1097 2816; x_wconf 85' lang='grc' dir='ltr'>τῶν</span> <span class='ocrx_word' id='word_1_284' title='bbox 1132 2768 1228 2832; x_wconf 81' lang='grc' dir='ltr'>μὲν</span> <span class='ocrx_word' id='word_1_285' title='bbox 1283 2766 1439 2833; x_wconf 70' lang='grc' dir='ltr'>χάριν</span> <span class='ocrx_word' id='word_1_286' title='bbox 1468 2766 1777 2834; x_wconf 76' lang='grc' dir='ltr'>ἐλευθερίας</span> 
     </span>
    </p>
   </div>
   <div class='ocr_carea' id='block_1_46' title="bbox 218 2852 1779 2923">
    <p class='ocr_par' dir='ltr' id='par_1_46' title="bbox 218 2852 1779 2923">
     <span class='ocr_line' id='line_1_46' title="bbox 218 2852 1779 2923; baseline 0.006 -23"><span class='ocrx_word' id='word_1_287' title='bbox 218 2852 319 2915; x_wconf 75' lang='grc' dir='ltr'>τὴν</span> <span class='ocrx_word' id='word_1_288' title='bbox 350 2853 813 2921; x_wconf 80' lang='grc' dir='ltr'>ἐκκλησιαστικὴν</span> <span class='ocrx_word' id='word_1_289' title='bbox 847 2853 1153 2922; x_wconf 79' lang='grc' dir='ltr'>ζητούντων</span> <span class='ocrx_word' id='word_1_290' title='bbox 1190 2854 1456 2922; x_wconf 83' lang='grc' dir='ltr'>βοήθειαν,</span> <span class='ocrx_word' id='word_1_291' title='bbox 1518 2856 1655 2923; x_wconf 87' lang='grc' dir='ltr'><strong>μετά</strong></span> <span class='ocrx_word' id='word_1_292' title='bbox 1703 2858 1779 2909; x_wconf 87' lang='grc' dir='ltr'>δι-</span> 
     </span>
    </p>
   </div>
   <div class='ocr_carea' id='block_1_47' title="bbox 226 2942 1776 3015">
    <p class='ocr_par' dir='ltr' id='par_1_47' title="bbox 226 2942 1776 3015">
     <span class='ocr_line' id='line_1_47' title="bbox 226 2942 1776 3015; baseline 0.005 -23"><span class='ocrx_word' id='word_1_293' title='bbox 226 2942 531 3002; x_wconf 83' lang='grc' dir='ltr'>καιοδοσίας</span> <span class='ocrx_word' id='word_1_294' title='bbox 566 2943 1060 3010; x_wconf 76' lang='grc' dir='ltr'>ἀντιλαμϐάνεσθαι</span> <span class='ocrx_word' id='word_1_295' title='bbox 1089 2961 1103 2975; x_wconf 89' lang='grc'><strong>·</strong></span> <span class='ocrx_word' id='word_1_296' title='bbox 1139 2944 1248 2995; x_wconf 82' lang='grc' dir='ltr'>τῶν</span> <span class='ocrx_word' id='word_1_297' title='bbox 1277 2944 1333 2995; x_wconf 85' lang='grc' dir='ltr'>δὲ</span> <span class='ocrx_word' id='word_1_298' title='bbox 1368 2946 1569 2998; x_wconf 82' lang='grc' dir='ltr'>λοιπῶν</span> <span class='ocrx_word' id='word_1_299' title='bbox 1612 2962 1776 3015; x_wconf 84' lang='grc' dir='ltr'>προσ-</span> 
     </span>
    </p>
   </div>
   <div class='ocr_carea' id='block_1_48' title="bbox 221 3030 1776 3102">
    <p class='ocr_par' dir='ltr' id='par_1_48' title="bbox 221 3030 1776 3102">
     <span class='ocr_line' id='line_1_48' title="bbox 221 3030 1776 3102; baseline 0.005 -24"><span class='ocrx_word' id='word_1_300' title='bbox 221 3030 410 3095; x_wconf 71' lang='grc' dir='ltr'>φύγων</span> <span class='ocrx_word' id='word_1_301' title='bbox 460 3031 875 3093; x_wconf 76' lang='grc' dir='ltr'>ἀντιποιεῖσθαι,</span> <span class='ocrx_word' id='word_1_302' title='bbox 925 3031 1111 3101; x_wconf 85' lang='grc' dir='ltr'>ὥσπερ</span> <span class='ocrx_word' id='word_1_303' title='bbox 1136 3034 1228 3083; x_wconf 74' lang='grc' dir='ltr'>καὶ</span> <span class='ocrx_word' id='word_1_304' title='bbox 1259 3034 1391 3085; x_wconf 82' lang='grc' dir='ltr'>ὅπου</span> <span class='ocrx_word' id='word_1_305' title='bbox 1424 3035 1733 3102; x_wconf 84' lang='grc' dir='ltr'>νενόμισται</span> <span class='ocrx_word' id='word_1_306' title='bbox 1762 3048 1776 3063; x_wconf 76' lang='grc'><strong>⁸</strong></span> 
     </span>
    </p>
   </div>
   <div class='ocr_carea' id='block_1_49' title="bbox 1876 1963 3427 2031">
    <p class='ocr_par' dir='ltr' id='par_1_49' title="bbox 1876 1963 3427 2031">
     <span class='ocr_line' id='line_1_49' title="bbox 1876 1963 3427 2031; baseline 0 -17"><span class='ocrx_word' id='word_1_307' title='bbox 1876 1964 1968 2030; x_wconf 92' lang='lat' dir='ltr'><strong>qui</strong></span> <span class='ocrx_word' id='word_1_308' title='bbox 2003 1978 2030 2015; x_wconf 89' lang='lat' dir='ltr'><strong>a</strong></span> <span class='ocrx_word' id='word_1_309' title='bbox 2063 1964 2395 2031; x_wconf 77' lang='lat' dir='ltr'><strong>presbyteris</strong></span> <span class='ocrx_word' id='word_1_310' title='bbox 2432 1963 2512 2015; x_wconf 76' lang='lat' dir='ltr'><strong>vel</strong></span> <span class='ocrx_word' id='word_1_311' title='bbox 2546 1964 2788 2015; x_wconf 85' lang='lat' dir='ltr'><strong>diaconis</strong></span> <span class='ocrx_word' id='word_1_312' title='bbox 2831 1974 3180 2016; x_wconf 84' lang='lat' dir='ltr'><strong>arcessantur</strong></span> <span class='ocrx_word' id='word_1_313' title='bbox 3212 1965 3273 2015; x_wconf 86' lang='lat' dir='ltr'><strong>ad</strong></span> <span class='ocrx_word' id='word_1_314' title='bbox 3308 1965 3427 2014; x_wconf 80' lang='lat' dir='ltr'><strong>reli-</strong></span> 
     </span>
    </p>
   </div>
   <div class='ocr_carea' id='block_1_50' title="bbox 1877 2052 3429 2123">
    <p class='ocr_par' dir='ltr' id='par_1_50' title="bbox 1877 2052 3429 2123">
     <span class='ocr_line' id='line_1_50' title="bbox 1877 2052 3429 2123; baseline 0.003 -21"><span class='ocrx_word' id='word_1_315' title='bbox 1877 2052 2228 2120; x_wconf 80' lang='lat' dir='ltr'><strong>giosissimos</strong></span> <span class='ocrx_word' id='word_1_316' title='bbox 2259 2052 2581 2106; x_wconf 80' lang='lat' dir='ltr'><strong>defensores</strong></span> <span class='ocrx_word' id='word_1_317' title='bbox 2616 2054 2829 2105; x_wconf 88' lang='lat' dir='ltr'><strong>illorum</strong></span> <span class='ocrx_word' id='word_1_318' title='bbox 2866 2069 3049 2115; x_wconf 83' lang='lat' dir='ltr'><strong>causa,</strong></span> <span class='ocrx_word' id='word_1_319' title='bbox 3081 2057 3170 2121; x_wconf 85' lang='lat' dir='ltr'><strong>qui</strong></span> <span class='ocrx_word' id='word_1_320' title='bbox 3216 2056 3429 2123; x_wconf 82' lang='lat' dir='ltr'><strong>procla-</strong></span> 
     </span>
    </p>
   </div>
   <div class='ocr_carea' id='block_1_51' title="bbox 1877 2142 3428 2210">
    <p class='ocr_par' dir='ltr' id='par_1_51' title="bbox 1877 2142 3428 2210">
     <span class='ocr_line' id='line_1_51' title="bbox 1877 2142 3428 2210; baseline -0.001 -17"><span class='ocrx_word' id='word_1_321' title='bbox 1877 2151 2027 2194; x_wconf 90' lang='lat' dir='ltr'><strong>mant</strong></span> <span class='ocrx_word' id='word_1_322' title='bbox 2058 2142 2121 2195; x_wconf 91' lang='lat' dir='ltr'><strong>ad</strong></span> <span class='ocrx_word' id='word_1_323' title='bbox 2158 2142 2482 2204; x_wconf 87' lang='lat' dir='ltr'><strong>libertatem,</strong></span> <span class='ocrx_word' id='word_1_324' title='bbox 2519 2143 2599 2193; x_wconf 96' lang='lat' dir='ltr'><strong>vel</strong></span> <span class='ocrx_word' id='word_1_325' title='bbox 2638 2143 2690 2193; x_wconf 92' lang='lat' dir='ltr'><strong>in</strong></span> <span class='ocrx_word' id='word_1_326' title='bbox 2723 2145 3031 2195; x_wconf 80' lang='lat' dir='ltr'><strong>servitutem</strong></span> <span class='ocrx_word' id='word_1_327' title='bbox 3069 2144 3428 2210; x_wconf 81' lang='lat' dir='ltr'><strong>abripiuntur,</strong></span> 
     </span>
    </p>
   </div>
   <div class='ocr_carea' id='block_1_52' title="bbox 1877 2232 3431 2298">
    <p class='ocr_par' dir='ltr' id='par_1_52' title="bbox 1877 2232 3431 2298">
     <span class='ocr_line' id='line_1_52' title="bbox 1877 2232 3431 2298; baseline 0.001 -15"><span class='ocrx_word' id='word_1_328' title='bbox 1877 2232 1921 2283; x_wconf 89' lang='lat' dir='ltr'><strong>si</strong></span> <span class='ocrx_word' id='word_1_329' title='bbox 1956 2238 2075 2298; x_wconf 89' lang='lat' dir='ltr'><strong>post</strong></span> <span class='ocrx_word' id='word_1_330' title='bbox 2113 2233 2284 2285; x_wconf 90' lang='lat' dir='ltr'><strong>edicta</strong></span> <span class='ocrx_word' id='word_1_331' title='bbox 2326 2233 2427 2283; x_wconf 88' lang='lat' dir='ltr'><strong>tria</strong></span> <span class='ocrx_word' id='word_1_332' title='bbox 2474 2240 2722 2285; x_wconf 83' lang='lat' dir='ltr'><strong>recusent</strong></span> <span class='ocrx_word' id='word_1_333' title='bbox 2761 2247 3103 2298; x_wconf 84' lang='lat' dir='ltr'><strong>comparere,</strong></span> <span class='ocrx_word' id='word_1_334' title='bbox 3159 2250 3260 2285; x_wconf 86' lang='lat' dir='ltr'><strong>una</strong></span> <span class='ocrx_word' id='word_1_335' title='bbox 3290 2233 3431 2284; x_wconf 88' lang='lat' dir='ltr'><strong>dun-</strong></span> 
     </span>
    </p>
   </div>
   <div class='ocr_carea' id='block_1_53' title="bbox 1877 2321 3433 2389">
    <p class='ocr_par' dir='ltr' id='par_1_53' title="bbox 1877 2321 3433 2389">
     <span class='ocr_line' id='line_1_53' title="bbox 1877 2321 3433 2389; baseline 0.001 -18"><span class='ocrx_word' id='word_1_336' title='bbox 1877 2327 2027 2371; x_wconf 83' lang='lat' dir='ltr'><strong>taxat</strong></span> <span class='ocrx_word' id='word_1_337' title='bbox 2072 2331 2221 2387; x_wconf 89' lang='lat' dir='ltr'><strong>parte</strong></span> <span class='ocrx_word' id='word_1_338' title='bbox 2263 2330 2527 2388; x_wconf 69' lang='lat' dir='ltr'><strong>prtesente</strong></span> <span class='ocrx_word' id='word_1_339' title='bbox 2572 2321 2950 2384; x_wconf 75' lang='lat' dir='ltr'><strong>condemnari,</strong></span> <span class='ocrx_word' id='word_1_340' title='bbox 2992 2331 3208 2389; x_wconf 87' lang='lat' dir='ltr'><strong>propter</strong></span> <span class='ocrx_word' id='word_1_341' title='bbox 3249 2336 3433 2375; x_wconf 82' lang='lat' dir='ltr'><strong>sacras</strong></span> 
     </span>
    </p>
   </div>
   <div class='ocr_carea' id='block_1_54' title="bbox 1872 2408 3433 2479">
    <p class='ocr_par' dir='ltr' id='par_1_54' title="bbox 1872 2408 3433 2479">
     <span class='ocr_line' id='line_1_54' title="bbox 1872 2408 3433 2479; baseline 0.001 -18"><span class='ocrx_word' id='word_1_342' title='bbox 1872 2408 2013 2476; x_wconf 84' lang='lat' dir='ltr'><strong>juris</strong></span> <span class='ocrx_word' id='word_1_343' title='bbox 2048 2410 2380 2473; x_wconf 88' lang='lat' dir='ltr'><strong>sanctiones,</strong></span> <span class='ocrx_word' id='word_1_344' title='bbox 2422 2426 2541 2479; x_wconf 72' lang='lat' dir='ltr'><strong>quae</strong></span> <span class='ocrx_word' id='word_1_345' title='bbox 2586 2413 2887 2465; x_wconf 89' lang='lat' dir='ltr'><strong>libertatem</strong></span> <span class='ocrx_word' id='word_1_346' title='bbox 2932 2427 3097 2479; x_wconf 89' lang='lat' dir='ltr'><strong>prope</strong></span> <span class='ocrx_word' id='word_1_347' title='bbox 3142 2426 3300 2478; x_wconf 79' lang='lat' dir='ltr'><strong>supra</strong></span> <span class='ocrx_word' id='word_1_348' title='bbox 3350 2426 3433 2463; x_wconf 90' lang='lat' dir='ltr'><strong>res</strong></span> 
     </span>
    </p>
   </div>
   <div class='ocr_carea' id='block_1_55' title="bbox 1878 2499 3435 2571">
    <p class='ocr_par' dir='ltr' id='par_1_55' title="bbox 1878 2499 3435 2571">
     <span class='ocr_line' id='line_1_55' title="bbox 1878 2499 3435 2571; baseline 0.001 -21"><span class='ocrx_word' id='word_1_349' title='bbox 1878 2512 2067 2552; x_wconf 87' lang='lat' dir='ltr'><strong>omnes</strong></span> <span class='ocrx_word' id='word_1_350' title='bbox 2095 2499 2297 2561; x_wconf 77' lang='lat' dir='ltr'><strong>fovent,</strong></span> <span class='ocrx_word' id='word_1_351' title='bbox 2329 2511 2380 2553; x_wconf 87' lang='lat' dir='ltr'><strong>et</strong></span> <span class='ocrx_word' id='word_1_352' title='bbox 2410 2503 2605 2569; x_wconf 90' lang='lat' dir='ltr'><strong>inquiri</strong></span> <span class='ocrx_word' id='word_1_353' title='bbox 2632 2502 2697 2555; x_wconf 90' lang='lat' dir='ltr'><strong>de</strong></span> <span class='ocrx_word' id='word_1_354' title='bbox 2740 2503 2838 2556; x_wconf 76' lang='lat' dir='ltr'><strong>hac</strong></span> <span class='ocrx_word' id='word_1_355' title='bbox 2871 2504 3083 2571; x_wconf 87' lang='lat' dir='ltr'><strong>jubent,</strong></span> <span class='ocrx_word' id='word_1_356' title='bbox 3113 2518 3174 2555; x_wconf 81' lang='lat' dir='ltr'><strong>ex</strong></span> <span class='ocrx_word' id='word_1_357' title='bbox 3207 2502 3435 2568; x_wconf 87' lang='lat' dir='ltr'><strong>simplici</strong></span> 
     </span>
    </p>
   </div>
   <div class='ocr_carea' id='block_1_56' title="bbox 1878 2591 3435 2659">
    <p class='ocr_par' dir='ltr' id='par_1_56' title="bbox 1878 2591 3435 2659">
     <span class='ocr_line' id='line_1_56' title="bbox 1878 2591 3435 2659; baseline 0 -17"><span class='ocrx_word' id='word_1_358' title='bbox 1878 2597 1929 2642; x_wconf 90' lang='lat' dir='ltr'><strong>et</strong></span> <span class='ocrx_word' id='word_1_359' title='bbox 1955 2591 2150 2658; x_wconf 91' lang='lat' dir='ltr'><strong>plano;</strong></span> <span class='ocrx_word' id='word_1_360' title='bbox 2184 2605 2282 2644; x_wconf 89' lang='lat' dir='ltr'><strong>nec</strong></span> <span class='ocrx_word' id='word_1_361' title='bbox 2314 2592 2385 2643; x_wconf 88' lang='lat' dir='ltr'><strong>ita</strong></span> <span class='ocrx_word' id='word_1_362' title='bbox 2414 2591 2803 2645; x_wconf 86' lang='lat' dir='ltr'><strong>condemnatos</strong></span> <span class='ocrx_word' id='word_1_363' title='bbox 2831 2592 3121 2659; x_wconf 85' lang='lat' dir='ltr'><strong>quidquam</strong></span> <span class='ocrx_word' id='word_1_364' title='bbox 3148 2605 3210 2643; x_wconf 79' lang='lat' dir='ltr'><strong>ex</strong></span> <span class='ocrx_word' id='word_1_365' title='bbox 3234 2606 3297 2642; x_wconf 80' lang='lat' dir='ltr'><strong>eo</strong></span> <span class='ocrx_word' id='word_1_366' title='bbox 3314 2591 3435 2642; x_wconf 87' lang='lat' dir='ltr'><strong>sub-</strong></span> 
     </span>
    </p>
   </div>
   <div class='ocr_carea' id='block_1_57' title="bbox 1882 2678 3436 2749">
    <p class='ocr_par' dir='ltr' id='par_1_57' title="bbox 1882 2678 3436 2749">
     <span class='ocr_line' id='line_1_57' title="bbox 1882 2678 3436 2749; baseline 0.001 -19"><span class='ocrx_word' id='word_1_367' title='bbox 1882 2678 2004 2730; x_wconf 90' lang='lat' dir='ltr'><strong>sidii</strong></span> <span class='ocrx_word' id='word_1_368' title='bbox 2030 2695 2220 2745; x_wconf 83' lang='lat' dir='ltr'><strong>capere</strong></span> <span class='ocrx_word' id='word_1_369' title='bbox 2268 2680 2475 2742; x_wconf 91' lang='lat' dir='ltr'><strong>volunt,</strong></span> <span class='ocrx_word' id='word_1_370' title='bbox 2515 2684 2657 2749; x_wconf 90' lang='lat' dir='ltr'><strong>quod</strong></span> <span class='ocrx_word' id='word_1_371' title='bbox 2685 2681 2946 2735; x_wconf 82' lang='lat' dir='ltr'><strong>libertatis</strong></span> <span class='ocrx_word' id='word_1_372' title='bbox 2990 2690 3436 2748; x_wconf 80' lang='lat' dir='ltr'><strong>propugnatores,</strong></span> 
     </span>
    </p>
   </div>
   <div class='ocr_carea' id='block_1_58' title="bbox 1880 2769 3434 2834">
    <p class='ocr_par' dir='ltr' id='par_1_58' title="bbox 1880 2769 3434 2834">
     <span class='ocr_line' id='line_1_58' title="bbox 1880 2769 3434 2834; baseline -0.001 -13"><span class='ocrx_word' id='word_1_373' title='bbox 1880 2769 2019 2821; x_wconf 86' lang='lat' dir='ltr'><strong>sacri</strong></span> <span class='ocrx_word' id='word_1_374' title='bbox 2067 2770 2175 2821; x_wconf 88' lang='lat' dir='ltr'><strong>sint</strong></span> <span class='ocrx_word' id='word_1_375' title='bbox 2230 2771 2435 2825; x_wconf 89' lang='lat' dir='ltr'><strong>ordinis</strong></span> <span class='ocrx_word' id='word_1_376' title='bbox 2496 2773 2764 2825; x_wconf 82' lang='lat' dir='ltr'><strong>homines.</strong></span> <span class='ocrx_word' id='word_1_377' title='bbox 2836 2772 2965 2834; x_wconf 76' lang='lat' dir='ltr'><strong>Qua:</strong></span> <span class='ocrx_word' id='word_1_378' title='bbox 3015 2784 3139 2823; x_wconf 90' lang='lat' dir='ltr'><strong>cum</strong></span> <span class='ocrx_word' id='word_1_379' title='bbox 3197 2771 3269 2821; x_wconf 89' lang='lat' dir='ltr'><strong>ita</strong></span> <span class='ocrx_word' id='word_1_380' title='bbox 3308 2770 3434 2830; x_wconf 87' lang='lat' dir='ltr'><strong>sint,</strong></span> 
     </span>
    </p>
   </div>
   <div class='ocr_carea' id='block_1_59' title="bbox 1881 2856 3443 2927">
    <p class='ocr_par' dir='ltr' id='par_1_59' title="bbox 1881 2856 3443 2927">
     <span class='ocr_line' id='line_1_59' title="bbox 1881 2856 3443 2927; baseline -0.001 -18"><span class='ocrx_word' id='word_1_381' title='bbox 1881 2856 2025 2910; x_wconf 90' lang='lat' dir='ltr'><strong>haud</strong></span> <span class='ocrx_word' id='word_1_382' title='bbox 2062 2858 2158 2912; x_wconf 87' lang='lat' dir='ltr'><strong>abs</strong></span> <span class='ocrx_word' id='word_1_383' title='bbox 2196 2874 2251 2912; x_wconf 88' lang='lat' dir='ltr'><strong>re</strong></span> <span class='ocrx_word' id='word_1_384' title='bbox 2292 2860 2464 2926; x_wconf 87' lang='lat' dir='ltr'><strong>primo</strong></span> <span class='ocrx_word' id='word_1_385' title='bbox 2502 2860 2767 2913; x_wconf 70' lang='lat' dir='ltr'><strong>defensori</strong></span> <span class='ocrx_word' id='word_1_386' title='bbox 2832 2860 3155 2927; x_wconf 87' lang='lat' dir='ltr'><strong>permissum</strong></span> <span class='ocrx_word' id='word_1_387' title='bbox 3206 2859 3330 2920; x_wconf 83' lang='lat' dir='ltr'><strong>erit,</strong></span> <span class='ocrx_word' id='word_1_388' title='bbox 3387 2869 3443 2909; x_wconf 87' lang='lat' dir='ltr'><strong>ut</strong></span> 
     </span>
    </p>
   </div>
   <div class='ocr_carea' id='block_1_60' title="bbox 1879 2947 3442 3018">
    <p class='ocr_par' dir='ltr' id='par_1_60' title="bbox 1879 2947 3442 3018">
     <span class='ocr_line' id='line_1_60' title="bbox 1879 2947 3442 3018; baseline 0 -18"><span class='ocrx_word' id='word_1_389' title='bbox 1879 2948 1948 3002; x_wconf 88' lang='lat' dir='ltr'><strong>iis</strong></span> <span class='ocrx_word' id='word_1_390' title='bbox 2014 2947 2253 3017; x_wconf 88' lang='lat' dir='ltr'><strong>quidem,</strong></span> <span class='ocrx_word' id='word_1_391' title='bbox 2310 2951 2403 3018; x_wconf 87' lang='lat' dir='ltr'><strong>qui</strong></span> <span class='ocrx_word' id='word_1_392' title='bbox 2487 2965 2641 3018; x_wconf 87' lang='lat' dir='ltr'><strong>opem</strong></span> <span class='ocrx_word' id='word_1_393' title='bbox 2693 2950 3114 3004; x_wconf 89' lang='lat' dir='ltr'><strong>ecclesiasticam</strong></span> <span class='ocrx_word' id='word_1_394' title='bbox 3180 2949 3442 3000; x_wconf 88' lang='lat' dir='ltr'><strong>libertatis</strong></span> 
     </span>
    </p>
   </div>
   <div class='ocr_carea' id='block_1_61' title="bbox 1881 3038 3446 3107">
    <p class='ocr_par' dir='ltr' id='par_1_61' title="bbox 1881 3038 3446 3107">
     <span class='ocr_line' id='line_1_61' title="bbox 1881 3038 3446 3107; baseline -0.001 -16"><span class='ocrx_word' id='word_1_395' title='bbox 1881 3053 2047 3092; x_wconf 92' lang='lat' dir='ltr'><strong>causa</strong></span> <span class='ocrx_word' id='word_1_396' title='bbox 2084 3040 2400 3107; x_wconf 89' lang='lat' dir='ltr'><strong>implorant,</strong></span> <span class='ocrx_word' id='word_1_397' title='bbox 2431 3055 2525 3106; x_wconf 93' lang='lat' dir='ltr'><strong>per</strong></span> <span class='ocrx_word' id='word_1_398' title='bbox 2556 3040 2990 3105; x_wconf 89' lang='lat' dir='ltr'><strong>jurisdictioncm</strong></span> <span class='ocrx_word' id='word_1_399' title='bbox 3048 3053 3199 3092; x_wconf 84' lang='lat' dir='ltr'><strong>suam</strong></span> <span class='ocrx_word' id='word_1_400' title='bbox 3252 3038 3446 3090; x_wconf 74' lang='lat' dir='ltr'><strong>subve-</strong></span> 
     </span>
    </p>
   </div>
   <div class='ocr_carea' id='block_1_62' title="bbox 222 3119 1886 3213">
    <p class='ocr_par' dir='ltr' id='par_1_62' title="bbox 222 3119 1852 3213">
     <span class='ocr_line' id='line_1_62' title="bbox 222 3119 1852 3213; baseline 0.004 -43"><span class='ocrx_word' id='word_1_401' title='bbox 222 3119 317 3170; x_wconf 73' lang='grc' dir='ltr'>καὶ</span> <span class='ocrx_word' id='word_1_402' title='bbox 351 3120 701 3171; x_wconf 81' lang='grc' dir='ltr'>συνίστασθαι</span> <span class='ocrx_word' id='word_1_403' title='bbox 743 3121 940 3187; x_wconf 83' lang='grc' dir='ltr'>μᾶλλον</span> <span class='ocrx_word' id='word_1_404' title='bbox 969 3121 1202 3183; x_wconf 85' lang='grc' dir='ltr'>τούτοις,</span> <span class='ocrx_word' id='word_1_405' title='bbox 1232 3127 1324 3172; x_wconf 80' lang='grc' dir='ltr'>καὶ</span> <span class='ocrx_word' id='word_1_406' title='bbox 1380 3122 1614 3175; x_wconf 77' lang='grc' dir='ltr'>ἐκδικεῖν</span> <span class='ocrx_word' id='word_1_407' title='bbox 1671 3124 1779 3176; x_wconf 83' lang='grc' dir='ltr'>ἀπὸ</span> <span class='ocrx_word' id='word_1_408' title='bbox 1810 3158 1852 3213; x_wconf 79' lang='lat' dir='ltr'><strong>C</strong></span> 
     </span>
    </p>
   </div>
   <div class='ocr_carea' id='block_1_63' title="bbox 1777 3119 3441 3213">
    <p class='ocr_par' dir='ltr' id='par_1_63' title="bbox 1777 3127 3441 3213">
     <span class='ocr_line' id='line_1_63' title="bbox 1777 3127 3441 3213; baseline -0.002 -32"><span class='ocrx_word' id='word_1_409' title='bbox 1777 3153 1852 3213; x_wconf 67' lang='grc' dir='ltr'>ια</span> <span class='ocrx_word' id='word_1_410' title='bbox 1887 3129 2036 3181; x_wconf 74' lang='lat' dir='ltr'><strong>niat&#39;:</strong></span> <span class='ocrx_word' id='word_1_411' title='bbox 2080 3136 2133 3180; x_wconf 88' lang='lat' dir='ltr'><strong>at</strong></span> <span class='ocrx_word' id='word_1_412' title='bbox 2186 3128 2521 3195; x_wconf 87' lang='lat' dir='ltr'><strong>reliquorum</strong></span> <span class='ocrx_word' id='word_1_413' title='bbox 2575 3129 2640 3180; x_wconf 89' lang='lat' dir='ltr'><strong>ad</strong></span> <span class='ocrx_word' id='word_1_414' title='bbox 2692 3128 2961 3182; x_wconf 85' lang='lat' dir='ltr'><strong>Ecclesias</strong></span> <span class='ocrx_word' id='word_1_415' title='bbox 3016 3127 3441 3195; x_wconf 70' lang='lat' dir='ltr'><strong>confugiendum</strong></span> 
     </span>
    </p>
   </div>
   <div class='ocr_carea' id='block_1_64' title="bbox 218 3206 1781 3279">
    <p class='ocr_par' dir='ltr' id='par_1_64' title="bbox 218 3206 1781 3279">
     <span class='ocr_line' id='line_1_64' title="bbox 218 3206 1781 3279; baseline 0.006 -25"><span class='ocrx_word' id='word_1_416' title='bbox 218 3206 331 3257; x_wconf 80' lang='grc' dir='ltr'>τῶν</span> <span class='ocrx_word' id='word_1_417' title='bbox 364 3208 771 3273; x_wconf 74' lang='grc' dir='ltr'>ἐπηρεαζόντων</span> <span class='ocrx_word' id='word_1_418' title='bbox 803 3211 1020 3272; x_wconf 79' lang='grc' dir='ltr'>αὐτοὺς,</span> <span class='ocrx_word' id='word_1_419' title='bbox 1045 3210 1224 3271; x_wconf 78' lang='grc' dir='ltr'>καθώς</span> <span class='ocrx_word' id='word_1_420' title='bbox 1258 3228 1359 3261; x_wconf 89' lang='grc' dir='ltr'><strong>που</strong></span> <span class='ocrx_word' id='word_1_421' title='bbox 1386 3213 1475 3264; x_wconf 74' lang='grc' dir='ltr'>καὶ</span> <span class='ocrx_word' id='word_1_422' title='bbox 1501 3212 1781 3279; x_wconf 86' lang='grc' dir='ltr'>κέκληται.</span> 
     </span>
    </p>
   </div>
   <div class='ocr_carea' id='block_1_65' title="bbox 220 3294 1783 3364">
    <p class='ocr_par' dir='ltr' id='par_1_65' title="bbox 220 3294 1783 3364">
     <span class='ocr_line' id='line_1_65' title="bbox 220 3294 1783 3364; baseline 0.004 -19"><span class='ocrx_word' id='word_1_423' title='bbox 220 3294 379 3345; x_wconf 81' lang='grc' dir='ltr'>υῦτω</span> <span class='ocrx_word' id='word_1_424' title='bbox 404 3297 512 3363; x_wconf 83' lang='grc' dir='ltr'><strong>γὰρ</strong></span> <span class='ocrx_word' id='word_1_425' title='bbox 543 3296 731 3359; x_wconf 82' lang='grc' dir='ltr'>ποιῶν,</span> <span class='ocrx_word' id='word_1_426' title='bbox 762 3299 856 3348; x_wconf 71' lang='grc' dir='ltr'>καὶ</span> <span class='ocrx_word' id='word_1_427' title='bbox 887 3297 1126 3364; x_wconf 82' lang='grc' dir='ltr'>φυλάξας</span> <span class='ocrx_word' id='word_1_428' title='bbox 1172 3300 1330 3359; x_wconf 84' lang='grc' dir='ltr'>ὁσίως</span> <span class='ocrx_word' id='word_1_429' title='bbox 1368 3301 1435 3351; x_wconf 83' lang='grc' dir='ltr'><strong>τὰ</strong></span> <span class='ocrx_word' id='word_1_430' title='bbox 1466 3301 1606 3364; x_wconf 82' lang='grc' dir='ltr'>ὅσια,</span> <span class='ocrx_word' id='word_1_431' title='bbox 1639 3301 1783 3352; x_wconf 81' lang='grc' dir='ltr'>δεόν-</span> 
     </span>
    </p>
   </div>
   <div class='ocr_carea' id='block_1_66' title="bbox 220 3386 1786 3459">
    <p class='ocr_par' dir='ltr' id='par_1_66' title="bbox 220 3386 1786 3459">
     <span class='ocr_line' id='line_1_66' title="bbox 220 3386 1786 3459; baseline 0.006 -26"><span class='ocrx_word' id='word_1_432' title='bbox 220 3400 329 3445; x_wconf 85' lang='grc' dir='ltr'><strong>τως</strong></span> <span class='ocrx_word' id='word_1_433' title='bbox 352 3386 728 3453; x_wconf 77' lang='grc' dir='ltr'>ὀσιωθήσεται.</span> <span class='ocrx_word' id='word_1_434' title='bbox 756 3388 864 3439; x_wconf 79' lang='grc' dir='ltr'><strong>Καὶ</strong></span> <span class='ocrx_word' id='word_1_435' title='bbox 894 3388 1062 3439; x_wconf 79' lang='grc' dir='ltr'>ταῦτα</span> <span class='ocrx_word' id='word_1_436' title='bbox 1093 3389 1191 3457; x_wconf 85' lang='grc' dir='ltr'>μὲν</span> <span class='ocrx_word' id='word_1_437' title='bbox 1243 3390 1603 3457; x_wconf 79' lang='grc' dir='ltr'>ἀποχρώντως</span> <span class='ocrx_word' id='word_1_438' title='bbox 1625 3392 1786 3459; x_wconf 78' lang='grc' dir='ltr'>ἐγρά-</span> 
     </span>
    </p>
   </div>
   <div class='ocr_carea' id='block_1_67' title="bbox 224 3476 1785 3547">
    <p class='ocr_par' dir='ltr' id='par_1_67' title="bbox 224 3476 1785 3547">
     <span class='ocr_line' id='line_1_67' title="bbox 224 3476 1785 3547; baseline 0.006 -25"><span class='ocrx_word' id='word_1_439' title='bbox 224 3490 404 3538; x_wconf 77' lang='grc' dir='ltr'>φησαν</span> <span class='ocrx_word' id='word_1_440' title='bbox 438 3476 516 3535; x_wconf 84' lang='grc' dir='ltr'><strong>είς</strong></span> <span class='ocrx_word' id='word_1_441' title='bbox 575 3477 850 3544; x_wconf 78' lang='grc' dir='ltr'>ἐκτροπὴν</span> <span class='ocrx_word' id='word_1_442' title='bbox 896 3477 1007 3527; x_wconf 82' lang='grc' dir='ltr'><strong>τῶν</strong></span> <span class='ocrx_word' id='word_1_443' title='bbox 1066 3478 1215 3547; x_wconf 83' lang='grc' dir='ltr'><strong>παρά</strong></span> <span class='ocrx_word' id='word_1_444' title='bbox 1265 3478 1360 3529; x_wconf 83' lang='grc' dir='ltr'>τοῦ</span> <span class='ocrx_word' id='word_1_445' title='bbox 1415 3481 1785 3547; x_wconf 81' lang='grc' dir='ltr'>πρωτεκδίκου</span> 
     </span>
    </p>
   </div>
   <div class='ocr_carea' id='block_1_68' title="bbox 221 3564 1783 3635">
    <p class='ocr_par' dir='ltr' id='par_1_68' title="bbox 221 3564 1783 3635">
     <span class='ocr_line' id='line_1_68' title="bbox 221 3564 1783 3635; baseline 0.004 -23"><span class='ocrx_word' id='word_1_446' title='bbox 221 3564 650 3629; x_wconf 74' lang='grc' dir='ltr'>προτιθεμένων,</span> <span class='ocrx_word' id='word_1_447' title='bbox 696 3567 790 3617; x_wconf 81' lang='grc' dir='ltr'>καὶ</span> <span class='ocrx_word' id='word_1_448' title='bbox 852 3568 1301 3633; x_wconf 86' lang='grc' dir='ltr'>παρασπωμένων</span> <span class='ocrx_word' id='word_1_449' title='bbox 1360 3568 1428 3618; x_wconf 81' lang='grc' dir='ltr'>τὰ</span> <span class='ocrx_word' id='word_1_450' title='bbox 1478 3568 1629 3635; x_wconf 87' lang='grc' dir='ltr'><strong>παρά</strong></span> <span class='ocrx_word' id='word_1_451' title='bbox 1692 3569 1783 3619; x_wconf 84' lang='grc' dir='ltr'>τοῦ</span> 
     </span>
    </p>
   </div>
   <div class='ocr_carea' id='block_1_69' title="bbox 220 3652 1786 3725">
    <p class='ocr_par' dir='ltr' id='par_1_69' title="bbox 220 3652 1786 3725">
     <span class='ocr_line' id='line_1_69' title="bbox 220 3652 1786 3725; baseline 0.006 -23"><span class='ocrx_word' id='word_1_452' title='bbox 220 3652 640 3719; x_wconf 78' lang='grc' dir='ltr'>χαρτοφύλακος</span> <span class='ocrx_word' id='word_1_453' title='bbox 672 3656 977 3722; x_wconf 78' lang='grc' dir='ltr'>ἀμέμπτως</span> <span class='ocrx_word' id='word_1_454' title='bbox 1014 3656 1283 3723; x_wconf 84' lang='grc' dir='ltr'>νεμόμενα</span> <span class='ocrx_word' id='word_1_455' title='bbox 1322 3656 1521 3708; x_wconf 83' lang='grc' dir='ltr'>δίκαια.</span> <span class='ocrx_word' id='word_1_456' title='bbox 1571 3658 1786 3725; x_wconf 87' lang='grc' dir='ltr'>Ῥητέον</span> 
     </span>
    </p>
   </div>
   <div class='ocr_carea' id='block_1_70' title="bbox 219 3742 1786 3814">
    <p class='ocr_par' dir='ltr' id='par_1_70' title="bbox 219 3742 1786 3814">
     <span class='ocr_line' id='line_1_70' title="bbox 219 3742 1786 3814; baseline 0.004 -22"><span class='ocrx_word' id='word_1_457' title='bbox 219 3742 280 3791; x_wconf 69' lang='grc' dir='ltr'>δὲ</span> <span class='ocrx_word' id='word_1_458' title='bbox 304 3746 394 3793; x_wconf 80' lang='grc' dir='ltr'>καὶ</span> <span class='ocrx_word' id='word_1_459' title='bbox 418 3743 484 3794; x_wconf 80' lang='grc' dir='ltr'>τὰ</span> <span class='ocrx_word' id='word_1_460' title='bbox 512 3746 847 3798; x_wconf 78' lang='grc' dir='ltr'>συνιστῶντα</span> <span class='ocrx_word' id='word_1_461' title='bbox 906 3745 996 3795; x_wconf 61' lang='grc' dir='ltr'>τὸν</span> <span class='ocrx_word' id='word_1_462' title='bbox 1027 3746 1433 3814; x_wconf 87' lang='grc' dir='ltr'>χαρτοφύλακα.</span> <span class='ocrx_word' id='word_1_463' title='bbox 1460 3749 1680 3799; x_wconf 87' lang='grc' dir='ltr'>Εἰπάτω</span> <span class='ocrx_word' id='word_1_464' title='bbox 1730 3748 1786 3799; x_wconf 83' lang='grc' dir='ltr'>δὲ</span> 
     </span>
    </p>
   </div>
   <div class='ocr_carea' id='block_1_71' title="bbox 222 3835 1787 3907">
    <p class='ocr_par' dir='ltr' id='par_1_71' title="bbox 222 3835 1787 3907">
     <span class='ocr_line' id='line_1_71' title="bbox 222 3835 1787 3907; baseline 0.003 -20"><span class='ocrx_word' id='word_1_465' title='bbox 222 3835 425 3906; x_wconf 72' lang='grc' dir='ltr'>μᾶλλον</span> <span class='ocrx_word' id='word_1_466' title='bbox 451 3838 617 3889; x_wconf 76' lang='grc' dir='ltr'>ταῦτα</span> <span class='ocrx_word' id='word_1_467' title='bbox 641 3839 738 3907; x_wconf 85' lang='grc' dir='ltr'>τῆς</span> <span class='ocrx_word' id='word_1_468' title='bbox 770 3838 1023 3905; x_wconf 85' lang='grc' dir='ltr'>ἀληθείας</span> <span class='ocrx_word' id='word_1_469' title='bbox 1054 3840 1109 3890; x_wconf 79' lang='grc' dir='ltr'>τὸ</span> <span class='ocrx_word' id='word_1_470' title='bbox 1135 3842 1326 3906; x_wconf 83' lang='grc' dir='ltr'>στόμα,</span> <span class='ocrx_word' id='word_1_471' title='bbox 1351 3840 1440 3891; x_wconf 79' lang='grc' dir='ltr'>καὶ</span> <span class='ocrx_word' id='word_1_472' title='bbox 1464 3839 1560 3906; x_wconf 84' lang='grc' dir='ltr'>τῆς</span> <span class='ocrx_word' id='word_1_473' title='bbox 1589 3840 1787 3891; x_wconf 71' lang='grc' dir='ltr'><strong>δικιιιο⁹</strong></span> 
     </span>
    </p>
   </div>
   <div class='ocr_carea' id='block_1_72' title="bbox 221 3926 1786 3998">
    <p class='ocr_par' dir='ltr' id='par_1_72' title="bbox 221 3926 1786 3998">
     <span class='ocr_line' id='line_1_72' title="bbox 221 3926 1786 3998; baseline 0.003 -21"><span class='ocrx_word' id='word_1_474' title='bbox 221 3926 389 3993; x_wconf 85' lang='grc' dir='ltr'>σύνης</span> <span class='ocrx_word' id='word_1_475' title='bbox 419 3930 446 3978; x_wconf 87' lang='grc' dir='ltr'><strong>ό</strong></span> <span class='ocrx_word' id='word_1_476' title='bbox 496 3928 663 3995; x_wconf 72' lang='grc' dir='ltr'>ἥλιος.</span> <span class='ocrx_word' id='word_1_477' title='bbox 706 3931 838 3982; x_wconf 79' lang='grc' dir='ltr'>Οὐδὲ</span> <span class='ocrx_word' id='word_1_478' title='bbox 874 3931 981 3995; x_wconf 81' lang='grc' dir='ltr'><strong>γάρ</strong></span> <span class='ocrx_word' id='word_1_479' title='bbox 1035 3931 1247 3982; x_wconf 81' lang='grc' dir='ltr'>οἴκοθεν</span> <span class='ocrx_word' id='word_1_480' title='bbox 1280 3932 1525 3998; x_wconf 71' lang='grc' dir='ltr'>εἴπωμεν</span> <span class='ocrx_word' id='word_1_481' title='bbox 1581 3930 1786 3997; x_wconf 83' lang='grc' dir='ltr'>ἐπιμύ-</span> 
     </span>
    </p>
   </div>
   <div class='ocr_carea' id='block_1_73' title="bbox 221 4015 1785 4087">
    <p class='ocr_par' dir='ltr' id='par_1_73' title="bbox 221 4015 1785 4087">
     <span class='ocr_line' id='line_1_73' title="bbox 221 4015 1785 4087; baseline 0.004 -23"><span class='ocrx_word' id='word_1_482' title='bbox 221 4015 357 4076; x_wconf 79' lang='grc' dir='ltr'>θιον,</span> <span class='ocrx_word' id='word_1_483' title='bbox 386 4018 528 4067; x_wconf 70' lang='grc' dir='ltr'>κατὰ</span> <span class='ocrx_word' id='word_1_484' title='bbox 549 4020 672 4079; x_wconf 86' lang='grc' dir='ltr'>τοὺς</span> <span class='ocrx_word' id='word_1_485' title='bbox 700 4019 1067 4087; x_wconf 81' lang='grc' dir='ltr'>κνηθομένους</span> <span class='ocrx_word' id='word_1_486' title='bbox 1091 4019 1188 4081; x_wconf 85' lang='grc' dir='ltr'><strong>τὰς</strong></span> <span class='ocrx_word' id='word_1_487' title='bbox 1212 4020 1403 4082; x_wconf 76' lang='grc' dir='ltr'>ἀκοάς,</span> <span class='ocrx_word' id='word_1_488' title='bbox 1436 4019 1511 4087; x_wconf 88' lang='grc' dir='ltr'>τῷ</span> <span class='ocrx_word' id='word_1_489' title='bbox 1537 4020 1678 4087; x_wconf 83' lang='grc' dir='ltr'>λόγῳ</span> <span class='ocrx_word' id='word_1_490' title='bbox 1695 4020 1785 4071; x_wconf 83' lang='grc' dir='ltr'>τοῦ</span> 
     </span>
    </p>
   </div>
   <div class='ocr_carea' id='block_1_74' title="bbox 218 4104 1787 4177">
    <p class='ocr_par' dir='ltr' id='par_1_74' title="bbox 218 4104 1787 4177">
     <span class='ocr_line' id='line_1_74' title="bbox 218 4104 1787 4177; baseline 0.004 -22"><span class='ocrx_word' id='word_1_491' title='bbox 218 4104 593 4173; x_wconf 73' lang='grc' dir='ltr'>διαφέροντος,</span> <span class='ocrx_word' id='word_1_492' title='bbox 616 4108 707 4159; x_wconf 72' lang='grc' dir='ltr'>καὶ</span> <span class='ocrx_word' id='word_1_493' title='bbox 745 4109 869 4169; x_wconf 82' lang='grc' dir='ltr'>τοὺς</span> <span class='ocrx_word' id='word_1_494' title='bbox 901 4110 992 4161; x_wconf 69' lang='grc' dir='ltr'>ἐπὶ</span> <span class='ocrx_word' id='word_1_495' title='bbox 1023 4108 1210 4167; x_wconf 82' lang='grc' dir='ltr'>ὓδατος</span> <span class='ocrx_word' id='word_1_496' title='bbox 1238 4110 1541 4176; x_wconf 82' lang='grc' dir='ltr'>ἀντιλογίας</span> <span class='ocrx_word' id='word_1_497' title='bbox 1564 4110 1787 4177; x_wconf 83' lang='grc' dir='ltr'>δοκιμά-</span> 
     </span>
    </p>
   </div>
   <div class='ocr_carea' id='block_1_75' title="bbox 222 4195 1788 4270">
    <p class='ocr_par' dir='ltr' id='par_1_75' title="bbox 222 4195 1788 4270">
     <span class='ocr_line' id='line_1_75' title="bbox 222 4195 1788 4270; baseline 0.006 -27"><span class='ocrx_word' id='word_1_498' title='bbox 222 4195 419 4256; x_wconf 80' lang='grc' dir='ltr'>ζοντας</span> <span class='ocrx_word' id='word_1_499' title='bbox 472 4196 539 4247; x_wconf 74' lang='grc' dir='ltr'><strong>τά</strong></span> <span class='ocrx_word' id='word_1_500' title='bbox 593 4197 869 4264; x_wconf 77' lang='grc' dir='ltr'>ἀμφίϐολα</span> <span class='ocrx_word' id='word_1_501' title='bbox 902 4213 915 4227; x_wconf 76' lang='grc'><strong><em>⁸</em></strong></span> <span class='ocrx_word' id='word_1_502' title='bbox 960 4198 1072 4250; x_wconf 86' lang='grc' dir='ltr'>ἀλλ’</span> <span class='ocrx_word' id='word_1_503' title='bbox 1104 4200 1289 4251; x_wconf 79' lang='grc' dir='ltr'>ἐκεῖνα</span> <span class='ocrx_word' id='word_1_504' title='bbox 1329 4199 1557 4269; x_wconf 78' lang='grc' dir='ltr'>διπλόης</span> <span class='ocrx_word' id='word_1_505' title='bbox 1609 4202 1788 4270; x_wconf 82' lang='grc' dir='ltr'>πάσης</span> 
     </span>
    </p>
   </div>
   <div class='ocr_carea' id='block_1_76' title="bbox 220 4284 1787 4359">
    <p class='ocr_par' dir='ltr' id='par_1_76' title="bbox 220 4284 1787 4359">
     <span class='ocr_line' id='line_1_76' title="bbox 220 4284 1787 4359; baseline 0.004 -24"><span class='ocrx_word' id='word_1_506' title='bbox 220 4284 382 4344; x_wconf 70' lang='grc' dir='ltr'>ἐκτὸς</span> <span class='ocrx_word' id='word_1_507' title='bbox 424 4286 800 4353; x_wconf 76' lang='grc' dir='ltr'>σχεδιάσομεν.</span> <span class='ocrx_word' id='word_1_508' title='bbox 835 4288 934 4338; x_wconf 81' lang='grc' dir='ltr'>ὅσα</span> <span class='ocrx_word' id='word_1_509' title='bbox 984 4290 1147 4356; x_wconf 84' lang='grc' dir='ltr'>πεῖρα</span> <span class='ocrx_word' id='word_1_510' title='bbox 1196 4290 1405 4357; x_wconf 84' lang='grc' dir='ltr'>μακρὰ,</span> <span class='ocrx_word' id='word_1_511' title='bbox 1454 4292 1547 4341; x_wconf 80' lang='grc' dir='ltr'>καὶ</span> <span class='ocrx_word' id='word_1_512' title='bbox 1600 4292 1787 4359; x_wconf 84' lang='grc' dir='ltr'>χρόνος</span> 
     </span>
    </p>
   </div>
   <div class='ocr_carea' id='block_1_77' title="bbox 221 4375 1787 4446">
    <p class='ocr_par' dir='ltr' id='par_1_77' title="bbox 221 4375 1787 4446">
     <span class='ocr_line' id='line_1_77' title="bbox 221 4375 1787 4446; baseline 0.004 -22"><span class='ocrx_word' id='word_1_513' title='bbox 221 4375 415 4437; x_wconf 82' lang='grc' dir='ltr'>πολὺς,</span> <span class='ocrx_word' id='word_1_514' title='bbox 448 4376 543 4427; x_wconf 72' lang='grc' dir='ltr'><strong>καὶ</strong></span> <span class='ocrx_word' id='word_1_515' title='bbox 576 4376 738 4427; x_wconf 87' lang='grc' dir='ltr'>θείων</span> <span class='ocrx_word' id='word_1_516' title='bbox 766 4377 996 4443; x_wconf 84' lang='grc' dir='ltr'>Γραφῶν</span> <span class='ocrx_word' id='word_1_517' title='bbox 1022 4380 1327 4443; x_wconf 80' lang='grc' dir='ltr'>ἀνάγνωσις</span> <span class='ocrx_word' id='word_1_518' title='bbox 1352 4382 1494 4446; x_wconf 79' lang='grc' dir='ltr'>ἡμᾶς</span> <span class='ocrx_word' id='word_1_519' title='bbox 1550 4381 1787 4432; x_wconf 79' lang='grc' dir='ltr'>ἀνεδίδα-</span> 
     </span>
    </p>
   </div>
   <div class='ocr_carea' id='block_1_78' title="bbox 1886 3217 3448 3286">
    <p class='ocr_par' dir='ltr' id='par_1_78' title="bbox 1886 3217 3448 3286">
     <span class='ocr_line' id='line_1_78' title="bbox 1886 3217 3448 3286; baseline -0.003 -15"><span class='ocrx_word' id='word_1_520' title='bbox 1886 3231 2105 3271; x_wconf 87' lang='lat' dir='ltr'><strong>causam</strong></span> <span class='ocrx_word' id='word_1_521' title='bbox 2151 3226 2388 3279; x_wconf 89' lang='lat' dir='ltr'><strong>tueatur,</strong></span> <span class='ocrx_word' id='word_1_522' title='bbox 2423 3220 2879 3286; x_wconf 85' lang='lat' dir='ltr'><strong>quemadmodum</strong></span> <span class='ocrx_word' id='word_1_523' title='bbox 2914 3229 2966 3272; x_wconf 93' lang='lat' dir='ltr'><strong>et</strong></span> <span class='ocrx_word' id='word_1_524' title='bbox 3001 3218 3087 3270; x_wconf 90' lang='lat' dir='ltr'><strong>ubi</strong></span> <span class='ocrx_word' id='word_1_525' title='bbox 3125 3217 3332 3283; x_wconf 83' lang='lat' dir='ltr'><strong>legibus</strong></span> <span class='ocrx_word' id='word_1_526' title='bbox 3365 3223 3448 3267; x_wconf 84' lang='lat' dir='ltr'><strong>est</strong></span> 
     </span>
    </p>
   </div>
   <div class='ocr_carea' id='block_1_79' title="bbox 1886 3305 3447 3375">
    <p class='ocr_par' dir='ltr' id='par_1_79' title="bbox 1886 3305 3447 3375">
     <span class='ocr_line' id='line_1_79' title="bbox 1886 3305 3447 3375; baseline -0.001 -16"><span class='ocrx_word' id='word_1_527' title='bbox 1886 3305 2164 3359; x_wconf 86' lang='lat' dir='ltr'><strong>definitum</strong></span> <span class='ocrx_word' id='word_1_528' title='bbox 2205 3322 2219 3358; x_wconf 89' lang='lat'><strong>:</strong></span> <span class='ocrx_word' id='word_1_529' title='bbox 2270 3307 2509 3375; x_wconf 90' lang='lat' dir='ltr'><strong>adeoque</strong></span> <span class='ocrx_word' id='word_1_530' title='bbox 2542 3310 2722 3375; x_wconf 88' lang='lat' dir='ltr'><strong>potius</strong></span> <span class='ocrx_word' id='word_1_531' title='bbox 2760 3308 2842 3362; x_wconf 90' lang='lat' dir='ltr'><strong>his</strong></span> <span class='ocrx_word' id='word_1_532' title='bbox 2897 3308 3133 3369; x_wconf 86' lang='lat' dir='ltr'><strong>assistat,</strong></span> <span class='ocrx_word' id='word_1_533' title='bbox 3167 3315 3219 3359; x_wconf 87' lang='lat' dir='ltr'><strong>et</strong></span> <span class='ocrx_word' id='word_1_534' title='bbox 3261 3306 3447 3358; x_wconf 86' lang='lat' dir='ltr'><strong>defen-</strong></span> 
     </span>
    </p>
   </div>
   <div class='ocr_carea' id='block_1_80' title="bbox 1886 3397 3448 3465">
    <p class='ocr_par' dir='ltr' id='par_1_80' title="bbox 1886 3397 3448 3465">
     <span class='ocr_line' id='line_1_80' title="bbox 1886 3397 3448 3465; baseline -0.001 -15"><span class='ocrx_word' id='word_1_535' title='bbox 1886 3397 1979 3450; x_wconf 90' lang='lat' dir='ltr'><strong>dat</strong></span> <span class='ocrx_word' id='word_1_536' title='bbox 2048 3412 2141 3451; x_wconf 91' lang='lat' dir='ltr'><strong>eos</strong></span> <span class='ocrx_word' id='word_1_537' title='bbox 2217 3398 2285 3451; x_wconf 90' lang='lat' dir='ltr'><strong>ab</strong></span> <span class='ocrx_word' id='word_1_538' title='bbox 2368 3398 2728 3451; x_wconf 80' lang='lat' dir='ltr'><strong>inferentibus</strong></span> <span class='ocrx_word' id='word_1_539' title='bbox 2806 3398 3083 3465; x_wconf 85' lang='lat' dir='ltr'><strong>injuriam,</strong></span> <span class='ocrx_word' id='word_1_540' title='bbox 3138 3398 3297 3449; x_wconf 90' lang='lat' dir='ltr'><strong>sicuti</strong></span> <span class='ocrx_word' id='word_1_541' title='bbox 3351 3411 3448 3448; x_wconf 89' lang='lat' dir='ltr'><strong>no-</strong></span> 
     </span>
    </p>
   </div>
   <div class='ocr_carea' id='block_1_81' title="bbox 1888 3487 3447 3555">
    <p class='ocr_par' dir='ltr' id='par_1_81' title="bbox 1888 3487 3447 3555">
     <span class='ocr_line' id='line_1_81' title="bbox 1888 3487 3447 3555; baseline -0.002 -16"><span class='ocrx_word' id='word_1_542' title='bbox 1888 3488 2049 3541; x_wconf 88' lang='lat' dir='ltr'><strong>minis</strong></span> <span class='ocrx_word' id='word_1_543' title='bbox 2114 3488 2285 3555; x_wconf 89' lang='lat' dir='ltr'><strong>ipsius</strong></span> <span class='ocrx_word' id='word_1_544' title='bbox 2333 3489 2472 3541; x_wconf 87' lang='lat' dir='ltr'><strong>ratio</strong></span> <span class='ocrx_word' id='word_1_545' title='bbox 2529 3487 2781 3555; x_wconf 86' lang='lat' dir='ltr'><strong>postulat.</strong></span> <span class='ocrx_word' id='word_1_546' title='bbox 2843 3487 2974 3539; x_wconf 84' lang='lat' dir='ltr'><strong>Nam</strong></span> <span class='ocrx_word' id='word_1_547' title='bbox 3010 3489 3078 3539; x_wconf 91' lang='lat' dir='ltr'><strong>ita</strong></span> <span class='ocrx_word' id='word_1_548' title='bbox 3110 3488 3151 3541; x_wconf 91' lang='lat' dir='ltr'><strong>si</strong></span> <span class='ocrx_word' id='word_1_549' title='bbox 3187 3503 3243 3539; x_wconf 88' lang='lat' dir='ltr'><strong>se</strong></span> <span class='ocrx_word' id='word_1_550' title='bbox 3276 3495 3447 3553; x_wconf 81' lang='lat' dir='ltr'><strong>geret,</strong></span> 
     </span>
    </p>
   </div>
   <div class='ocr_carea' id='block_1_82' title="bbox 1888 3578 3451 3639">
    <p class='ocr_par' dir='ltr' id='par_1_82' title="bbox 1888 3578 3451 3639">
     <span class='ocr_line' id='line_1_82' title="bbox 1888 3578 3451 3639; baseline 0 -12"><span class='ocrx_word' id='word_1_551' title='bbox 1888 3591 1948 3628; x_wconf 87' lang='lat' dir='ltr'><strong>ac</strong></span> <span class='ocrx_word' id='word_1_552' title='bbox 1981 3584 2169 3630; x_wconf 87' lang='lat' dir='ltr'><strong>sancte</strong></span> <span class='ocrx_word' id='word_1_553' title='bbox 2210 3589 2396 3630; x_wconf 88' lang='lat' dir='ltr'><strong>sancta</strong></span> <span class='ocrx_word' id='word_1_554' title='bbox 2440 3579 2781 3639; x_wconf 84' lang='lat' dir='ltr'><strong>servaverit,</strong></span> <span class='ocrx_word' id='word_1_555' title='bbox 2836 3578 2975 3631; x_wconf 85' lang='lat' dir='ltr'><strong>haud</strong></span> <span class='ocrx_word' id='word_1_556' title='bbox 3022 3578 3183 3630; x_wconf 91' lang='lat' dir='ltr'><strong>dubie</strong></span> <span class='ocrx_word' id='word_1_557' title='bbox 3227 3592 3451 3630; x_wconf 88' lang='lat' dir='ltr'><strong>venera-</strong></span> 
     </span>
    </p>
   </div>
   <div class='ocr_carea' id='block_1_83' title="bbox 1887 3663 3449 3731">
    <p class='ocr_par' dir='ltr' id='par_1_83' title="bbox 1887 3663 3449 3731">
     <span class='ocr_line' id='line_1_83' title="bbox 1887 3663 3449 3731; baseline -0.002 -16"><span class='ocrx_word' id='word_1_558' title='bbox 1887 3665 2087 3716; x_wconf 86' lang='lat' dir='ltr'><strong>tionem</strong></span> <span class='ocrx_word' id='word_1_559' title='bbox 2124 3664 2435 3717; x_wconf 85' lang='lat' dir='ltr'><strong>merebitur.</strong></span> <span class='ocrx_word' id='word_1_560' title='bbox 2470 3665 2528 3717; x_wconf 84' lang='lat' dir='ltr'><strong>Et</strong></span> <span class='ocrx_word' id='word_1_561' title='bbox 2562 3665 2674 3717; x_wconf 74' lang='lat' dir='ltr'><strong>htec</strong></span> <span class='ocrx_word' id='word_1_562' title='bbox 2699 3664 2915 3731; x_wconf 88' lang='lat' dir='ltr'><strong>quidem</strong></span> <span class='ocrx_word' id='word_1_563' title='bbox 2949 3668 3149 3731; x_wconf 87' lang='lat' dir='ltr'><strong>scripta</strong></span> <span class='ocrx_word' id='word_1_564' title='bbox 3182 3663 3449 3715; x_wconf 81' lang='lat' dir='ltr'><strong>sufficiant</strong></span> 
     </span>
    </p>
   </div>
   <div class='ocr_carea' id='block_1_84' title="bbox 1888 3751 3445 3820">
    <p class='ocr_par' dir='ltr' id='par_1_84' title="bbox 1888 3751 3445 3820">
     <span class='ocr_line' id='line_1_84' title="bbox 1888 3751 3445 3820; baseline 0 -17"><span class='ocrx_word' id='word_1_565' title='bbox 1888 3752 1951 3803; x_wconf 75' lang='lat' dir='ltr'><strong>ail</strong></span> <span class='ocrx_word' id='word_1_566' title='bbox 1988 3767 2049 3803; x_wconf 89' lang='lat' dir='ltr'><strong>ea</strong></span> <span class='ocrx_word' id='word_1_567' title='bbox 2090 3751 2430 3813; x_wconf 79' lang='lat' dir='ltr'><strong>divertenda,</strong></span> <span class='ocrx_word' id='word_1_568' title='bbox 2473 3768 2593 3819; x_wconf 77' lang='lat' dir='ltr'><strong>qua:</strong></span> <span class='ocrx_word' id='word_1_569' title='bbox 2636 3766 2664 3804; x_wconf 83' lang='lat' dir='ltr'><strong>a</strong></span> <span class='ocrx_word' id='word_1_570' title='bbox 2717 3754 2891 3820; x_wconf 89' lang='lat' dir='ltr'><strong>primo</strong></span> <span class='ocrx_word' id='word_1_571' title='bbox 2933 3752 3219 3805; x_wconf 89' lang='lat' dir='ltr'><strong>defensore</strong></span> <span class='ocrx_word' id='word_1_572' title='bbox 3262 3752 3445 3817; x_wconf 91' lang='lat' dir='ltr'><strong>profe-</strong></span> 
     </span>
    </p>
   </div>
   <div class='ocr_carea' id='block_1_85' title="bbox 1888 3824 3450 3906">
    <p class='ocr_par' dir='ltr' id='par_1_85' title="bbox 1888 3824 3450 3906">
     <span class='ocr_line' id='line_1_85' title="bbox 1888 3824 3450 3906; baseline -0.001 -14"><span class='ocrx_word' id='word_1_573' title='bbox 1888 3824 2102 3899; x_wconf 80' lang='lat' dir='ltr'><strong>runtur,</strong></span> <span class='ocrx_word' id='word_1_574' title='bbox 2152 3854 2215 3893; x_wconf 91' lang='lat' dir='ltr'><strong>ac</strong></span> <span class='ocrx_word' id='word_1_575' title='bbox 2255 3840 2378 3906; x_wconf 82' lang='lat' dir='ltr'><strong>jura</strong></span> <span class='ocrx_word' id='word_1_576' title='bbox 2425 3841 2754 3903; x_wconf 89' lang='lat' dir='ltr'><strong>convellunt,</strong></span> <span class='ocrx_word' id='word_1_577' title='bbox 2799 3842 2851 3891; x_wconf 89' lang='lat' dir='ltr'><strong>in</strong></span> <span class='ocrx_word' id='word_1_578' title='bbox 2903 3854 3132 3905; x_wconf 78' lang='lat' dir='ltr'><strong>quorum</strong></span> <span class='ocrx_word' id='word_1_579' title='bbox 3180 3838 3450 3905; x_wconf 84' lang='lat' dir='ltr'><strong>inculpata</strong></span> 
     </span>
    </p>
   </div>
   <div class='ocr_carea' id='block_1_86' title="bbox 1890 3926 3452 3995">
    <p class='ocr_par' dir='ltr' id='par_1_86' title="bbox 1890 3926 3452 3995">
     <span class='ocr_line' id='line_1_86' title="bbox 1890 3926 3452 3995; baseline 0.001 -16"><span class='ocrx_word' id='word_1_580' title='bbox 1890 3928 2239 3995; x_wconf 89' lang='lat' dir='ltr'><strong>possessione</strong></span> <span class='ocrx_word' id='word_1_581' title='bbox 2279 3930 2643 3981; x_wconf 85' lang='lat' dir='ltr'><strong>cbartularius</strong></span> <span class='ocrx_word' id='word_1_582' title='bbox 2686 3937 2762 3981; x_wconf 89' lang='lat' dir='ltr'><strong>est</strong></span> <span class='ocrx_word' id='word_1_583' title='bbox 2834 3926 2991 3980; x_wconf 85' lang='lat' dir='ltr'><strong>Nunc</strong></span> <span class='ocrx_word' id='word_1_584' title='bbox 3026 3928 3093 3980; x_wconf 89' lang='lat' dir='ltr'><strong>de</strong></span> <span class='ocrx_word' id='word_1_585' title='bbox 3130 3929 3196 3982; x_wconf 89' lang='lat' dir='ltr'><strong>iis</strong></span> <span class='ocrx_word' id='word_1_586' title='bbox 3236 3943 3452 3994; x_wconf 88' lang='lat' dir='ltr'><strong>quoque</strong></span> 
     </span>
    </p>
   </div>
   <div class='ocr_carea' id='block_1_87' title="bbox 1889 4016 3454 4085">
    <p class='ocr_par' dir='ltr' id='par_1_87' title="bbox 1889 4016 3454 4085">
     <span class='ocr_line' id='line_1_87' title="bbox 1889 4016 3454 4085; baseline 0 -17"><span class='ocrx_word' id='word_1_587' title='bbox 1889 4018 2202 4079; x_wconf 89' lang='lat' dir='ltr'><strong>dicendum,</strong></span> <span class='ocrx_word' id='word_1_588' title='bbox 2232 4032 2353 4085; x_wconf 66' lang='lat' dir='ltr'><strong>quae</strong></span> <span class='ocrx_word' id='word_1_589' title='bbox 2397 4031 2494 4083; x_wconf 90' lang='lat' dir='ltr'><strong>pro</strong></span> <span class='ocrx_word' id='word_1_590' title='bbox 2527 4016 2861 4069; x_wconf 89' lang='lat' dir='ltr'><strong>chartulario</strong></span> <span class='ocrx_word' id='word_1_591' title='bbox 2897 4016 3127 4068; x_wconf 85' lang='lat' dir='ltr'><strong>faciunt.</strong></span> <span class='ocrx_word' id='word_1_592' title='bbox 3180 4018 3269 4069; x_wconf 77' lang='lat' dir='ltr'><strong>Vel</strong></span> <span class='ocrx_word' id='word_1_593' title='bbox 3305 4017 3454 4068; x_wconf 86' lang='lat' dir='ltr'><strong>dicat</strong></span> 
     </span>
    </p>
   </div>
   <div class='ocr_carea' id='block_1_88' title="bbox 1887 4104 3453 4174">
    <p class='ocr_par' dir='ltr' id='par_1_88' title="bbox 1887 4104 3453 4174">
     <span class='ocr_line' id='line_1_88' title="bbox 1887 4104 3453 4174; baseline -0.003 -12"><span class='ocrx_word' id='word_1_594' title='bbox 1887 4122 1949 4162; x_wconf 86' lang='lat' dir='ltr'><strong>ea</strong></span> <span class='ocrx_word' id='word_1_595' title='bbox 1998 4108 2177 4174; x_wconf 89' lang='lat' dir='ltr'><strong>potius</strong></span> <span class='ocrx_word' id='word_1_596' title='bbox 2218 4107 2394 4174; x_wconf 86' lang='lat' dir='ltr'><strong>ipsum</strong></span> <span class='ocrx_word' id='word_1_597' title='bbox 2428 4108 2671 4159; x_wconf 89' lang='lat' dir='ltr'><strong>veritatis</strong></span> <span class='ocrx_word' id='word_1_598' title='bbox 2706 4122 2789 4169; x_wconf 91' lang='lat' dir='ltr'><strong>os,</strong></span> <span class='ocrx_word' id='word_1_599' title='bbox 2831 4116 2885 4159; x_wconf 88' lang='lat' dir='ltr'><strong>et</strong></span> <span class='ocrx_word' id='word_1_600' title='bbox 2929 4109 3009 4161; x_wconf 90' lang='lat' dir='ltr'><strong>sol</strong></span> <span class='ocrx_word' id='word_1_601' title='bbox 3049 4107 3293 4174; x_wconf 71' lang='lat' dir='ltr'><strong>justitiae.</strong></span> <span class='ocrx_word' id='word_1_602' title='bbox 3337 4104 3453 4158; x_wconf 85' lang='lat' dir='ltr'><strong>Non</strong></span> 
     </span>
    </p>
   </div>
   <div class='ocr_carea' id='block_1_89' title="bbox 1887 4197 3445 4260">
    <p class='ocr_par' dir='ltr' id='par_1_89' title="bbox 1887 4197 3445 4260">
     <span class='ocr_line' id='line_1_89' title="bbox 1887 4197 3445 4260; baseline -0.004 -7"><span class='ocrx_word' id='word_1_603' title='bbox 1887 4201 2031 4253; x_wconf 90' lang='lat' dir='ltr'><strong>enim</strong></span> <span class='ocrx_word' id='word_1_604' title='bbox 2062 4214 2125 4252; x_wconf 83' lang='lat' dir='ltr'><strong>ex</strong></span> <span class='ocrx_word' id='word_1_605' title='bbox 2163 4198 2319 4252; x_wconf 90' lang='lat' dir='ltr'><strong>nobis</strong></span> <span class='ocrx_word' id='word_1_606' title='bbox 2357 4197 2596 4251; x_wconf 88' lang='lat' dir='ltr'><strong>fabulam</strong></span> <span class='ocrx_word' id='word_1_607' title='bbox 2640 4197 2955 4260; x_wconf 81' lang='lat' dir='ltr'><strong>afi&#39;eremus,</strong></span> <span class='ocrx_word' id='word_1_608' title='bbox 2990 4200 3165 4251; x_wconf 85' lang='lat' dir='ltr'><strong>instar</strong></span> <span class='ocrx_word' id='word_1_609' title='bbox 3209 4199 3445 4260; x_wconf 87' lang='lat' dir='ltr'><strong>illorum,</strong></span> 
     </span>
    </p>
   </div>
   <div class='ocr_carea' id='block_1_90' title="bbox 1888 4287 3453 4359">
    <p class='ocr_par' dir='ltr' id='par_1_90' title="bbox 1888 4287 3453 4359">
     <span class='ocr_line' id='line_1_90' title="bbox 1888 4287 3453 4359; baseline -0.003 -16"><span class='ocrx_word' id='word_1_610' title='bbox 1888 4291 2084 4359; x_wconf 88' lang='lat' dir='ltr'><strong>quibus</strong></span> <span class='ocrx_word' id='word_1_611' title='bbox 2116 4304 2276 4342; x_wconf 89' lang='lat' dir='ltr'><strong>aures</strong></span> <span class='ocrx_word' id='word_1_612' title='bbox 2319 4289 2576 4357; x_wconf 90' lang='lat' dir='ltr'><strong>pruriunt</strong></span> <span class='ocrx_word' id='word_1_613' title='bbox 2604 4287 2671 4341; x_wconf 92' lang='lat' dir='ltr'><strong>ad</strong></span> <span class='ocrx_word' id='word_1_614' title='bbox 2717 4287 3017 4341; x_wconf 87' lang='lat' dir='ltr'><strong>orationem</strong></span> <span class='ocrx_word' id='word_1_615' title='bbox 3063 4288 3128 4340; x_wconf 87' lang='lat' dir='ltr'><strong>de</strong></span> <span class='ocrx_word' id='word_1_616' title='bbox 3192 4302 3256 4338; x_wconf 87' lang='lat' dir='ltr'><strong>eo</strong></span> <span class='ocrx_word' id='word_1_617' title='bbox 3308 4287 3453 4353; x_wconf 89' lang='lat' dir='ltr'><strong>quod</strong></span> 
     </span>
    </p>
   </div>
   <div class='ocr_carea' id='block_1_91' title="bbox 1892 4376 3453 4449">
    <p class='ocr_par' dir='ltr' id='par_1_91' title="bbox 1892 4376 3453 4449">
     <span class='ocr_line' id='line_1_91' title="bbox 1892 4376 3453 4449; baseline -0.003 -17"><span class='ocrx_word' id='word_1_618' title='bbox 1892 4382 2024 4449; x_wconf 89' lang='lat' dir='ltr'><strong>ipsis</strong></span> <span class='ocrx_word' id='word_1_619' title='bbox 2063 4378 2311 4448; x_wconf 79' lang='lat' dir='ltr'><strong>expedit;</strong></span> <span class='ocrx_word' id='word_1_620' title='bbox 2346 4388 2399 4433; x_wconf 88' lang='lat' dir='ltr'><strong>et</strong></span> <span class='ocrx_word' id='word_1_621' title='bbox 2433 4392 2618 4431; x_wconf 87' lang='lat' dir='ltr'><strong>eorum</strong></span> <span class='ocrx_word' id='word_1_622' title='bbox 2657 4391 2830 4439; x_wconf 89' lang='lat' dir='ltr'><strong>more,</strong></span> <span class='ocrx_word' id='word_1_623' title='bbox 2868 4377 2957 4444; x_wconf 90' lang='lat' dir='ltr'><strong>qui</strong></span> <span class='ocrx_word' id='word_1_624' title='bbox 2991 4376 3055 4429; x_wconf 86' lang='lat' dir='ltr'><strong>ad</strong></span> <span class='ocrx_word' id='word_1_625' title='bbox 3088 4391 3280 4443; x_wconf 89' lang='lat' dir='ltr'><strong>aquam</strong></span> <span class='ocrx_word' id='word_1_626' title='bbox 3321 4392 3453 4429; x_wconf 90' lang='lat' dir='ltr'><strong>con-</strong></span> 
     </span>
    </p>
   </div>
   <div class='ocr_carea' id='block_1_92' title="bbox 222 4455 1886 4537">
    <p class='ocr_par' dir='ltr' id='par_1_92' title="bbox 222 4455 1867 4537">
     <span class='ocr_line' id='line_1_92' title="bbox 222 4455 1867 4537; baseline 0.006 -23"><span class='ocrx_word' id='word_1_627' title='bbox 222 4465 342 4525; x_wconf 79' lang='grc' dir='ltr'>ξαν.</span> <span class='ocrx_word' id='word_1_628' title='bbox 385 4468 639 4533; x_wconf 87' lang='grc' dir='ltr'>Ἀρκτέον</span> <span class='ocrx_word' id='word_1_629' title='bbox 662 4464 776 4533; x_wconf 82' lang='grc' dir='ltr'>οὖν,</span> <span class='ocrx_word' id='word_1_630' title='bbox 799 4467 922 4519; x_wconf 83' lang='grc' dir='ltr'>ὅθεν</span> <span class='ocrx_word' id='word_1_631' title='bbox 954 4469 1216 4537; x_wconf 82' lang='grc' dir='ltr'>ἄρχεσθαι</span> <span class='ocrx_word' id='word_1_632' title='bbox 1252 4472 1472 4537; x_wconf 72' lang='grc' dir='ltr'>ἄμεινον</span> <span class='ocrx_word' id='word_1_633' title='bbox 1492 4487 1504 4499; x_wconf 85' lang='grc'><strong>·</strong></span> <span class='ocrx_word' id='word_1_634' title='bbox 1547 4473 1640 4523; x_wconf 75' lang='grc' dir='ltr'>καὶ</span> <span class='ocrx_word' id='word_1_635' title='bbox 1689 4490 1787 4523; x_wconf 77' lang='grc' dir='ltr'>πο-</span> <span class='ocrx_word' id='word_1_636' title='bbox 1815 4455 1867 4511; x_wconf 82' lang='grc' dir='ltr'>Ῑ)</span> 
     </span>
    </p>
   </div>
   <div class='ocr_carea' id='block_1_93' title="bbox 1786 4455 3450 4537">
    <p class='ocr_par' dir='ltr' id='par_1_93' title="bbox 1786 4455 3450 4521">
     <span class='ocr_line' id='line_1_93' title="bbox 1786 4455 3450 4521; baseline -0.004 0"><span class='ocrx_word' id='word_1_637' title='bbox 1786 4505 1787 4511; x_wconf 58' lang='grc' dir='ltr'><strong>η</strong></span> <span class='ocrx_word' id='word_1_638' title='bbox 1815 4455 1867 4511; x_wconf 86' lang='grc' dir='ltr'>Ῑ)</span> <span class='ocrx_word' id='word_1_639' title='bbox 1895 4468 2237 4521; x_wconf 90' lang='lat' dir='ltr'><strong>tradictionis</strong></span> <span class='ocrx_word' id='word_1_640' title='bbox 2254 4467 2568 4517; x_wconf 79' lang='lat' dir='ltr'><strong>examinant</strong></span> <span class='ocrx_word' id='word_1_641' title='bbox 2604 4480 2692 4519; x_wconf 89' lang='lat' dir='ltr'><strong>res</strong></span> <span class='ocrx_word' id='word_1_642' title='bbox 2726 4474 3104 4518; x_wconf 83' lang='lat' dir='ltr'><strong>controversas</strong></span> <span class='ocrx_word' id='word_1_643' title='bbox 3139 4480 3153 4515; x_wconf 88' lang='lat'><strong>:</strong></span> <span class='ocrx_word' id='word_1_644' title='bbox 3187 4464 3278 4517; x_wconf 87' lang='lat' dir='ltr'><strong>sed</strong></span> <span class='ocrx_word' id='word_1_645' title='bbox 3318 4466 3450 4517; x_wconf 88' lang='lat' dir='ltr'><strong>citra</strong></span> 
     </span>
    </p>
   </div>
   <div class='ocr_carea' id='block_1_94' title="bbox 225 4555 1435 4625">
    <p class='ocr_par' dir='ltr' id='par_1_94' title="bbox 225 4555 1435 4625">
     <span class='ocr_line' id='line_1_94' title="bbox 225 4555 1435 4625; baseline 0.007 -23"><span class='ocrx_word' id='word_1_646' title='bbox 225 4555 443 4621; x_wconf 81' lang='grc' dir='ltr'>ρευτέον</span> <span class='ocrx_word' id='word_1_647' title='bbox 479 4556 543 4606; x_wconf 82' lang='grc' dir='ltr'><strong>ἐκ</strong></span> <span class='ocrx_word' id='word_1_648' title='bbox 581 4555 862 4623; x_wconf 82' lang='grc' dir='ltr'>δυνάμεως</span> <span class='ocrx_word' id='word_1_649' title='bbox 896 4558 1054 4610; x_wconf 86' lang='grc' dir='ltr'>πάλιν</span> <span class='ocrx_word' id='word_1_650' title='bbox 1088 4560 1164 4618; x_wconf 85' lang='grc' dir='ltr'><strong>είς</strong></span> <span class='ocrx_word' id='word_1_651' title='bbox 1189 4557 1435 4625; x_wconf 85' lang='grc' dir='ltr'>δύναμιν.</span> 
     </span>
    </p>
   </div>
   <div class='ocr_carea' id='block_1_95' title="bbox 1900 4554 3454 4623">
    <p class='ocr_par' dir='ltr' id='par_1_95' title="bbox 1900 4554 3454 4623">
     <span class='ocr_line' id='line_1_95' title="bbox 1900 4554 3454 4623; baseline -0.004 -12"><span class='ocrx_word' id='word_1_652' title='bbox 1900 4560 2082 4613; x_wconf 85' lang='lat' dir='ltr'><strong>fucum</strong></span> <span class='ocrx_word' id='word_1_653' title='bbox 2136 4571 2349 4607; x_wconf 89' lang='lat' dir='ltr'><strong>omnem</strong></span> <span class='ocrx_word' id='word_1_654' title='bbox 2395 4570 2457 4607; x_wconf 90' lang='lat' dir='ltr'><strong>ea</strong></span> <span class='ocrx_word' id='word_1_655' title='bbox 2513 4554 2833 4622; x_wconf 88' lang='lat' dir='ltr'><strong>simpliciter</strong></span> <span class='ocrx_word' id='word_1_656' title='bbox 2882 4568 3291 4623; x_wconf 89' lang='lat' dir='ltr'><strong>proponemus,</strong></span> <span class='ocrx_word' id='word_1_657' title='bbox 3337 4569 3454 4621; x_wconf 78' lang='lat' dir='ltr'><strong>qua:</strong></span> 
     </span>
    </p>
   </div>
   <div class='ocr_carea' id='block_1_96' title="bbox 220 4645 3454 4717">
    <p class='ocr_par' dir='ltr' id='par_1_96' title="bbox 220 4645 3454 4717">
     <span class='ocr_line' id='line_1_96' title="bbox 220 4645 3454 4717; baseline -0.001 -18"><span class='ocrx_word' id='word_1_658' title='bbox 220 4646 517 4701; x_wconf 86' lang='lat' dir='ltr'><strong>diuturnus</strong></span> <span class='ocrx_word' id='word_1_659' title='bbox 568 4662 720 4712; x_wconf 89' lang='lat' dir='ltr'><strong>usus,</strong></span> <span class='ocrx_word' id='word_1_660' title='bbox 760 4658 813 4701; x_wconf 93' lang='lat' dir='ltr'><strong>et</strong></span> <span class='ocrx_word' id='word_1_661' title='bbox 848 4648 993 4717; x_wconf 78' lang='lat' dir='ltr'><strong>longi</strong></span> <span class='ocrx_word' id='word_1_662' title='bbox 1042 4650 1307 4717; x_wconf 83' lang='lat' dir='ltr'><strong>temporis</strong></span> <span class='ocrx_word' id='word_1_663' title='bbox 1350 4650 1690 4708; x_wconf 73' lang='lat' dir='ltr'><strong>exercitatio.</strong></span> <span class='ocrx_word' id='word_1_664' title='bbox 1721 4659 1772 4703; x_wconf 88' lang='lat' dir='ltr'><strong>et</strong></span> <span class='ocrx_word' id='word_1_665' title='bbox 1814 4664 2093 4705; x_wconf 88' lang='lat' dir='ltr'><strong>sacrarum</strong></span> <span class='ocrx_word' id='word_1_666' title='bbox 2125 4646 2453 4699; x_wconf 87' lang='lat' dir='ltr'><strong>Litterarum</strong></span> <span class='ocrx_word' id='word_1_667' title='bbox 2488 4647 2651 4699; x_wconf 91' lang='lat' dir='ltr'><strong>lectio</strong></span> <span class='ocrx_word' id='word_1_668' title='bbox 2688 4660 2786 4699; x_wconf 91' lang='lat' dir='ltr'><strong>nos</strong></span> <span class='ocrx_word' id='word_1_669' title='bbox 2831 4646 3158 4699; x_wconf 88' lang='lat' dir='ltr'><strong>docuerunt.</strong></span> <span class='ocrx_word' id='word_1_670' title='bbox 3194 4645 3454 4713; x_wconf 89' lang='lat' dir='ltr'><strong>Incipien-</strong></span> 
     </span>
    </p>
   </div>
   <div class='ocr_carea' id='block_1_97' title="bbox 222 4737 1449 4804">
    <p class='ocr_par' dir='ltr' id='par_1_97' title="bbox 222 4737 1449 4804">
     <span class='ocr_line' id='line_1_97' title="bbox 222 4737 1449 4804; baseline -0.002 -13"><span class='ocrx_word' id='word_1_671' title='bbox 222 4740 352 4791; x_wconf 89' lang='lat' dir='ltr'><strong>dum</strong></span> <span class='ocrx_word' id='word_1_672' title='bbox 395 4737 583 4804; x_wconf 72' lang='lat' dir='ltr'><strong>igitur,</strong></span> <span class='ocrx_word' id='word_1_673' title='bbox 628 4739 770 4789; x_wconf 88' lang='lat' dir='ltr'><strong>unde</strong></span> <span class='ocrx_word' id='word_1_674' title='bbox 815 4747 1035 4804; x_wconf 59' lang='lat' dir='ltr'><strong>praestat</strong></span> <span class='ocrx_word' id='word_1_675' title='bbox 1082 4738 1292 4788; x_wconf 90' lang='lat' dir='ltr'><strong>initium</strong></span> <span class='ocrx_word' id='word_1_676' title='bbox 1339 4738 1449 4789; x_wconf 81' lang='lat' dir='ltr'><strong>ﬁcri</strong></span> 
     </span>
    </p>
   </div>
   <div class='ocr_carea' id='block_1_98' title="bbox 295 4824 1789 4895">
    <p class='ocr_par' dir='ltr' id='par_1_98' title="bbox 295 4824 1789 4895">
     <span class='ocr_line' id='line_1_98' title="bbox 295 4824 1789 4895; baseline -0.005 -19"><span class='ocrx_word' id='word_1_677' title='bbox 295 4826 519 4893; x_wconf 84' lang='grc' dir='ltr'>Κεφαλὴ</span> <span class='ocrx_word' id='word_1_678' title='bbox 553 4826 649 4893; x_wconf 80' lang='grc' dir='ltr'>τῆς</span> <span class='ocrx_word' id='word_1_679' title='bbox 694 4825 1000 4893; x_wconf 83' lang='grc' dir='ltr'>ἁγιωτάτης</span> <span class='ocrx_word' id='word_1_680' title='bbox 1049 4824 1142 4875; x_wconf 87' lang='grc' dir='ltr'>τοῦ</span> <span class='ocrx_word' id='word_1_681' title='bbox 1166 4825 1297 4875; x_wconf 83' lang='grc' dir='ltr'><strong>Θεοῦ</strong></span> <span class='ocrx_word' id='word_1_682' title='bbox 1326 4826 1563 4893; x_wconf 83' lang='grc' dir='ltr'>μεγάλης</span> <span class='ocrx_word' id='word_1_683' title='bbox 1588 4827 1789 4895; x_wconf 73' lang='grc' dir='ltr'>ἐκκλη-</span> 
     </span>
    </p>
   </div>
   <div class='ocr_carea' id='block_1_99' title="bbox 224 4913 1786 4983">
    <p class='ocr_par' dir='ltr' id='par_1_99' title="bbox 224 4913 1786 4983">
     <span class='ocr_line' id='line_1_99' title="bbox 224 4913 1786 4983; baseline 0 -17"><span class='ocrx_word' id='word_1_684' title='bbox 224 4915 347 4973; x_wconf 85' lang='grc' dir='ltr'>σίας</span> <span class='ocrx_word' id='word_1_685' title='bbox 383 4916 522 4977; x_wconf 73' lang='grc' dir='ltr'>ἐστὶ,</span> <span class='ocrx_word' id='word_1_686' title='bbox 568 4918 705 4983; x_wconf 88' lang='grc' dir='ltr'><strong>μετά</strong></span> <span class='ocrx_word' id='word_1_687' title='bbox 749 4915 846 4983; x_wconf 83' lang='grc' dir='ltr'>τὴν</span> <span class='ocrx_word' id='word_1_688' title='bbox 873 4913 1093 4983; x_wconf 84' lang='grc' dir='ltr'>πρώτην</span> <span class='ocrx_word' id='word_1_689' title='bbox 1141 4915 1397 4983; x_wconf 77' lang='grc' dir='ltr'>ἄναρχον,</span> <span class='ocrx_word' id='word_1_690' title='bbox 1450 4917 1543 4967; x_wconf 75' lang='grc' dir='ltr'>καὶ</span> <span class='ocrx_word' id='word_1_691' title='bbox 1599 4916 1786 4979; x_wconf 69' lang='grc' dir='ltr'>ἀΐδιον,</span> 
     </span>
    </p>
   </div>
   <div class='ocr_carea' id='block_1_100' title="bbox 224 5003 1788 5073">
    <p class='ocr_par' dir='ltr' id='par_1_100' title="bbox 224 5003 1788 5073">
     <span class='ocr_line' id='line_1_100' title="bbox 224 5003 1788 5073; baseline 0 -17"><span class='ocrx_word' id='word_1_692' title='bbox 224 5009 317 5056; x_wconf 82' lang='grc' dir='ltr'>καὶ</span> <span class='ocrx_word' id='word_1_693' title='bbox 348 5005 785 5072; x_wconf 86' lang='grc' dir='ltr'>ἀπειροδύναμον</span> <span class='ocrx_word' id='word_1_694' title='bbox 820 5003 1083 5072; x_wconf 81' lang='grc' dir='ltr'>κεφαλὴν,</span> <span class='ocrx_word' id='word_1_695' title='bbox 1135 5004 1224 5055; x_wconf 86' lang='grc' dir='ltr'>τὸν</span> <span class='ocrx_word' id='word_1_696' title='bbox 1258 5004 1461 5073; x_wconf 83' lang='grc' dir='ltr'>Κύριον</span> <span class='ocrx_word' id='word_1_697' title='bbox 1517 5006 1609 5055; x_wconf 75' lang='grc' dir='ltr'>καὶ</span> <span class='ocrx_word' id='word_1_698' title='bbox 1657 5005 1788 5057; x_wconf 70' lang='grc' dir='ltr'>Θεὸν</span> 
     </span>
    </p>
   </div>
   <div class='ocr_carea' id='block_1_101' title="bbox 221 5092 1787 5163">
    <p class='ocr_par' dir='ltr' id='par_1_101' title="bbox 221 5092 1787 5163">
     <span class='ocr_line' id='line_1_101' title="bbox 221 5092 1787 5163; baseline -0.001 -19"><span class='ocrx_word' id='word_1_699' title='bbox 221 5092 380 5163; x_wconf 72' lang='grc' dir='ltr'>ἡμῶν</span> <span class='ocrx_word' id='word_1_700' title='bbox 424 5092 631 5160; x_wconf 81' lang='grc' dir='ltr'>Ἰησοῦν</span> <span class='ocrx_word' id='word_1_701' title='bbox 692 5094 944 5160; x_wconf 72' lang='grc' dir='ltr'>Χριστὸν,</span> <span class='ocrx_word' id='word_1_702' title='bbox 974 5094 1001 5142; x_wconf 84' lang='grc' dir='ltr'>ὁ</span> <span class='ocrx_word' id='word_1_703' title='bbox 1035 5093 1402 5159; x_wconf 81' lang='grc' dir='ltr'>πνευματικὸς</span> <span class='ocrx_word' id='word_1_704' title='bbox 1439 5094 1667 5161; x_wconf 75' lang='grc' dir='ltr'>νυμφίος</span> <span class='ocrx_word' id='word_1_705' title='bbox 1695 5094 1787 5144; x_wconf 81' lang='grc' dir='ltr'>αύ-</span> 
     </span>
    </p>
   </div>
   <div class='ocr_carea' id='block_1_102' title="bbox 220 5181 1784 5250">
    <p class='ocr_par' dir='ltr' id='par_1_102' title="bbox 220 5181 1784 5250">
     <span class='ocr_line' id='line_1_102' title="bbox 220 5181 1784 5250; baseline 0.002 -18"><span class='ocrx_word' id='word_1_706' title='bbox 220 5183 321 5250; x_wconf 86' lang='grc' dir='ltr'>τῆς</span> <span class='ocrx_word' id='word_1_707' title='bbox 378 5181 406 5232; x_wconf 84' lang='grc' dir='ltr'>ὁ</span> <span class='ocrx_word' id='word_1_708' title='bbox 454 5182 595 5233; x_wconf 85' lang='grc' dir='ltr'>κατὰ</span> <span class='ocrx_word' id='word_1_709' title='bbox 649 5185 873 5249; x_wconf 76' lang='grc' dir='ltr'>καιροὺς</span> <span class='ocrx_word' id='word_1_710' title='bbox 925 5183 1221 5249; x_wconf 83' lang='grc' dir='ltr'>ἀγιώτατος</span> <span class='ocrx_word' id='word_1_711' title='bbox 1258 5183 1635 5250; x_wconf 83' lang='grc' dir='ltr'>οίκουμενικὸς</span> <span class='ocrx_word' id='word_1_712' title='bbox 1691 5201 1784 5235; x_wconf 88' lang='grc' dir='ltr'>πα-</span> 
     </span>
    </p>
   </div>
   <div class='ocr_carea' id='block_1_103' title="bbox 219 5271 1787 5342">
    <p class='ocr_par' dir='ltr' id='par_1_103' title="bbox 219 5271 1787 5342">
     <span class='ocr_line' id='line_1_103' title="bbox 219 5271 1787 5342; baseline -0.001 -19"><span class='ocrx_word' id='word_1_713' title='bbox 219 5272 508 5340; x_wconf 71' lang='grc' dir='ltr'>τριάρχης.</span> <span class='ocrx_word' id='word_1_714' title='bbox 529 5271 649 5322; x_wconf 84' lang='grc' dir='ltr'><strong>Τῶν</strong></span> <span class='ocrx_word' id='word_1_715' title='bbox 668 5271 797 5337; x_wconf 79' lang='grc' dir='ltr'>γοῦν</span> <span class='ocrx_word' id='word_1_716' title='bbox 846 5272 1317 5342; x_wconf 67' lang='grc' dir='ltr'>ἐκκλησιαστικῶν</span> <span class='ocrx_word' id='word_1_717' title='bbox 1376 5271 1602 5323; x_wconf 81' lang='grc' dir='ltr'>δικαίων</span> <span class='ocrx_word' id='word_1_718' title='bbox 1649 5271 1787 5323; x_wconf 84' lang='grc' dir='ltr'>διαι-</span> 
     </span>
    </p>
   </div>
   <div class='ocr_carea' id='block_1_104' title="bbox 223 5360 1786 5431">
    <p class='ocr_par' dir='ltr' id='par_1_104' title="bbox 223 5360 1786 5431">
     <span class='ocr_line' id='line_1_104' title="bbox 223 5360 1786 5431; baseline -0.001 -18"><span class='ocrx_word' id='word_1_719' title='bbox 223 5364 506 5431; x_wconf 89' lang='grc' dir='ltr'>ρουμένων</span> <span class='ocrx_word' id='word_1_720' title='bbox 541 5362 687 5428; x_wconf 76' lang='grc' dir='ltr'>διχῆ,</span> <span class='ocrx_word' id='word_1_721' title='bbox 712 5363 790 5423; x_wconf 87' lang='grc' dir='ltr'><strong>είς</strong></span> <span class='ocrx_word' id='word_1_722' title='bbox 822 5379 879 5413; x_wconf 87' lang='grc' dir='ltr'><strong>τε</strong></span> <span class='ocrx_word' id='word_1_723' title='bbox 917 5364 985 5413; x_wconf 82' lang='grc' dir='ltr'><strong>τά</strong></span> <span class='ocrx_word' id='word_1_724' title='bbox 1020 5363 1344 5430; x_wconf 83' lang='grc' dir='ltr'>διαφέροντα</span> <span class='ocrx_word' id='word_1_725' title='bbox 1391 5365 1457 5431; x_wconf 84' lang='grc' dir='ltr'>τῇ</span> <span class='ocrx_word' id='word_1_726' title='bbox 1492 5360 1786 5430; x_wconf 71' lang='grc' dir='ltr'>Ἐκκλησία</span> 
     </span>
    </p>
   </div>
   <div class='ocr_carea' id='block_1_105' title="bbox 223 5451 1785 5523">
    <p class='ocr_par' dir='ltr' id='par_1_105' title="bbox 223 5451 1785 5523">
     <span class='ocr_line' id='line_1_105' title="bbox 223 5451 1785 5523; baseline 0.002 -22"><span class='ocrx_word' id='word_1_727' title='bbox 223 5453 548 5516; x_wconf 82' lang='grc' dir='ltr'>πολυειδῶς,</span> <span class='ocrx_word' id='word_1_728' title='bbox 592 5454 687 5503; x_wconf 77' lang='grc' dir='ltr'>καὶ</span> <span class='ocrx_word' id='word_1_729' title='bbox 718 5454 793 5513; x_wconf 87' lang='grc' dir='ltr'><strong>είς</strong></span> <span class='ocrx_word' id='word_1_730' title='bbox 843 5452 909 5503; x_wconf 77' lang='grc' dir='ltr'><strong>τὰ</strong></span> <span class='ocrx_word' id='word_1_731' title='bbox 981 5451 1057 5520; x_wconf 81' lang='grc' dir='ltr'>τῷ</span> <span class='ocrx_word' id='word_1_732' title='bbox 1114 5453 1425 5523; x_wconf 71' lang='grc' dir='ltr'>πατριάργῃ</span> <span class='ocrx_word' id='word_1_733' title='bbox 1475 5469 1785 5521; x_wconf 82' lang='grc' dir='ltr'>προσκυρω·</span> 
     </span>
    </p>
   </div>
   <div class='ocr_carea' id='block_1_106' title="bbox 220 5542 1785 5613">
    <p class='ocr_par' dir='ltr' id='par_1_106' title="bbox 220 5542 1785 5613">
     <span class='ocr_line' id='line_1_106' title="bbox 220 5542 1785 5613; baseline 0 -18"><span class='ocrx_word' id='word_1_734' title='bbox 220 5542 384 5595; x_wconf 79' lang='grc' dir='ltr'>θέντα</span> <span class='ocrx_word' id='word_1_735' title='bbox 429 5545 748 5606; x_wconf 64' lang='grc' dir='ltr'>κανονικιῖκ,</span> <span class='ocrx_word' id='word_1_736' title='bbox 807 5544 993 5613; x_wconf 85' lang='grc' dir='ltr'>ἐδέησε</span> <span class='ocrx_word' id='word_1_737' title='bbox 1047 5546 1156 5605; x_wconf 81' lang='grc' dir='ltr'>τοῖς</span> <span class='ocrx_word' id='word_1_738' title='bbox 1209 5546 1274 5595; x_wconf 82' lang='grc' dir='ltr'>τὰ</span> <span class='ocrx_word' id='word_1_739' title='bbox 1296 5545 1393 5612; x_wconf 84' lang='grc' dir='ltr'>τῆς</span> <span class='ocrx_word' id='word_1_740' title='bbox 1460 5545 1785 5611; x_wconf 80' lang='grc' dir='ltr'>Ἐκκλησίας</span> 
     </span>
    </p>
   </div>
   <div class='ocr_carea' id='block_1_107' title="bbox 217 5634 1781 5706">
    <p class='ocr_par' dir='ltr' id='par_1_107' title="bbox 217 5634 1781 5706">
     <span class='ocr_line' id='line_1_107' title="bbox 217 5634 1781 5706; baseline 0 -19"><span class='ocrx_word' id='word_1_741' title='bbox 217 5634 607 5703; x_wconf 85' lang='grc' dir='ltr'>δροθετήσασιν</span> <span class='ocrx_word' id='word_1_742' title='bbox 639 5638 937 5706; x_wconf 75' lang='grc' dir='ltr'>ὀρθοδόξοις</span> <span class='ocrx_word' id='word_1_743' title='bbox 989 5638 1145 5706; x_wconf 78' lang='grc' dir='ltr'>ἡμῶν</span> <span class='ocrx_word' id='word_1_744' title='bbox 1178 5637 1626 5706; x_wconf 74' lang='grc' dir='ltr'>αὐτοκράτορσιν,</span> <span class='ocrx_word' id='word_1_745' title='bbox 1686 5652 1781 5687; x_wconf 83' lang='grc' dir='ltr'>κα-</span> 
     </span>
    </p>
   </div>
   <div class='ocr_carea' id='block_1_108' title="bbox 217 5726 1784 5799">
    <p class='ocr_par' dir='ltr' id='par_1_108' title="bbox 217 5726 1784 5799">
     <span class='ocr_line' id='line_1_108' title="bbox 217 5726 1784 5799; baseline -0.001 -22"><span class='ocrx_word' id='word_1_746' title='bbox 217 5727 513 5796; x_wconf 85' lang='grc' dir='ltr'>ταμερίσαι</span> <span class='ocrx_word' id='word_1_747' title='bbox 544 5730 713 5781; x_wconf 83' lang='grc' dir='ltr'>ταῦτα</span> <span class='ocrx_word' id='word_1_748' title='bbox 746 5732 875 5799; x_wconf 67' lang='grc' dir='ltr'>πρός</span> <span class='ocrx_word' id='word_1_749' title='bbox 913 5731 1069 5784; x_wconf 85' lang='grc' dir='ltr'>πέντε</span> <span class='ocrx_word' id='word_1_750' title='bbox 1118 5730 1388 5797; x_wconf 87' lang='grc' dir='ltr'>σεκρέτων</span> <span class='ocrx_word' id='word_1_751' title='bbox 1434 5726 1606 5793; x_wconf 69' lang='grc' dir='ltr'>εἰαγῆ</span> <span class='ocrx_word' id='word_1_752' title='bbox 1635 5727 1784 5788; x_wconf 62' lang='grc' dir='ltr'>λογο-</span> 
     </span>
    </p>
   </div>
   <div class='ocr_carea' id='block_1_109' title="bbox 1498 4734 3207 4804">
    <p class='ocr_par' dir='ltr' id='par_1_109' title="bbox 1498 4734 3207 4804">
     <span class='ocr_line' id='line_1_109' title="bbox 1498 4734 3207 4804; baseline -0.001 -16"><span class='ocrx_word' id='word_1_753' title='bbox 1498 4754 1509 4788; x_wconf 92' lang='lat'>:</span> <span class='ocrx_word' id='word_1_754' title='bbox 1554 4748 1605 4789; x_wconf 93' lang='lat' dir='ltr'><strong>et</strong></span> <span class='ocrx_word' id='word_1_755' title='bbox 1643 4754 1670 4790; x_wconf 91' lang='lat' dir='ltr'><strong>a</strong></span> <span class='ocrx_word' id='word_1_756' title='bbox 1707 4738 1965 4793; x_wconf 82' lang='lat' dir='ltr'><strong>facultate</strong></span> <span class='ocrx_word' id='word_1_757' title='bbox 1998 4739 2257 4804; x_wconf 87' lang='lat' dir='ltr'><strong>majorem</strong></span> <span class='ocrx_word' id='word_1_758' title='bbox 2292 4737 2354 4789; x_wconf 89' lang='lat' dir='ltr'><strong>ad</strong></span> <span class='ocrx_word' id='word_1_759' title='bbox 2386 4737 2698 4789; x_wconf 81' lang='lat' dir='ltr'><strong>facultatem</strong></span> <span class='ocrx_word' id='word_1_760' title='bbox 2732 4734 3207 4803; x_wconf 79' lang='lat' dir='ltr'><strong>progrediendum.</strong></span> 
     </span>
    </p>
   </div>
   <div class='ocr_carea' id='block_1_110' title="bbox 1965 4823 3454 4895">
    <p class='ocr_par' dir='ltr' id='par_1_110' title="bbox 1965 4823 3454 4895">
     <span class='ocr_line' id='line_1_110' title="bbox 1965 4823 3454 4895; baseline -0.003 -14"><span class='ocrx_word' id='word_1_761' title='bbox 1965 4828 2140 4895; x_wconf 85' lang='lat' dir='ltr'><strong>Caput</strong></span> <span class='ocrx_word' id='word_1_762' title='bbox 2172 4826 2533 4880; x_wconf 73' lang='lat' dir='ltr'><strong>sanctissima:</strong></span> <span class='ocrx_word' id='word_1_763' title='bbox 2564 4824 2659 4879; x_wconf 87' lang='lat' dir='ltr'><strong>Dei</strong></span> <span class='ocrx_word' id='word_1_764' title='bbox 2694 4823 2915 4890; x_wconf 87' lang='lat' dir='ltr'><strong>majoris</strong></span> <span class='ocrx_word' id='word_1_765' title='bbox 2950 4823 3227 4886; x_wconf 69' lang='lat' dir='ltr'><strong>Ecclesia),</strong></span> <span class='ocrx_word' id='word_1_766' title='bbox 3263 4840 3454 4879; x_wconf 84' lang='lat' dir='ltr'><strong>secun-</strong></span> 
     </span>
    </p>
   </div>
   <div class='ocr_carea' id='block_1_111' title="bbox 1894 4914 3449 4983">
    <p class='ocr_par' dir='ltr' id='par_1_111' title="bbox 1894 4914 3449 4983">
     <span class='ocr_line' id='line_1_111' title="bbox 1894 4914 3449 4983; baseline -0.002 -13"><span class='ocrx_word' id='word_1_767' title='bbox 1894 4918 2022 4971; x_wconf 91' lang='lat' dir='ltr'><strong>dum</strong></span> <span class='ocrx_word' id='word_1_768' title='bbox 2048 4925 2211 4983; x_wconf 90' lang='lat' dir='ltr'><strong>caput</strong></span> <span class='ocrx_word' id='word_1_769' title='bbox 2241 4915 2372 4968; x_wconf 88' lang='lat' dir='ltr'><strong>illud</strong></span> <span class='ocrx_word' id='word_1_770' title='bbox 2406 4916 2639 4982; x_wconf 89' lang='lat' dir='ltr'><strong>primum</strong></span> <span class='ocrx_word' id='word_1_771' title='bbox 2668 4914 2827 4967; x_wconf 92' lang='lat' dir='ltr'><strong>initio</strong></span> <span class='ocrx_word' id='word_1_772' title='bbox 2856 4929 3051 4967; x_wconf 88' lang='lat' dir='ltr'><strong>carens</strong></span> <span class='ocrx_word' id='word_1_773' title='bbox 3090 4924 3141 4968; x_wconf 91' lang='lat' dir='ltr'><strong>et</strong></span> <span class='ocrx_word' id='word_1_774' title='bbox 3169 4926 3449 4977; x_wconf 67' lang='lat' dir='ltr'><strong>aeternum,</strong></span> 
     </span>
    </p>
   </div>
   <div class='ocr_carea' id='block_1_112' title="bbox 1893 5001 3452 5071">
    <p class='ocr_par' dir='ltr' id='par_1_112' title="bbox 1893 5001 3452 5071">
     <span class='ocr_line' id='line_1_112' title="bbox 1893 5001 3452 5071; baseline -0.002 -13"><span class='ocrx_word' id='word_1_775' title='bbox 1893 5016 1943 5059; x_wconf 91' lang='lat' dir='ltr'><strong>et</strong></span> <span class='ocrx_word' id='word_1_776' title='bbox 1980 5004 2202 5056; x_wconf 76' lang='lat' dir='ltr'><strong>infinita:</strong></span> <span class='ocrx_word' id='word_1_777' title='bbox 2244 5005 2518 5071; x_wconf 65' lang='lat' dir='ltr'><strong>potentiae,</strong></span> <span class='ocrx_word' id='word_1_778' title='bbox 2570 5001 2852 5055; x_wconf 87' lang='lat' dir='ltr'><strong>Dominum</strong></span> <span class='ocrx_word' id='word_1_779' title='bbox 2887 5001 3164 5070; x_wconf 88' lang='lat' dir='ltr'><strong>Deumque</strong></span> <span class='ocrx_word' id='word_1_780' title='bbox 3205 5013 3452 5057; x_wconf 91' lang='lat' dir='ltr'><strong>nostrum</strong></span> 
     </span>
    </p>
   </div>
   <div class='ocr_carea' id='block_1_113' title="bbox 1892 5093 3450 5162">
    <p class='ocr_par' dir='ltr' id='par_1_113' title="bbox 1892 5093 3450 5162">
     <span class='ocr_line' id='line_1_113' title="bbox 1892 5093 3450 5162; baseline 0 -15"><span class='ocrx_word' id='word_1_781' title='bbox 1892 5094 2075 5148; x_wconf 71' lang='lat' dir='ltr'><strong>Iesum</strong></span> <span class='ocrx_word' id='word_1_782' title='bbox 2110 5094 2406 5154; x_wconf 86' lang='lat' dir='ltr'><strong>Christum,</strong></span> <span class='ocrx_word' id='word_1_783' title='bbox 2445 5100 2526 5146; x_wconf 87' lang='lat' dir='ltr'><strong>est</strong></span> <span class='ocrx_word' id='word_1_784' title='bbox 2575 5093 2872 5162; x_wconf 87' lang='lat' dir='ltr'><strong>spiritttalis</strong></span> <span class='ocrx_word' id='word_1_785' title='bbox 2916 5094 3001 5147; x_wconf 88' lang='lat' dir='ltr'><strong>ille</strong></span> <span class='ocrx_word' id='word_1_786' title='bbox 3039 5109 3273 5161; x_wconf 79' lang='lat' dir='ltr'><strong>sponsus</strong></span> <span class='ocrx_word' id='word_1_787' title='bbox 3312 5095 3450 5161; x_wconf 87' lang='lat' dir='ltr'><strong>ejus,</strong></span> 
     </span>
    </p>
   </div>
   <div class='ocr_carea' id='block_1_114' title="bbox 1892 5183 3451 5251">
    <p class='ocr_par' dir='ltr' id='par_1_114' title="bbox 1892 5183 3451 5251">
     <span class='ocr_line' id='line_1_114' title="bbox 1892 5183 3451 5251; baseline 0 -14"><span class='ocrx_word' id='word_1_788' title='bbox 1892 5184 2273 5237; x_wconf 87' lang='lat' dir='ltr'><strong>sanctissimus</strong></span> <span class='ocrx_word' id='word_1_789' title='bbox 2332 5183 2599 5250; x_wconf 88' lang='lat' dir='ltr'><strong>cujusque</strong></span> <span class='ocrx_word' id='word_1_790' title='bbox 2661 5185 2917 5250; x_wconf 89' lang='lat' dir='ltr'><strong>temporis</strong></span> <span class='ocrx_word' id='word_1_791' title='bbox 2978 5185 3300 5237; x_wconf 85' lang='lat' dir='ltr'><strong>universalis</strong></span> <span class='ocrx_word' id='word_1_792' title='bbox 3362 5202 3451 5251; x_wconf 54' lang='lat' dir='ltr'><strong>pa-</strong></span> 
     </span>
    </p>
   </div>
   <div class='ocr_carea' id='block_1_115' title="bbox 1895 5270 3450 5341">
    <p class='ocr_par' dir='ltr' id='par_1_115' title="bbox 1895 5270 3450 5341">
     <span class='ocr_line' id='line_1_115' title="bbox 1895 5270 3450 5341; baseline 0.001 -17"><span class='ocrx_word' id='word_1_793' title='bbox 1895 5274 2157 5324; x_wconf 88' lang='lat' dir='ltr'><strong>triarcha.</strong></span> <span class='ocrx_word' id='word_1_794' title='bbox 2192 5270 2327 5324; x_wconf 89' lang='lat' dir='ltr'><strong>Cum</strong></span> <span class='ocrx_word' id='word_1_795' title='bbox 2384 5280 2563 5325; x_wconf 89' lang='lat' dir='ltr'><strong>autem</strong></span> <span class='ocrx_word' id='word_1_796' title='bbox 2614 5272 2985 5327; x_wconf 84' lang='lat' dir='ltr'><strong>ecclesiastica</strong></span> <span class='ocrx_word' id='word_1_797' title='bbox 3032 5274 3154 5341; x_wconf 89' lang='lat' dir='ltr'><strong>jura</strong></span> <span class='ocrx_word' id='word_1_798' title='bbox 3206 5274 3450 5326; x_wconf 83' lang='lat' dir='ltr'><strong>bifariam</strong></span> 
     </span>
    </p>
   </div>
   <div class='ocr_carea' id='block_1_116' title="bbox 1892 5361 3452 5428">
    <p class='ocr_par' dir='ltr' id='par_1_116' title="bbox 1892 5361 3452 5428">
     <span class='ocr_line' id='line_1_116' title="bbox 1892 5361 3452 5428; baseline 0.002 -14"><span class='ocrx_word' id='word_1_799' title='bbox 1892 5361 2228 5421; x_wconf 86' lang='lat' dir='ltr'><strong>dividantur,</strong></span> <span class='ocrx_word' id='word_1_800' title='bbox 2280 5362 2550 5422; x_wconf 87' lang='lat' dir='ltr'><strong>videlicet,</strong></span> <span class='ocrx_word' id='word_1_801' title='bbox 2588 5362 2638 5413; x_wconf 90' lang='lat' dir='ltr'><strong>in</strong></span> <span class='ocrx_word' id='word_1_802' title='bbox 2687 5377 2769 5426; x_wconf 90' lang='lat' dir='ltr'><strong>ea,</strong></span> <span class='ocrx_word' id='word_1_803' title='bbox 2808 5379 2925 5428; x_wconf 86' lang='lat' dir='ltr'><strong>qu:e</strong></span> <span class='ocrx_word' id='word_1_804' title='bbox 2970 5365 3133 5416; x_wconf 79' lang='lat' dir='ltr'><strong>variis</strong></span> <span class='ocrx_word' id='word_1_805' title='bbox 3176 5364 3347 5416; x_wconf 86' lang='lat' dir='ltr'><strong>modis</strong></span> <span class='ocrx_word' id='word_1_806' title='bbox 3388 5365 3452 5417; x_wconf 84' lang='lat' dir='ltr'><strong>ad</strong></span> 
     </span>
    </p>
   </div>
   <div class='ocr_carea' id='block_1_117' title="bbox 1892 5452 3452 5521">
    <p class='ocr_par' dir='ltr' id='par_1_117' title="bbox 1892 5452 3452 5521">
     <span class='ocr_line' id='line_1_117' title="bbox 1892 5452 3452 5521; baseline 0.002 -18"><span class='ocrx_word' id='word_1_807' title='bbox 1892 5452 2063 5519; x_wconf 85' lang='lat' dir='ltr'><strong>ipsam</strong></span> <span class='ocrx_word' id='word_1_808' title='bbox 2099 5452 2395 5504; x_wconf 69' lang='lat' dir='ltr'><strong>licclesiani</strong></span> <span class='ocrx_word' id='word_1_809' title='bbox 2432 5452 2703 5518; x_wconf 88' lang='lat' dir='ltr'><strong>pertinent</strong></span> <span class='ocrx_word' id='word_1_810' title='bbox 2732 5470 2746 5516; x_wconf 88' lang='lat'><strong>;</strong></span> <span class='ocrx_word' id='word_1_811' title='bbox 2779 5461 2832 5505; x_wconf 88' lang='lat' dir='ltr'><strong>et</strong></span> <span class='ocrx_word' id='word_1_812' title='bbox 2872 5455 2924 5505; x_wconf 93' lang='lat' dir='ltr'><strong>in</strong></span> <span class='ocrx_word' id='word_1_813' title='bbox 2968 5468 3049 5515; x_wconf 89' lang='lat' dir='ltr'><strong>ea,</strong></span> <span class='ocrx_word' id='word_1_814' title='bbox 3082 5468 3199 5519; x_wconf 70' lang='lat' dir='ltr'><strong>qum</strong></span> <span class='ocrx_word' id='word_1_815' title='bbox 3233 5469 3326 5521; x_wconf 88' lang='lat' dir='ltr'><strong>per</strong></span> <span class='ocrx_word' id='word_1_816' title='bbox 3360 5470 3452 5506; x_wconf 89' lang='lat' dir='ltr'><strong>ca-</strong></span> 
     </span>
    </p>
   </div>
   <div class='ocr_carea' id='block_1_118' title="bbox 1894 5543 3455 5613">
    <p class='ocr_par' dir='ltr' id='par_1_118' title="bbox 1894 5543 3455 5613">
     <span class='ocr_line' id='line_1_118' title="bbox 1894 5543 3455 5613; baseline 0.001 -17"><span class='ocrx_word' id='word_1_817' title='bbox 1894 5559 2063 5597; x_wconf 83' lang='lat' dir='ltr'><strong>nones</strong></span> <span class='ocrx_word' id='word_1_818' title='bbox 2098 5543 2451 5611; x_wconf 86' lang='lat' dir='ltr'><strong>peculiariter</strong></span> <span class='ocrx_word' id='word_1_819' title='bbox 2486 5544 2697 5597; x_wconf 82' lang='lat' dir='ltr'><strong>addicta</strong></span> <span class='ocrx_word' id='word_1_820' title='bbox 2736 5554 2862 5598; x_wconf 91' lang='lat' dir='ltr'><strong>sunt</strong></span> <span class='ocrx_word' id='word_1_821' title='bbox 2900 5545 3221 5611; x_wconf 69' lang='lat' dir='ltr'><strong>patriarchae</strong></span> <span class='ocrx_word' id='word_1_822' title='bbox 3250 5563 3261 5595; x_wconf 90' lang='lat'>:</span> <span class='ocrx_word' id='word_1_823' title='bbox 3294 5561 3455 5613; x_wconf 86' lang='lat' dir='ltr'><strong>opor-</strong></span> 
     </span>
    </p>
   </div>
   <div class='ocr_carea' id='block_1_119' title="bbox 1892 5635 3455 5704">
    <p class='ocr_par' dir='ltr' id='par_1_119' title="bbox 1892 5635 3455 5704">
     <span class='ocr_line' id='line_1_119' title="bbox 1892 5635 3455 5704; baseline 0.001 -17"><span class='ocrx_word' id='word_1_824' title='bbox 1892 5635 1995 5687; x_wconf 93' lang='lat' dir='ltr'><strong>tuit</strong></span> <span class='ocrx_word' id='word_1_825' title='bbox 2053 5637 2278 5688; x_wconf 89' lang='lat' dir='ltr'><strong>omnino</strong></span> <span class='ocrx_word' id='word_1_826' title='bbox 2336 5635 2608 5702; x_wconf 89' lang='lat' dir='ltr'><strong>principes</strong></span> <span class='ocrx_word' id='word_1_827' title='bbox 2682 5646 2900 5689; x_wconf 85' lang='lat' dir='ltr'><strong>nostros</strong></span> <span class='ocrx_word' id='word_1_828' title='bbox 2957 5638 3311 5697; x_wconf 78' lang='lat' dir='ltr'><strong>orthodoxos.</strong></span> <span class='ocrx_word' id='word_1_829' title='bbox 3362 5637 3455 5704; x_wconf 88' lang='lat' dir='ltr'><strong>qui</strong></span> 
     </span>
    </p>
   </div>
   <div class='ocr_carea' id='block_1_120' title="bbox 1893 5726 3459 5795">
    <p class='ocr_par' dir='ltr' id='par_1_120' title="bbox 1893 5726 3459 5795">
     <span class='ocr_line' id='line_1_120' title="bbox 1893 5726 3459 5795; baseline 0.002 -18"><span class='ocrx_word' id='word_1_830' title='bbox 1893 5726 2057 5779; x_wconf 84' lang='lat' dir='ltr'><strong>rebus</strong></span> <span class='ocrx_word' id='word_1_831' title='bbox 2084 5726 2344 5778; x_wconf 63' lang='lat' dir='ltr'><strong>Ecclesiae</strong></span> <span class='ocrx_word' id='word_1_832' title='bbox 2370 5736 2573 5779; x_wconf 84' lang='lat' dir='ltr'><strong>certam</strong></span> <span class='ocrx_word' id='word_1_833' title='bbox 2606 5727 2774 5793; x_wconf 76' lang='lat' dir='ltr'><strong>legem</strong></span> <span class='ocrx_word' id='word_1_834' title='bbox 2802 5726 3085 5790; x_wconf 81' lang='lat' dir='ltr'><strong>dederunt,</strong></span> <span class='ocrx_word' id='word_1_835' title='bbox 3114 5730 3221 5781; x_wconf 70' lang='lat' dir='ltr'><strong>haec</strong></span> <span class='ocrx_word' id='word_1_836' title='bbox 3252 5729 3459 5795; x_wconf 84' lang='lat' dir='ltr'><strong>disper-</strong></span> 
     </span>
    </p>
   </div>
  </div>
