4214 6450
807 374 941 440 1039

2038 392 2313 453 THEOD.
2357 392 2445 452 BA
2457 392 2828 454 LSAMONIS

3880 399 4012 459 1040

801 507 891 559 tiri
942 507 997 558 ln
1053 504 1291 572 quinque
1341 509 1679 558 secretorum
1730 502 1980 571 religiosa
2026 502 2465 566 ratiocinia;At

2340 520 2346 564 ;
2378 507 2423 562 Α
2453 502 2605 555 θέσια
2637 520 2650 534 ο
2675 504 2769 556 καὶ
2804 501 3079 555 ἀναθεῖναι
3123 506 3218 573 τὴν
3247 504 3447 557 τούτων
3503 505 3772 575 διοίκησιν
3826 507 4004 561 διακο-

804 605 965 663 atque
1026 592 1219 645 horum
1279 591 1805 646 administrationem
1860 591 2021 644 certis
2080 591 2346 643 ministris

798 681 1158 736 committere.
1200 678 1333 733 Nam
1383 680 1604 733 minime
1646 679 1998 732 conveniebat
2045 679 2216 746 ipsum
2256 690 2348 743 pa-

799 768 1113 831 triarcbam,
1176 776 1284 822 tam
1346 768 1629 838 insigniter
1683 769 1738 821 in
1797 768 2052 822 omnibus
2110 766 2344 834 speciem

798 858 981 928 sponsi
1013 873 1121 925 prae
1152 871 1209 911 se
1239 856 1527 922 ferentem,
1550 858 1803 926 occupari
1836 855 2117 910 tractando
2148 863 2343 915 rastro,

798 947 1197 1015 mancipiisque
1234 945 1514 999 satiandis.
1547 945 1675 999 Inde
1708 945 1870 1013 igitur
1896 946 1950 998 in
1993 945 2137 997 hunc
2178 957 2348 1007 usque

794 1033 957 1093 diem,
989 1046 1016 1083 a
1044 1033 1284 1099 quinque
1313 1032 1630 1099 prasidibus
1652 1046 1787 1101 quos
1811 1031 2178 1098 magistratus.
2210 1031 2347 1082 Exo-

795 1120 1085 1173 catacaalos
1129 1120 1378 1181 dicimus,
1426 1128 1680 1187 tanquam
1730 1133 1759 1170 a
1806 1119 2047 1187 quinque
2094 1117 2346 1170 sensibus

795 1208 907 1261 haec
930 1208 1379 1261 administrantur
1407 1225 1419 1259 :
1455 1209 1712 1261 nimirum
1746 1222 1773 1259 a
1821 1222 2016 1273 magno
2041 1220 2343 1270 (economo,

793 1310 821 1347 a
870 1310 1066 1360 magno
1128 1296 1449 1357 sacellario,
1511 1309 1540 1345 a
1598 1309 1793 1362 magno
1855 1293 2258 1360 scevophylace,
2314 1306 2344 1344 a

794 1383 1147 1447 cbartulario,
1199 1393 1253 1437 et
1290 1398 1351 1437 ea
1394 1384 1623 1451 praeside
1666 1382 1890 1435 sacellii.
1935 1380 2161 1448 Magnus
2200 1393 2345 1432 (Bco-

792 1488 989 1526 nomus
1037 1473 1360 1540 praediorum
1399 1470 1892 1524 ecclesiasticorum
1931 1482 2116 1520 curam
2159 1466 2296 1533 gerit
2329 1482 2342 1518 :

793 1576 1020 1630 magnus
1080 1561 1397 1616 sacellarius
1450 1567 1561 1612 tam
1618 1559 1843 1621 urbana,
1899 1572 2059 1625 quam
2121 1557 2346 1610 ulterius

801 1652 905 1705 sita
948 1652 1275 1705 monasteria
1309 1659 1464 1702 curat
1485 1649 1625 1717 (cum
1662 1648 1810 1701 urbis
1846 1646 2202 1715 imperatricis
2254 1646 2347 1699 de-

793 1740 929 1792 cima
974 1740 1132 1793 tertia
1158 1741 1326 1807 regio,
1350 1739 1419 1791 sit
1448 1737 1565 1805 ejus
1595 1738 1741 1805 regio
1765 1736 2048 1804 extrema),
2078 1735 2143 1789 de
2175 1735 2346 1789 sacris

793 1831 1022 1886 cimeliis
1050 1830 1316 1884 sollicitus
1342 1838 1423 1883 est
1452 1843 1678 1898 magnus
1712 1829 1800 1882 ille
1831 1843 2082 1881 vasorum
2117 1838 2303 1881 custos
2329 1843 2344 1880 :

793 1923 1143 1977 ecclesiarum
1215 1920 1269 1974 in
1327 1902 1540 1989 genere,
1604 1925 1765 1987 atque
1816 1920 1977 1971 etiam
2030 1918 2348 1986 empbyteu-

793 2012 935 2065 sium
1012 2011 1449 2073 administratio,
1523 2024 1690 2079 penes
1767 2008 1971 2063 sacellii
2032 2007 2344 2077 praefectum

789 2110 893 2159 est.

858 2194 1231 2250 Chartularius
1258 2200 1435 2249 autem
1469 2208 1565 2263 pro
1586 2209 1682 2249 sua
1706 2201 1855 2263 parte
1883 2194 2030 2251 solus
2055 2206 2116 2247 ea
2145 2192 2348 2261 dirigit,

790 2302 910 2354 qua
940 2288 1061 2355 jure
1101 2287 1448 2355 pontiﬁcatus
1479 2286 1543 2339 ad
1571 2286 1929 2355 patriarcham
1968 2286 2258 2353 pertinent.
2284 2284 2348 2337 Et

788 2391 896 2446 quo
943 2376 1159 2445 quidem
1210 2385 1365 2444 pacto
1411 2385 1727 2429 ceterorum
1780 2388 2011 2444 quatuor
2058 2374 2345 2444 praesidum

789 2465 1160 2520 institutiones
1212 2480 1306 2520 seu
1354 2464 1644 2519 electiones
1679 2464 1790 2519 Ileri
1836 2466 2028 2518 debere
2077 2464 2346 2519 sancitum

789 2560 878 2614 sit,
910 2563 960 2605 et
990 2561 1121 2621 quot
1146 2568 1267 2605 nam
1297 2554 1520 2622 quilibet
1550 2554 1739 2606 horum
1758 2553 2117 2607 chartularios
2148 2552 2349 2605 laboris

788 2652 1071 2694 consortes
1123 2640 1341 2703 habeat,
1373 2648 1569 2707 quotve
1602 2654 1701 2693 suo
1730 2640 1782 2692 in
1810 2647 2017 2693 secreto
2045 2638 2344 2700 ministros,

790 2728 1019 2782 alienum
1070 2729 1170 2782 hoc
1222 2728 1345 2783 loco
1392 2728 1555 2781 fuerit
1595 2728 1792 2783 dicere.
1842 2725 1959 2781 Non
1986 2727 2129 2781 enim
2166 2726 2235 2782 de
2262 2727 2348 2782 his

789 2814 935 2884 loqui
990 2831 1133 2869 nunc
1169 2816 1529 2870 instituimus.
1574 2813 1725 2869 Unde
1758 2830 1906 2881 vero,
1950 2824 2001 2870 et
2028 2815 2260 2884 qualiter
2293 2816 2347 2869 id

787 2904 1152 2959 venerationis
1185 2904 1239 2959 in
1277 2904 1452 2973 signis
1499 2903 1907 2974 cbartophylaci
1953 2904 2245 2969 tribuatur,
2288 2914 2350 2959 ut

786 3006 849 3046 os
880 3003 933 3046 et
972 3008 1163 3048 manus
1193 2994 1511 3063 patriarcha
1540 3002 1907 3062 nuncupetur,
1942 2993 2350 3064 inquirendum.

786 3080 853 3135 Et
876 3083 1002 3150 quia
1047 3084 1291 3137 nonnulli
1324 3099 1520 3137 nomen
1550 3085 1985 3153 cbartophylacis
2018 3100 2082 3137 ex
2114 3100 2179 3138 eo
2207 3085 2351 3139 deri-

786 3179 938 3234 vant,
967 3172 1109 3239 quod
1141 3172 1485 3225 membranas
1511 3172 1625 3225 sive
1648 3170 1864 3225 codices
1881 3169 2150 3224 custodiat
2180 3187 2194 3222 :
2226 3178 2349 3223 ante

786 3260 969 3312 omnia
1002 3260 1320 3323 tollendum,
1372 3260 1515 3329 quod
1552 3260 1675 3314 inde
1705 3261 1857 3314 nasci
1890 3269 2092 3329 posset,
2121 3261 2351 3314 scanda-

786 3349 914 3403 lum.
950 3348 1347 3418 Cbartophylax
1399 3365 1506 3404 non
1540 3360 1644 3416 est,
1677 3351 1754 3404 uti
1793 3350 2010 3420 quidam
2042 3350 2348 3419 perhibent,

788 3448 975 3492 custos
1001 3438 1215 3502 secreti,
1246 3446 1299 3491 et
1359 3438 1571 3507 janitor
1626 3440 1785 3508 (nam
1816 3439 2161 3493 ostiariorum
2198 3447 2349 3491 vetus

784 3541 845 3581 ea
868 3527 1136 3598 professio
1163 3527 1305 3596 est),
1339 3527 1433 3581 sed
1476 3527 1705 3581 idoneus
1726 3529 1928 3595 jurium
1963 3528 2347 3595 episcopalium

785 3624 1025 3670 curator.
1065 3617 1157 3669 Sic
1186 3618 1327 3671 enim
1362 3624 1415 3672 et
1458 3618 1921 3687 nomopliylacem,
1956 3626 2009 3670 et
2045 3618 2349 3687 scevOphy-

786 3704 957 3757 lacem
984 3710 1286 3758 castrorum
1313 3706 1574 3774 principis
1598 3704 1849 3761 dicimus.
1876 3704 2028 3771 Quod
2061 3706 2107 3761 si
2139 3706 2350 3760 fortiter

785 3793 886 3846 hoc
912 3792 1217 3848 inﬁciantes
1240 3806 1507 3862 quaerant,
1548 3796 1642 3863 qui
1676 3796 1787 3857 ﬂat,
1808 3802 1868 3849 ut
1894 3795 2125 3849 aliorum
2164 3809 2348 3849 secre-

784 3894 961 3937 torum
989 3885 1270 3952 praesides,
1293 3898 1403 3937 non
1420 3884 1673 3938 dicantur
1684 3885 1961 3949 custodes,
1983 3900 2107 3937 cum
2130 3884 2346 3951 quidem

782 3987 963 4026 rerum
1016 3968 1493 4043 adniinis'tratores
1534 3975 1684 4038 sint;
1740 3988 1837 4027 cur
1890 3988 2074 4038 unus,
2120 3988 2348 4042 magnus

780 4070 1004 4113 vocetur
1053 4073 1371 4114 (nconomus
1424 4077 1441 4125 ;
1515 4060 1673 4124 alius,
1721 4075 1948 4128 magnus
2007 4060 2345 4124 sacellarius,

782 4147 943 4209 alius,
977 4147 1179 4201 sacellii
1208 4146 1498 4216 praefectus
1525 4164 1538 4200 :
1570 4148 1813 4209 audiant,
1843 4149 1985 4201 idem
2016 4162 2136 4201 esse
2153 4162 2348 4203 nomen

780 4237 1077 4297 «conoml,
1114 4234 1387 4298 custodis,
1431 4236 1700 4289 sacellarii
1744 4244 1797 4290 et
1837 4236 2040 4290 sacellii
2082 4236 2344 4305 pralecti.

780 4321 914 4374 Nam
950 4323 1090 4390 apud
1113 4321 1391 4377 Romanos
1421 4326 1679 4377 sacellum
1709 4325 1776 4377 ab
1807 4325 2275 4380 administratione
2295 4334 2349 4380 et

2448 593 2652 658 νηταῐς.
2692 590 2823 643 Οὐδὲ
2855 592 2959 659 γὰρ
2984 591 3201 645 ἔδειτδν
3229 593 3398 655 οὕτως
3436 595 3721 662 ἀγακλεῶς
3762 599 3823 647 έν
3872 600 4005 649 πᾶσι

2448 678 2997 747 νυμφοστολούμενον,
3030 680 3158 749 περὶ
3193 684 3476 751 σκαπάνην
3510 684 3874 751 ἀσχολεῐσθαι
3914 686 4011 738 καὶ

2446 762 2641 816 δούλων
2667 766 3036 833 χορτάσματα.
3074 769 3295 819 Ἐκτοτε
3324 771 3452 835 γοῦν
3480 772 3573 822 καὶ
3608 772 3766 839 μέχρι
3790 772 3895 824 τοῦ
3916 773 4012 825 νῦν

2447 852 2595 919 παρὰ
2628 853 2784 903 πέντε
2817 853 3270 923 προκαθημένων,
3304 859 3410 909 τῶν
3433 858 3889 920 έξωκατακοίλων
3920 863 4012 927 ἀρα

2445 936 2644 1003 χόντων
2679 940 2842 1005 φημὶ,
2866 939 2940 1000 ὡς
2973 940 3075 991 ὑπὸ
3097 942 3258 993 πέντε
3314 944 3618 1012 αῑσθήσεων
3657 946 3823 996 ταυτὶ
3874 946 4013 1009 διεξ-

2448 1025 2668 1092 άγονται
2696 1043 2709 1056 °
2743 1030 2908 1095 ἦγουν
2932 1029 3025 1079 τοῦ
3050 1031 3284 1097 μεγάλου
3307 1032 3610 1099 οἰκονόμου,
3633 1031 3733 1084 τοῦ
3764 1033 4009 1100 μεγάλου

2448 1113 2814 1183 σακελλαρίου,
2846 1116 2935 1166 τοῦ
2965 1117 3199 1184 μεγάλου
3228 1119 3648 1185 σκευοφύλακος,
3670 1120 3771 1171 τοῦ
3804 1138 3876 1187 χα
3889 1137 4010 1187 peo-

2447 1204 2702 1267 φύλακος,
2740 1206 2835 1256 καὶ
2855 1204 2948 1256 τοῦ
2977 1206 3281 1259 σακελλιου.
3318 1209 3428 1260 Καὶ
3488 1207 3601 1275 ἔχει
3635 1209 3745 1260 τῶν
3800 1212 4008 1277 ἐκκληο

2448 1293 2734 1344 σιαστικῶν
2774 1295 3073 1363 κτημάτων
3099 1296 3196 1363 τὴν
3224 1298 3499 1364 πρόνοιαν.
3540 1300 3567 1349 6
3624 1297 3804 1364 μέγας
3862 1302 4009 1349 οἱκο-

2446 1382 2607 1448 νόμος
2634 1398 2646 1413 ·
2679 1382 2787 1433 τῶν
2808 1384 2947 1434 κατὰ
2973 1384 3145 1448 πόλιν,
3189 1384 3285 1437 καὶ
3318 1386 3423 1437 τῶν
3466 1386 3781 1454 περατικῶν
3833 1404 4008 1454 μονα·

2448 1469 2681 1535 στηριων
2702 1470 2800 1537 τὴν
2834 1470 3102 1538 μέριμναν
3136 1473 3599 1541 (τρισκαιδέκατος
3644 1474 3756 1542 γὰρ
3798 1473 4010 1540 ῥεγεὼν

2445 1557 2542 1623 τῆς
2596 1558 2979 1625 βασιλευούσης
3015 1561 3122 1611 τῶν
3179 1562 3421 1625 πόλεων,
3463 1566 3494 1630 ὴ
3539 1564 3740 1627 περαια
3801 1563 4011 1631 ταύτης

2446 1646 2642 1714 εστὶν),
2675 1648 2702 1698 6
2736 1650 2905 1716 μέγας
2938 1651 3289 1721 σακελλάριος
3321 1668 3334 1681 -
3367 1652 3475 1703 τῶν
3508 1653 3666 1721 ιερῶν
3697 1653 4010 1722 κειμηλίων

2445 1734 2541 1805 τὴν
2565 1738 2897 1804 ἐπιμέλειαν,
2926 1741 2953 1791 6
2989 1740 3162 1806 μέγας
3210 1741 3544 1808 σκευοφύλαξ
3565 1756 3579 1772 ο
3609 1743 3702 1794 καὶ
3726 1743 3842 1794 τῶν
3874 1742 4007 1794 καθα

2446 1825 2639 1877 ολικῶν
2695 1827 3014 1896 ἐκκλησιῶν,
3077 1830 3211 1897 πρὸς
3244 1829 3300 1881 δὲ
3353 1831 3445 1882 καὶ
3478 1831 3582 1882 τῶν
3612 1831 4009 1898 έμφυτεύσεων

2448 1913 2547 1982 τὴν
2568 1914 2853 1982 διοίκησιν,
2882 1917 2910 1967 6
2943 1917 3246 1971 σακελλίου.

2526 2186 2586 2241 '0
2614 2187 2670 2241 δδ
2713 2190 3050 2258 χαρτοφύλαξ
3115 2189 3423 2243 κατευθύνει
3473 2189 3794 2259 μονομερῶς
3830 2190 3901 2241 τὰ
3936 2191 4010 2259 τῷ

2451 2278 2757 2345 πατριάρχῃ
2779 2318 2792 2340 ,
2849 2278 3040 2347 δικαίῳ
3078 2279 3175 2347 τῆς
3206 2279 3647 2348 ἀρχιερωσύνης,
3709 2282 4007 2348 ἀνήκοντα.

2451 2366 2635 2429 Ὅπως
2674 2367 2770 2435 μέν
2798 2366 2889 2420 οὖν
2924 2367 3031 2420 τῶν
3066 2367 3239 2420 ἄλλων
3264 2369 3543 2437 τεσσάρων
3566 2368 4012 2438 προκαθημένων

2448 2452 2544 2513 τὰς
2605 2452 2931 2522 προσλήσεις
2998 2455 3301 2507 τετύπωται
3346 2455 3608 2521 γίνεσθαι,
3670 2456 3769 2507 καὶ
3810 2459 4011 2517 πόσους

2446 2540 2675 2593 ικαστον
2703 2545 2904 2594 τούτων
2936 2543 3047 2610 ἔχει
3083 2545 3499 2613 χαρτουλαρὶους
3534 2544 3625 2596 τοῦ
3662 2545 3837 2596 κόπου
3874 2562 4013 2612 συμο

2451 2632 2735 2701 μεριστάς,
2784 2634 2875 2685 καὶ
2905 2634 3101 2694 πόσους
3139 2635 3486 2701 σεκρετικοὺς
3530 2634 3885 2702 διακονητὰς,
3912 2634 4011 2685 οὐκ

2448 2722 2562 2774 [στι
2610 2723 2787 2790 λέγειν
2816 2724 3027 2792 καιρός.
3085 2722 3219 2777 Οὐδὲ
3257 2726 3363 2792 γὰρ
3406 2727 3529 2792 περὶ
3573 2726 3780 2775 τούτων
3837 2728 4012 2776 εἰπεῖν

2448 2813 2807 2881 προεθέμεθα.
2869 2814 3028 2866 Ὅθεν
3057 2815 3133 2875 δὲ,
3185 2818 3275 2867 καὶ
3307 2817 3452 2878 ὅπως
3483 2817 3509 2866 6
3541 2815 3894 2884 χαρτοφύλαξ
3927 2832 4013 2868 σε·

2452 2900 2786 2969 μνολογετται
2814 2902 3175 2967 πανευκλεῶς,
3207 2904 3298 2956 καὶ
3332 2904 3575 2956 καλεῖται
3607 2904 3699 2955 τοῦ
3732 2907 4010 2973 πατριάρο

2448 3007 2542 3060 χου
2584 2992 2754 3059 στόμα
2786 2992 2878 3043 καὶ
2908 2994 3048 3060 χεὶρ,
3084 2990 3364 3062 ζητητέον.
3411 2994 3560 3045 Ἐπεὶ
3590 2994 3647 3046 δέ
3681 3012 3831 3056 τινες
3868 3011 4012 3064 παρ-

2450 3078 2812 3145 ωνυμίζεσθαι
2867 3078 2957 3131 τὸν
3030 3081 3414 3148 χαρτοφύλακα
3483 3081 3728 3133 θέλουσιν
3794 3085 3864 3135 ἐκ
3922 3083 4010 3135 τώ

2453 3164 2738 3231 φυλάττειν
2775 3164 3089 3234 μεμςράνας
3137 3168 3257 3235 ἦτοι
3322 3170 3568 3228 κωὸίκια,
3631 3174 4015 3238 περιαιρετέον

2454 3254 2558 3323 πρὸ
2613 3256 2829 3307 πάντων
2868 3255 2928 3307 τὸ
2958 3258 3024 3307 ὲκ
3051 3256 3239 3308 τούτου
3270 3259 3531 3326 φυόμενον
3563 3259 3889 3311 σκάνδαλον.
3959 3261 4013 3311 'U

2451 3341 2793 3411 χαρτοφύλαε
2820 3345 2921 3396 οὐκ
2951 3345 3115 3408 ἐστιν,
3149 3345 3223 3408 ὣς
3242 3364 3381 3408 τινες
3414 3348 3682 3413 λέγουσιν,
3717 3348 3899 3414 φύλαξ
3923 3348 4013 3400 τοῦ

2452 3436 2730 3505 σεκρέτου,
2784 3436 2880 3487 καὶ
2928 3436 3171 3506 θυρωρὸς
3220 3439 3395 3507 (τοῦτο
3435 3440 3541 3507 γὰρ
3574 3439 3684 3490 τῶν
3722 3441 4014 3509 όστιαριων

2450 3522 2675 3591 ἀρχαῖον
2702 3525 3067 3592 έπάγγελμα)·
3090 3528 3461 3579 ὲπισκοπικῶν
3500 3528 3555 3579 δὲ
3585 3528 3814 3579 δικαίων
3850 3545 4014 3597 φρον-

2449 3613 2636 3681 τιστὴς
2665 3610 2977 3679 ἀξιόμαχος.
3013 3610 3169 3663 Οὕτω
3199 3614 3304 3681 γὰρ
3334 3616 3427 3665 καὶ
3477 3612 3790 3679 νομοφύλαξ
3829 3617 4012 3666 καλεῖ·

2449 3719 2561 3767 ται,
2599 3703 2689 3754 καὶ
2720 3702 3060 3768 σκευοφυλαξ
3094 3703 3457 3771 στρατοπέδου
3495 3704 3800 3773 βασιλικοῦ.
3862 3706 3926 3757 Ei
3972 3706 4014 3756 δ’

2450 3793 2916 3862 ἀπισχυρίζονται,
2956 3794 3073 3855 πῶς
3124 3794 3229 3845 τῶν
3270 3794 3448 3847 ἄλλων
3490 3796 3764 3861 σεκρέτων
3794 3796 3846 3847 ot
3887 3812 4017 3865 προ-

2450 3883 2771 3951 καθήμενοι,
2806 3884 3051 3950 φύλακες
3084 3883 3145 3935 οὐ
3180 3884 3667 3952 κατονομάζονται,
3722 3887 3815 3937 καὶ
3844 3886 4017 3939 ταῦτα

2451 3974 2787 4042 πραγμάτων
2850 3974 3002 4036 ὅντες
3061 3975 3331 4043 διοικηταὶ
3372 3992 3383 4005 ·
3435 3975 3550 4027 ἀλλ’
3582 3978 3611 4027 6
3657 3976 3759 4043 μέν
3786 4015 3801 4037 ,
3842 3978 4016 4045 μέγας

2447 4064 2728 4131 οἰκονόμος
2764 4064 3034 4116 καλεῖται·
3080 4066 3109 4115 6
3138 4065 3216 4127 δὲ,
3260 4066 3433 4133 μέγας
3459 4066 3817 4134 σακελλάριος
3841 4086 3856 4098 ·
3890 4070 3918 4119 6
3938 4069 4011 4129 ὁὶ,

2450 4152 2767 4204 σακελλίουο
2800 4154 3213 4219 ἀκουσάτωσαν,
3264 4155 3339 4217 ὡς
3377 4157 3569 4208 ταυτόν
3621 4158 3770 4208 ἐστιν
3815 4158 4012 4220 εἰπεῖν,

2448 4242 2749 4311 οἰκονόμον,
2786 4243 3020 4310 φύλακα,
3056 4245 3425 4314 σακελλάριον,
3464 4246 3667 4297 καὶτὸν
3700 4246 4013 4300 σακελλιου.

2449 4331 2608 4399 Παρὰ
2640 4331 2749 4401 γὰρ
2780 4334 2892 4393 τοῖς
2932 4334 3222 4401 Ῥωμαίοις
3272 4334 3550 4398 σάκελλον,
3599 4335 3753 4399 παρὰ
3786 4332 3848 4385 τὸ
3881 4335 4013 4386 διοι-

778 4412 1028 4464 custodia
1060 4413 1281 4467 dicitur.
1310 4412 1488 4481 Atque
1513 4414 1679 4467 etiam
1721 4414 1847 4467 hinc
1881 4414 2078 4469 sacella
2110 4419 2345 4483 patriar-
2377 4431 2423 4484 υ

2377 4431 2423 4484 D
2450 4422 2567 4473 κεῖν
2596 4422 2688 4473 καὶ
2720 4422 3004 4488 φυλάττειν
3033 4424 3168 4476 ἔστι.
3202 4424 3311 4476 Καὶ
3344 4427 3377 4492 ἡ
3430 4425 3551 4486 τοὺς
3584 4424 3933 4491 κακούργως
3959 4425 4012 4475 δέ

780 4500 974 4565 cbalis,
1022 4515 1129 4570 qua
1160 4502 1387 4555 maleﬁci
1426 4503 1834 4568 custodiuntur,
1879 4518 1987 4555 non
2019 4504 2235 4559 aliunde
2262 4522 2351 4575 ap-

780 4592 979 4660 pellata
1003 4598 1129 4657 est;
1170 4594 1316 4647 sicut
1354 4602 1407 4647 et
1451 4593 1738 4647 saculium.
1774 4592 2099 4649 Sacellarius
2134 4596 2347 4664 quidem

780 4682 981 4735 dicitur
1008 4684 1465 4736 monasteriorum
1491 4683 1900 4738 administrator
1933 4701 1947 4737 :
1971 4696 2024 4738 et
2061 4686 2350 4754 praefectus

781 4773 968 4825 sacelli
1014 4774 1369 4836 deminutive,
1406 4776 1760 4828 ecclesiarum
1793 4776 1847 4827 in
1874 4790 2069 4843 genere
2108 4784 2346 4831 curator.

777 4860 1047 4915 Ceterum
1097 4878 1165 4917 ne
1212 4864 1266 4917 bi
1313 4868 1553 4932 quinque
1588 4865 1844 4933 praesides
1891 4881 2056 4919 unum
2088 4868 2351 4922 duntaxat

780 4947 1045 5002 haberent
1095 4964 1294 5004 nomen
1324 4990 1341 5017 ,
1402 4950 1608 5020 placuit
1655 4950 1992 5006 diversorum
2050 4952 2347 5007 ciliciorum

781 5037 1236 5106 appellationibus
1265 5054 1361 5095 eos
1390 5041 1685 5111 ampliores
1708 5042 1859 5096 reddi
1881 5044 2097 5097 debere.
2126 5041 2248 5107 Quo
2269 5043 2349 5107 tit,

784 5136 842 5180 ut
858 5128 1135 5181 actionum
1160 5128 1359 5185 ﬁnibus
1378 5129 1520 5184 idem
1538 5130 1859 5198 existentes,
1882 5131 2183 5185 ciliciorum
2195 5145 2351 5185 voca.

781 5216 925 5271 bulis
954 5217 1378 5287 distinguantur.
1412 5217 1527 5274 Hoc
1556 5220 1717 5274 modo
1745 5232 1890 5274 recte
1918 5219 2133 5273 sublato
2161 5220 2348 5283 dubio,

783 5308 928 5373 quod
957 5308 1219 5363 adversus
1270 5309 1746 5380 chartopbytacen
1779 5308 1934 5364 .acite
1959 5311 2105 5363 nasci
2134 5316 2352 5378 poterat

783 5395 989 5464 reliqua
1008 5396 1171 5449 etiam
1193 5392 1518 5451 deelaranda
1538 5400 1781 5454 veniunt.
1804 5396 2001 5454 Xunus
2034 5400 2351 5456 εδει-τηετῆῆ

782 5486 997 5537 varium
1039 5493 1093 5538 et
1136 5485 1415 5555 multiplex
1444 5494 1548 5541 est.
1588 5486 1793 5543 ideirco
1827 5488 2207 5544 unctissimas
2251 5504 2351 5559 pro

786 5584 1027 5641 tempore
1056 5576 1389 5642 patriarcha,
1420 5576 1569 5631 velat
1614 5576 1839 5633 alterna
1886 5578 2172 5638 manu.
2206 5576 2349 5631 hunc

786 5666 1047 5737 deligens,
1080 5682 1200 5722 cum
1235 5666 1379 5723 Mose
1417 5667 1544 5723 Μαι
1580 5666 1639 5723 si
1677 5660 1999 5730 Domita:
2092 5668 2351 5738 aspiciat

2454 4511 2798 4577 φυλάττουσα
2828 4515 3201 4583 πατριαρχικὴ
3229 4514 3463 4581 σακέλλη
3493 4514 3765 4577 έντεῦθεν,
3795 4516 3890 4565 καὶ
3916 4515 4015 4565 οὐκ

2452 4599 2672 4652 ἄλλοθεν
2705 4602 3143 4669 μετωνόμασται,
3174 4602 3362 4673 ὥσπερ
3387 4604 3453 4672 δὴ
3483 4605 3576 4656 καὶ
3612 4604 3673 4654 τὸ
3705 4604 4011 4656 σακούλιον.

2451 4688 2680 4755 Λέγεται
2705 4690 2834 4756 γοῦν
2860 4690 3229 4760 σακελ).άριος,
3269 4695 3297 4744 6
3324 4678 3452 4743 15W-
3469 4694 3849 4761 μοναστηρίων
3886 4695 4012 4744 διοι-

2451 4780 2623 4845 κητὴς
2650 4794 2666 4808 ⁸
2698 4779 2789 4830 καὶ
2819 4781 2846 4831 6
2874 4779 3153 4831 σακελλίου
3187 4781 3635 4847 ὑποκοριστικῶς,
3671 4784 3697 4832 6
3731 4782 3843 4833 τῶν
3882 4782 4009 4833 καθα

2449 4866 2645 4917 ολικῶν
2700 4867 3002 4935 ἐκκλησιῶν
3058 4870 3396 4936 φροντιστής.
3433 4869 3545 4920 Ἵνα
3575 4870 3630 4920 δὲ
3679 4872 3710 4936 ἡ
3747 4870 3857 4920 τῶν
3884 4885 4010 4937 προ-

2450 4953 2776 5021 καθημένων
2828 4956 3027 5017 πεντὰς
3081 4956 3157 5024 μὴ
3216 4957 3688 5025 ταυτωνυμίζηται
3720 4996 3738 5019 ,
3801 4956 4006 5025 ὡρίσθη

2450 5042 2721 5113 διαφόρων
2772 5044 3044 5111 ὀφφικίων
3091 5045 3347 5114 ὀνόμασιν
3380 5047 3551 5113 αὐτὴν
3596 5046 4005 5113 μεγεθύνεσθαι.

2453 5130 2543 5200 Τῷ
2570 5148 2651 5184 τοι
2684 5134 2775 5185 καὶ
2810 5133 3171 5203 ταυτιζομένη
3193 5134 3301 5186 τῶν
3334 5134 3624 5203 ένεργειιῖιν
3666 5137 3779 5196 τοις
3817 5136 4009 5187 ἀποτε-

2453 5220 2705 5288 λέσμασι,
2762 5220 3041 5289 μερίζεται
3100 5223 3207 5275 τῶν
3240 5222 3509 5289 ὀφφικίων
3552 5226 3673 5284 ταις
3732 5224 4003 5291 κλήσεσιν.

2453 5309 2607 5362 Οὖτω
2653 5308 2781 5375 γοῦν
2846 5311 3302 5379 περιαιρουμένης
3341 5310 3543 5374 καλῶς,
3574 5311 3670 5379 τῆς
3696 5312 3762 5365 ὲκ
3787 5313 3885 5380 τῆς
3911 5328 4005 5376 φυ-

2422 5398 2628 5477 λακῆς
2676 5399 3159 5470 ὑποκλεπτομένης
3196 5400 3463 5469 ἀσαφείας
3508 5401 3651 5454 κατά
3693 5400 3788 5453 τοῦ
3817 5417 4005 5471 καρτο-

2453 5489 2711 5556 φύλακος,
2749 5490 3105 5559 σαφηνιστέον
3138 5491 3229 5544 καὶ
3260 5490 3326 5544 τά
3362 5490 3541 5544 λοιπά.
3583 5490 3689 5544 τοῦ
3740 5489 4005 5560 καρποφό-

2453 5580 2617 5639 λακος
2667 5580 2701 5649 ἡ
2760 5580 3006 5651 ένέργεια
3038 5579 3319 5651 πολυειδὴς
3372 5580 3466 5634 καὶ
3499 5580 3824 5650 πολυσχιδής
3869 5581 4001 5634 ἔστι.

2458 5670 2548 5723 Διὸ
2574 5672 2667 5725 καὶ
2695 5672 2723 5724 6
2770 5672 2908 5725 κατά
2934 5672 3154 5737 καιροὺς
3186 5670 3486 5735 ἀγιώτατος
3520 5669 3884 5743 πατριάρχης,
3931 5667 4003 5730 ὸς
