4214 6450
252 401 382 464 ιοιι

1665 408 2070 473 ΗΕΜΤΑΤΑ.

3291 410 3419 474 1042

234 534 390 583 Nov
429 531 635 600 ’Δαρὼν
671 530 855 583 τοῦτον
882 527 1283 596 ἐπιλεγόμενος,
1316 527 1462 593 λιγει
1489 529 1624 597 μετὰ
1647 529 1766 581 Μω-
1795 534 1838 587 Α
1866 525 1898 579 Ii

1756 525 2133 587 -ADominus
2186 527 2329 582 Deus
2394 534 2606 597 patrum
2668 538 2998 593 nostrorum,
3053 537 3106 583 et
3158 532 3420 587 universa:

233 622 370 683 «ἕως
398 619 534 689 πρὸς
566 619 790 685 Κύριον·
828 635 847 667 ι
892 614 1298 682 Ἐπισκεψάσθω
1350 614 1551 683 Κύριος
1580 618 1606 666 6
1640 616 1771 679 Θεὸς

238 708 342 763 τῶν
386 704 632 773 πατέρων
658 705 749 757 καὶ
772 704 950 772 πάσης
984 702 1201 770 σαρκὸς,
1234 702 1510 771 ἄνθρωπον
1551 702 1644 754 επὶ
1675 694 1771 771 τῆς

241 795 558 863 συναἏυγῆς
586 793 806 859 ταύτης,
830 792 974 852 δστις
998 790 1328 853 ίξελεύσεται
1358 793 1463 844 άπὸ
1483 793 1770 861 προσώπου

231 881 365 947 ιμοῦ
390 898 437 944 ι,
464 880 556 932 καὶ
582 880 724 939 ὅστις
746 876 1105 929 εἰσελεύσεται
1134 877 1238 945 πρὸ
1262 877 1547 945 προσώπου
1572 877 1769 940 αὐτῶν,

232 971 329 1022 καὶ
373 970 519 1030 δστις
566 966 766 1030 είσάξει
811 966 1003 1025 αὐτοὺς
1044 964 1256 1032 ὡςὲμε,
1288 966 1380 1017 καὶ
1408 966 1557 1029 ὅστις
1596 966 1772 1030 ιξάξει

232 1058 431 1118 αὐτοὺς
479 1055 537 1117 ιε
576 1052 745 1121 ιμοῦ·
799 1054 891 1104 καὶ
936 1052 1106 1114 οὕτως
1147 1052 1419 1122 ἐπιτίθησι
1452 1054 1548 1116 τὰς
1586 1057 1773 1123 χεῖρας

232 1144 395 1197 αύτοῦ
427 1145 514 1195 ἐπ’
541 1142 718 1205 αὑτὸν,
748 1142 840 1194 καὶ
869 1141 1076 1193 δίδωσιν
1107 1140 1254 1209 αὐτῷ
1280 1142 1376 1209 τὴν
1402 1142 1557 1205 δόξαν
1587 1143 1770 1207 αὐτοῦ,

231 1234 378 1292 ὅπως
412 1231 680 1283 ἀκούωσιν
728 1228 889 1281 αὑτοῦ
924 1230 971 1280 οί
1000 1230 1105 1280 υίοὶ
1146 1230 1381 1299 Ἰσραήλ.
1450 1230 1771 1300 Ἐγχειρίζει

232 1319 407 1388 τούτῳ
438 1320 530 1371 καὶ
566 1317 794 1386 χρυσοῦν
828 1317 900 1378 ὡς
944 1316 1009 1370 άν
1052 1332 1135 1378 τις
1183 1316 1324 1369 sinat
1348 1318 1643 1385 δακτύλιον,
1676 1337 1774 1372 κα-

236 1408 344 1469 θὼς
390 1404 507 1459 εἷπε
561 1406 758 1475 Κύριος
807 1407 937 1475 πρὸς
988 1406 1226 1473 Μωσῆν·
1284 1410 1373 1459 καὶ
1411 1408 1684 1477 ἐπιθήσεις
1714 1410 1773 1462 τὸ

235 1497 440 1562 λογεῖον
472 1497 562 1549 tut
593 1496 652 1546 τὸ
684 1494 873 1562 στῆθος
903 1494 993 1545 τοῦ
1037 1493 1262 1563 Ἀαρὼν,
1299 1497 1389 1547 καὶ
1417 1498 1660 1565 ποιήσεις
1685 1498 1774 1550 δα-

235 1586 448 1638 κτύλιον
505 1584 757 1655 χρυσοῦν,
807 1584 897 1635 καὶ
939 1585 1429 1652 συναρμολογήσεις
1477 1586 1633 1638 αὑτὸν
1679 1587 1771 1639 τοῦ

234 1677 459 1741 Λογείου
510 1679 619 1737 τοῖς
664 1676 909 1743 χείλεσιν,
942 1674 1027 1739 ἐφ’
1060 1667 1103 1738 ᾧ
1155 1674 1221 1726 δι’
1276 1674 1437 1726 αὑτοῦ
1486 1676 1592 1728 τῶν
1630 1677 1772 1730 υίῶν

236 1765 449 1833 Ἰσραὴλ
478 1762 883 1832 ἀπογράφεσθαι
922 1762 991 1814 τά
1028 1763 1283 1831 ὀνόματα.
1343 1764 1495 1825 Heio;
1531 1766 1585 1817 δὲ
1619 1761 1770 1827 οὗτος

236 1854 384 1913 tm;
434 1852 506 1903 Τδ
546 1853 933 1921 πατριαρχικδν
978 1850 1385 1921 βουλλωτήριον,
1435 1854 1495 1904 τδ
1525 1855 1671 1923 παρὰ
1699 1855 1775 1923 τῷ
1806 1839 1846 1893 Β

237 1942 422 2009 στήθει
472 1940 564 1992 τοῦ
610 1938 1013 2008 χαρτοφύλακος
1041 1940 1464 2010 άπῃωρημίνον,
1496 1942 1569 2003 ὡς
1598 1942 1771 2006 εἴωθε,

233 2030 425 2098 δοχείῳ
455 2028 802 2098 καθεστηκότι
828 2028 1041 2095 λογικοῦ
1065 2030 1313 2082 παντοίου
1366 2032 1775 2100 σπουδάσματος

237 2119 398 2189 (Τοῖς
431 2120 538 2186 γὰρ
582 2119 769 2183 ἀξίοις,
813 2118 967 2186 φησι,
1013 2116 1195 2169 δοτέον
1242 2119 1305 2173 τὰ
1343 2118 1661 2189 ἀξιώματα)
1706 2121 1773 2173 δι’

235 2200 298 2259 οὗ
335 2210 456 2268 τοὺς
488 2206 803 2275 δλοθρευτὰς
847 2206 1200 2274 άσφαλίζεται
1247 2207 1343 2258 σὺν
1375 2209 1625 2276 σφραγῖδι
1679 2210 1773 2261 καὶ

234 2297 438 2366 χάριτι,
462 2297 582 2357 τοὺς
613 2294 961 2361 ἁμαρτωλοὺς
993 2294 1305 2363 ἐπιστρέφει
1328 2296 1422 2347 σὺν
1437 2296 1653 2363 γραφίδι
1681 2297 1773 2349 καὶ

237 2386 447 2453 μέλανι,
490 2386 615 2445 τοὺς
642 2386 1137 2452 καταπονουμένους
1169 2384 1421 2436 διεκδικεῖ
1450 2387 1543 2437 σὺν
1576 2385 1772 2456 βακτη-

240 2471 331 2541 ρίᾳ
370 2471 462 2522 καὶ
496 2470 737 2538 σύριγγι,
778 2474 869 2523 καὶ
905 2473 1025 2534 τοὺς
1065 2472 1245 2539 ἀξίους
1271 2472 1348 2543 τῷ
1374 2474 1637 2546 πνεύματι
1678 2495 1775 2547 χα-

242 2560 521 2630 ρισμάτων
578 2560 865 2630 ίερατικῶν
921 2561 1093 2626 άξιοῖο
1145 2568 1269 2625 τοὺς
1326 2566 1422 2633 μὶν
1481 2568 1633 2630 ἐκτὸς
1678 2568 1771 2621 τοῦ

235 2649 499 2717 βήματος,
559 2650 954 2718 κληρικοποιῶν
986 2667 998 2679 ·
1063 2654 1186 2713 τοὺς
1238 2653 1294 2704 δὲ
1349 2655 1528 2716 ἐντὸς.
1572 2658 1771 2710 τελειο-

234 2738 427 2790 πιοιῶν.
480 2738 575 2789 Διὰ
605 2739 791 2791 τούτου
823 2738 916 2789 καὶ
948 2738 1082 2789 κατὰ
1118 2741 1295 2792 πᾶσαν
1326 2740 1421 2809 τὴν
1454 2744 1772 2815 οἰκουμένην

234 2825 421 2892 σχεδὸν
452 2827 817 2895 πατριαρχικὰ
844 2828 1253 2897 καταγράφεται
1292 2830 1381 2880 καὶ
1415 2829 1593 2883 δίδωσι
1619 2847 1771 2884 σταυ-

232 2913 493 2978 ροπήγια,
542 2915 630 2963 καὶ
666 2913 869 2964 πολλῶν
930 2915 1132 2967 πόλεων
1165 2917 1581 2985 ἔκκλησιαστικὰ
1616 2938 1774 2988 μετα-

228 2999 412 3067 τίθησι
445 3002 674 3069 κάρηνα,
712 3003 789 3063 είς
822 3005 917 3071 τῆς
952 3004 1168 3071 πρώτης
1191 3007 1427 3074 κεφαλῆς
1452 3008 1513 3059 τδ
1544 3010 1771 3064 ἀνάκτο-

230 3105 345 3158 ρον.
365 3091 597 3142 Δίδονται
618 3091 701 3143 διὰ
728 3092 915 3144 τούτου
938 3092 1012 3161 τῷ
1042 3095 1405 3163 χαρτοφύλακι
1432 3098 1520 3149 καὶ
1550 3099 1603 3150 αἱ
1627 3100 1771 3162 κλεῖς
1795 3134 1839 3195 C

226 3180 331 3247 τῆς
363 3180 630 3249 βασιλείας
654 3183 757 3233 τῶν
786 3183 1043 3251 οὐρανῶν,
1097 3185 1171 3246 ὡς
1204 3185 1305 3237 ὑπὸ
1333 3186 1424 3237 τοῦ
1468 3188 1667 3256 Κυρίου
1694 3190 1771 3257 τῷ

230 3266 376 3336 φίλῳ
404 3268 588 3338 Πέτρῳ
614 3269 707 3321 καὶ
736 3271 967 3337 μαθητῇ.
1000 3272 1133 3336 Φησὶ
1157 3272 1279 3339 γὰρ,
1304 3269 1410 3324 οἷον
1434 3275 1563 3341 πρὸς
1592 3276 1769 3341 αὐτὸν,

226 3357 257 3407 6
292 3355 460 3423 μέγας
493 3356 797 3424 ἀρχιερεύς·
840 3359 902 3409 Ὀ
930 3358 1022 3409 ἐὰν
1049 3358 1211 3429 λύσῃς
1249 3360 1340 3410 ἐπὶ
1356 3364 1451 3429 τῆς
1478 3363 1601 3429 γῆς,
1622 3362 1771 3416 ισται

228 3443 518 3510 λελυμένον
545 3447 600 3495 ιν
625 3449 732 3507 τοῖς
762 3447 1003 3513 οὐρανοῖς
1028 3464 1041 3479 ο
1081 3450 1170 3500 καὶ
1200 3449 1228 3498 ὃ
1249 3450 1342 3501 ἑὰν
1371 3450 1536 3520 δήσῃς
1559 3453 1647 3502 ἐπὶ
1674 3453 1771 3521 τῆς

229 3531 357 3598 γῆς,
393 3532 541 3585 [erat
581 3535 858 3602 δεδεμένον
891 3536 979 3587 καὶ
1013 3539 1069 3587 ὲν
1101 3540 1209 3598 τοῖς
1236 3539 1501 3607 οὐρανοῖς.
1565 3542 1673 3593 Καὶ
1714 3544 1771 3593 τὴ

229 3620 448 3672 πάντων
488 3623 813 3691 καινότερον,
847 3626 905 3674 ού
953 3625 1107 3693 μόνον
1140 3619 1293 3688 οὗτος
1329 3629 1598 3696 τοσαύτης
1625 3630 1771 3693 ἐξου-

231 3707 353 3768 σίας
383 3707 675 3777 ἐπλούτησε
715 3711 974 3778 χάρισμα,
1013 3712 1145 3765 ὰλλὰ
1188 3714 1279 3765 καὶ
1306 3715 1351 3765 οί
1382 3714 1438 3779 ἐξ
1476 3715 1637 3768 αὑτοῦ
1673 3718 1769 3782 τὴν

226 3794 388 3866 χάριν
436 3796 636 3865 ταύτην
688 3798 1067 3867 λαμϐάνοντες.
1140 3801 1457 3869 Ἐπιτρίπει
1493 3805 1599 3873 γὰρ
1628 3805 1772 3873 ίερα-

226 3884 441 3937 τεύουσι
482 3888 761 3954 μοναχοῖς,
812 3888 1108 3957 ἀνθρώπων
1169 3890 1414 3959 δέχεσθαι
1461 3892 1768 3960 λογισμοὺς,

227 3976 323 4027 καὶ
372 3975 717 4045 διαρῤήσσειν
772 3978 1180 4047 ἁμαρτημάτων
1239 3981 1599 4050 χειρόγραφα*
1638 3985 1770 4051 ὅπερ

227 4064 409 4131 μόνοις
444 4065 760 4127 ἐπισκόποις
792 4068 897 4116 ἀπὸ
934 4067 1023 4118 τοῦ
1068 4070 1328 4132 παναγίου
1367 4072 1571 4123 δέδοται
1601 4072 1769 4123 Πνεύ-

230 4168 418 4219 ματος.
484 4152 581 4202 Ἂν
617 4152 733 4219 ῖδῃς
784 4152 837 4203 δὲ
871 4154 1055 4204 τοῦτον
1097 4156 1384 4217 συνοδικῶς
1429 4158 1768 4224 σχεδιάζοντα

224 4242 325 4291 ὃσα
360 4241 532 4292 λαλῶν
564 4242 783 4308 λαλήσει
812 4241 1033 4309 Μωσῆς,
1065 4244 1285 4295 κάκεῖνα
1319 4247 1604 4314 κρουνηδὸν
1633 4251 1769 4299 άπο-

225 4334 640 4401 στοματίζοντα,
676 4336 774 4386 ὅσα
815 4336 1103 4400 νεφελώσει
1137 4338 1228 4388 καὶ
1263 4338 1519 4390 ύδατὼσει
1553 4341 1648 4408 τῆς
1684 4356 1768 4392 κε·

226 4422 400 4491 φαλῆς
433 4425 463 4490 ἡ
506 4424 801 4489 ἁκρώρεια,
844 4425 903 4475 οὑ
935 4424 1185 4488 ζητήσεις
1243 4427 1368 4477 ίδεῖν
1421 4428 1626 4496 Ἀαρὼν
1652 4430 1765 4480 θεο-
1794 4454 1848 4513 D

224 4511 455 4580 γράφων
488 4511 711 4562 πλακῶν
746 4511 1150 4576 ἀπαγγέλλοντα
1192 4514 1438 4580 ῥήματα.
1500 4516 1618 4567 οὐδὲ
1664 4517 1769 4567 Βα-

225 4604 355 4670 ροὺχ
399 4598 713 4666 περιδεξίως
748 4600 1201 4668 ἀπογραφόμενον
1246 4602 1341 4668 τῆς
1396 4602 1651 4666 Ἰουδαίας
1676 4609 1772 4673 τὴν

224 4690 425 4743 ἅλωσιν
446 4706 459 4719 ο
511 4689 825 4759 ἀρκεσθήσῃ
853 4689 910 4740 δὲ
954 4690 1061 4749 τοῖς
1090 4688 1228 4741 οὕτω
1252 4692 1637 4760 πραττομένοις
1670 4694 1772 4745 ὑπὸ

224 4778 317 4830 τοῦ
366 4777 776 4847 χαρτοφύλακος
804 4815 819 4838 ,
870 4777 961 4829 καὶ
999 4780 1415 4847 Δευτερονόμιον
1474 4780 1771 4849 συμπεραίο

224 4881 395 4917 νουσι.
429 4866 566 4933 Πρὸς
601 4865 807 4925 τούτοις
837 4862 1131 4931 θαύμασον,
1170 4864 1283 4926 πῶς
1308 4868 1413 4917 τῶν
1436 4865 1593 4918 θείων
1620 4871 1764 4921 κανό-

223 4965 329 4999 νων
365 4950 545 5017 μόνοις
572 4951 1001 5019 εκχωρησάντων
1022 4954 1132 5012 τοῖς
1172 4952 1228 5003 ὲν
1260 4954 1477 5003 πόλεσιν
1514 4955 1764 5021 ἀρχιερα-

223 5035 439 5086 τεύουσι
481 5038 576 5102 τὴν
622 5041 716 5087 τοῦ
748 5036 1015 5087 διδάσκειν
1042 5042 1130 5088 τὸν
1158 5036 1282 5088 λαὸν
1321 5040 1769 5108 σεμνοπρέπειαν,

200 5128 249 5209 ⁸«5
283 5125 627 5193 χαρτοφύλαξ
654 5129 746 5177 καὶ
794 5128 947 5193 μόνος
992 5128 1050 5177 τὺ
1094 5126 1359 5179 διδάσκειν
1395 5128 1771 5198 κατηχητικῶς

221 5221 312 5269 τὸν
360 5215 485 5267 λαὸν
538 5216 621 5267 ἐπ’
658 5214 947 5284 ἐκκλησίας
1003 5217 1428 5285 ἀπεκληρώσατο
1472 5233 1485 5249 ο
1528 5218 1642 5279 πῶς
1676 5218 1771 5279 τὰς

226 5305 623 5374 πατριαρχικὰς
655 5305 970 5371 διαγνώσεις
1000 5308 1378 5374 καλλιγραφεί,
1412 5307 1503 5358 καὶ
1537 5306 1773 5371 ύπογρα-

224 5396 351 5461 φαῖς
378 5394 604 5455 οίκείαις
654 5396 747 5445 καὶ
787 5396 1045 5460 σφραγῖσι
1098 5395 1459 5461 κατεμπεδοῖ·
1516 5397 1609 5446 καὶ
1657 5395 1771 5454 πῶς

225 5485 576 5553 δικαστηρίου
632 5484 863 5551 μεγάλου
909 5483 1247 5551 προκάθηται
1306 5485 1397 5535 καὶ
1454 5484 1771 5536 δικαιοδοτεί

226 5572 366 5623 κατὰ
400 5571 495 5638 μὲν
535 5571 733 5630 παντὸς
762 5568 1069 5636 ἀνθρώπου,
1101 5570 1199 5623 κᾶν
1234 5570 1348 5631 οἵας
1393 5570 1455 5622 ἃν
1481 5572 1563 5639 εἴη
1607 5570 1771 5640 τύχης

228 5662 321 5716 καὶ
352 5660 584 5729 φύσεως,
620 5661 745 5731 περὶ
802 5658 1261 5728 ὲκκλησιαστικῶν
1292 5660 1636 5732 ζητημάτων,
1678 5660 1770 5713 καὶ

1877 615 2079 679 carnis,
2120 615 2389 669 hominem
2446 615 2501 669 in
2568 615 2671 668 hoc
2702 624 2869 681 cmtu,
2924 616 3016 684 qui
3048 618 3355 685 egrediatur
3390 636 3418 672 a

1877 701 2013 755 {acie
2065 716 2205 765 mea,
2261 720 2279 753 ι
2317 711 2369 756 et
2407 701 2737 771 ingrediatur
2766 712 2893 757 ante
2920 703 3109 759 faciem
3140 720 3347 773 eorum,
3369 718 3421 762 et

1877 792 2188 846 lntroducat
2210 808 2304 847 eos
2322 792 2388 845 ad
2416 807 2521 854 me,
2546 801 2597 847 et
2628 792 2859 846 abducat
2891 807 2985 847 eos
3013 809 3041 847 a
3072 809 3155 846 me
3182 811 3195 846 :
3228 796 3422 863 quibus

1876 880 2058 945 dictis,
2110 895 2303 935 manus
2346 883 2396 935 ei
2436 896 2564 936 suas
2600 881 2844 949 lmponit.
2894 890 2947 934 et
2981 881 3072 936 dat
3104 883 3151 937 ei
3200 885 3422 951 gloriam

1876 984 2052 1035 suam,
2085 979 2144 1023 ut
2171 972 2390 1024 audiant
2412 986 2533 1024 eum
2564 970 2660 1024 ﬁlii
2693 970 2926 1025 lsraelis.
2959 970 3131 1026 Etiam
3169 975 3215 1027 ei
3250 974 3426 1041 porri-

1877 1058 1955 1128 git
1982 1059 2035 1112 in
2061 1074 2277 1113 manum
2310 1060 2567 1113 annulum
2606 1073 2827 1113 aureum
2852 1099 2867 1123 ,
2910 1060 3050 1113 sicut
3079 1070 3133 1113 et
3166 1060 3425 1116 Dominus

1878 1147 1944 1200 ad
1976 1147 2176 1201 Mosem
2197 1146 2332 1200 dixit
2358 1166 2370 1200 :
2403 1146 2468 1199 Et
2488 1147 2730 1215 impones
2752 1144 3036 1201 Rationale
3064 1162 3227 1215 super
3252 1150 3423 1203 Aaro-

1878 1233 1966 1287 nis
2003 1243 2215 1301 pectus,
2246 1243 2299 1288 et
2332 1233 2593 1287 annulum
2632 1234 2800 1288 facies
2835 1248 3084 1297 aureum,
3116 1242 3170 1289 et
3209 1250 3422 1289 accom-

1878 1325 2128 1379 modabis
2168 1339 2287 1378 eum
2317 1324 2483 1379 labris
2514 1324 2686 1393 ipsius
2718 1320 3038 1389 Rationalis,
3078 1334 3134 1377 ut
3174 1341 3266 1395 per
3300 1342 3421 1380 eum

1878 1411 2097 1465 nomina
2128 1411 2358 1465 ﬁliorum
2390 1410 2606 1465 lsraelis
2636 1412 3035 1466 describantur.
3091 1412 3155 1465 Et
3200 1416 3420 1482 quinam

1880 1501 1925 1555 is
1951 1498 2075 1555 est?
2107 1499 2469 1554 Patriarcbale
2495 1501 2854 1564 bulloterium,
2891 1516 2987 1569 pro
3022 1517 3167 1555 more
3198 1518 3425 1570 suspen-

1879 1604 1997 1642 sum
2032 1590 2097 1641 ad
2124 1588 2433 1642 cbartularii
2468 1597 2674 1657 pectus,
2703 1590 3102 1657 receptaculum
3126 1592 3289 1644 studii
3327 1592 3425 1646 do-

1877 1677 2172 1730 ctrinarum
2197 1677 2374 1730 omnis
2400 1680 2633 1744 generis,
2666 1678 2864 1747 (dignis
2890 1678 3055 1743 enim,
3086 1679 3225 1745 quod
3248 1680 3422 1748 aiunt,

1878 1766 2217 1819 concedenda
2252 1766 2723 1835 suntdignitates),
2740 1782 2846 1833 quo
2871 1765 3228 1823 internecivos
3252 1772 3423 1824 munit

1873 1868 1995 1907 cum
2022 1853 2197 1926 sigillo
2222 1862 2275 1909 et
2298 1856 2489 1923 gratia,
2525 1866 2834 1922 peccatores
2854 1857 3121 1910 convertit
3153 1873 3273 1911 cum
3299 1859 3421 1913 stilo

1874 1949 1927 1994 et
1963 1948 2265 1993 atramento
2294 1979 2309 2002 ,
2341 1946 2593 2007 gravatos
2628 1938 3003 1993 aﬂlictionibus
3031 1939 3268 1993 defendit
3300 1956 3419 1993 cum

1873 2026 2066 2079 baculo
2092 2034 2145 2079 et
2176 2027 2376 2087 ﬁstula,
2418 2025 2608 2095 dignos
2645 2024 2877 2093 denique
2904 2026 3123 2093 spiritus
3144 2027 3300 2079 donis
3334 2042 3422 2081 sa-

1873 2112 2239 2166 cerdotalibus
2279 2112 2483 2165 afﬁcit:
2520 2112 2645 2165 dum
2706 2126 2801 2167 eos
2844 2112 2936 2181 qui
2999 2122 3149 2167 extra
3196 2116 3418 2182 gradum

1874 2201 2147 2255 constituti
2178 2210 2323 2267 sunt,
2362 2201 2591 2255 clericos
2622 2200 2749 2254 facit
2781 2220 2796 2263 ;
2829 2201 2996 2270 gradu
3040 2204 3413 2270 compraelten-

1873 2304 1984 2353 sos,
2044 2290 2267 2358 perlicit.
2333 2289 2443 2343 Hoc
2499 2290 2877 2357 patriarcbalia
2921 2290 3195 2350 ,descrihit
3236 2300 3287 2345 et
3330 2292 3422 2347 dat

1876 2381 2216 2446 staurnpegia
2248 2393 2343 2447 per
2373 2378 2685 2433 universum
2716 2394 2881 2449 prope
2910 2386 3173 2433 terrarum
3209 2381 3416 2442 orbem,

1873 2484 1935 2525 ac
1973 2471 2260 2525 multarum
2301 2470 2513 2524 urbium
2550 2470 2917 2525 ecclesiastica
2956 2470 3130 2539 capita
3167 2471 3421 2526 transfert

1874 2560 1938 2614 ad
1994 2560 2150 2630 primi
2204 2560 2394 2629 capitis
2447 2560 2671 2627 regiam.
2728 2558 2828 2613 Dat
2882 2561 3038 2614 etiam
3091 2563 3420 2617 chartulario

1871 2650 2175 2719 patriarcha
2227 2650 2403 2704 claves
2452 2648 2598 2718 regni
2649 2648 2929 2708 caelorum.
2975 2649 3130 2701 SiCllli
3182 2663 3307 2702 caro
3346 2650 3421 2702 illi

1872 2738 2049 2801 Petro,
2099 2738 2380 2806 eidemque
2422 2735 2691 2806 discipulo
2742 2738 2877 2789 datae
2922 2746 3047 2789 sunt
3092 2751 3123 2789 a
3173 2734 3418 2794 Domino.

1872 2827 2082 2897 Quippe
2119 2828 2261 2881 sicut
2290 2828 2545 2880 Dominus
2582 2825 2647 2879 ad
2676 2826 2841 2888 hunc,
2873 2825 2945 2878 ita
2986 2840 3211 2894 magnus
3236 2827 3421 2896 ponti-

1871 2915 1957 2971 fex
1989 2917 2054 2969 ad
2094 2916 2244 2969 illum
2283 2933 2296 2969 :
2332 2909 2603 2982 Quidquid
2636 2914 2882 2978 solveris,
2928 2914 3122 2983 inquit,
3166 2915 3220 2969 in
3256 2924 3418 2981 terra,

1871 3007 2102 3060 solutum
2130 3006 2231 3058 erit
2250 3004 2302 3057 in
2324 3004 2579 3059 caelis:et
2608 3003 2869 3073 quidquid
2899 3003 3147 3072 ligaveris
3170 3006 3222 3058 in
3251 3014 3415 3069 terra,

1872 3092 2095 3161 ligatum
2136 3094 2297 3146 etiam
2338 3093 2391 3145 in
2422 3092 2576 3145 caelis
2611 3092 2734 3145 erit.
2774 3090 2837 3144 Et
2874 3092 3018 3160 quod
3058 3092 3305 3161 inprimis
3339 3101 3419 3149 est

1872 3195 2090 3244 novum,
2118 3195 2221 3233 non
2252 3180 2425 3233 solum
2456 3179 2543 3233 hic
2562 3188 2722 3233 tanta:
2756 3180 3034 3247 potestatis
3064 3174 3261 3249 largam
3287 3195 3421 3233 con-

1871 3280 2088 3323 secutus
2119 3279 2200 3324 est
2231 3272 2455 3339 gratiam
2493 3291 2505 3323 :
2544 3283 2727 3323 verum
2761 3271 2921 3322 etiam
2957 3268 3044 3332 iis,
3076 3270 3165 3336 'qui
3196 3272 3418 3337 gratiam

1874 3358 2009 3410 banc
2041 3359 2106 3410 ab
2133 3360 2249 3425 ipso
2280 3356 2569 3425 accipiunt.
2607 3355 2757 3410 Facit
2787 3357 2926 3411 enim
2953 3365 3270 3424 potestatem
3307 3371 3421 3408 mo-

1870 3447 2060 3501 nachis
2086 3450 2428 3501 sacerdotum
2461 3462 2659 3502 munus
2691 3445 3133 3514 suscipientibus,
3170 3446 3418 3499 audiendi

1872 3536 2108 3588 rationes
2141 3536 2443 3599 hominum,
2480 3544 2531 3588 et
2561 3542 2897 3602 peccatorum
2947 3534 3303 3602 chirographa
3335 3532 3419 3585 di-

1871 3622 2193 3688 scerpendi:
2242 3623 2384 3689 quod
2420 3621 2623 3688 alioqui
2667 3620 2797 3675 solis
2841 3621 3106 3689 episcopis
3137 3636 3167 3673 a
3216 3619 3420 3689 Spiritu

1871 3716 2060 3760 sancto
2109 3722 2430 3763 concessum
2480 3717 2583 3761 est.
2636 3708 2790 3773 Quod
2841 3708 2883 3761 si
2952 3708 3134 3761 videas
3174 3707 3322 3760 illum
3365 3709 3420 3761 in

1870 3798 2075 3867 synodo
2116 3798 2249 3853 citra
2295 3799 2692 3853 meditationem
2707 3813 2767 3852 ea
2796 3798 3178 3865 proferentem,
3202 3814 3320 3867 qua:
3340 3801 3419 3854 vel

1870 3887 2004 3953 ipse,
2054 3888 2100 3942 si
2150 3888 2435 3940 dicendum
2493 3888 2541 3941 ei
2602 3887 2759 3951 foret,
2821 3888 2875 3940 in
2931 3888 3163 3942 medium
3211 3890 3422 3943 afferret

1870 3974 2044 4028 Moses
2077 3994 2089 4028 :
2141 3975 2430 4043 itidemque
2460 3975 2616 4027 silani
2649 3977 2701 4027 in
2734 3989 2938 4027 morem
2972 3990 3033 4029 ea
3063 3978 3420 4043 pronuntian-

1871 4068 1996 4119 tem.
2026 4075 2145 4127 quae
2190 4060 2381 4128 capitis
2420 4061 2521 4129 ipsi
2564 4071 2745 4113 vertex
2784 4061 2955 4115 instar
2989 4064 3149 4115 nubis
3184 4074 3235 4116 et
3270 4079 3420 4132 aqua:

1869 4147 2173 4215 suppeditat
2206 4165 2218 4200 :
2254 4147 2522 4201 Aaronem
2557 4148 2739 4201 videre
2769 4164 2875 4202 non
2908 4148 3261 4211 desiderabis,
3287 4152 3421 4205 scri-

1868 4249 2079 4306 ptarum
2117 4239 2379 4293 divinitus
2412 4240 2718 4292 tabularum
2757 4241 2915 4293 verba
2945 4243 3254 4294 recitantem
3282 4259 3297 4301 ;
3328 4257 3422 4296 ne-

1870 4341 1972 4395 que
1999 4326 2326 4390 Baruclium,
2370 4329 2554 4382 dextre
2592 4328 2957 4396 captivitatem
2987 4329 3183 4384 ludam
3213 4330 3421 4385 descri-

1876 4416 2086 4468 bentem
2121 4434 2133 4467 :
2178 4417 2271 4469 sed
2297 4424 2585 4470 contentus
2611 4416 2679 4469 iis
2719 4417 2850 4481 eris,
2898 4433 3016 4487 quae
3056 4421 3422 4473 cltartnlarius

1873 4512 2012 4572 aget,
2041 4519 2265 4573 quaeque
2301 4504 2773 4559 Deuteronomium
2808 4508 3113 4574 perliéiunt.
3157 4508 3248 4561 Est
3286 4524 3423 4575 pra:-

1870 4596 2016 4644 terea
2044 4590 2185 4659 quod
2216 4591 2450 4658 mireris,
2476 4606 2595 4645 cum
2632 4593 2771 4644 sacri
2809 4607 3043 4646 canones
3079 4596 3423 4661 permiserint

1872 4679 2086 4731 urbium
2123 4678 2381 4733 duntaxat
2413 4679 2761 4749 pontiﬁcibus
2788 4684 3166 4735 auctoritatem
3194 4684 3420 4736 docendi

1870 4769 2124 4835 p0pulum
2158 4786 2173 4832 ;
2210 4769 2562 4824 nihilominus
2611 4770 2998 4823 chartulartum
3044 4773 3218 4825 solum
3274 4788 3424 4826 more

1872 4858 2203 4912 catecltetico
2228 4858 2480 4927 populum
2510 4860 2565 4912 in
2588 4859 2816 4914 ecclesia
2842 4859 3068 4914 docendi
3096 4871 3414 4930 potestatem

1873 4949 2124 5001 sortitum
2169 4963 2333 5002 esse:
2378 4949 2766 5016 patriarchales
2804 4950 3050 5004 eumdem
3088 4953 3423 5020 cognitiones

1872 5033 1927 5085 in
1972 5034 2177 5087 litteras
2212 5034 2431 5098 referre,
2490 5036 2712 5104 suisque
2744 5037 3238 5106 subscriptionihns
3266 5049 3317 5092 et
3350 5041 3424 5093 si-

1872 5123 2013 5191 gillis
2064 5124 2276 5176 munire
2313 5142 2325 5176 :
2366 5138 2561 5192 magno
2604 5126 2897 5193 praesidere
2944 5128 3219 5191 tribunali,
3250 5139 3299 5183 ct
3332 5128 3421 5196 jus

1873 5227 1993 5264 cum
2044 5212 2248 5264 homini
2295 5213 2468 5265 cuivis
2519 5214 2717 5277 dicere,
2777 5215 3151 5285 cujuscunque
3206 5221 3419 5273 tandem

1873 5300 2102 5353 fortuna:
2130 5302 2196 5353 sit
2220 5315 2283 5353 ac
2305 5315 2487 5362 sexus,
2520 5303 2572 5354 itt
2605 5302 2993 5369 quaestionibus
3018 5305 3417 5369 ecclesiasticis.

1871 5399 1923 5441 et
1952 5389 2115 5441 animi
2145 5390 2463 5441 delictorum
2496 5390 2869 5443 emendatione
2905 5399 3053 5443 :tum
3093 5408 3217 5446 vero
3242 5411 3421 5447 sacer-

1871 5479 2088 5532 dotibus
2130 5488 2185 5531 et
2218 5479 2519 5532 monachis.
2566 5480 2617 5531 in
2654 5480 2844 5548 quavis
2891 5481 3155 5534 criminali
3196 5492 3249 5536 et
3276 5487 3419 5539 civili

1872 5584 2056 5622 causa.
2094 5567 2300 5637 Quippe
2328 5569 2408 5622 vel
2448 5568 2515 5622 ad
2548 5568 2693 5637 ipsas
2722 5584 2893 5637 usque
2914 5570 3087 5625 Gades
3117 5572 3419 5639 jnrisdictiu

1873 5659 2189 5714 chartulnrii
2223 5660 2477 5725 pertinet,
2516 5658 2557 5712 si
2589 5660 2708 5728 quis
2747 5663 3095 5727 concesserit,
3126 5670 3282 5716 etiam
3312 5664 3412 5723 illi!
