4214 6450
832 400 965 463 1343

2054 402 2326 460 Tl‘lEUD.
2374 400 2837 461 BALSAMONIS

3883 386 4021 449 ιοιι

821 528 1032 594 aliquos
1080 523 1343 585 habitare,
1406 523 1543 574 solio
1590 519 2192 586 ConstantinOpolitano
2237 522 2365 571 sub-
2394 524 2485 575 Ac

2357 550 2365 559 -
2394 524 2443 575 Α
2471 520 2794 586 σφαλμάτων
2825 515 3065 583 ψυχικῶν
3099 510 3449 579 διορθώσεως.
3496 512 3653 563 Κατὰ
3683 512 3740 562 δὲ
3781 511 4021 578 ἱερωμέ-

819 615 1015 683 jectos.

2471 624 2575 656 νων
2627 605 2719 655 καὶ
2748 602 3010 669 μοναχῶν,
3053 604 3190 666 ,περί
3241 600 3415 664 πάσης
3470 598 3887 667 ἑγκληματικῆς
3934 603 4027 650 καὶ

819 700 1159 770 χρηματικῆς
1189 699 1492 756 αἱτιάσεως.
1531 695 1675 763 Περᾷ
1721 695 1826 763 γὰρ
1854 694 1945 745 καὶ
1978 696 2137 761 μέχρι
2177 695 2438 761 Γαδείρων
2474 692 2656 743 αὐτῶν
2684 692 2717 757 ή
2742 688 3064 740 δικαιοδοσία
3134 686 3225 738 τοῦ
3297 685 3719 752 χαρτοφύλακος,
3795 688 3847 737 εἰ
3913 685 4026 753 δοίη

817 808 896 851 τις
928 786 1142 839 κάκείσέ
1182 798 1328 842 τινας
1355 784 1617 833 κατοικεῖν
1648 782 2041 848 ὑποκειμένους
2070 782 2144 849 τῷ
2189 781 2359 849 θρόνῳ
2395 781 2493 847 τῆς
2519 778 3151 837 Κωνσταψτινουπόλεως.

887 876 1002 929 Jam
1062 889 1208 935 vero,
1272 873 1410 937 quod
1471 871 1721 938 pru'sidet
1779 872 1890 937 ipse
1948 871 2230 923 duodecim
2272 884 2363 937 pa-

819 964 1198 1018 triarehalibus
1272 960 1519 1021 notariis,
1599 973 1713 1010 eam
1756 975 1818 1011 ex
1870 964 1993 1012 sede
2045 960 2199 1011 (idem
2250 960 2353 1011 ha-

822 1053 1089 1109 bentibus.
1164 1064 1324 1112 quam
1387 1047 1588 1099 habent
1647 1047 1927 1099 duodecim
1990 1048 2183 1099 notarii
2256 1056 2362 1099 tam

825 1141 959 1197 Veli,
1007 1153 1166 1205 quam
1200 1136 1548 1203 Hippodromi
1603 1135 1846 1201 judicum
1913 1138 2090 1203 (mitto
2134 1152 2364 1204 namque

824 1230 1025 1287 dicere,
1101 1227 1181 1276 his
1232 1224 1556 1275 duodecim:
1615 1238 1735 1274 cum
1788 1223 2215 1289 patriarcharum
2263 1224 2362 1275 hu—

828 1321 1056 1370 manitas
1090 1327 1138 1367 et
1203 1314 1492 1365 sulnnissio
1548 1312 1783 1379 pertrahi
1843 1329 1900 1365 se
1956 1328 2061 1364 non
2132 1315 2364 1381 patiatur

822 1413 883 1460 ad
936 1405 1280 1457 evertendum
1333 1419 1415 1463 ea,
1463 1418 1579 1469 qua:
1624 1402 1921 1467 antiquitus
1971 1403 2020 1453 in
2059 1418 2155 1455 llSll
2188 1405 2363 1469 sunt),

822 1509 883 1547 ac
917 1494 1119 1543 ratione
1162 1489 1453 1549 consimili,
1506 1488 1643 1551 quod
1680 1490 1928 1552 praesidet
1992 1497 2119 1540 ante
2168 1496 2363 1541 metro-

825 1583 1091 1649 politanos
1126 1580 1175 1630 in
1212 1576 1561 1629 electionibus
1592 1578 1964 1642 cpisc0poruin
1998 1577 2063 1627 ad
2113 1589 2365 1630 vacantes

832 1670 1111 1727 ecclesias,
1160 1676 1204 1716 et
1242 1666 1292 1716 in
1322 1664 1384 1716 iis
1413 1663 1640 1730 publicis
1671 1664 2073 1727 congressibus,
2105 1664 2193 1730 qui
2216 1674 2365 1715 extra

2534 872 2607 922 Τὸ
2634 871 2687 922 δὲ
2720 869 3093 936 προκαθῆσθαι
3142 867 3328 917 τοῦτον
3357 864 3653 925 δωδεκάδος
3689 882 4027 931 πατριαρχιο

2466 962 2573 1013 κῶν
2607 962 2867 1027 νοταρίων
2898 959 3243 1010 αὐτοπιστίαν
3273 958 3523 1024 ἑχόντων,
3561 958 3677 1007 οἷαν
3709 957 3829 1022 ἔχει
3866 957 3966 1005 καὶ
3993 958 4021 1020 ή

2464 1052 2698 1111 δωδεκὰς
2723 1051 2828 1102 τῶν
2855 1048 2945 1100 τοῦ
2971 1047 3139 1114 Βήλου
3169 1046 3374 1099 καὶτοῦ
3407 1045 3765 1111 Ἱπποδρόμου
3819 1044 4026 1111 κριτῶν

2466 1141 2560 1208 (ὲῶ
2590 1142 2695 1208 γὰρ
2728 1142 2898 1191 εἰπεῖν
2922 1137 3213 1197 δωδεκάδος
3240 1137 3450 1202 διπλῆς,
3476 1136 3556 1185 ὅτι
3590 1135 3700 1185 τῶν
3744 1151 4019 1202 πατριαρ-

2466 1232 2571 1299 χῶν
2617 1234 2648 1299 ή
2681 1228 3057 1297 φιλανθρωπία
3083 1228 3173 1278 καὶ
3219 1224 3623 1289 συγκατάὸασις
3653 1226 3751 1291 οὐχ
3800 1224 4024 1274 ἕλκεται

2464 1322 2598 1387 πρὸς
2629 1320 2906 1385 ἀναίρεσιν
2934 1318 3040 1369 τῶν
3071 1315 3472 1381 νενομισμένων
3510 1311 3824 1377 ἀνέκαθεν),
3849 1313 4025 1365 ὡσαύ-

2466 1426 2569 1469 τως
2599 1410 2694 1459 καὶ
2724 1408 2781 1458 τὺ
2812 1404 3188 1475 προκαθῆσθαι
3220 1402 3328 1455 τῶν
3360 1400 3773 1469 μητροπολιτῶν
3820 1404 3882 1449 έν
3912 1404 4023 1459 ταῖς

2465 1494 2664 1561 ψήφοις
2714 1492 2821 1542 τῶν
2876 1490 3220 1558 χηρευουσῶν
3292 1488 3607 1551 ἁγιωτάτων
3688 1487 4019 1550 ἐκκλησιῶν,

2467 1586 2559 1636 καὶ
2588 1588 2644 1634 έν
2698 1586 2815 1643 ταῖς
2866 1580 3064 1645 ἔξωθεν
3142 1579 3233 1631 τοῦ
3296 1578 3694 1646 πατριαρχικοῦ
3772 1575 4017 1643 βήματος

2467 1665 2775 1739 γινιῆαέναις
2805 1672 3006 1729 κοιναῖς
3034 1667 3424 1731 συνελεύσεσιν,
3462 1666 3594 1717 ἀλλὰ
3630 1664 3738 1731 μὴν
3769 1668 3868 1715 καὶ
3900 1668 4016 1728 έορ-

828 1756 1182 1827 patriarchale
1214 1754 1449 1805 tribunal
1488 1754 1641 1813 ﬁunt,
1672 1755 1778 1804 imo
1822 1753 1984 1805 etiam
2030 1754 2081 1803 in
2102 1753 2359 1806 festorum
2396 1779 2434 1834 Β
2464 1779 2492 1812 τ

2346 1771 2359 1805 ι
2396 1779 2434 1834 Β
2464 1762 2707 1828 τασίμοις
2736 1759 3029 1827 πανδήμοις
3085 1755 3323 1817 τελεταῖς
3366 1771 3424 1807 τε
3455 1756 3549 1807 καὶ
3601 1755 4010 1822 πανηγύρεσιν,

826 1847 1051 1915 publicis
1094 1844 1413 1896 caerimoniis
1461 1851 1618 1908 atque
1649 1842 2021 1903 conventibus,
2054 1856 2157 1892 non
2189 1842 2361 1894 solum

824 1937 970 2003 ipsas
1010 1936 1145 1987 intra
1180 1945 1360 2000 partes
1424 1932 1685 1991 ecclesiae,
1739 1946 1923 1981 verum
1977 1930 2138 1982 etiam
2172 1930 2362 1996 quovis

824 2028 877 2078 in
939 2027 1076 2085 loco,
1122 2024 1261 2091 quod
1306 2024 1433 2075 nulli
1489 2036 1812 2074 concessum
1859 2030 1939 2072 est
1969 2022 2213 2083 diacono,
2238 2036 2362 2089 pro-

825 2129 1004 2185 prerea
1046 2117 1181 2182 quod
1226 2115 1441 2167 disertis
1478 2113 1655 2164 verbis
1692 2127 1718 2163 a
1771 2128 1900 2163 xvnt
1931 2126 2133 2163 cauoae
2163 2122 2362 2163 sancta:

826 2215 885 2253 ac
913 2200 1226 2252 universalis
1264 2199 1446 2265 primm
1480 2197 1668 2265 synodi
1715 2195 2093 2262 prohibeatur;
2128 2210 2359 2263 quonam

824 2306 1005 2357 quaeso
1034 2292 1261 2351 referes,
1298 2289 1506 2341 auditor
1532 2286 1981 2355 prudentirsime?
2007 2286 2235 2340 Omnino
2286 2286 2362 2338 fa-

827 2380 1024 2432 teberis
1062 2380 1250 2431 horum
1305 2381 1543 2429 omnium
1614 2385 1934 2444 potestatem
1997 2378 2043 2429 ci
2110 2377 2359 2429 tributam

824 2480 1122 2538 propterea,
1150 2470 1288 2535 quod
1320 2469 1656 2518 existimetur
1704 2482 1823 2519 esse
1873 2482 1952 2525 os,
1987 2475 2037 2517 et
2090 2468 2261 2529 labra,
2311 2477 2361 2519 et

827 2571 1017 2608 manus
1071 2554 1302 2623 quodam
1379 2555 1536 2606 modo
1610 2555 1949 2621 patriarchae.
2012 2555 2218 2621 Abripit
2279 2568 2362 2607 me

828 2644 1080 2713 proclivis
1123 2645 1351 2709 impetus
1398 2642 1584 2703 animi,
1646 2649 1701 2693 ut
1760 2644 1957 2702 dicam,
2008 2652 2058 2693 et
2115 2650 2359 2694 accurate

826 2736 1108 2797 declarem,
1152 2748 1310 2800 quam
1341 2732 1408 2783 ob
1456 2745 1673 2783 causam
1726 2746 1883 2798 supra
1926 2743 2146 2784 caeteros
2172 2734 2358 2799 prasi-

823 2819 918 2873 des
945 2821 1091 2872 solus
1143 2818 1500 2870 chartularius
1543 2819 1757 2870 ordines
1800 2819 2194 2871 ecclesiasticos
2252 2834 2359 2869 ma-

823 2908 957 2977 joris
1020 2908 1361 2961 auctoritatis
1408 2923 1570 2959 causa
1615 2911 1855 2974 geminos
1904 2909 2117 2971 habeat,
2153 2910 2358 2977 episco-

826 3000 1105 3065 pianormn
1147 2998 1411 3060 videlicet,
1436 3012 1495 3049 ac
1526 2998 1939 3050 secreticurum.
1979 2997 2078 3049 Sed
2107 3000 2356 3064 quoniam

2469 1853 2525 1903 ού
2561 1853 2716 1920 μόνον
2747 1850 2894 1911 έντδς
2940 1848 3046 1901 τῶν
3089 1848 3185 1914 τῆς
3238 1846 3524 1912 ἐκκλησίας
3562 1846 3764 1913 μερῶν,
3800 1839 3933 1896 ἀλλ”
3966 1846 4017 1893 ὲν

2467 1943 2613 2009 τόπῳ
2650 1942 2831 2003 παντὶ,
2890 1940 3023 2007 ὅπερ
3069 1938 3242 1989 οὐδενὶ
3291 1936 3518 2005 διακόνῳ
3564 1936 4014 2002 πεφιλοτίμηται,

2468 2032 2552 2081 διὰ
2585 2031 2642 2081 τὸ
2669 2028 2848 2097 ῥητῶς
2897 2026 2999 2078 ὑπὸ
3044 2025 3137 2076 τοῦ
3171 2023 3239 2091 ιη’
3277 2024 3492 2084 κανόνος
3551 2023 3650 2090 τῆς
3704 2023 3871 2087 ἁγίας
3929 2025 4016 2073 καὶ

2467 2116 2845 2185 οἱκουμενικῆς
2867 2116 3085 2185 πρώτης
3109 2113 3298 2166 σποδοῦ
3320 2112 3641 2175 κωλύεσθαι,
3673 2112 3779 2162 ποῦ
3802 2112 4017 2179 θήσεις,

2468 2210 2709 2279 ἁκροατᾶι
2780 2207 3146 2269 συνετώτατες
3204 2204 3425 2263 Πάντως
3477 2202 3541 2253 ἄν
3587 2204 3761 2262 εἴποις
3813 2201 4014 2251 τούτων

2467 2302 2682 2351 πάντων
2712 2298 2927 2365 δοθῆναι
2954 2297 3049 2362 τὴν
3099 2294 3343 2356 ἐξουσίαν
3393 2291 3560 2358 αὐτῷ,
3595 2291 3681 2341 διὰ
3707 2290 3770 2340 τὸ
3802 2290 4015 2355 λογίζε-

2469 2390 2590 2442 σθαι
2620 2387 2811 2454 στόμα,
2842 2388 2931 2437 καὶ
2965 2385 3138 2454 χείλη,
3162 2384 3253 2433 καὶ
3297 2385 3479 2450 χεῖρας
3513 2381 3711 2432 ὡσανεὶ
3748 2395 4017 2445 πατριάρ-

2466 2480 2643 2549 χικάς.
2677 2477 2863 2527 Ἔλκει
2897 2493 2963 2543 με
3007 2476 3067 2525 τὸ
3094 2473 3369 2541 πρόθυμον
3392 2472 3560 2520 είπεῖν
3585 2470 3679 2520 καὶ
3705 2469 4010 2533 ἐπεξεργάο

2469 2567 2686 2629 σασθαι,
2737 2567 2878 2625 τίνος
2910 2565 3065 2631 χάριν
3100 2561 3247 2628 παρὰ
3286 2562 3410 2620 τοὺς
3443 2560 3631 2618 ἄλλους
3668 2556 4016 2623 προκαθημέ-

2466 2674 2585 2717 νους
2620 2658 2646 2707 ό
2697 2652 3037 2724 χαρτοφύλαξ
3080 2653 3171 2703 καὶ
3210 2650 3365 2717 μόνος
3394 2650 3584 2707 διττοῖς
3629 2648 4018 2710 ἐκκλησιαστι-

2467 2749 2580 2806 κοῖς
2622 2742 2976 2811 μεγαλύνεται
3011 2741 3300 2805 τάγμασιν,
3339 2738 3776 2795 ἔπισκοπειανοῖς
3815 2734 4014 2801 δηλαδή

2467 2839 2561 2889 καὶ
2592 2838 2946 2903 σεκρετικοῖς.
2981 2832 3103 2881 Ὀτι
3126 2829 3180 2879 δὲ
3211 2827 3308 2891 τῆς
3341 2826 3536 2876 τούτων
3567 2824 3839 2889 εὑρέσεως
3874 2824 4009 2872 ὐπο-

2466 2927 2640 2993 δάθρα
2698 2940 2782 2982 τις
2839 2922 3104 2987 τιμήεσσα
3154 2916 3453 2983 πρόκειται,
3510 2913 3601 2962 καὶ
3648 2911 3709 2961 τὸ
3753 2914 4015 2983 ,πρᾶγμα

2465 3015 2768 3083 παρακαλεῖ
2820 3012 2911 3061 καὶ
2956 3010 3154 3074 ταύτην
3198 3000 3753 3072 ἁργυρογνωμογῆσαι
3793 3002 3887 3051 διὰ
3920 3002 4016 3067 τὴν

824 3089 1188 3140 institutionis
1239 3089 1429 3137 horum
1470 3088 1689 3154 insigne»
1724 3087 1989 3152 quoddam
2045 3087 2359 3138 fundamen-
2387 3098 2429 3153 ο
2463 3126 2488 3161 τ

2350 3116 2359 3125 ’
2387 3098 2429 3153 c
2463 3110 2559 3176 τῆς
2587 3106 2835 3172 ἁληθεῖας
2863 3102 3221 3168 παράστασιν,
3270 3094 3611 3162 ἁναμεινάτω
3642 3092 3779 3157 πρὸς
3819 3092 4014 3157 μικρον

828 3187 942 3229 tum
976 3186 1076 3238 est,
1127 3192 1188 3228 ac
1229 3192 1313 3228 res
1379 3178 1489 3241 ipsa
1528 3177 1776 3241 postulat,
1810 3178 1906 3227 huc
1943 3178 2111 3243 ipsum
2152 3194 2364 3244 quoque

833 3267 1077 3319 veritatis
1139 3265 1450 3317 exhibenda:
1490 3279 1650 3316 causa
1706 3267 1997 3316 exaruiuari
2052 3267 2365 3333 :panlisper

831 3356 1143 3408 diﬂeramus
1188 3369 1304 3406 eam
1364 3355 1686 3412 orationem,
1754 3368 1857 3418 qua
1912 3354 2248 3419 supradictas
2312 3356 2363 3407 in

828 3443 1045 3494 ordines
1110 3442 1498 3506 disquiremus,
1546 3456 1606 3493 ac
1670 3442 1951 3505 dicamus;
2016 3443 2364 3507 quamobrem

830 3539 1018 3598 praeter
1051 3531 1122 3591 id,
1155 3530 1291 3596 quod
1318 3530 1485 3582 sacris
1502 3530 1799 3582 canonibus
1832 3530 2163 3592 continetur,
2209 3532 2364 3581 char-

827 3620 1057 3670 tularius
1104 3617 1453 3668 diaconorum
1512 3617 1562 3667 in
1604 3631 1826 3669 numero
1876 3618 2204 3680 consistens,
2241 3626 2363 3671 ante

830 3709 1108 3776 pnntilices
1134 3708 1333 3758 sedeat.
1388 3704 1507 3757 llaec
1555 3706 1867 3772 pervulgata
1922 3707 2151 3771 quaestio
2198 3707 2363 3759 multa

828 3797 1057 3848 diversis
1104 3795 1441 3860 temporibus
1493 3796 1747 3845 excitavit
1801 3795 2083 3855 scandala,
2116 3798 2365 3860 varieque

824 3884 1122 3949 disceptata
1180 3883 1277 3933 fuit
1340 3883 1475 3933 inter
1523 3882 1904 3932 chartularium
1978 3887 2029 3933 et
2089 3882 2364 3949 pontiﬁces

829 3973 947 4024 solii
974 3967 1577 4035 Constantinopolitani.
1606 3969 1846 4035 Cumque
1875 3970 2110 4037 cognitio
2141 3971 2363 4035 patriar—

825 4062 1014 4117 elialis,
1042 4062 1384 4127 poutilicibus
1407 4058 1618 4119 favens,
1644 4058 1845 4111 eisdem
1875 4059 2053 4111 obiter
2078 4061 2361 4125 arrideret,

828 4152 895 4198 ob
925 4150 1142 4201 iudicati
1171 4150 1420 4215 superius
1450 4149 1673 4199 canOnis
1705 4152 2026 4199 sententiam
2059 4168 2068 4199 :
2098 4152 2360 4215 prolatum

826 4248 904 4289 cst
932 4237 1163 4288 edictum
1197 4238 1483 4288 clarissimi
1505 4238 2185 4303 principis,dominiAlexii
2206 4240 2363 4294 Com-

826 4330 970 4385 ιιι-ιιι,
997 4342 1099 4393 quo
1132 4328 1239 4377 lnec
1267 4326 1329 4376 ad
1364 4328 1585 4378 verbum
1619 4327 1965 4377 continentur
1995 4345 2005 4377 :

902 4436 918 4457 ι
958 4416 1316 4468 Ecclesiastici
1349 4415 1455 4481 (69.)
1496 4415 1673 4467 decori
1717 4428 1898 4466 Curam
1930 4416 2182 4481 tnajestas
2242 4431 2358 4467 mea
2392 4422 2436 4476 υ

826 4519 1041 4569 gerens,
1085 4519 1134 4557 et
1197 4520 1317 4555 cum
1360 4506 1413 4555 in
1477 4504 1620 4555 omni
1656 4504 1797 4556 civili
1858 4512 2001 4556 statu
2032 4504 2230 4555 bonum
2274 4520 2365 4557 or-

828 4591 1006 4643 dinem
1039 4594 1339 4657 requirens.
1372 4594 1559 4643 tumin
1605 4594 1699 4644 hoc
1727 4592 1999 4644 studiosus
2028 4594 2365 4656 incumbens,

829 4692 885 4734 ut
935 4683 981 4733 is
1038 4681 1203 4747 magis
1253 4683 1411 4732 etiam
1466 4682 1634 4732 sacris
1669 4683 1739 4733 ’in
1805 4683 1965 4734 rebus
2008 4683 2365 4744 observetur;

829 4772 1108 4839 privilegia
1162 4777 1351 4838 cuique
1401 4773 1660 4839 graduum
1711 4774 2206 4826 ccclesiasticorum
2253 4773 2362 4839 jam

827 4861 953 4912 olint
987 4862 1205 4920 tributa,
1240 4876 1468 4928 eumque
1520 4869 1740 4924 statum,
1782 4863 1873 4927 qui
1909 4864 2173 4914 hactenus
2208 4863 2260 4913 in
2284 4862 2362 4917 eis

829 4948 1017 5016 viguit,
1061 4951 1220 5002 etiam
1276 4950 1530 5017 deinceps
1555 4952 1939 5003 inmmtabilem
1983 4952 2277 5005 subsistere
2303 4966 2364 5005 ac

828 5054 1143 5107 permanere
1176 5042 1346 5107 cupit,
1402 5048 1453 5093 et
1506 5055 1714 5108 mquum
1761 5050 1967 5105 censet,
2028 5042 2363 5095 sanctissime

824 5127 1057 5187 domine,
1129 5127 1271 5179 velut
1329 5142 1357 5178 a
1416 5136 1493 5181 tot
1550 5130 1705 5181 annis
1753 5140 2047 5197 acceptum.
2098 5142 2150 5182 et
2204 5130 2364 5195 longo

818 5213 927 5279 jam
960 5214 1136 5280 spatio
1164 5217 1416 5280 temporis
1474 5218 1837 5278 observatum,
1904 5228 1954 5269 et
2001 5220 2267 5285 perpetuis
2297 5220 2362 5271 ab

825 5319 931 5357 uno
964 5315 1203 5373 tempore
1236 5308 1288 5358 in
1350 5307 1493 5359 aliud
1556 5311 2025 5377 progressionibus
2086 5311 2364 5378 hucusque

819 5394 954 5447 citra
1019 5396 1371 5448 mutationem
1422 5402 1675 5465 praeclare
1724 5403 2104 5453 continuatum
2159 5416 2221 5453 ac
2254 5414 2365 5454 sta-

2466 3198 2669 3262 όλόγος
2726 3195 2820 3261 τήν
2859 3192 2964 3241 τιτιν
3027 3188 3295 3255 ῥηθέντων
3350 3182 3637 3247 ταγμάτων
3691 3180 4011 3245 συζήτησςν,

2466 3287 2556 3336 καὶ
2584 3281 2791 3355 ῥητέον,
2824 3281 2963 3339 τίνος
3000 3278 3153 3344 χάριν
3187 3274 3335 3340 παρὰ
3366 3272 3462 3340 τὴν
3500 3270 3601 3321 τῶν
3645 3268 3809 3318 θείων
3853 3268 4012 3319 κανό-

2467 3395 2567 3427 νων
2608 3371 2914 3442 περίληψιν,
2966 3371 3021 3418 ὲν
3074 3366 3338 3423 διακόνοις
3370 3365 3395 3413 ό
3426 3359 3773 3429 χαρτοφύλαξ
3821 3358 4012 3409 ταττόο

2469 3482 2685 3533 μενος,-ι
2718 3460 2823 3511 τῶν
2876 3455 3171 3523 ἀρχιερέων
3240 3451 3599 3517 προκάθηται.
3656 3447 3731 3497 Th
3790 3445 4014 3513 ζήτημα

2462 3554 2615 3603 τοῦτο
2642 3552 2699 3601 τὸ
2719 3546 3146 3615 πολυθρύλλητον
3185 3542 3347 3594 πολλὰ
3382 3538 3521 3590 κατὰ
3566 3537 3863 3602 διαφόρους
3900 3551 4015 3584 και-

2467 3642 2589 3709 ροὺς
2618 3641 2869 3708 ἀνήγειρε
2910 3635 3194 3693 σκάνδαλα,
3231 3634 3320 3682 καὶ
3353 3629 3557 3697 μεγάλη
3591 3625 3783 3677 τούτου
3816 3624 4013 3686 κατεξ-

2464 3732 2643 3789 έτασις
2696 3729 2881 3794 γέγονε
2931 3726 3091 3792 μέσον
3153 3723 3244 3773 τοῦ
3315 3718 3724 3787 χαρτοφύλακος
3768 3717 3866 3765 καὶ
3909 3714 4013 3763 τῶν

2464 3817 2763 3886 ἀρχιερέων
2807 3813 2900 3865 τοῦ
2961 3813 3146 3880 θρόνου
3207 3810 3303 3875 τῆς
3364 3804 4010 3859 Κωνσταντινουπόλεως.

2464 3909 2573 3960 Καὶ
2607 3908 2743 3972 τάχα
2782 3902 3068 3971 μειδιώσης
3092 3897 3399 3965 ἀκροθιγῶς
3423 3896 3517 3954 τῆς
3539 3893 3671 3958 ὑπὲρ
3701 3891 3814 3941 τῶν
3840 3892 4014 3957 ἀρχιε-

2467 3997 2601 4064 ρέων
2659 3992 3057 4059 πατριαρχικῆς
3089 3989 3427 4055 διαγνώσεως
3458 3985 3543 4036 διὰ
3572 3985 3661 4034 τὸν
3690 3984 3787 4033 τοῦ
3821 3982 4013 4049 ρηθὲνο

2462 4101 2547 4143 τος
2578 4083 2827 4147 ἀνωτέρω
2854 4079 3073 4136 κανόνος
3100 4075 3407 4145 περίληψιν,
3439 4071 3811 4140 προεκομίσθη
3844 4072 4011 4137 πρόσ-

2461 4190 2645 4239 ταγμα
2686 4170 2777 4221 τοῦ
2829 4168 3068 4235 ἀοιδίμου
3110 4166 3388 4235 βασιλέως,
3440 4162 3601 4228 πυροῦ
3649 4162 3891 4224 ’Δλεξὶου
3930 4160 4009 4210 γ’

2464 4260 2767 4330 Κομνηνοῦ,
2788 4259 2909 4311 τάδε
2941 4257 3075 4309 κατὰ
3120 4258 3265 4323 ῥῆμα
3292 4252 3654 4313 διαλαμϐάνον
3685 4265 3699 4277 ·

2543 4456 2558 4483 ι
2614 4434 2675 4483 '11
2702 4430 2943 4500 βασιλεία
2976 4446 3075 4496 μου
3107 4428 3202 4495 τῆς
3232 4422 3686 4493 ἐκκλησιαστικῆς
3715 4422 4012 4487 eimagis;

2465 4518 2841 4592 φροντίζουσα,
2907 4519 3000 4570 καὶ
3054 4519 3114 4568 τὸ
3158 4517 3423 4567 εὕτακτον
3462 4515 3551 4565 καὶ
3610 4512 3664 4560 έν
3696 4513 3863 4561 παντὶ
3924 4509 4015 4572 μὲν

2465 4613 2698 4674 ζητοῦσα
2749 4611 2824 4677 τῷ
2883 4607 3254 4673 πολιτεύματι,
3309 4604 3562 4655 ὲπιπλέον
3594 4602 3648 4651 δὲ
3690 4604 3808 4660 τοῖς
3850 4600 4013 4657 θεξοις

2463 4698 2617 4749 τοῦτο
2668 4694 3115 4762 ἐμπολιτεύεσθαι
3164 4690 3251 4741 διὰ
3319 4688 3553 4754 σπουδῆς
3611 4687 3896 4749 τιθεμένη,
3954 4683 4013 4731 τα

2467 4784 2703 4854 ἀρχῆθεν
2758 4780 3203 4846 ἁπονενεμημένα
3283 4777 3551 4843 προνόμια
3607 4776 3824 4839 ἑκάστῳ
3910 4772 4010 4820 τῶν

2467 4872 2931 4939 ὲκκλησιαστικῶν
2985 4869 3226 4936 βαθμῶν,
3292 4868 3384 4917 καὶ
3424 4866 3519 4932 τὴν
3556 4866 3683 4931 ἄχρι
3732 4867 3825 4914 καὶ
3858 4864 4010 4929 δεῦρο

2467 4964 2907 5029 ἐπικρατήσασαν
2956 4959 3013 5008 ὲν
3063 4957 3269 5015 τούτοις
3334 4958 3686 5013 κατάστασιν,
3750 4957 3892 5005 κατὰ
3956 4953 4011 5001 τὸ

2466 5050 2817 5101 ἀναλλοίωτον
2858 5050 2949 5098 καί
3001 5050 3079 5107 είς
3122 5048 3183 5097 τὸ
3241 5046 3365 5112 ἑξῆς
3414 5045 3553 5095 εἶναι
3612 5044 3707 5093 καὶ
3737 5044 4009 5108 διαμένειν

2469 5140 2712 5207 βούλεταί
2737 5155 2793 5188 τε
2826 5138 2919 5189 καὶ
2945 5138 3170 5196 εὐδοκεῖ,
3208 5135 3474 5200 ἁγιώτατε
3518 5133 3771 5190 δέσποτα,
3806 5133 3880 5188 ὡς
3922 5130 4008 5179 καὶ

2470 5228 2893 5299 παραρεχθείσαν
2937 5226 3023 5277 διὰ
3066 5224 3329 5275 τοσούτων
3361 5221 3514 5282 ἑτῶν,
3553 5224 3645 5272 καὶ
3695 5222 3770 5287 τῷ
3817 5219 4006 5284 μακρεῇ

2470 5320 2642 5386 χρόνῳ
2670 5316 3222 5384 έμπολιτευσαμένην,
3278 5314 3367 5363 καὶ
3429 5316 3545 5372 ταῖς
3585 5311 3679 5361 ἀπ’
3739 5310 3902 5361 ἄλλοι)
3934 5310 4006 5365 εἰς

2470 5401 2625 5453 ἄλλον
2654 5402 2791 5453 κατὰ
2821 5400 2881 5451 τὸ
2912 5402 3035 5463 avsi
3048 5399 3298 5451 ίλλακτον
3328 5398 3428 5459 ’ἐως
3457 5396 3550 5447 τοῦ
3588 5395 3683 5448 νῦν
3709 5396 4004 5464 μεταϐήσε-

2299 5574 2527 5633 NOTAE.

893 5665 1001 5722 (ϋὲὶ
1034 5664 1158 5717 Vide
1193 5666 1455 5717 novellam
1490 5682 1515 5717 ι
1544 5667 1715 5719 Λιοιὶι
1742 5670 2023 5724 Conznem.
