4214 6450
193 406 329 471 1045

1618 419 2018 479 ΜΕΒΙΤΑΤΛ.

3216 418 3348 480 ιθιο

187 550 274 587 σιν
297 534 663 602 ιπικριθεῖσαν
698 542 783 586 καὶ
832 529 1192 597 βεόαωθεῖσαν
1236 532 1430 593 καλῶς.
1476 531 1624 583 Ἐπεὶ
1656 528 1710 581 δὲ
1738 530 1787 587 Α
1817 526 1851 579 b

1674 528 1710 580 ἱὲ
1738 530 1787 587 Α
1817 526 2046 579 bilitum.
2104 525 2237 589 Quia
2284 539 2406 580 vero
2455 541 2595 581 nunc
2642 529 2895 595 majestas
2949 544 3062 583 utea
3134 531 3338 594 didicit,

190 625 281 677 νῦν
318 627 349 693 ή
381 625 616 692 βασιλεία
649 640 747 691 μου
781 624 961 690 μάθοι,
991 626 1068 684 ὣς
1100 639 1242 683 τινες
1274 622 1380 673 τῶν
1421 618 1715 688 ἀρχιερέων
1817 630 1850 682 q

1678 638 1715 673 iV
1817 615 2078 682 quosdam
2110 615 2390 682 pontiﬁces
2422 617 2714 671 ambitione
2776 627 3008 686 quadam
3060 621 3342 688 impulsos,

188 713 741 780 ἀντιφιλοτιμούμενοι
767 712 1056 780 πειρῶνται
1086 712 1145 762 τὸ
1176 710 1266 762 τοῦ
1310 708 1711 777 χαρτοφύλακος
1818 717 1847 755 c

1684 723 1711 767 ς
1818 703 2136 755 cbartularii
2197 703 2508 771 dignitatem
2579 705 2882 774 deprimere
2942 707 3095 769 velle,
3149 724 3348 778 perque

188 799 513 852 ὕποόιδάσαι
538 800 845 866 προνόμιον,
875 798 966 850 καὶ
998 802 1226 859 κανόνας
1253 799 1331 858 είς
1377 796 1535 864 μέσον
1580 811 1711 863 προ-

189 889 467 955 φέροντες,
514 888 597 939 διά
623 888 821 939 τούτων
855 886 1209 953 φιλονεικοῦσι
1242 885 1317 953 μὴ
1346 884 1713 952 προκαθῆσθαι

1819 804 2053 844 canones
2080 791 2131 842 in
2171 793 2404 845 medium
2448 799 2737 861 productos
2760 796 3106 859 contendere,
3130 813 3238 851 non
3273 800 3349 851 illi

1821 880 2115 932 sessionem
2178 896 2341 947 supra
2422 882 2698 950 pontiﬁces
2765 893 3086 951 competere,
3143 887 3353 953 quoties

187 978 347 1027 αὑτὸν
373 976 477 1027 τῶν
510 977 823 1044 ἀρχιερέων,
854 977 1087 1044 ὁπηνίκα
1114 976 1219 1026 δέοι
1261 974 1480 1035 τούτους
1533 972 1718 1039 συνέρ-
1818 980 1848 1015 ε

1687 993 1718 1017 ι·
1818 969 1899 1019 eis
1944 968 2174 1033 alicujus
2209 970 2406 1037 negotii
2457 985 2618 1024 causa
2663 973 3091 1026 conveniendum
3144 975 3233 1036 sit,
3298 984 3351 1028 et

186 1063 373 1129 χεσθαι
402 1065 538 1115 κατά
553 1081 672 1115 τινα
686 1064 890 1131 χρείαν.
918 1064 1008 1115 καὶ
1036 1062 1397 1130 συνεδριάζειν
1423 1062 1559 1112 κατά
1591 1077 1717 1110 ταυ-

186 1154 296 1210 τὸν,
340 1152 442 1219 πρὸ
470 1153 565 1218 τῆς
620 1154 700 1212 εις
730 1153 829 1219 τὴν
882 1152 1184 1217 ἁγιωσύνην
1219 1168 1309 1202 σου
1350 1150 1716 1211 είσελεύσεως,

183 1239 284 1290 οὐκ
321 1242 613 1308 ἀνασχετὸν
659 1245 723 1310 τῇ
759 1241 1000 1311 βασιλείᾳ
1044 1259 1142 1309 μου
1176 1240 1342 1303 εδοξε,
1379 1241 1607 1308 πρᾶγμα
1634 1239 1720 1289 διὰ

184 1328 439 1379 τοσούτου
464 1329 652 1396 χρόνου
684 1330 1019 1397 βασανισθὶν,
1050 1330 1139 1382 καὶ
1165 1332 1273 1391 τοῖς
1304 1332 1432 1397 πρὶν
1456 1330 1718 1398 πατριάρ-

183 1432 307 1481 χαις
368 1416 462 1466 καὶ
516 1418 626 1478 τοῖς
683 1418 857 1478 ἀλλοις
915 1416 1279 1486 ἀρχιερεῦσιν,
1336 1417 1467 1467 ἀλλὰ
1512 1416 1576 1483 δὴ
1630 1417 1720 1466 καὶΙ

184 1507 366 1565 αὐτοῖς
402 1508 513 1566 τοῖς
543 1506 637 1557 νῦν
667 1508 764 1558 οὐκ
810 1507 894 1557 ὶπ*
926 1507 1127 1572 εὐλόγῳ
1165 1506 1400 1574 ὲρίζουσι
1438 1505 1721 1572 πράγματι

183 1592 272 1643 διά
320 1593 417 1659 τῆς
470 1595 806 1662 πολυημέρου
847 1595 1030 1661 δεχθὶν
1061 1594 1290 1657 σιωπῆς,
1324 1593 1460 1645 κατά
1486 1594 1547 1644 τὸ
1585 1609 1721 1660 παρ-

189 1681 344 1732 έλκον
366 1683 709 1750 ἀθετηθῆναι,
747 1684 837 1736 καὶ
866 1684 939 1746 ὡς
963 1702 1013 1736 τι
1044 1685 1150 1737 τῶν
1175 1683 1529 1753 ἠμελημένων
1556 1700 1721 1751 παρα-

1822 1070 1926 1108 una
1964 1058 2353 1111 considcndutn
2398 1059 2454 1113 in
2506 1068 2720 1124 senatu,
2775 1069 2899 1113 ante
2955 1077 3234 1117 accessum
3285 1070 3349 1116 ad

1824 1144 2163 1196 sanctitatem
2220 1156 2416 1198 tuam:
2476 1148 2694 1201 minime
2758 1148 3036 1202 ferendum
3088 1150 3350 1218 majestati

1824 1245 1954 1282 meae
1998 1232 2168 1283 visum
2232 1242 2342 1296 est,
2388 1242 2556 1288 utres
2606 1244 2757 1288 tanto
2796 1238 2905 1305 jam
2955 1246 3195 1306 tempore
3226 1254 3351 1306 pro-

1823 1318 1969 1383 bata,
2009 1328 2062 1372 et
2086 1335 2115 1373 a
2147 1322 2519 1386 superioribus
2552 1324 2895 1391 patriarcbis,
2928 1341 2991 1379 ac
3014 1327 3353 1393 pontiﬁcibus

1822 1409 1960 1471 aliis,
2016 1418 2174 1475 atque
2211 1410 2316 1463 illis
2374 1410 2504 1476 ipsis
2545 1412 2712 1475 adeo,
2760 1414 2850 1481 qui
2903 1413 3013 1481 jam
3055 1428 3159 1466 non
3208 1418 3350 1484 justu

1821 1496 1886 1548 de
1942 1510 2103 1549 causa
2168 1498 2433 1563 rixantur,
2505 1500 2760 1555 diuturno
2818 1502 3036 1556 silentio
3094 1507 3350 1559 admissa.

1824 1594 2044 1652 urgente
2068 1586 2212 1639 nulla
2242 1587 2447 1642 ratione
2470 1590 2765 1655 abolcatur,
2789 1600 2839 1643 et
2868 1594 3019 1658 quasi
3052 1594 3351 1660 neglectum

1824 1673 2026 1739 aliquid
2059 1676 2417 1729 convellatur.
2462 1675 2802 1745 Quapropter
2848 1680 3101 1747 quiddam
3154 1682 3352 1736 rationi

184 1769 437 1838 σδρῆναι.
493 1772 682 1822 Τοίνυν
718 1778 808 1823 καὶ⁸
850 1772 1139 1840 διορίζεται
1180 1774 1460 1841 πράγματι
1504 1771 1721 1836 εὔλογον
1760 1827 1794 1841 _
1824 1778 1848 1812 ν

1686 1787 1721 1821 ,ν
1760 1827 1794 1841 _
1824 1762 1977 1814 valde
2001 1770 2425 1816 consentaneum
2463 1774 2516 1818 et
2548 1780 2760 1832 aequum
2795 1768 3005 1821 statuit.
3040 1770 3243 1838 Quippe
3307 1772 3350 1825 si

186 1859 276 1909 καὶ
313 1858 449 1910 πάνυ
480 1860 685 1911 δίκαιον
730 1860 904 1913 τοῦτο.
968 1862 1028 1911 Et
1070 1862 1166 1928 μὶν
1200 1862 1306 1929 γάρ
1362 1862 1594 1929 αἱροῖντο
1632 1860 1723 1911 καὶ

185 1946 346 1997 πάλιν
375 1948 424 2001 οι
452 1948 723 2015 ἀρχιερεῖς
769 1949 842 2017 μὴ
878 1951 1043 2001 κινεῖν
1095 1950 1162 2001 τά
1199 1949 1447 2015 ἀκίνητα,
1488 1948 1618 2015 μηδὲ
1655 1948 1721 1999 τά

184 2037 300 2096 τοῖς
339 2036 467 2104 πρὶν
505 2035 795 2104 δεδογμένα
824 2036 1094 2105 Πατράσιν
1115 2078 1128 2100 ,
1160 2037 1292 2089 ἀλλά
1321 2038 1383 2103 δὴ
1414 2036 1506 2087 καὶ
1538 2036 1720 2095 αὐτοῖς

183 2124 271 2175 διὰ
304 2124 400 2191 τῆς
453 2126 665 2192 μακρᾶς
706 2126 1027 2189 συνδόξαντα
1080 2126 1307 2193 σιωπῆς.
1356 2125 1449 2177 καὶ
1493 2125 1589 2192 τῆς
1619 2124 1722 2185 ἓως

182 2214 278 2265 τοῦ
302 2214 393 2265 νῦν
419 2216 631 2283 ἀνοχῆς,
660 2218 720 2266 ὲκ
749 2217 1106 2283 παλιμσολίας
1135 2215 1319 2283 ὥσπερ
1348 2215 1720 2276 ἀναπαλαίειν,

183 2299 247 2352 εὖ
272 2300 334 2351 ἂν
362 2301 493 2367 Ξχοι,
544 2303 631 2352 καὶ
677 2304 853 2369 χάρις,
882 2305 961 2354 ὅτι
990 2304 1048 2354 τὸ
1081 2304 1311 2371 μάχιμον
1346 2303 1719 2371 καταθέμενοι,

185 2386 248 2437 τὸ
280 2387 547 2453 εἰρηναῑον
570 2390 1049 2458 προτετιμήκασιν.
1099 2392 1159 2443 Ei
1198 2392 1251 2441 δὲ
1281 2392 1372 2442 καὶ
1406 2391 1483 2442 ἔτι
1523 2390 1723 2442 τούτων

181 2479 328 2541 τινὲς
373 2480 479 2530 τῶν
532 2479 624 2531 τοῦ
684 2482 900 2541 κανόνος
954 2483 1209 2551 ῥημάτων
1272 2483 1721 2549 ἀντιποιούμενοι,

186 2568 308 2637 (τῆς
335 2569 441 2637 γὰρ
479 2571 682 2629 ἑννοίας
711 2571 895 2639 πόρρω
940 2570 1380 2640 ἀποδιεστήκασι)
1427 2570 1719 2637 πειρῶνται

183 2657 249 2708 τὸ
294 2659 485 2709 οἰκεῖον
508 2662 769 2727 συστῆσαι
800 2659 1027 2728 θέλημα,
1068 2661 1159 2712 καῖ⁵
1184 2660 1275 2710 ἐπὶ
1320 2660 1379 2710 τὸ
1411 2662 1639 2713 ἄτακτον
1659 2661 1721 2710 ού

185 2746 361 2806 καλῶς
427 2748 521 2814 τὴν
578 2747 728 2809 τάξιν
796 2747 1264 2815 μεταϐιϐάζουσιν,
1323 2749 1385 2814 ἐᾷ
1423 2748 1517 2815 μὲν
1551 2747 1642 2797 νῦν
1692 2748 1723 2814 ή

189 2835 431 2902 βασιλεία
453 2854 549 2904 μου
584 2838 681 2900 τὴν
711 2837 801 2888 τοῦ
828 2839 1048 2895 κανόνος
1074 2837 1404 2905 ἑρμηνεῦσαι
1435 2838 1526 2887 καὶ
1554 2852 1723 2903 σαφη·

186 2925 331 2975 νίσαι
357 2925 516 2993 ὑφὴν,
549 2927 750 2995 ῥᾴστην
783 2925 945 2977 οὖσαν
969 2927 1374 2994 καταληφθῆναι
1398 2927 1487 2977 καὶ
1511 2926 1728 2990 διαγνω-

189 3014 381 3079 σθῆναι
449 3014 626 3075 καλῶς
686 3017 798 3075 τοῖς
832 3016 1125 3083 βάπτουσιν
1175 3018 1249 3075 εἰς
1284 3015 1585 3083 ἀκρίϐειαν,
1636 3016 1726 3067 καὶ

1825 1850 2001 1903 adhuc
2053 1852 2333 1924 pontiﬁces
2388 1855 2606 1907 immota
2675 1870 2780 1909 non
2855 1872 3070 1912 movere
3135 1860 3353 1924 vellent,

1822 1953 1920 1991 ne:
1974 1954 2092 2006 qua:
2122 1941 2369 2006 placuere
2417 1943 2711 2010 superiorls
2765 1948 3035 2000 memoria:
3080 1947 3350 2012 Patribus,

1823 2034 1872 2077 ct
1923 2028 2163 2093 ipsismet
2218 2030 2375 2097 longo
2397 2031 2611 2085 silentio
2646 2034 3012 2101 patientiaque
3038 2038 3103 2090 ad
3139 2040 3352 2094 hodier-

1825 2129 1948 2167 num
1980 2130 2147 2183 usque
2189 2117 2327 2170 diem
2372 2122 2718 2187 comprobata
2772 2122 3008 2187 fuerunt,
3067 2141 3132 2179 ex
3163 2127 3351 2181 incon-

1825 2204 2018 2256 stantia
2059 2205 2203 2257 velut
2261 2221 2567 2276 oppugnare
2618 2217 2759 2264 recte
2809 2212 3082 2279 facerent,
3155 2226 3206 2270 et
3259 2218 3355 2271 ba-

1824 2292 2008 2345 bendas
2043 2294 2176 2361 ipsis
2219 2296 2421 2363 gratiae,
2446 2300 2584 2364 quod
2608 2301 2819 2368 abjecto
2849 2306 3117 2371 pugnandi
3152 2306 3351 2369 studio,

1825 2396 2009 2448 pacem
2051 2385 2227 2450 potius
2273 2389 2497 2455 amplexi
2533 2400 2730 2444 essent.
2786 2394 2853 2444 At
2907 2408 3034 2447 vero
3064 2396 3108 2447 si
3140 2396 3352 2463 quidam

1827 2470 2002 2524 adhuc
2040 2474 2196 2525 verba
2245 2477 2469 2529 canonis
2506 2495 2850 2547 usurpantes.
2906 2484 3143 2551 (quando
3170 2500 3196 2536 a
3235 2501 3357 2539 sen-

1825 2563 1990 2613 tentia
2048 2562 2202 2630 longe
2286 2570 2499 2633 absunt)
2563 2569 2837 2622 libidinem
2900 2585 3050 2623 suam
3130 2574 3355 2641 probare

1826 2652 2089 2717 nituntur,
2148 2653 2497 2723 ordinemque
2548 2658 2795 2725 nequiter
2867 2659 2920 2711 in
2986 2660 3366 2714 confusionem-

1829 2741 2185 2794 inordinatam
2221 2753 2553 2799 commutant
2583 2762 2596 2797 :
2629 2748 2851 2801 canonis
2870 2748 3083 2815 quidem
3107 2752 3361 2817 maiestas

1828 2845 1943 2882 mea
1990 2841 2299 2885 contextum
2348 2834 2693 2903 interpretari
2756 2851 2818 2889 ac
2858 2838 3136 2892 declarare
3177 2841 3359 2896 mittit.

1828 2930 2081 2987 perceptu
2134 2931 2187 2974 et
2222 2921 2496 2977 intellectu
2534 2924 2844 2979 facillimum
2899 2928 2986 2993 iis,
3024 2930 3113 2996 qui
3148 2930 3361 2983 subtili-

1829 3013 1939 3060 tate
1997 3016 2121 3061 sunt
2148 3009 2359 3072 imbuti,
2406 3020 2744 3082 mentemque
2769 3017 2989 3070 canonis
3030 3018 3299 3085 attingunt
3342 3033 3357 3071 2

188 3102 475 3165 κανονικῆς
527 3100 731 3159 ὲννοίας
774 3101 1115 3165 θιγγάνουσιν
1136 3118 1147 3130 ·
1194 3100 1320 3151 αὐτὸ
1353 3101 1407 3150 δὲ
1433 3100 1588 3150 τοῦτο
1617 3102 1725 3159 τοῖς
1756 3129 1796 3183 C
1832 3106 1852 3141 τ

1691 3103 1725 3159 ῖς
1756 3129 1796 3183 C
1832 3106 2012 3144 verum
2064 3094 2165 3147 hoc
2199 3095 2250 3146 in
2302 3099 2641 3165 pontiﬁcibus
2679 3102 3042 3181 reprehendit,
3066 3105 3204 3169 quod
3237 3119 3355 3155 cum

190 3188 534 3255 ἀρχιερεῦσιν
567 3188 812 3256 ἐπιτιμᾷ,
845 3189 895 3238 τί
924 3189 986 3256 δή
1014 3204 1138 3239 ποτε
1164 3187 1252 3238 τὸν
1283 3188 1476 3238 κανόνα
1505 3187 1726 3247 ειδότες,

191 3280 282 3328 καὶ
306 3277 371 3327 τὰ
412 3280 625 3345 ῥήματα
671 3278 857 3329 τούτου
898 3276 1363 3345 ὲξακριϐούμενοι,
1394 3276 1490 3341 τὴν
1524 3274 1728 3325 ἑαυτῶν

192 3365 495 3433 συνείδησιν
538 3365 835 3431 άνευλόγως
898 3366 1197 3431 ἐπάτησσν,
1241 3368 1333 3415 καὶ
1378 3362 1468 3413 τοῦ
1508 3359 1757 3422 κανόνος’

184 3454 733 3521 παραρριπτουμένου
767 3454 1058 3521 ἠνείχοντο,
1089 3456 1181 3503 καὶ
1221 3453 1318 3519 τὴν
1349 3451 1602 3518 ὑφεδρίαν
1635 3450 1726 3501 ἐπὶ

185 3543 293 3593 τῶν
345 3543 471 3609 πρὶν
527 3543 950 3609 χαρτοφυ).άκων
1002 3541 1330 3609 ἠσπάζοντο·
1395 3540 1487 3591 καὶ⁵
1538 3538 1727 3606 μισθὸν

186 3629 391 3690 τούτοις
419 3631 514 3696 τῆς
549 3631 655 3679 τῶν
688 3630 845 3697 ίερῶν
887 3629 1120 3679 κανόνων
1161 3628 1597 3695 περιφρονήσεως
1628 3627 1725 3694 τὴν

187 3719 281 3770 επὶ
342 3718 437 3779 τὰς
500 3718 761 3785 λαχούσας
825 3717 1017 3775 αὐτοὺς
1078 3715 1391 3782 Ἐκκλησίας
1446 3715 1723 3776 ἀπέλασιν,

187 3804 388 3869 δίδωσι,
429 3805 613 3855 κανόνι
651 3803 930 3871 στοιχοῦσα
958 3800 1234 3855 κάνταῦθα
1274 3802 1724 3869 ἐκκλησιαπικιῖ),

186 3897 283 3945 καὶ⁸
336 3901 444 3954 τοῖς
516 3897 931 3961 περιφρονηταῖς
990 3892 1094 3942 τῶν
1170 3892 1423 3953 κανόνων,
1486 3892 1724 3951 ἐκείνους

187 3984 383 4042 αὐτοὺς
447 3983 569 4043 τοὺς
626 3982 799 4050 ἱεροὺς
864 3981 1088 4043 κανόνας
1150 3982 1229 4041 εἰς
1288 3980 1493 4047 ἄμυναν
1545 3980 1727 4043 ἀντεξ-

183 4072 408 4139 άγουσα.
452 4090 469 4122 ι

256 4169 361 4218 Καὶ
407 4182 525 4219 επει
569 4167 701 4234 μετά
741 4166 835 4234 τὴν
884 4170 1068 4217 τούτου
1117 4163 1445 4235 προκομιδὴν
1497 4161 1564 4212 τά
1622 4160 1728 4211 ἀπὸ

188 4258 405 4325 μακρᾶς
470 4257 751 4324 συνηθείας
792 4256 1155 4323 κραθήσσντα,
1190 4254 1282 4306 καὶ
1315 4253 1398 4304 διὰ
1453 4247 1727 4319 βασιλικοῦ

185 4345 603 4414 προστάγματος
652 4344 899 4409 γεγόνασι
955 4342 1329 4410 κραταιότερα,
1392 4339 1726 4406 προκάθηται

1831 3194 2090 3232 canonem
2128 3194 2368 3246 nossent,
2401 3185 2625 3254 ejusque
2672 3190 2834 3241 verba
2880 3200 3227 3256 peraecurate
3288 3204 3365 3245 te-

1831 3279 2041 3333 nerent,
2105 3286 2256 3324 suam
2320 3274 2556 3341 ipsorum
2597 3278 2983 3331 conscientiam
3036 3291 3227 3349 praeter
3280 3297 3364 3334 ra-

1832 3357 2028 3409 tionem
2065 3350 2549 3423 conculcarint,et
2580 3367 2727 3432 rejici
2763 3381 3018 3421 canonem
3056 3371 3199 3438 passi
3234 3373 3361 3433 sint,

1830 3459 1893 3497 ac
1925 3445 2229 3500 inferiorem
2262 3454 2557 3504 sessionem
2596 3454 2697 3506 sub
2748 3461 3017 3509 memoriae
3070 3462 3363 3527 superioris

1831 3534 2172 3588 clmrtulariis
2205 3539 2430 3604 amplexi
2464 3539 2681 3593 fuerint.
2721 3544 2951 3610 Ideoque
2974 3560 3067 3612 pro
3090 3563 3363 3599 sacrm-mn

1829 3636 2092 3675 canonum
2152 3635 2424 3691 contentu,
2452 3630 2745 3683 mercedem
2816 3633 2951 3685 hanc
2980 3638 3058 3688 cis
3090 3635 3364 3705 [rnajcstns

1830 3710 1975 3781 mea]
2007 3713 2213 3777 tribuit,
2250 3728 2309 3768 ut
2335 3732 2460 3771 suas
2490 3721 2555 3771 ad
2593 3720 2867 3776 Ecclesias
2909 3725 3229 3793 aliigantur;
3276 3746 3355 3783 ec-

1829 3802 2117 3856 clesiastici
2178 3808 2400 3861 canonis
2444 3811 2605 3862 etiam
2646 3811 2745 3863 hac
2799 3815 2853 3865 in
2916 3826 3064 3880 parte
3121 3822 3360 3887 vestigiis

1830 3892 2106 3957 insistens,
2157 3905 2209 3947 ct
2282 3898 2537 3954 adversus
2607 3916 2873 3954 canonum
2950 3914 3362 3972 eontemptorcs.

1832 3978 1978 4046 ipsos
2036 3995 2267 4037 canones
2327 3989 2586 4040 saerosiu
2632 3990 2930 4045 subsidium
2982 3996 3301 4059 producens.
3342 4018 3359 4049 ι

1900 4162 1966 4215 Et
2014 4164 2265 4231 quoniam
2331 4165 2431 4220 hoc
2495 4167 2832 4236 promulgata
2897 4184 2991 4235 ea,
3042 4188 3159 4239 quae
3210 4176 3367 4242 longa

1832 4252 2230 4306 consuetudine
2271 4254 2630 4315 invaluerant.
2671 4272 2767 4325 per
2807 4258 2975 4325 ipsius
3018 4263 3175 4313 etiam
3221 4264 3367 4330 princ

1834 4338 1972 4405 cipis
2016 4339 2252 4393 edictum
2298 4343 2468 4409 magis
2515 4345 2751 4397 stabilita
2800 4346 3058 4402 luerunt:
3091 4350 3366 4403 chartula-

190 4434 350 4500 μέχρι
404 4432 497 4484 τοῦ
537 4432 629 4483 νῦν
670 4434 863 4492 παντὸς
913 4428 1405 4498 ἀρχιερατεύοντος,
1444 4427 1545 4477 κᾶν
1591 4426 1727 4494 τύχῃ
1753 4416 1805 4475 1)
1838 4445 1854 4481 π

1705 4416 1805 4494 nl)
1838 4432 1947 4481 rius
2003 4430 2056 4481 in
2107 4431 2249 4483 hunc
2292 4446 2461 4494 usque
2514 4433 2655 4487 diem
2709 4435 2857 4488 sedet
2908 4443 3029 4489 ante
3079 4440 3369 4505 quemlibet

182 4522 369 4572 τοῦτον
418 4523 512 4571 καὶ
564 4519 835 4587 βασιλικὸν
888 4519 1030 4586 ἔχειν
1083 4517 1312 4584 ἀξίωμα,
1352 4513 1647 4580 ὑπερτίμου
1691 4512 1722 4577 ἢ

186 4610 666 4679 πρωτοσυγκέλλου
695 4610 873 4675 τυχόν.
914 4610 1019 4661 Καὶ
1051 4607 1172 4658 τότε
1214 4607 1307 4675 μὲν
1334 4605 1471 4656 οὕτω
1518 4604 1724 4654 διευλυ-

185 4699 330 4765 τώθη
356 4699 413 4749 τὸ
443 4699 605 4765 δῆθεν
647 4698 960 4765 ἀμφίϐολον.
1006 4696 1142 4763 Ἐγὼ
1178 4696 1232 4747 δὲ
1256 4694 1331 4763 τῷ
1360 4692 1618 4763 βασιλικῷ
1645 4692 1724 4743 δι-

184 4785 400 4855 ορισμῷ
440 4786 577 4855 κατά
600 4780 656 4835 τθι
689 4783 1067 4852 νενομισμένον
1098 4781 1421 4843 ἀκολουθῶν,
1457 4782 1519 4847 τῇ
1556 4794 1721 4829 κατα-

184 4875 525 4945 σκευαζούσῃ
549 4875 738 4941 γνώμῃ
768 4874 865 4939 τὴν
897 4872 1183 4939 προεδρίαν
1204 4871 1296 4921 τοῦ
1322 4868 1727 4939 χαρτοφύλακος

176 4963 267 5015 διὰ
300 4963 461 5029 μόνην
508 4962 603 5028 τὴν
642 4962 880 5028 ἄγραφον
918 4960 1259 5027 μακροτάτην
1302 4956 1603 5026 συνήθειαν,
1630 4956 1729 5021 τὴν

176 5057 301 5107 ἀντὶ
371 5034 579 5121 νόμου.
617 5054 1193 5121 παραλαμϐανομένην,
1254 5053 1327 5112 ὡς
1403 5050 1724 5116 γέγραπται,

181 5146 244 5196 οὐ
304 5142 678 5210 προστίθεμαι.
732 5138 857 5192 Οἶδα
897 5140 1003 5206 γάρ
1056 5141 1173 5190 τότε
1213 5140 1310 5207 τὴν
1350 5136 1561 5205 μακράν
1599 5151 1724 5184 συν·-

180 5232 370 5301 ήθειαν
402 5232 520 5282 ἀντὶ
573 5231 735 5297 νόμου
788 5232 1026 5298 κρατεῖν,
1070 5228 1482 5298 δοκιμασθεῖσαν
1514 5226 1725 5284 πάντως

180 5321 532 5383 δικαστικῶς,
578 5321 665 5371 ὅτε
717 5320 866 5387 νόμοι
925 5320 1018 5371 καὶ
1060 5320 1279 5379 κανόνες
1310 5318 1395 5369 διὰ
1424 5315 1622 5383 ταύτης
1665 5312 1723 5363 ού

178 5412 567 5482 παραλύονται.
600 5410 759 5475 Λέγω
780 5410 833 5461 δὲ
860 5410 956 5477 τὴν
982 5409 1299 5478 προεδρείαν
1322 5409 1463 5476 ἔχειν
1479 5407 1568 5458 τὸν
1593 5419 1725 5471 χαρ-

1835 4519 2165 4585 pontiﬁcem,
2198 4520 2323 4572 licet
2361 4520 2673 4587 dignitatern
2719 4522 2913 4576 habeat
2956 4526 3022 4578 ab
3060 4526 3175 4593 ipso
3222 4529 3371 4594 prin-

1834 4605 1951 4672 cipe
1989 4618 2325 4666 concessmn,
2371 4614 2428 4658 ut
2488 4608 2792 4678 bypertimi,
2840 4611 2923 4663 vel
2970 4618 3368 4683 pratosyncelli.

1833 4693 1910 4746 Ac
1950 4702 2078 4747 tunc
2111 4695 2325 4761 quidem
2376 4698 2683 4764 ambiguum
2720 4699 2821 4753 hoc
2865 4701 2934 4753 ita
2967 4703 3201 4756 solutum
3249 4706 3367 4760 fuit.

1829 4785 1939 4854 Ego
1984 4800 2113 4837 vero
2162 4794 2303 4838 srcut
2342 4785 2680 4851 imperatoris
2715 4790 3000 4853 sanctioni,
3041 4801 3200 4859 prout
3241 4794 3367 4861 legi-

1831 4874 1932 4926 bus
1982 4882 2253 4939 receptum
2312 4882 2431 4935 est,
2489 4876 2757 4928 assentior
2809 4894 2823 4929 :
2873 4878 2947 4931 ita
3001 4884 3363 4948 sententiam,

1831 4957 2163 5010 chartulario
2210 4957 2438 5023 primam
2494 4961 2791 5013 sessionem
2845 4974 3216 5026 astrucntem.
3271 4984 3366 5036 per

1831 5046 1999 5099 solam
2034 5059 2139 5097 non
2179 5045 2433 5111 scriptam
2468 5047 2760 5114 longissimi
2790 5053 3043 5118 temporis
3072 5066 3366 5112 consuetu-

1832 5134 2029 5195 dinem,
2061 5148 2178 5200 quac
2213 5134 2345 5201 legis
2377 5134 2455 5201 (ut
2491 5146 2644 5187 antea
2681 5138 3017 5209 scripsimus)
3059 5142 3177 5195 loco
3219 5144 3369 5197 duci-

1834 5231 1918 5273 tur
1963 5221 2092 5289 (65),
2126 5223 2345 5275 minime
2384 5224 2569 5289 probo.
2606 5224 2812 5293 Quippe
2851 5236 2978 5282 tunc
3012 5232 3123 5283 scio
3162 5232 3369 5286 diutur-

1836 5327 1957 5364 nam
1989 5312 2435 5364 consuetudinem
2470 5328 2563 5380 pro
2591 5315 2703 5381 lege
2724 5316 2919 5379 valere,
2949 5322 3170 5373 omnino
3194 5331 3369 5373 tamen

1834 5401 1885 5451 in
1908 5400 2112 5465 judicio
2142 5399 2291 5462 prius
2322 5399 2705 5466 examinatam,
2732 5415 2852 5455 cum
2885 5404 3027 5474 leges
3054 5416 3104 5459 ct
3138 5422 3370 5462 canones

1656 5574 1881 5629 ΝΟΤιιΕ.

251 5674 360 5743 (63)
396 5676 432 5727 I.
457 5676 523 5729 δί
554 5676 612 5729 D.
654 5675 891 5741 Deiegib.
946 5683 998 5729 ct
1026 5675 1061 5728 1.
1093 5676 1143 5728 5.
1177 5676 1215 5729 C
1273 5675 1401 5737 Quit
1453 5675 1517 5725 sit
1574 5675 1711 5734 long.
1755 5678 1973 5722 consueti
