4214 6450
841 369 973 437 1047

2049 389 2329 455 THEOD.
2370 393 2844 457 BALSAMONIS

3870 395 4006 462 1048

842 511 936 564 per
950 510 1063 549 eam
1081 513 1186 552 non
1204 501 1573 556 debilitantur.
1590 503 1752 571 Igitur
1768 504 2259 568 aio,cbartularium
2279 508 2373 559 lia-
2403 514 2443 566 Α
2470 524 2506 558 τι

2334 522 2373 557 ι·
2403 514 2443 566 Α
2470 508 2764 576 τοφύλακα,
2798 512 2935 566 κατὰ
2966 513 3063 580 τὴν
3091 515 3196 564 τῶν
3222 513 3377 564 θείων
3414 516 3651 566 κακόνων
3688 512 3998 583 περίληψν,

840 587 967 642 bere
981 587 1207 654 primam
1227 591 1516 643 sessionem
1541 591 1697 644 etiam
1714 594 1999 646 secundum
2022 595 2070 646 id
2098 596 2257 661 ,quod
2286 609 2371 647 sa-

842 676 950 728 cris
967 677 1265 730 canonibus
1278 679 1617 731 continetur:
1640 681 1780 747 quod
1804 695 1935 735 sane
1950 697 2099 735 sacra
2118 683 2374 750 principis

841 762 1392 829 circumspectiotunc
1410 773 1598 832 sponte
1622 767 1851 821 reticuit.
1871 765 2001 820 Nam
2024 770 2148 823 licet
2166 770 2371 825 indica-

840 856 933 901 tus
952 848 1037 901 ille
1054 849 1251 901 Sicani
1274 852 1428 915 primi
1444 853 1657 905 concilii
1676 866 1846 907 canon
1867 856 2077 917 statuit,
2090 856 2370 914 diaconum

840 950 937 989 nec
958 936 1287 1005 participare,
1313 953 1409 992 nee
1427 939 1613 995 sedere
1630 944 2087 1006 antesaeerdotes,
2112 945 2369 1011 septimus

839 1032 1018 1077 tamen
1036 1040 1204 1081 canon
1233 1036 1431 1080 sancta
1457 1042 1519 1081 ac
1558 1030 1876 1086 universalis
1892 1032 2251 1101 sextcsynodi
2277 1033 2369 1099 ju-

838 1114 948 1175 bet,
979 1124 1033 1166 ut
1057 1115 1125 1179 is,
1158 1116 1248 1183 qui
1274 1130 1559 1183 personam
1585 1120 1921 1185 patriarcha,
1945 1123 2027 1174 vel
2053 1121 2371 1189 simpliciter

838 1201 1077 1269 episcOpi
1127 1205 1304 1269 gerit,
1354 1215 1478 1257 ante
1534 1204 1841 1260 sacerdotes
1890 1208 2094 1262 sedeat.
2138 1208 2367 1278 Ideoque

836 1304 1065 1356 magnus
1110 1304 1173 1342 ac
1218 1299 1437 1345 sanctus
1477 1293 1637 1346 etiam
1684 1292 1939 1362 Cyrillus,
1976 1297 2367 1356 Alexandrinus

842 1394 977 1447 papa
1006 1417 1019 1440 ,
1065 1380 1227 1448 capiti
1279 1380 1497 1433 fasciam
1549 1384 1901 1437 circumdedit
1950 1400 2207 1449 auream,
2257 1400 2366 1455 quo

838 1479 1082 1534 tempore
1125 1479 1320 1521 sanctae
1372 1477 1425 1523 et
1464 1470 1751 1524 universali
1794 1474 1963 1526 tertia:
2001 1474 2206 1541 synodo
2230 1490 2365 1544 pra:-

838 1553 957 1604 fuit.
1008 1552 1210 1621 Quippe
1258 1554 1508 1609 Ceiestini
1558 1556 1729 1611 locum
1789 1560 2058 1614 obtinebat
2099 1561 2238 1628 ejus,
2272 1562 2363 1629 qui

837 1640 1133 1693 Romanam
1160 1650 1287 1693 tunc
1319 1644 1534 1710 regebat
1561 1644 1886 1712 Ecclesiam;
1918 1648 2362 1715 quenadmodum

836 1730 1001 1795 liquet
1032 1744 1093 1782 ex
1125 1730 1259 1783 actis
1284 1730 1520 1797 ejusdem
1567 1734 1758 1801 synodi
1798 1738 1980 1789 tertiae.
2015 1738 2081 1790 Et
2124 1752 2229 1804 qua
2258 1739 2360 1793 Ce-

837 1818 1060 1871 lestinus
1112 1820 1361 1872 utebatur
1411 1820 1617 1887 gloria.
1679 1825 1973 1877 secundum
2031 1827 2358 1879 sanctionem

837 1906 1097 1973 apostolis
1126 1906 1345 1973 aqualis
1381 1906 1525 1960 illius
1555 1908 1725 1961 sancti
1756 1911 2038 1977 magnique
2094 1909 2360 1963 Constan-

835 1996 956 2055 tini,
987 1993 1183 2046 factam
1216 1997 1280 2046 ad
1313 2007 1555 2049 sanctum
1603 1996 1945 2062 Silvestrum,
1984 2013 2104 2050 cum
2154 2000 2358 2066 imperii

836 2093 1046 2153 sceptra
1104 2098 1198 2151 per
1252 2084 1344 2137 Dei
1404 2084 1789 2151 providentiam
1852 2102 1913 2139 es
1967 2088 2131 2139 veteri
2192 2086 2358 2139 Roma

834 2174 1257 2226 transferrentur
1290 2174 1344 2225 in
1391 2173 1528 2225 hanc
1562 2173 1743 2225 urbem
1793 2174 2002 2226 urbium
2033 2175 2357 2241 principem;

834 2275 940 2330 qua
978 2262 1255 2325 statuitur,
1290 2276 1449 2315 aurea
1483 2260 1650 2314 fascia
1684 2270 1794 2312 tum
1830 2261 1998 2329 ipsius
2041 2262 2211 2314 sancti
2262 2260 2361 2314 Sil-

833 2353 1021 2415 vestri,
1062 2361 1171 2405 tum
1220 2366 1591 2405 successorum
1632 2353 1772 2417 ejus,
1810 2350 2123 2419 pontificum
2164 2349 2358 2404 Roma-

833 2456 1023 2496 norum
1068 2449 1231 2510 caput
1278 2440 1628 2494 condecorari
1669 2439 1861 2493 debere
1893 2458 1906 2491 :
1936 2440 2120 2493 eadem
2158 2448 2211 2494 et
2251 2440 2357 2509 Cy-

832 2530 987 2583 rillus
1041 2528 1422 2583 exornabatur.
1467 2529 1822 2592 Quamobrem
1876 2537 1931 2583 et
1985 2529 2040 2592 ii,
2089 2530 2179 2597 qui
2239 2539 2359 2597 post

832 2621 1005 2688 ipsum
1048 2619 1386 2675 Alexandria
1433 2620 1804 2689 pontificatum
1861 2634 2100 2690 gessere,
2146 2630 2361 2689 propter

831 2716 1086 2762 sternam
1153 2709 1464 2762 memoriam
1528 2708 1665 2776 ejus,
1716 2709 1857 2776 quod
1915 2719 2039 2763 tunc
2084 2709 2357 2763 decretum

832 2797 954 2859 fuit,
983 2796 1171 2849 eodem
1219 2797 1376 2850 modo
1420 2798 1475 2850 in
1508 2798 1648 2850 hunc
1682 2812 1853 2866 usque
1880 2798 2018 2851 diem
2059 2798 2215 2850 titulo
2260 2812 2359 2850 suo

832 2888 1277 2941 cohonestanlur.
1305 2885 1546 2955 Cumque
1574 2902 1761 2940 omnes
1787 2887 1876 2939 alii
1904 2887 2167 2955 capitibus
2202 2902 2358 2955 aper-

833 2979 904 3029 tis
950 2990 1038 3028 res
1083 2988 1266 3029 sacras
1313 2985 1598 3044 peragant,
1637 2976 1784 3030 solus
1826 2976 2220 3031 Alexandrinus
2267 2991 2358 3044 pa-

2469 596 2623 647 τοῦτο
2645 599 2780 665 ὅπερ
2803 602 2834 666 ἡ
2880 599 3143 666 βασίλειος
3180 600 3296 652 θεία
3333 602 3577 669 περιωπὴ
3621 601 3796 654 ἑκοντὶ
3846 619 3998 667 τηνι-

2469 682 2641 735 καῦτα
2680 686 3087 753 παρεσιώπησε.
3122 687 3238 739 Κᾶν
3272 687 3381 756 γὰρ
3407 691 3434 738 ό
3466 688 3645 755 ῥηθεὶς
3681 687 3782 753 τῆς
3810 688 3880 738 ἐκ
3903 687 3995 738 Νι-

2466 772 2597 841 καίᾳ
2628 773 2846 843 πρώτης
2888 777 3099 828 συνόδου
3149 776 3323 828 κανὼν
3350 777 3663 845 διορίζηται,
3709 776 3787 845 μὴ
3828 793 3992 843 μετα-

2474 860 2770 929 λαμϐάνειν
2799 864 2933 931 μηδὲ
2962 864 3225 931 καθῆσθαι
3259 866 3363 932 πρὸ
3388 866 3493 917 τῶν
3517 866 3701 933 ἱερέων
3729 868 3998 931 διάκονον,

2465 948 2579 1001 ἁλλ’
2602 951 2630 1001 ό
2651 948 2697 1011 ξ’
2721 948 2895 1001 κανὼν
2936 948 3035 1015 τῆς
3063 951 3219 1015 ἁγίας
3264 952 3355 1003 καὶ
3406 951 3780 1018 οίκουμενικῆς
3835 952 3998 1021 ικτης

2468 1034 2682 1086 συνόδου
2747 1036 3209 1100 παρακελεύεται,
3264 1038 3357 1088 τὸν
3411 1037 3668 1103 ιπέχοντα
3704 1039 3998 1106 πρόσωπον

2468 1125 2861 1191 πατριαρχικδν
2886 1124 2918 1191 ἢ
2955 1124 3136 1185 ἁπλῶς
3165 1126 3537 1183 επισκοπικδν.
3563 1124 3665 1193 πρὸ
3682 1124 3789 1175 τῶν
3809 1127 3998 1193 ἱερέων

2464 1211 2805 1274 καθέζεσθαι.
2841 1212 2929 1263 sit
2957 1214 3050 1264 καὶ
3080 1215 3108 1264 ό
3144 1214 3311 1280 μέγας
3343 1212 3495 1277 ἁγισς
3532 1212 3793 1281 Κύριλλος
3819 1216 3849 1266 ό
3895 1217 3997 1267 πά-

2462 1314 2571 1359 πας
2639 1298 3085 1370 ’Δλεξανδρείας,·
3115 1298 3208 1351 hct
3258 1300 3493 1367 κεφαλῆς
3540 1299 3770 1367 χρυσοῦν
3825 1300 4000 1368 λῶρον

2464 1386 2867 1455 περιεϐέϐλητο,
2900 1388 2985 1441 ὅτε
3027 1388 3125 1454 τῆς
3153 1387 3314 1453 ἁγίας
3346 1388 3441 1440 καὶ
3464 1390 3845 1456 οίκουμενικῆς
3878 1392 3993 1455 τρί-

2462 1490 2561 1542 της
2603 1474 2815 1526 συνόδου
2864 1476 3172 1542 προῖστατο.
3212 1474 3423 1542 Ἐπετχε
3456 1476 3561 1543 γὰρ
3592 1475 3683 1527 καὶ
3708 1475 3806 1525 τὸν
3834 1476 3999 1529 τόπον

2460 1562 2554 1613 τοῦ
2594 1564 2929 1623 Κελεστίνου,
2987 1563 3080 1613 τοῦ
3124 1564 3223 1630 τὴν
3276 1562 3584 1629 Ἐκκλησίαν
3635 1563 3733 1629 τῆς
3780 1562 3998 1630 Ῥώμης

2465 1650 2751 1712 ίθύνοντος,
2775 1650 2951 1712 καθὼς
2989 1651 3143 1705 τοῦτο
3180 1653 3504 1723 παρίσταται
3536 1654 3599 1704 εκ
3626 1651 3729 1705 τῶν
3764 1670 3996 1721 πρακτι-

2462 1738 2579 1790 κῶν-
2607 1739 2698 1807 τῆς
2725 1738 2912 1808 τρίτης
2957 1742 3191 1793 συνόδου.
3246 1742 3351 1793 Καὶ
3383 1743 3457 1802 ὡς
3487 1742 3689 1801 ἐκεῖνος
3723 1741 3995 1807 ἐμεγαλύ-

2461 1844 2596 1889 νετο,
2644 1828 2781 1879 κατὰ
2832 1831 2891 1879 τὸ
2950 1828 3221 1896 θέσπισμα
3271 1829 3363 1880 τοῦ
3437 1829 3787 1881 ίσαποστόλου
3843 1828 3995 1894 ἅτ’ίου

2463 1915 2694 1985 μεγάλου
2734 1916 3158 1980 Κωνσταντίνου,
3199 1917 3258 1969 τὸ
3292 1919 3511 1983 γεγονὸς
3544 1918 3677 1985 πρὸς
3715 1919 3812 1970 τὸν
3842 1918 3993 1983 arm

2457 2003 2796 2072 Σίλσεστρον,
2825 2005 2913 2057 ὅτε
2945 2003 3011 2058 τὰ
3059 2008 3309 2073 σκῆπτρα
3335 2007 3433 2072 τῆς
3484 2006 3760 2073 βασιλείας
3793 2008 3859 2057 ὲκ
3901 2007 3995 2072 τῆς

2460 2093 2689 2153 παλαιᾶς
2736 2092 2947 2160 Ῥώμης
2995 2094 3134 2146 κατὰ
3160 2094 3293 2146 Θεοῦ
3340 2095 3589 2161 πρόνοιαν
3632 2095 3996 2164 μετετέθησαν

2458 2183 2537 2241 είς
2565 2180 2661 2246 τὴν
2691 2181 2796 2231 τῶν
2832 2182 3038 2234 πόλεων
3063 2181 3465 2249 βασιλεύουσαν,
3495 2183 3589 2233 καὶ
3609 2183 3995 2252 διοριζόμενον,

2462 2268 2599 2336 μετὰ
2637 2270 3008 2335 χρυσοπάστου
3037 2266 3210 2337 λώρου
3240 2270 3337 2337 τὴν
3367 2269 3460 2321 τοῦ
3489 2270 3642 2336 ἁγίου
3673 2271 3992 2338 Σιλσέστρου

2459 2355 2720 2421 κεφαλὴν,
2758 2355 2848 2406 καὶ
2872 2354 2980 2406 τῶν
3010 2354 3126 2423 μετ’
3147 2354 3304 2407 αὐτὸν
3326 2355 3618 2425 ἀρχιερέων
3643 2356 3740 2423 τῆς
3779 2356 3996 2423 Ῥώμης

2459 2439 2975 2503 κατακαλλύνεσθαι,
3027 2440 3121 2492 καλ⁸
3169 2441 3327 2503 αὐτὸς
3379 2441 3801 2508 τοιουτοτρόπως
3856 2442 3991 2493 καθ-

2457 2529 2735 2595 ωραϊζετο.
2753 2526 3053 2579 Κάντεῦθεν
3074 2528 3164 2579 καὶ
3194 2531 3241 2579 ot
3260 2527 3375 2595 μετ’
3398 2529 3596 2579 ικεῐνον
3626 2530 3704 2589 τίς
3744 2528 3998 2591 Ἀλεξάν-

2456 2616 2635 2684 δρειαν
2688 2615 3173 2684 ἁρχιερατεύοντες,
3223 2616 3311 2668 διὰ
3365 2618 3583 2684 μνήμην
3634 2616 3852 2668 αἰώνιον
3899 2616 3995 2668 τοῦ

2457 2703 2575 2754 τότε
2602 2701 2972 2765 συνδόξαντος,
3020 2699 3277 2761 ὡσαύτως
3313 2702 3471 2768 μέχρι
3502 2700 3594 2752 τοῦ
3618 2700 3715 2753 νῦν
3759 2718 3993 2753 κατακον

2458 2792 2715 2858 σμοῦνται
2773 2788 3322 2858 στηλογραφούμενοι.
3370 2790 3478 2842 Καὶ
3541 2790 3753 2841 πάντων
3803 2792 3996 2859 ἁπεριο

2457 2880 2745 2941 καλύπτοις
2805 2879 3222 2947 ίερουργούντων
3257 2882 3375 2940 ταῖς
3424 2878 3678 2945 κεφαλαῖς
3707 2917 3722 2941 ,
3775 2881 3935 2945 μόνος
3968 2882 3997 2930 ό

2456 2967 2795 3035 πατριάρχης
2836 2964 3232 3032 ’Δλεξανδρείας
3254 2964 3521 3031 ίερουργεί
3545 2962 3677 3028 μετὰ
3701 2961 3794 3011 τοῦ
3819 2960 3994 3030 λώρου

832 3065 1069 3118 triarclia
1126 3079 1235 3116 rem
1293 3064 1530 3117 divinam
1577 3063 1746 3128 facit,
1802 3065 1968 3120 fascia
2013 3066 2155 3119 dicta
2198 3073 2425 3140 caputc
2460 3073 2496 3108 τ

2329 3073 2357 3117 η
2382 3079 2425 3140 C
2460 3057 2556 3124 τὴν
2601 3054 2838 3122 κεφαλὴν
2886 3052 3304 3140 καλυπτόμενος.
3346 3050 3639 3140 Καὶ-τοὺς⁸
3939 3051 3993 3101 δὲ

832 3155 1143 3207 obvolutus.
1173 3153 1473 3218 Quinetiam
1526 3169 1601 3206 ιιι
1646 3154 1765 3206 illos
1816 3155 2152 3208 cardinarios
2198 3152 2352 3220 Papa:
2391 3134 2425 3140 —
2461 3147 2496 3197 Κ

2327 3169 2352 3208 ε
2391 3134 2425 3140 “
2461 3144 2859 3211 Καρδηναρίους
2892 3140 2983 3191 τοῦ
3028 3139 3188 3191 Πὰπα
3240 3137 3547 3205 παρομοίως
3595 3134 3865 3203 βλέπομεν
3899 3154 3991 3188 ιε-

835 3242 1189 3297 consimiliter
1234 3243 1475 3296 videmus
1518 3243 1671 3309 pileis
1724 3244 1899 3296 aureis
1948 3252 2167 3295 ornatos
2221 3243 2350 3310 (δι),

836 3332 997 3386 veluti
1022 3332 1174 3399 Papae
1204 3346 1482 3398 personam
1510 3340 1968 3399 reprasentantes,
1996 3332 2216 3399 ejusque
2234 3330 2350 3398 jura

835 3421 1139 3474 fulcicntes.
1168 3418 1299 3471 Nam
1335 3420 1693 3488 appellatione
1716 3420 1951 3474 cardinis
1992 3410 2129 3489 apud
2161 3421 2355 3476 Roma-

835 3522 932 3560 nos
976 3516 1154 3574 postes
1194 3507 1383 3560 forium
1432 3508 1669 3561 veniunt.
1714 3509 1892 3577 itaque
1938 3519 2352 3563 consentaneum

833 3606 936 3657 est,
976 3610 1069 3649 eos
1108 3590 1251 3648 haud
1280 3594 1440 3649 dubie
1479 3612 1660 3649 verum
1706 3598 1905 3660 dicere,
1937 3602 2023 3665 qui
2056 3600 2352 3667 perhibent,

831 3688 993 3737 etiam
1029 3685 1291 3752 cujusque
1338 3686 1591 3753 temporis
1637 3686 2016 3739 chartularium
2056 3703 2211 3741 aurea
2240 3690 2355 3755 ejus

834 3774 974 3826 modi
1023 3774 1180 3836 tiara,
1226 3781 1405 3825 certos
1455 3780 1577 3826 ante
1617 3788 1807 3836 annos,
1854 3775 1906 3826 in
1961 3776 2188 3842 publicis
2232 3777 2351 3843 qui-

831 3860 1055 3915 busdam
1094 3862 1447 3915 conventibus
1493 3876 1667 3924 usum,
1714 3863 1805 3929 qui
1854 3878 1958 3916 non
2008 3871 2213 3917 tantum
2261 3874 2355 3932 pro

834 3964 984 4004 more
1044 3950 1367 4003 haberentur
1411 3951 1463 4002 in
1513 3949 1802 4013 Ecciesiis,
1860 3967 2041 4005 verum
2086 3955 2244 4006 etiam
2299 3955 2352 4007 iu

832 4038 1285 4107 processionibus,
1335 4044 1389 4091 et
1434 4037 1565 4093 foris
1614 4040 1855 4105 publicis.
1896 4041 2069 4107 Atque
2111 4041 2353 4107 equidem

829 4137 978 4181 certo
1007 4128 1138 4191 scio,
1165 4128 1217 4180 in
1263 4128 1405 4181 bunc
1437 4143 1605 4195 usque
1631 4128 1769 4181 diem
1803 4130 2091 4196 repositum
2126 4143 2244 4181 esse
2272 4129 2355 4196 pi-

830 4216 970 4268 Ieum
1003 4218 1120 4281 ejus
1150 4218 1292 4268 modi
1322 4231 1452 4269 auro
1478 4216 1863 4284 interspersum
1889 4217 1941 4270 in
1977 4231 2097 4269 arca
2135 4217 2355 4269 chartu-

832 4304 953 4356 larii
982 4320 994 4355 :
1023 4318 1193 4370 neque
1235 4304 1449 4371 longum
1488 4304 1787 4368 intercedit,
1820 4318 1881 4355 ac
1923 4310 2179 4355 remotum
2222 4313 2353 4355 tem-

2457 3235 2749 3301 κοσμένους
2777 3231 2991 3299 χρυσοῖς
3018 3228 3400 3294 ὲπιόλήμασιν,
3420 3223 3493 3285 ὡς
3517 3224 3991 3291 ἁντιπροσωποῦν-

2455 3343 2554 3386 τας
2581 3322 2658 3391 τῷ
2690 3322 2871 3383 Πάπα,
2904 3320 2998 3370 καὶ
3043 3317 3111 3368 τὰ
3140 3315 3327 3367 τούτου
3386 3312 3735 3380 στηρίζοντας
3785 3312 3990 3363 δίκαια.

2456 3415 2684 3481 Κάρδων
2716 3412 2825 3479 γὰρ
2853 3408 3001 3475 παρὰ
3050 3404 3350 3472 Ῥωμαίοις,
3379 3403 3434 3453 αί
3486 3400 3634 3461 φλιαὶ
3677 3398 3784 3451 τῶν
3814 3398 3993 3467 θυρῶν

2454 3498 2823 3566 ὀνομάζονται.
2861 3497 3095 3561 Ἀραρεν
3123 3486 3215 3543 οὖν
3258 3487 3537 3555 ἀληθεύειν
3584 3486 3831 3554 ἐνεργῶς
3868 3488 3990 3547 τοὺς

2454 3588 2703 3651 λέγοντας
2737 3584 2831 3634 καὶ
2876 3582 2965 3632 τὸν
2996 3580 3130 3631 κατὰ
3168 3577 3389 3645 καιροὺς
3434 3572 3817 3642 χαρτοφύλακα
3857 3574 3993 3639 μιτὰ

2454 3674 2706 3742 τοιαύτης
2734 3673 2921 3739 τιάρας
2954 3668 3155 3737 χρυσῆς
3209 3667 3313 3734 πρὸ
3357 3663 3736 3733 μετρουμένων
3784 3661 3993 3731 χρόνων

2455 3765 2636 3825 τινῶν,
2666 3762 2723 3815 ἐν
2753 3776 2861 3813 τισι
2908 3758 3199 3827 πανδήμοις
3230 3754 3543 3818 δοξάζεσθαι
3592 3754 3990 3821 πανηγύρεσιν,

2453 3853 2513 3902 οὐ
2547 3852 2703 3918 μόνον
2740 3850 2825 3901 ἐπ’
2881 3846 3201 3913 Ἐκκλησίας
3259 3845 3584 3911 γινομέναις,
3645 3844 3719 3904 ὡς
3774 3841 3989 3904 εἴωθεν,

2460 3941 2591 3993 ἀλλὰ
2624 3942 2715 3991 καὶ
2738 3942 2794 3989 ὲν
2818 3937 3078 4006 προόδοις,
3103 3935 3196 3985 καὶ
3217 3934 3459 4001 ἀγοραῖς.
3490 3932 3993 4001 Πεπληροφόρημαι

2452 4030 2508 4080 δὲ
2536 4030 2629 4080 καὶ
2661 4028 2836 4086 αὐτὸς,
2870 4016 3179 4076 ἁὲτοκεῖσθαι
3220 4023 3375 4091 μέχρι
3402 4022 3492 4072 τοῦ
3531 4020 3621 4071 νῦν
3673 4022 3751 4081 είς
3804 4020 3866 4070 τὸ
3895 4020 3988 4070 τοΞ

2456 4116 2853 4186 χαρτοφύλακος
2901 4112 3169 4173 κιδώτιον,
3205 4111 3571 4178 χρυσόπαστον
3596 4106 3834 4159 τοιοῦτον
3868 4110 3992 4159 ἁπε-

2456 4208 2638 4273 ὖλημα
2662 4222 2673 4234 ·
2705 4204 2796 4255 καὶ
2820 4203 3003 4270 χρόνος
3026 4202 3121 4252 οὐκ
3150 4200 3263 4249 εστι
3288 4198 3546 4266 γηραλέος
3576 4197 3666 4247 καὶ
3686 4196 3934 4262 πέμπελε

2457 4293 2589 4343 ἁλλὰ
2622 4292 2737 4352 νέος
2768 4292 2857 4341 καὶ
2902 4290 3226 4358 πρόσφατος.
3261 4287 3368 4335 Καὶ
3398 4284 3583 4349 φθόνος
3625 4283 3721 4333 οὐκ
3765 4282 3927 4347 ἁγενῦ

831 4392 976 4458 poris
1022 4392 1281 4458 spatium,
1332 4390 1425 4444 sed
1472 4392 1548 4445 rei
1596 4392 1851 4443 memoria
1888 4405 2074 4444 recens
2106 4400 2207 4443 est.
2243 4390 2354 4443 Nec
2387 4363 2487 4449 θῆ

2326 4407 2354 4442 ς
2387 4363 2487 4449 δὴ
2525 4382 2614 4433 καὶ
2667 4380 2985 4439 ἀπαίδευτος
3018 4377 3174 4444 δῆθεν
3219 4374 3491 4435 εὐλάϐεια,
3536 4375 3600 4423 τὰ
3642 4372 3701 4422 τὸ
3751 4370 3990 4426 τοιοῦτυε

831 4480 1081 4545 ignobilis
1116 4481 1336 4542 invidia,
1373 4480 1453 4533 vel
1486 4481 1728 4552 imperita
1760 4480 1963 4531 scilicet
2004 4478 2207 4546 religio.
2243 4492 2353 4530 ma-

830 4580 993 4635 gnum
1039 4564 1301 4632 ejusmodi
1337 4566 1670 4633 privilegium
1716 4563 1875 4629 hujus
1913 4561 2067 4614 ofﬁcii
2113 4560 2354 4612 aboleve-

828 4661 975 4707 runt.
1010 4654 1212 4720 Quippe
1250 4667 1344 4719 per
1383 4653 1552 4718 ipsam
1580 4661 1630 4703 te
1656 4651 1932 4703 veritatem
1962 4650 2221 4708 obtestztr,
2262 4660 2353 4712 per

826 4740 1137 4793 cliaritatem
1187 4740 1511 4802 fraternam,
1560 4754 1653 4804 per
1695 4750 1931 4789 amorem
1978 4748 2101 4801 erga
2148 4733 2349 4795 Deum,

823 4827 912 4879 die
956 4828 1105 4890 mihi,
1147 4828 1415 4895 quodnam
1466 4828 1639 4895 majus
1686 4825 1844 4878 fuerit
1886 4838 2059 4891 Opera:
2101 4824 2348 4889 pretium,

821 4928 981 4981 quam
1012 4915 1395 4969 cbartulariuut
1425 4917 1601 4967 videre
1646 4926 2025 4979 nonnunquam
2055 4926 2146 4977 per
2175 4910 2345 4961 forum

822 5002 1195 5067 procedentem
1228 5018 1348 5055 cum
1376 5018 1508 5055 auro
1540 5005 1862 5069 interspersa
1898 5000 2054 5057 tiara,
2084 4998 2172 5065 qui
2203 4998 2349 5048 mulo

823 5091 1067 5154 vehatur,
1100 5101 1151 5145 et
1188 5108 1333 5145 more
1367 5091 1710 5159 patriareliaii
1740 5099 1964 5142 ornatus
1993 5089 2061 5138 sit
2090 5087 2211 5138 albo
2242 5085 2344 5136 lin-

819 5193 925 5245 teo,
952 5182 1396 5249 quemadmodum
1429 5183 1477 5234 id
1508 5197 1718 5247 quoque
1762 5193 1853 5246 per
1890 5176 2173 5229 indicatam
2217 5189 2339 5226 san-

2454 4469 2782 4536 σχολάσαντα
2810 4466 2947 4533 μέγα
2978 4464 3068 4515 τού
3112 4462 3360 4530 όφφικίου
3409 4459 3715 4527 προνόμιον.
3746 4458 3811 4506 Τί
3859 4459 3989 4526 γὰρ,

2449 4559 2567 4610 εἰπέ
2617 4575 2701 4623 μοι
2730 4556 2859 4623 πρὸς
2881 4555 2974 4621 τῆς
3002 4552 3253 4618 ἀληθείας
3278 4550 3464 4615 αὐτῆς,
3495 4548 3625 4615 πρὸς
3650 4548 3745 4612 τῆς
3772 4547 3990 4612 ἀδελφι-

2448 4648 2548 4713 κῆς
2604 4646 2841 4712 ἀγάπης,
2880 4642 3012 4708 πρὸς
3046 4640 3141 4705 τῆς
3177 4639 3313 4688 κατὰ
3369 4637 3496 4688 Θεὸν
3530 4634 3842 4694 διαθέσεως,
3874 4636 3990 4702 ιετη

2451 4737 2515 4788 ἂν
2548 4734 2977 4798 σπουδαιότερον,
3011 4730 3101 4781 τοῦ
3133 4729 3343 4796 βλέπειν
3373 4727 3517 4776 ἐστιν
3543 4726 3627 4774 ὅτε
3672 4724 3763 4773 τδν
3794 4740 3988 4789 lapte.

2454 4822 2665 4890 φύλακα
2699 4820 2783 4872 διὰ
2823 4822 2917 4887 τῆς
2946 4818 3147 4885 ἀγορᾶς
3177 4813 3529 4883 προοδεύοντα
3559 4812 3693 4878 μετὰ
3724 4812 3991 4878 χρυσοπά-

2452 4928 2573 4963 στου
2614 4910 2827 4978 τιάρας,
2861 4908 2951 4957 καὶ
2986 4904 3341 4972 ἐποχούμενον
3370 4904 3425 4953 ὲν
3454 4901 3681 4969 ἡμιόνῳ,
3718 4916 3986 4966 πατριαρο

2449 4999 2613 5067 χικῶς
2651 4996 2785 5063 μετὰ
2813 4995 3016 5045 ὀθονίου
3062 4991 3447 5060 κεκοσμημένη
3488 4988 3532 5018 ⁸⁸
3564 4985 3781 5047 λευκοῦ,
3810 4985 3987 5045 καθὼς

2449 5088 2539 5139 καὶ
2573 5084 2730 5135 τοῦτο
2778 5083 2862 5133 διὰ
2896 5081 2986 5131 τοῦ
3038 5079 3289 5147 ῥηθέντος
3320 5077 3684 5144 θεσπίσματος
3735 5075 3985 5141 ὥρισται,

2453 5178 2543 5227 καὶ
2591 5172 2692 5224 ὑπὸ
2722 5170 3121 5234 ὲξκουϐιτώρων
3174 5167 3667 5238 δορυξορούμενοη
3697 5164 3757 5215 Et
3792 5164 3866 5231 μή
3904 5178 3986 5223 τις

2064 5306 2292 5360 νΑΙὶΙΑΞ
2327 5303 2711 5366 LECTIONES.

885 5403 1369 5473 ⁸1κειιοςῐμλνηιὲνον.

2349 5506 2566 5561 NOTAE.

882 5611 991 5677 (64]
1024 5610 1152 5666 Nota
1191 5610 1483 5673 cardinales
1513 5609 1759 5661 Erclesie
1814 5606 1965 5659 Rom.
2016 5607 2141 5659 olim
2202 5604 2480 5659 duodecim
2522 5600 2703 5653 fuisse.
