4214 6450
203 418 342 484 ιοιο

1592 414 1991 474 ΜΕυιίἈΤΑ.

3240 400 3375 465 1030

210 540 358 606 λέγει
390 539 757 610 προτιμητέαν
784 534 920 591 εἶναι
951 535 1050 607 τὴν
1090 537 1325 604 κεφαλὴν
1356 539 1450 605 τῆς
1482 535 1675 602 χειρὸς,
1704 533 1735 599 ἢ
1770 540 1809 591 Α
1842 545 1869 583 c

1704 533 1809 599 ἢΑ
1842 533 2069 583 ctionem
2125 538 2389 584 statutum
2447 539 2569 594 est,
2636 542 2690 583 et
2746 530 3115 583 excubitorum
3174 529 3366 583 habeat

212 630 369 683 ιλλου
406 632 595 699 μέλους
626 628 717 680 τοῦ
748 627 1015 695 σώματος.
1058 627 1224 678 Τοῦτο
1267 626 1371 692 γὰρ
1392 625 1478 676 διά
1524 624 1617 692 τὴν
1649 625 1739 673 εὑ-

212 717 399 785 ήθειατ
429 717 489 767 οὺ
535 712 1005 782 παραλληλίζεται.
1062 710 1202 764 Ἀλλ’
1250 710 1523 764 ὶπανιτιον
1552 709 1669 760 ὃθεν
1714 708 1744 759 δ

218 806 373 871 λόγος
426 803 711 871 μετέπεσε,
752 801 844 854 καὶ
884 801 1163 869 ζητητέον,
1220 801 1363 853 τίνος
1423 799 1580 867 χάριν
1636 798 1742 850 τῶν

218 895 317 964 μὲν
358 893 529 946 ἄλλων
578 893 846 960 σεκρέτων
874 892 923 942 οί
970 889 1371 957 προκαθήμενοι
1425 890 1601 955 μόνοις
1656 887 1741 950 ιε-

224 979 615 1049 υπηρετοῦνται
651 980 984 1047 σαρκικοῖς
1004 978 1325 1038 ὼυλευταῖς’
1346 980 1373 1028 ὀ
1400 978 1454 1029 δὲ
1480 975 1743 1046 χαρτοφύ-

214 1066 316 1129 λαξ
336 1066 575 1132 τάγμασι
597 1066 792 1127 διττοῐς
814 1064 1141 1133 διακονητῶν
1172 1065 1537 1132 μεγεθύνεται.
1566 1065 1746 1131 Φαμὲν

217 1152 330 1218 οὖν,
362 1156 442 1206 ὅτι
469 1156 534 1207 τὰ
558 1154 648 1206 τοῦ
681 1155 1084 1222 χαρτοφύλακος
1117 1154 1293 1205 δίκαια
1310 1153 1549 1221 ψυχικῶν
1578 1156 1747 1221 ῥυπα-

220 1242 439 1309 σμάτων
472 1242 575 1292 είσὶ
602 1241 960 1310 καθαρτήρια,
980 1241 1069 1293 καὶ
1088 1241 1403 1310 νοσημάτων
1426 1241 1747 1309 σωματικῶν

220 1330 552 1399 ἁλεξιτήρια.
589 1331 679 1382 Διὸ
729 1331 821 1383 καὶ⁵
863 1330 1185 1394 τετύπωται,
1232 1331 1520 1398 ταγμάτων
1561 1330 1747 1382 διττῶν

224 1416 513 1482 ὑπουργοίς
531 1417 667 1467 αὐτὰ
696 1415 979 1468 κατευθύνε
990 1416 1133 1469 σθαι.
1160 1418 1254 1469 Ἀν
1276 1418 1403 1482 γοῦν
1422 1417 1749 1485 θεμιστεύων

228 1507 587 1575 προκάθηται,
623 1508 715 1557 καὶ
767 1506 1051 1557 δικαστικὰ
1095 1506 1339 1569 διῦλίζων
1364 1508 1625 1575 νοήματα,
1665 1509 1750 1560 νό-

230 1612 361 1664 μους
395 1595 636 1662 συνάπτῃ
688 1594 932 1662 νομίμοις
971 1594 1394 1663 θεσπιωδήμασι,
1437 1597 1529 1647 καὶ
1567 1599 1749 1649 κανόσι

226 1684 456 1743 κανόνας
503 1683 802 1750 ἀρμο).ογῇ,
858 1683 923 1735 ἂν
979 1684 1267 1749 δικολογῶν
1323 1687 1604 1753 προτάσεις
1659 1687 1753 1738 καὶ

227 1772 522 1831 ἀντιθέσεις
552 1771 886 1840 σφυρηλατῇ,
922 1771 1013 1822 καὶ
1054 1772 1150 1832 τὰς
1179 1773 1275 1839 μὲν
1315 1774 1651 1845 ἀποσμιλεύῃ
1685 1778 1747 1843 τῇ

1841 618 2197 672 satellitium?
2242 619 2343 670 nisi
2390 620 2511 685 quis
2556 618 2733 671 dicere
2784 618 2937 680 velit,
2986 619 3102 685 plus
3147 619 3368 674 honoris

1840 704 2185 759 deferendum
2216 705 2399 771 capiti,
2425 720 2584 771 quam
2609 705 2812 765 manui,
2841 705 2923 757 vel
2948 704 3099 757 alteri
3127 707 3370 757 membro

1842 793 2107 859 corporis.
2141 791 2273 845 Nam
2305 792 2415 844 haec
2445 795 2794 856 comparatio,
2826 806 2924 844 ceu
2949 793 3133 855 stulta,
3162 805 3267 845 non
3291 791 3374 843 in-

1842 883 2106 940 stituitur.
2148 880 2252 937 Sed
2286 882 2641 944 redeundum,
2688 883 2825 935 unde
2850 882 3066 935 deﬂexit
3096 886 3290 942 oratio,
3321 891 3375 935 et

1846 970 2220 1038 inquirendum
2258 1008 2272 1031 ,
2337 969 2681 1035 quamobrem
2756 970 2979 1021 aliorum
3040 976 3370 1021 secretorum

1845 1060 2100 1127 presides
2151 1059 2427 1113 secreticis
2498 1058 2756 1111 duntaxat
2813 1058 3046 1112 servitiis
3097 1072 3314 1112 utantur
3358 1076 3373 1111 :

1845 1160 1967 1200 cum
2006 1147 2370 1200 chartularius
2402 1146 2739 1199 auctoritatis
2770 1146 2988 1213 majoris
3017 1160 3179 1201 causa
3209 1148 3377 1215 gemi-

1847 1251 1945 1289 nos
1985 1236 2175 1289 habeat
2219 1236 2591 1289 ministrorum
2632 1235 2867 1289 ordines.
2900 1236 3081 1304 Itaque
3124 1237 3375 1302 dicimus,

1848 1324 1901 1377 in
1931 1339 1994 1378 eo
2022 1324 2226 1378 versari
2267 1326 2388 1391 jura
2417 1324 2751 1387 chartularii,
2782 1334 2835 1375 ut
2860 1326 3159 1378 animorum
3191 1328 3379 1381 sordes

1850 1420 2128 1481 expurget,
2147 1426 2209 1463 ac
2237 1413 2436 1465 morbis
2461 1414 2734 1479 corporeis
2763 1413 3082 1466 medicinam
3108 1416 3377 1469 adhibeat.

1851 1498 2081 1567 Ideoque
2121 1508 2380 1553 statutum
2416 1510 2517 1563 est,
2552 1500 2664 1553 hac
2709 1515 2827 1553 esse
2856 1502 3131 1568 dirigenda
3172 1518 3265 1569 per
3293 1518 3383 1571 ge-

1852 1589 2120 1640 minorum
2155 1589 2401 1639 ordinum
2435 1588 2800 1641 administros.
2837 1589 2958 1643 Sive
2986 1592 3146 1657 igitur
3170 1591 3261 1658 jus
3298 1594 3382 1646 di-

1851 1690 1979 1729 cens
2022 1675 2323 1743 presideat,
2370 1686 2422 1729 et
2485 1675 2805 1741 judiciarios
2851 1680 3131 1745 percolans
3177 1680 3383 1733 intelle-

1856 1773 1993 1825 ctus,
2035 1764 2176 1831 leges
2212 1780 2331 1816 cum
2378 1765 2549 1831 legum
2592 1766 2957 1819 sanctionibus
2986 1778 3287 1837 componat,
3330 1778 3384 1824 et

228 1858 379 1926 λυδίᾳ.
412 1860 505 1927 τῆς
556 1860 911 1923 διαγνώσεως,
963 1862 1058 1918 τὰς
1104 1861 1158 1912 δὲ
1217 1862 1611 1930 παραδέχηται·
1661 1865 1754 1915 καὶ
1786 1851 1825 1904 Β
1855 1866 1892 1903 Ci

1715 1865 1754 1914 ιι
1786 1851 1825 1904 Β
1855 1865 2088 1904 canones
2120 1866 2255 1913 cum
2308 1853 2608 1907 canonibus
2661 1856 2951 1911 conciliet:
3011 1857 3123 1908 sive
3187 1872 3379 1911 causas

232 1945 399 2007 τέλος,
423 1945 487 1997 ἂν
512 1945 717 2009 κρίσεις
737 1946 1137 2015 πατριάρχικῶν
1158 1948 1418 2016 νοταρίων
1434 1949 1753 2019 ζυγοστατῇ,

233 2039 562 2102 σεκρετικῶν
611 2033 905 2095 διαλαλιαῖς
962 2034 1344 2101 μεγαλύνεται·
1393 2037 1485 2087 καὶ
1537 2038 1756 2105 μᾶλλον,

235 2122 363 2175 ὅταν
401 2123 459 2173 τὸ
487 2122 829 2191 δικαστήριον
854 2124 910 2173 έν
937 2123 1113 2190 μόνοις
1134 2124 1412 2192 πράγμασι
1439 2124 1759 2195 στημονίζη-

232 2226 342 2262 ται.
380 2211 440 2262 Εί
487 2211 541 2262 δὲ
578 2211 910 2279 προκάθηται
934 2210 1171 2279 ψυχικῶν
1198 2213 1636 2281 ἀρρωστημάτων
1676 2215 1761 2265 θε-

238 2298 466 2365 ραπείαν
520 2298 852 2365 ποιεύμενος,
914 2298 1005 2348 καὶ
1068 2300 1375 2365 σεσηπότων
1440 2302 1761 2369 τραυμάτων

233 2388 689 2455 ἑπισκεπτόμενος
713 2387 1053 2455 κακοήθειαν,
1081 2388 1153 2455 πῆ
1176 2388 1271 2454 μὶν
1298 2389 1496 2458 σιδήρῳ
1515 2390 1761 2459 χωνεύων

238 2475 332 2526 τοῦ
364 2475 567 2537 πάθους
597 2476 693 2543 τὴν
731 2476 1085 2543 ὐπουλότητα,
1119 2478 1192 2544 πῆ
1217 2478 1261 2529 δ’
1291 2480 1603 2531 ἐπιπάσσων
1628 2481 1761 2547 ἡπια

240 2564 525 2632 φάρμακα,
570 2562 717 2631 παρὰ
758 2564 853 2630 τῆς
891 2562 1092 2625 τάξεως
1126 2565 1467 2632 ὑπηρετεῐται
1514 2568 1619 2618 τῶν
1649 2570 1764 2619 επι-

244 2654 594 2705 σκοπειανῶν.
649 2654 710 2705 Εί
762 2653 805 2703 δ’
838 2654 982 2705 ἔστιν
1013 2654 1099 2705 ὅτε
1155 2655 1293 2707 κατὰ.
1344 2655 1615 2724 διορισμὸν
1664 2676 1763 2710 πα-

239 2742 575 2808 τριαρχικὸν,
602 2741 721 2793 τινὰ
767 2743 874 2793 τῶν
916 2743 1220 2811 προνομίων
1266 2745 1467 2797 τούτων
1522 2764 1766 2816 παρασα-

236 2827 492 2889 λεύοιντο,
524 2828 655 2888 τέως
686 2828 792 2893 ἐγὼ
815 2830 1008 2893 άγνοῶ,
1044 2832 1134 2881 καὶ
1175 2833 1494 2901 συγγνώμης
1532 2835 1764 2902 ἀξιωθή-

238 2931 424 2983 σομαι,
457 2917 553 2985 τὴν
582 2916 812 2968 παλαιὰν
836 2918 1193 2969 ἀναδιδάσκων
1220 2920 1529 2987 παράδοσιν.
1554 2922 1766 2974 Τούτων

240 2999 334 3057 ιῦν
372 3004 509 3057 οὕτω
547 3006 721 3067 καλῶς
765 3006 1257 3075 διευκρινηθέντων,
1290 3009 1360 3071 ὡς
1403 3007 1571 3079 οἴμαι,
1602 3014 1765 3078 ἀναγ·

250 3096 396 3145 ιια’ίον
425 3094 563 3156 ἔδοξέ
606 3112 693 3162 μοι
722 3097 938 3163 ποιῆσαι
968 3100 1055 3149 καὶ
1084 3098 1217 3165 πρὸς
1240 3101 1330 3151 τὸν
1369 3102 1505 3152 κατὰ
1546 3104 1765 3170 καιροὺς

242 3181 625 3249 χαρτοφύλακα
659 3182 871 3234 δικαίαν
900 3183 1141 3246 ἀξίωσιν.
1171 3187 1409 3240 Δέσποτά
1446 3205 1545 3251 μου
1575 3206 1766 3257 χαρτο-

244 3269 439 3335 φύλαξ,
506 3270 566 3320 τὸ
622 3271 977 3338 ἑμπιστευθέν
1035 3290 1114 3324 σοι
1173 3275 1425 3326 τάλαντον
1482 3277 1586 3327 ἀπὸ
1636 3277 1768 3329 Θεοῦ

247 3358 701 3426 παντοκράτορος,
737 3360 810 3426 μὴ
844 3361 1220 3429 καταχωσθείη
1250 3364 1334 3414 διὰ
1361 3364 1621 3432 νωθρείαν
1654 3383 1765 3429 σου,

246 3444 334 3495 ἶνα
366 3444 439 3511 μὴ
471 3444 700 3513 ἀκούσῃς
724 3446 902 3507 δοῦλος
928 3448 1152 3516 πονηρὸς
1172 3449 1264 3500 καὶ
1296 3450 1581 3519 ἀχάριστος
1601 3467 1614 3481 θ
1640 3452 1771 3519 μηδὲ

244 3532 307 3583 τὸ
338 3534 517 3600 κέρμα
544 3533 647 3585 τῶν
689 3536 936 3602 μεγάλων
973 3538 1273 3604 προνομίων
1295 3538 1454 3590 αὑτοῦ
1493 3540 1771 3609 προδοθείη

257 3622 400 3672 κατὰ
432 3622 526 3688 σὴν
561 3622 759 3689 πολλὴν
788 3624 1083 3675 ἐπιείκειαν
1107 3642 1120 3655 ·
1162 3626 1294 3677 ἀλλὰ
1323 3627 1610 3697 διαδοθήτω
1640 3632 1774 3695 πρὸς

256 3708 603 3775 τραπεζίτας,
645 3710 737 3761 καὶ
766 3710 1298 3780 διπλασιασθήσεται.
1330 3715 1533 3766 Σκοπὸν
1567 3732 1624 3767 σε
1655 3733 1777 3770 κατ-

249 3794 443 3863 έστησε
494 3796 740 3865 δεύτερον
784 3801 811 3850 ὁ
859 3799 987 3861 Θεὸς
1032 3800 1119 3851 διὰ
1167 3802 1343 3868 χειρὸς
1400 3804 1773 3871 ἑπισκοπικῆς.

252 3882 558 3949 Κάντεῦθεν
585 3887 673 3934 ἐπὶ
711 3885 785 3952 τῷ
818 3888 1037 3953 στόματί
1083 3904 1173 3939 σου
1220 3888 1414 3949 πάντες
1447 3892 1775 3959 εἰσέρχονται

250 3974 331 4030 είς
365 3969 508 4023 οἷκον
535 3972 665 4024 Θεοῦ
697 3977 1144 4045 παντοκράτορος,
1196 3978 1287 4029 καὶ
1332 3980 1420 4029 ἐπὶ
1450 3979 1524 4048 τῷ
1556 3982 1777 4048 στόματί

253 4075 347 4111 σου
382 4062 709 4128 ἐξέρχονται.
750 4063 839 4132 Μὴ
877 4061 967 4116 οῦν
998 4065 1177 4133 εἴπῃς,
1211 4066 1274 4116 Τί
1320 4066 1496 4135 δοθείη
1543 4086 1652 4135 μοι,
1689 4072 1778 4121 καὶ

250 4149 304 4201 τί
329 4151 645 4217 προστεθείη
680 4170 768 4219 μοι
797 4154 928 4221 πρὸς
964 4155 1227 4222 μέριμναν
1269 4155 1596 4224 ὀλοχρόνιον;
1632 4159 1778 4226 Μηδὲ

255 4240 504 4309 σιγήσης,
569 4240 699 4307 μηδὲ
750 4242 1156 4313 καταπραύνῃς,
1218 4245 1349 4310 μηδὲ
1422 4245 1651 4314 λαλήσῃς
1705 4248 1779 4307 ὡς

249 4328 552 4396 ἀνθρώποις
620 4329 895 4396 ἀρέσκων,
956 4326 1107 4383 εἶπεν
1172 4332 1199 4382 ὀ
1271 4334 1437 4399 μέγας
1491 4334 1778 4392 ἀπόστολος

1855 1955 2040 2009 agens,
2088 1941 2480 2009 prapositiones
2523 1952 2573 1995 et
2622 1942 2945 2007 objectiones
2989 1945 3088 1998 sub
3136 1946 3381 2001 incudem

1856 2036 2089 2090 revocet,
2121 2037 2173 2079 et
2217 2029 2313 2081 has
2358 2030 2569 2095 quidem
2616 2031 2759 2081 velut
2792 2031 3008 2085 abradat
3041 2049 3133 2102 per
3162 2033 3385 2104 Lydium

1859 2116 2187 2183 cognitionis
2238 2117 2488 2183 lapidem,
2535 2117 2653 2170 illus
2696 2118 2967 2185 admittat;
3015 2122 3127 2175 sive
3159 2123 3387 2191 denique

1855 2205 2055 2272 judicia
2101 2206 2429 2257 notariorum
2476 2208 2909 2273 patriarcltalium
2956 2211 3244 2277 ponderet,
3293 2230 3387 2282 per

1861 2296 2242 2348 secreticorum
2274 2296 2642 2347 ministrorum
2680 2296 2890 2349 decreta
2920 2290 3161 2367 magnam
3201 2314 3391 2357 aucto-

1860 2383 2070 2436 ritatem
2101 2384 2479 2451 consequitur;
2512 2387 2806 2453 presertim
2838 2403 2956 2440 cum
2988 2391 3119 2443 solis
3149 2392 3200 2444 in
3230 2394 3391 2448 rebus

1856 2472 2115 2539 judicium
2152 2474 2301 2526 texit.
2345 2472 2436 2526 Sin
2472 2475 2544 2526 ita
2586 2476 2849 2541 praesidet,
2900 2486 2953 2530 ut
2984 2480 3391 2547 trgritudinibus

1862 2562 2027 2613 animi
2061 2563 2352 2613 remedium
2386 2562 2656 2625 adhibeat,
2683 2572 2735 2617 et
2756 2566 3083 2631 putridorum
3112 2570 3389 2624 vulnerum

1864 2649 2156 2703 foeditatem
2201 2651 2477 2717 inspiciat.
2526 2666 2589 2704 ac
2630 2668 3009 2720 nonnunquam
3038 2656 3190 2710 {erro
3223 2660 3391 2715 latens

1868 2737 1980 2789 vitii
2021 2738 2219 2789 malum
2266 2740 2474 2800 adurat,
2514 2754 2893 2808 nonnunquam
2932 2744 3072 2796 mitia
3120 2746 3391 2817 inspergat

1866 2826 2291 2891 medicamenta,
2346 2828 2550 2881 ordinis
2594 2830 3055 2897 episcopianorum
3099 2836 3397 2893 ministerio

1868 2916 2056 2967 utitur.
2114 2917 2192 2968 An
2238 2931 2361 2968 vero
2408 2916 2674 2969 interdum
2719 2919 2796 2971 sic
2838 2920 3059 2987 jubente
3092 2938 3153 2977 ac
3187 2926 3397 2982 volente

1871 3004 2173 3071 patriarcha
2209 3005 2514 3067 usuveniat,
2566 3016 2622 3058 ut
2674 3006 2888 3073 aliquod
2939 3010 3126 3063 horum
3178 3015 3396 3082 privile-

1869 3092 2079 3159 giorum
2109 3095 2225 3145 loco
2258 3104 2561 3159 moveatur;
2587 3096 2831 3163 equidem
2866 3099 3004 3151 scire
3030 3115 3132 3153 non
3160 3117 3372 3167 possunt

1872 3186 1924 3229 et
1970 3178 2177 3231 veniam
2222 3181 2482 3241 merebor,
2507 3182 2597 3247 qui
2640 3182 3081 3236 consuetudinem
3122 3188 3397 3256 antiquam

1871 3268 2055 3321 doceo.
2090 3267 2182 3322 His
2214 3269 2373 3332 igitur
2411 3269 2465 3320 in
2492 3269 2631 3320 hunc
2664 3269 2877 3321 modum
2919 3280 3058 3324 recte
3089 3274 3397 3344 declaratis,

1873 3363 1929 3408 ut
1961 3356 2211 3417 arbitror,
2240 3358 2603 3409 necessarium
2631 3356 2758 3407 tuihi
2783 3358 2960 3409 visum
2992 3366 3093 3421 est,
3124 3370 3180 3414 ut
3201 3364 3400 3429 justam

1873 3446 2179 3512 petitionem
2224 3443 2289 3496 ad
2332 3445 2568 3511 cujusvis
2609 3446 2863 3512 temporis
2895 3447 3275 3504 chartularium
3319 3455 3403 3507 in-

1876 3533 2112 3584 Stituam.
2160 3530 2382 3584 Domine
2417 3532 2488 3583 mi
2536 3533 2939 3601 cbartopbylax,
2974 3537 3227 3591 talentum
3283 3541 3402 3597 lidei

1878 3630 1978 3673 tute
2023 3621 2284 3673 creditum
2331 3623 2396 3673 ab
2437 3622 2800 3688 omnipotente
2848 3624 2973 3687 Deo,
3013 3640 3106 3692 per
3138 3630 3401 3695 ignaviam

1877 3718 2022 3762 tuam
2054 3725 2120 3762 ne
2149 3708 2419 3762 defossum
2448 3709 2551 3773 sit;
2586 3724 2651 3763 ne
2680 3725 2867 3763 servus
2892 3728 3115 3780 nequam
3144 3727 3196 3768 et
3227 3720 3402 3787 ingra~

1877 3807 1964 3850 tus
2004 3797 2285 3864 appelleris
2333 3814 2347 3849 :
2398 3812 2532 3849 neve
2572 3812 2883 3863 magnorum
2919 3800 3075 3867 hujus
3109 3807 3261 3859 oilicii
3298 3812 3407 3876 prl-

1878 3886 2189 3952 vilegiorum
2222 3900 2313 3946 3‘s,
2351 3886 2513 3937 nimia
2548 3888 2954 3941 mansuetudine
2984 3900 3068 3941 tua
3103 3895 3361 3960 prodatur
3390 3937 3405 3960 ,

1879 3973 1969 4025 sed
2003 3975 2139 4023 inter
2179 3972 2564 4024 nummttlarios
2592 3973 2970 4037 distribuatur,
3001 3987 3052 4030 et
3084 3982 3403 4048 duplicetur.

1879 4062 2119 4113 Alterum
2166 4070 2213 4113 te
2255 4075 2473 4129 scopum
2516 4061 2652 4114 Deus
2686 4076 2779 4128 per
2808 4067 3157 4133 episcopalem
3190 4087 3403 4129 manum

1886 4149 2190 4202 constituit.
2237 4150 2354 4211 Quo
2411 4148 2487 4211 iit,
2533 4158 2591 4201 ut
2630 4151 2693 4202 ad
2740 4165 2799 4203 os
2840 4163 2985 4205 tuum
3031 4160 3407 4224 omnipotentis

1883 4236 1976 4288 Dei
2020 4236 2238 4287 domum
2286 4250 2473 4288 omnes
2520 4236 2907 4303 ingrediantur,
2952 4248 3003 4293 et
3046 4244 3108 4293 ad
3150 4258 3210 4296 os
3259 4256 3404 4302 tuum

1881 4324 2241 4391 egrediantur.
2286 4323 2399 4377 Non
2446 4340 2572 4392 ergo
2624 4325 2823 4381 dixeris
2870 4344 2883 4380 :
2936 4330 3069 4392 Quid
3116 4332 3229 4385 dari
3275 4338 3405 4390 nnhi

252 4416 480 4477 Παῦλος,
521 4417 638 4468 κατ’
680 4420 882 4468 ἐκεῖνον
928 4418 1019 4469 τὸν
1066 4421 1301 4487 πονηρὸν
1352 4422 1633 4488 μισθωτὸν,
1683 4422 1770 4472 τὸν
1810 4434 1852 4485 ι)
1882 4427 1913 4478 Ρ

1745 4438 1770 4470 ν
1810 4434 1852 4485 ι)
1882 4412 2073 4478 possit,
2096 4421 2147 4462 et
2176 4412 2301 4478 quid
2334 4410 2491 4476 adjici
2529 4412 2592 4463 ad
2613 4413 3022 4467 sollicitudinem
3069 4425 3409 4485 perpetuam!

252 4503 376 4556 καθ“
405 4506 593 4557 ἑαυτὸν
644 4505 998 4574 ψιθυρίσαντα
1026 4522 1038 4535 ·
1071 4507 1129 4557 τὸ
1177 4508 1418 4558 ἐκλεῖπον
1464 4508 1775 4570 ὲκλειπέτω,

252 4594 309 4643 τὸ
338 4593 761 4662 ἑσκορπισμένσν
793 4596 865 4662 μὴ
898 4595 1203 4663 συναχθείη,
1234 4595 1326 4646 καὶ
1371 4596 1430 4646 τὸ
1467 4613 1782 4663 συντετριμ-

256 4683 413 4748 μένον
442 4683 516 4749 μὴ
537 4682 907 4749 ὀλομεληθείη.
958 4684 1139 4750 Ἀρκεῖ
1165 4685 1268 4752 γὰρ
1310 4686 1375 4751 τῇ
1410 4684 1587 4752 ἡμέρα
1617 4688 1647 4751 ἡ
1680 4701 1780 4735 κα-

255 4771 347 4821 κία
401 4770 587 4837 αὐτῆς.
643 4770 801 4823 Ἀλλά
840 4772 1067 4839 σήρυξον
1119 4772 1501 4833 άποστολικῶς,
1558 4772 1783 4823 ἐνώπιον

254 4858 387 4909 Θεοῦ
421 4858 516 4924 τὴν
564 4858 836 4924 ἀλήθειαν.
896 4859 1176 4926 Ἐπίστηθι
1204 4859 1490 4927 εὐκαίρως,
1524 4862 1779 4928 ἀκαίρως,

256 4947 489 5013 ﬂavent,
542 4948 878 5015 επιτίμησον,
939 4948 1337 5016 παρακάλεσον,
1389 4951 1782 5017 κακοπάθησον,

260 5037 417 5107 ἔργον
467 5035 686 5101 ποίησον
747 5036 1144 5101 εὐαγγελιστοῦ,
1195 5038 1295 5105 τὴν
1370 5038 1638 5090 διακονίαν
1692 5054 1783 5089 σου

260 5127 691 5197 πληροφόρησον.
729 5124 836 5174 Καὶ
865 5123 1001 5192 τάχα
1030 5124 1288 5185 νεανικῶς
1328 5126 1466 5176 οὕτω
1506 5125 1594 5175 τὸν
1629 5124 1788 5175 καλὸν

261 5217 444 5284 ἀγῶνα
487 5214 625 5267 κατά
652 5212 712 5265 τὸ
751 5213 1096 5281 ἀπῃτημένον
1129 5214 1548 5279 ἀγωνισάμενος,
1580 5216 1668 5264 καὶ
1695 5212 1789 5279 τὴν

262 5306 532 5361 διακονίαν
613 5320 705 5354 σου
770 5305 1110 5372 συντηρήσας
1193 5304 1629 5355 ἀνεπιδούλευτον
1700 5304 1790 5355 καὶ

264 5398 549 5463 ἁμείωτον,
596 5395 653 5443 έν
698 5392 773 5459 τῷ
810 5392 993 5459 μηδενὶ
1019 5392 1082 5445 ἂν
1125 5392 1458 5463 ταπεινώσῃς
1489 5393 1611 5453 τοὺς
1646 5393 1791 5443 ἀντι·

264 5485 580 5543 πίπτοντας,
621 5482 711 5533 καὶ
754 5483 915 5549 ἐρεῖς,
965 5482 1066 5532 Τὸν
1117 5481 1311 5547 δρόμον
1366 5481 1639 5542 τετέλεκα,
1696 5480 1791 5547 τὴν

270 5574 448 5623 πίστιν
476 5572 770 5638 τετήρηκα.
805 5570 999 5622 Λοιπὸν
1029 5570 1308 5623 ἀπόκειταί
1338 5588 1425 5636 μοι
1460 5572 1554 5638 τῆς
1590 5570 1790 5624 δικαιο-

269 5663 429 5727 σύνης
453 5663 477 5712 ὁ
512 5662 791 5726 στέφανος.
839 5662 931 5723 Ὃς
962 5662 1050 5712 καὶ
1079 5660 1353 5729 δοθήσετςιί
1389 5677 1466 5713 σοι
1495 5661 1639 5728 παρὰ
1664 5642 1791 5709 ξίεοῦ

1881 4501 2023 4554 Neve
2075 4500 2327 4559 tacueris,
2360 4515 2457 4553 nec
2486 4500 2821 4565 demulseris,
2853 4516 2950 4555 nec
2983 4506 3189 4560 loeutus
3223 4508 3406 4575 fueris,

1882 4589 2045 4642 veluti
2081 4589 2171 4656 qui
2207 4588 2516 4640 hominibus
2549 4591 2755 4653 placere
2787 4590 2937 4655 velis,
2980 4592 3153 4659 inquit
3185 4612 3407 4665 magnus

1885 4680 1971 4731 ille
1994 4680 2188 4731 Paulus
2210 4679 2503 4747 apostolus.
2529 4681 2693 4732 instar
2719 4681 2859 4731 illius
2896 4684 3039 4749 pravi
3070 4690 3407 4751 mercenarii,

1886 4767 1975 4833 qui
2018 4766 2157 4831 apud
2202 4767 2544 4831 semetipsum
2595 4769 2956 4820 susurrabat:
2992 4770 3225 4832 Deﬁciat,
3270 4775 3407 4840 quod

1886 4855 2091 4916 deﬁcit,
2134 4855 2432 4922 dispersum
2480 4871 2583 4907 non
2630 4856 2926 4922 colligatur,
2970 4861 3258 4913 contritum
3305 4878 3408 4914 non

1887 4945 2299 5011 rcdintegretur.
2350 4942 2552 4996 Suﬂicit
2602 4959 2835 5011 namque
2882 4947 2984 4998 diei
3032 4947 3246 5001 aﬂlictio
3293 4964 3413 5004 sua.

1887 5033 1987 5087 Sed
2020 5035 2198 5101 potius
2240 5033 2533 5101 apostolico
2564 5048 2713 5087 more
2745 5035 3017 5087 veritatem
3048 5036 3100 5088 in
3127 5050 3412 5105 conspectu

1889 5124 1980 5177 Dei
2016 5124 2323 5191 predicato.
2352 5122 2493 5174 lnsta
2518 5132 2836 5189 opportune,
2863 5122 3180 5188 importune.
3215 5126 3417 5178 Redar-

1891 5227 2012 5281 gue,
2050 5213 2284 5279 increpa,
2318 5211 2620 5273 cohortare,
2655 5210 2887 5262 tolerans
2911 5219 3046 5270 esto.
3077 5209 3158 5265 iac
3187 5213 3415 5266 ofﬁcium

1891 5301 2249 5368 evangelista.
2284 5300 2641 5351 ministerium
2680 5306 2827 5349 tuum
2862 5298 3043 5365 imple.
3076 5301 3148 5351 Ac
3177 5300 3417 5353 fortassis

1893 5390 1965 5442 ita
2000 5390 2309 5456 juvenilitcr
2344 5388 2589 5441 absoluto
2616 5386 2873 5455 praeclaro
2906 5389 3218 5453 certamine,
3260 5398 3418 5455 prout

1895 5481 1990 5533 abs
2021 5486 2072 5533 te
2106 5478 2431 5547 postulatum
2474 5478 2653 5537 fuerit,
2689 5487 2741 5528 et
2774 5486 3093 5529 conservato
3123 5478 3424 5530 ministerio

1898 5579 1987 5621 tuo
2030 5570 2160 5620 citra
2209 5567 2451 5623 insidias,
2489 5580 2550 5617 ac
2598 5565 2815 5617 minime
2848 5565 3139 5625 deminuto,
3184 5563 3235 5616 in
3278 5566 3423 5617 nullo

1900 5657 2204 5713 ltumilialvis
2248 5656 2613 5720 adversantes,
2651 5670 2707 5705 ac
2740 5655 2882 5707 viiccs
2909 5674 2917 5703 ι
2944 5654 3169 5707 Cursum
3199 5653 3424 5716 abso'vi,
