4214 6450
818 360 952 426 1055

2047 377 2325 437 ΤΗΕΟῙ).
2368 378 2833 439 ΒΑΙΞΑΜΟΝΙΞ

3885 382 4018 443 1056

818 486 1009 543 Omnis
1036 490 1170 559 lapis
1214 496 1395 547 anima
1444 498 1696 564 preditus
1742 512 1863 557 est:
1910 516 1974 556 ac
2030 516 2220 554 rursus
2284 511 2347 549 ex
2374 493 2428 552 Δ
2455 513 2482 546 τ

2345 513 2347 518 ’
2374 493 2428 552 Δ
2455 498 2633 565 τυχὸν,
2669 500 2781 559 Πᾶς
2802 498 2944 561 λίθος
2968 498 3207 567 ἔμψυχός
3232 500 3366 563 ἑστι,
3403 500 3495 553 καὶ
3521 502 3809 569 ἑτέρωθεν,
3848 503 4009 554 Πᾶσα

818 576 985 629 altera
1014 587 1188 643 parte,
1224 579 1412 637 Omnis
1470 590 1784 657 smaragdus
1824 602 1904 643 est
1935 593 2072 658 lapis
2106 608 2118 641 :
2152 602 2204 645 et
2227 606 2354 646 cen-

820 660 1024 727 cludat,
1045 662 1232 721 Omnis
1255 684 1381 740 ergo
1400 674 1533 740 lapis
1564 680 1879 746 smaragdus
1909 691 1991 733 est
2020 682 2199 733 anima
2228 695 2356 748 pra:-

819 748 965 803 ditus
1240 758 1474 826 colliget,
1534 773 1945 836 extremumque
1994 766 2352 819 mendacium.

821 834 973 891 Unde
1026 839 1104 905 fit,
1159 851 1217 895 ut
1269 848 1358 913 qui
1414 850 1544 901 dicit
1599 868 1691 921 per
1748 834 2073 909 matrimonii
2131 858 2354 924 copula-

819 926 1018 981 tionem
1049 945 1166 985 esse
1196 932 1386 988 factam
1438 954 1787 1005 personarum
1842 944 2239 1009 confusionem,
2304 955 2353 999 et

816 1017 1129 1086 coniugium
1175 1036 1296 1077 esse
1354 1035 1770 1085 transmutatum
1826 1035 1878 1086 in
1940 1034 2353 1098 fraternitatem,

816 1112 979 1171 atque
1021 1110 1092 1161 ita
1142 1110 1282 1165 forte
1342 1117 1729 1174 absurditatem
1773 1124 2086 1188 concludit;
2138 1142 2357 1195 compe-

817 1192 938 1247 dem
992 1196 1204 1265 lingua,
1245 1217 1349 1255 nou
1415 1207 1692 1261 veritatem
1750 1212 1983 1278 colligat.
2014 1212 2167 1277 Quod
2231 1192 2351 1269 cum

819 1282 891 1334 ita
943 1286 1035 1348 sit,
1067 1303 1297 1357 cumque
1328 1303 1447 1360 post
1470 1299 1902 1364 conjunctionem
1938 1318 2099 1357 sexus
2130 1313 2355 1373 uterque

817 1383 1030 1426 maneat
1059 1375 1298 1447 integer,
1356 1398 1513 1437 nemo
1588 1395 1695 1439 tam
1736 1390 1806 1444 sit
1856 1392 2047 1454 audax,
2110 1401 2167 1446 ut
2210 1394 2355 1461 ipsos

814 1462 1072 1547 coniuges
1103 1470 1328 1534 appellet
1364 1471 1577 1537 fratres,
1612 1478 1675 1530 ad
1706 1479 2181 1547 reprehensionem
2224 1484 2351 1538 dicti

814 1544 1007 1638 divini,
1041 1551 1198 1618 cujus
1249 1559 1409 1611 verba
1453 1569 1618 1615 sunt:
1660 1562 1726 1616 Et
1768 1544 2027 1635 coniuges
2098 1570 2197 1638 ipsi
2246 1588 2352 1625 nou

816 1637 1046 1702 amplius
1092 1652 1249 1696 erunt
1293 1645 1419 1711 duo,
1463 1650 1554 1703 sed
1604 1666 1764 1705 unus.
1800 1653 2008 1723 Quippe
2042 1637 2353 1714 sicutolea-

816 1732 927 1813 ster
987 1741 1265 1796 propterea
1339 1750 1446 1788 non
1504 1738 1705 1793 dicitur
1775 1743 1935 1806 oliva,
1982 1747 2124 1813 quod
2172 1764 2353 1805 ramus

814 1807 931 1876 ejus
959 1815 1010 1868 in
1046 1819 1238 1873 olivam
1275 1827 1570 1882 translatus
1622 1831 1689 1883 sit
1735 1847 1749 1882 :
1821 1834 1897 1886 sic
1927 1851 2099 1902 neque
2146 1845 2350 1904 patrem

815 1905 1025 1968 Puella.
1087 1924 1332 1967 socerum
1396 1920 1587 1985 puellm
1634 1924 1963 1991 vocabimus,
2040 1927 2157 1992 Quo
2222 1944 2354 1985 sane

811 1994 1051 2049 stabilito
1115 2015 1211 2069 per
1281 2008 1799 2067 demonstrationem
1857 2026 2080 2081 certam,
2156 2030 2209 2073 et
2263 2021 2350 2073 cui

809 2084 1105 2139 contradici
1146 2101 1393 2159 nequeat,
1425 2105 1608 2150 nostra
1650 2101 1866 2167 quidem
1922 2105 2204 2173 opinione,
2257 2124 2350 2163 ne-

813 2181 917 2233 que
954 2174 1133 2227 vocari
1188 2177 1368 2232 licebit
1417 2182 1734 2239 alterutrum
1763 2203 1949 2243 eorum
2018 2193 2082 2245 ad
2135 2210 2350 2249 succes-

813 2258 1023 2313 sionem
1070 2262 1329 2328 defuncti,
1379 2272 1457 2325 vel
1497 2275 1725 2343 alicujus
1774 2279 1877 2348 ipsi
1908 2284 2168 2351 sanguine
2226 2301 2352 2354 pro-

810 2347 1133 2410 pinquorum
1163 2353 1291 2422 (quo
1320 2360 1461 2411 enim
1492 2363 1542 2415 id
1587 2367 1784 2431 pacto?
1831 2384 1951 2422 eum
1977 2347 2349 2438 possessiones

814 2436 1087 2532 accipiant
1138 2442 1197 2532 ii,
1226 2446 1423 2513 quibus
1442 2451 1555 2518 lege
1583 2455 1922 2527 deferuntur)
1952 2436 2123 2529 neque
2165 2479 2349 2532 repre-

815 2519 976 2620 liendi
1032 2529 1244 2594 poterit,
1316 2544 1405 2587 aut
1472 2519 2065 2612 abominanduin'eriti,
2119 2552 2163 2603 si
2224 2519 2348 2620 quis

810 2608 997 2672 dicat,
1078 2617 1265 2673 iisdem
1341 2622 1534 2679 finibus
1624 2632 1989 2689 circumscribi
2049 2608 2349 2697 'contracta

807 2701 1185 2787 et-atlinitate
1228 2719 1279 2763 et
1342 2728 1406 2766 es
1474 2712 1791 2787 cognatione
1846 2728 2201 2783 matrimonia.
2261 2733 2350 2787 Sic

813 2784 957 2836 enim
1013 2794 1310 2848 canonibus
1350 2809 1433 2853 est
1484 2784 1763 2860 statutum.
1796 2808 1945 2873 Quod
2003 2824 2179 2868 autem
2250 2784 2350 2884 pia;

784 2884 969 2957 Διιιιιη
1028 2888 1081 2933 et
1131 2881 1315 2939 fratris
1347 2891 1504 2955 filius,
1538 2910 1656 2948 cum
1689 2901 1850 2952 amita
1907 2911 1958 2955 et
2013 2904 2191 2962 fratris
2243 2881 2347 2965 lilia

810 2969 1169 3035 copulentur,
1230 2992 1334 3030 nou
1390 2990 1492 3043 est,
1550 2995 1605 3037 ut
1650 2987 1812 3054 aliqui
1884 2995 2184 3059 perhibent,
2255 3015 2349 3068 per

2458 586 2762 653 σμάραγδος
2818 587 2961 649 λίθος
3016 587 3164 639 εστί·
3223 590 3314 639 καὶ
3348 592 3699 656 συμπερανεῖ,
3732 590 3859 651 Πᾶς
3902 591 4010 657 ἀρα

2454 674 2599 737 λίθος
2645 675 2951 744 σμάραγδος
2990 674 3227 745 ἔμψυχός
3273 678 3635 745 ἑστι,.....ψιν
3687 679 4008 763 συναγάγῃ,

2457 766 2549 817 καὶ
2595 765 2787 833 ψεῦδος
2837 764 3086 834 ἔσχατον.
3128 766 3285 819 Ὅθεν
3327 767 3421 818 καὶ
3461 768 3489 818 ὁ
3532 765 3704 832 λέγων
3744 767 4010 831 γενέσθαι

2454 853 2542 904 διὰ
2567 854 2665 921 τῆς
2718 853 3007 921 συναφείας
3054 854 3159 904 τῶν
3206 854 3549 906 ὑποστάσεων
3574 853 3669 922 τὴν
3704 853 4003 921 σύγχυσιν,

2457 943 2549 993 καὶ
2581 940 2677 1010 τὴν
2699 942 2995 1009 ὁμοζυγίαν
3032 941 3567 1009 μεταστοιχειωθῆναι
3598 942 3732 1008 πρὸς
3777 940 4005 1005 ἀδελφέ.

2456 1046 2611 1098 τητα,
2649 1030 2741 1083 καὶ
2756 1030 2895 1081 οὕτω
2919 1029 3298 1099 συμπεραίνων
3323 1030 3461 1097 τάχα
3482 1029 3541 1080 τδ
3562 1031 3780 1091 ἄτοπον,
3822 1029 4004 1092 γλωτο

2455 1119 2680 1187 τοπίδην
2710 1119 3035 1188 συνήγαγεν,
3069 1120 3165 1170 οὐκ
3203 1118 3475 1188 ἀλήθειαν.
3503 1118 3701 1171 Τούτου
3729 1118 3785 1169 δὲ
3828 1116 4009 1178 οὕτως

2455 1204 2688 1273 ἔχοντος,
2719 1206 2938 1257 καὶτῶν
2968 1206 3139 1271 γενῶν
3189 1204 3505 1272 σωζομένων
3549 1203 3830 1271 ἑκατέρων
3866 1200 4007 1270 μετά

2454 1294 2551 1362 τὴν
2581 1295 2793 1356 ῑνωσιν,
2824 1294 2898 1362 μὴ
2928 1293 3219 1362 τολμητέον
3256 1292 3514 1358 ἀδελφοὺς
3540 1292 3662 1351 τοὺς
3694 1289 4006 1356 ὁμοζύγους

2455 1384 2626 1435 είπεῖν
2652 1384 2731 1437 είς
2760 1383 3149 1451 ἐπιστομισμδν
3182 1381 3275 1434 τοῦ
3310 1383 3551 1450 ῥήματος
3576 1379 3668 1431 τοῦ
3702 1378 3871 1442 Θεοῦ,
3902 1377 3995 1429 τοῦ

2454 1476 2691 1538 εἰπόντος
2709 1492 2724 1507 ο
2755 1476 2867 1529 Καὶ
2896 1475 3076 1528 οὐκετι
3107 1474 3317 1525 ισονται
3343 1472 3391 1524 οί
3417 1470 3677 1539 ὁμόζυγες
3710 1469 3829 1531 δύο,
3864 1468 4001 1519 ἀλλά

2453 1560 2553 1627 εἷς.
2593 1564 2678 1625 Ὠς
2705 1565 2812 1633 γάρ
2840 1565 2898 1616 οὐ
2936 1563 3147 1630 λέγεται
3191 1562 3251 1613 τὸ
3290 1560 3597 1629 ἀγριέλαιον
3633 1558 3998 1618 καλλιέλαιον,

2453 1650 2535 1704 ὅτι
2565 1651 2754 1713 κλάδος
2784 1651 2946 1704 αὐτοῦ
2996 1650 3132 1720 μετά
3180 1650 3516 1703 καλλιελαίου
3554 1646 3999 1716 μετεμοσχεὺθη,

2455 1742 2626 1804 οὕτως
2650 1744 2773 1795 οὐδὲ
2806 1743 3019 1812 πατέρα
3049 1742 3147 1810 τῆς
3177 1742 3342 1809 κόρης
3370 1740 3460 1790 τὸν
3492 1736 3693 1805 ταύτης
3749 1737 4002 1803 ετποιμεν

2455 1832 2733 1902 πενθερόν.
2762 1833 2964 1884 Τούτου
3007 1832 3064 1884 δὲ
3095 1829 3468 1899 στηριχθέντος
3501 1828 3557 1891 ἐξ
3598 1826 4000 1892 ἀναπιρῤήτου

2453 1922 2547 1974 καὶ
2590 1918 2863 1987 ἀσφαλοῦς
2916 1918 3257 1982 ἀποδείξεως,
3334 1918 3407 1979 ὼς
3463 1915 3706 1983 οἰόμεθα,
3768 1912 3891 1965 οὕτε
3945 1913 4003 1963 τὸ

2452 2008 2731 2061 καλεῖσθαι
2780 2007 3004 2075 θάτερον
3047 2006 3106 2069 ιξ
3150 2004 3323 2057 αὐτῶν
3365 2005 3442 2065 είς
3627 1998 4003 2097 Ξιληρονομίαὶν

2448 2099 2543 2151 τοῦ
2584 2098 3026 2167 τελευτήσαντος,
3074 2094 3107 2164 ἢ
3153 2095 3295 2155 τινὸς
3341 2093 3447 2145 τῶν
3484 2091 3544 2153 εξ
3587 2090 3821 2158 αἵματος
3853 2087 4003 2155 αὐτῷ

2452 2187 2757 2255 προσγενῶν
2790 2184 3323 2257 παρρησιασθήσεται
3369 2181 3508 2253 (πῶς
3535 2180 3673 2248 γάρ;
3706 2178 3999 2248 προσλαμ·

2458 2275 2725 2329 θανόντων
2776 2276 2884 2328 τῶν
2923 2274 3277 2343 κτησαμένων
3306 2274 3367 2323 ὲκ
3398 2270 3559 2347 νόμον
3602 2269 3699 2330 τὰς
3747 2267 4000 2318 διακατο-

2450 2367 2592 2436 χάς),
2624 2365 2745 2418 οὗτε
2775 2364 3047 2435 μεμπτέον
3088 2363 3238 2415 ἔσται
3278 2362 3370 2413 καὶ
3402 2358 3764 2425 ἀποτρόπαιον
3802 2353 3865 2405 τὺ
3910 2353 3997 2402 λέ-

2450 2474 2588 2526 γειν,
2616 2459 2725 2518 τοῖς
2740 2457 2920 2517 αὐτοῖς
2940 2456 3083 2524 ὅροις
3114 2450 3485 2504 συστέλλεσθαι
3506 2449 3572 2499 τά
3595 2447 3654 2509 ὲε
3676 2444 3995 2513 ἀγχιστείας

2448 2548 2543 2600 καὶ
2577 2550 2643 2600 τά
2672 2546 2731 2609 ἑξ
2763 2547 2989 2613 αἵματος
3022 2542 3454 2609 συναλλάγματα.
3499 2536 3656 2590 υῦτω
3687 2537 3800 2603 γάρ
3828 2548 3995 2584 xcu-

2449 2639 2709 2688 νόνισται.
2746 2634 2818 2687 Τδ
2838 2634 2894 2686 δὲ
2927 2631 3286 2685 συνάπτεσθαι
3309 2630 3448 2681 θεῖον
3477 2626 3569 2679 καὶΙ
3603 2625 3826 2693 ἀνεψιὸν
3856 2622 3997 2688 μετά

2452 2727 2602 2789 θείας
2651 2725 2743 2778 καὶ
2791 2724 3035 2791 ἀνεψιᾶς,
3083 2722 3181 2774 οὐκ
3236 2721 3380 2773 εστιν
3411 2719 3506 2789 (ὥς
3564 2734 3709 2779 τινες
3753 2714 3998 2784 λέγουσι)

2452 2816 2734 2885 συνηθείας
2760 2816 3009 2883 ἀγράφου
3056 2812 3412 2879 παγκράτιον,
3449 2810 3481 2878 ἢ
3515 2810 3605 2860 καὶ
3644 2806 3994 2874 ἀπαραδότου

2447 2906 2905 2975 εκκλησιαστικῆς
2950 2906 3329 2963 καταστάσεως
3366 2898 3824 2971 τροπαιούχημαο
3861 2894 3997 2947 ἀλλὰ

2448 2995 2739 3064 πρόσταξις
2779 2994 2898 3047 θεία
2919 2992 3012 3045 τοῦ
3043 2992 3280 3060 ἀοιδίμου
3314 2988 3591 3059 βασιλέως,
3638 2986 3813 3055 κυροῦ
3849 2985 3997 3038 Ἀλε·

807 3061 1252 3116 consuetudinem
1284 3081 1390 3120 non
1419 3074 1675 3139 scriptam
1710 3074 2097 3143 introductum,
2128 3088 2207 3138 vel
2230 3061 2345 3142 sine
2369 3096 2415 3157 C
2449 3084 2471 3149 ξ

2335 3105 2345 3142 ξ
2369 3096 2415 3157 C
2449 3061 2558 3149 ξίου
2579 3085 2670 3136 τοῦ
2697 3084 3000 3154 Κομνηνοῦ,
3027 3082 3361 3149 ἐξενεχθεῖσα
3385 3079 3474 3130 ἐπὶ
3496 3079 3799 3145 ὑπομνήσει
3822 3075 3999 3142 Βάρδα

806 3146 1099 3202 traditione
1155 3166 1249 3218 per
1305 3166 1501 3212 statmn
1551 3166 1972 3221 ecclesiasticum
2032 3174 2342 3231 invectum:

804 3233 897 3285 sed
940 3236 1225 3293 clarissimi
1287 3249 1564 3318 principis,
1628 3255 1827 3310 domini
1880 3259 2051 3313 Alexii
2091 3263 2347 3321 Comneni

806 3331 1024 3373 sacrum
1063 3325 1323 3391 edictum,
1365 3335 1631 3398 prolatum
1686 3340 1751 3393 ad
1779 3345 2179 3412 suggestionem
2211 3351 2345 3404 Bar-

804 3406 887 3458 dae
921 3412 1227 3477 cujusdam.
1283 3420 1372 3486 qui
1420 3421 1590 3478 Xerus
1625 3406 2013 3496 appellabatur,
2078 3448 2131 3490 et
2194 3456 2347 3495 rece-

804 3506 955 3564 ptusn
1012 3512 1115 3555 tam
1156 3506 1206 3558 in
1242 3510 1578 3579 reipublicaa,
1607 3531 1764 3582 quam
1794 3521 1846 3573 in
1873 3525 2221 3581 ecclesiarum
2261 3548 2349 3585 ar-

804 3586 962 3640 chiva
1011 3600 1063 3644 et
1092 3595 1325 3658 codices.
1354 3602 1617 3666 ejusmodi
1678 3610 1891 3674 nuptias
1959 3614 2156 3669 liberas
2201 3617 2343 3684 fecit,

808 3689 908 3741 pro
928 3692 988 3730 ea
1024 3691 1305 3748 potestate,
1363 3704 1480 3755 quae
1528 3694 1739 3747 cmlitus
1793 3706 1874 3750 est
1936 3701 2346 3769 imperatoribus

805 3764 949 3819 datu.
986 3767 1099 3822 Non
1132 3772 1294 3840 igitur
1339 3789 1627 3834 accuratus
1658 3782 1906 3839 Ecclesiae
1938 3764 2111 3845 sta-tus
2139 3796 2345 3849 calum-

801 3853 1042 3909 niandus
1098 3866 1199 3911 est.
1258 3860 1389 3914 Nam
1451 3868 1793 3921 matrimonia
1832 3886 1896 3923 ex
1941 3872 2217 3945 afﬁnitate,
2276 3876 2343 3937 ad

800 3954 1011 3997 sextum
1046 3954 1487 4020 usque'gradum
1541 3967 1593 4011 et
1647 3966 1957 4018 coarctahat
1999 3983 2231 4038 semper,
2291 3987 2345 4029 et

799 4035 979 4089 adhuc
1029 4044 1353 4113 constringit
1375 4048 1513 4102 sicut
1547 4054 1707 4105 etiam
1759 4060 2098 4114 matrimonia
2117 4035 2130 4038 _
2153 4035 2226 4116 exi
2250 4079 2344 4117 co.

800 4128 1053 4189 gnaliono
1122 4146 1133 4180 :
1177 4130 1229 4181 in
1294 4148 1399 4200 quo
1442 4146 1546 4189 tam
1612 4140 1809 4209 legum,
1863 4160 2021 4211 quam
2074 4162 2341 4204 canonum

799 4219 1000 4267 statuta
1076 4222 1338 4287 sequitur,
1427 4238 1479 4280 et
1544 4236 1745 4283 tomum
1815 4234 1958 4289 illius
2016 4242 2339 4295 sanctissimi

797 4304 1139 4369 patriarcha,
1180 4310 1379 4366 domini
1427 4313 1672 4372 Sisinnii.
1738 4322 1891 4384 Quod
1938 4326 2080 4378 enim
2111 4328 2174 4380 ad
2223 4331 2339 4398 cius

2450 3175 2590 3234 τινὸς
2610 3173 2899 3242 λεγομένου
2943 3171 3139 3240 Ξηροῦ,
3184 3172 3278 3222 καὶ
3330 3166 3725 3233 ἑπιγνωσθεῖσα
3758 3168 3879 3225 τοῖς
3907 3164 3998 3229 δη-

2452 3268 2731 3333 μοσιακοῖς
2771 3264 2863 3317 καὶ
2900 3262 3367 3330 ἑκκλησιαστικοῖς
3393 3256 3628 3325 ἀρχείοις
3657 3257 3751 3306 καὶ
3788 3253 3997 3315 κὼδιξι,

2447 3356 2537 3409 τὸν
2564 3355 2800 3407 τοιοῦτον
2826 3354 3001 3421 γάμον
3029 3351 3261 3403 ἀπέλυσε
3290 3349 3427 3401 κατὰ
3456 3346 3550 3415 τὴν
3574 3345 3868 3413 δεδομένην
3894 3343 3999 3401 τοῖς

2452 3445 2757 3514 βασιλεῦσιν
2783 3443 2987 3496 ἀνωθεν
3018 3440 3340 3509 κυριότητα·
3388 3437 3461 3507 μὴ
3504 3434 3683 3486 τοίνυν
3720 3450 3996 3497 συκοφαν-

2449 3532 2636 3601 τητέον
2666 3533 2760 3601 τὴν
2786 3530 2985 3597 ἀκριϐῆ
3025 3529 3121 3595 τῆς
3142 3525 3465 3593 Ἑκκλησίας
3526 3521 3891 3573 κατάστασιν.
3924 3518 3997 3568 Τά

2450 3621 2556 3688 γὰρ
2588 3620 2643 3683 ἐξ
2677 3617 2987 3686 ἀγχιστείας
3018 3614 3453 3681 συναλλάγματα,
3487 3611 3645 3678 μέχρι
3689 3608 3784 3659 τοῦ
3842 3609 3995 3658 εκτου

2451 3704 2659 3773 βαθμοῦ
2689 3704 2782 3758 καὶ
2828 3702 3013 3768 αὑτοῦ,
3059 3701 3153 3753 καὶ
3200 3697 3545 3766 εστενοχώρει
3599 3696 3860 3753 πάντοτε,
3910 3693 3996 3743 καὶ

2451 3792 2792 3860 στενοχώρει,
2831 3791 3011 3852 καθὼς
3040 3807 3141 3841 που
3168 3790 3257 3841 καὶ
3283 3787 3349 3840 τὰ
3375 3786 3433 3848 ἐξ
3469 3787 3722 3854 αἵματος,
3752 3784 3994 3851 ἑπομένη

2448 3882 2689 3949 νομικοῖς
2740 3878 2832 3931 καὶ
2871 3880 3169 3939 κανονικοῖς
3220 3877 3568 3943 διατάγμασι,
3619 3876 3712 3925 καὶ
3742 3874 3821 3938 τῷ
3853 3873 3997 3939 diu?

2444 3972 2537 4024 τοῦ
2572 3969 2869 4037 ἀγιωτάτου
2910 3967 3114 4021 ὶκείνου
3144 3966 3497 4034 πατριάρχου,
3534 3962 3703 4032 κυροῦ
3732 3962 3989 4013 Σισινίου.

2447 4063 2519 4114 Τὸ
2562 4061 2669 4128 γάρ
2702 4059 2786 4111 ἐπ’
2825 4059 3099 4124 ἀνατροπῇ
3138 4055 3325 4107 τούτου
3357 4054 3620 4121 διορισθὲν
3655 4054 3810 4120 παρά
3856 4053 3997 4119 βασις

2446 4151 2599 4217 λικῆς
2632 4150 2776 4212 θείας
2802 4147 3235 4216 μεγαλειότητος,
3256 4148 3332 4205 είς
3358 4145 3514 4212 ἔργον
3538 4142 3711 4194 ἐλθεῖν
3738 4145 3765 4192 ὀ
3792 4142 3997 4199 δίκαιος

2446 4243 2634 4311 κριτὴς
2660 4241 2757 4292 οὐκ
2803 4237 3124 4305 ηὐδόκησεν,
3166 4233 3238 4294 ὡς
3299 4232 3501 4283 οἴδασιν
3536 4231 3584 4281 oi
3623 4229 3995 4297 μεμυημένοι,

2444 4333 2539 4384 καὶ
2567 4332 2626 4382 οὐ
2664 4346 2728 4381 πε
2738 4329 3053 4396 πλάνηνται.

797 4398 1129 4450 eversionem
1163 4402 1229 4452 ab
1290 4402 1631 4472 imperatoria
1700 4426 1851 4465 sacra
1890 4416 2167 4482 majestate
2218 4423 2613 4491 promulgatum
2659 4420 2779 4481 fuit,
2833 4426 2890 4470 ut
2950 4416 3003 4467 in
3044 4412 3290 4466 effectum
3376 4410 3759 4464 deduceretur.
3815 4410 3995 4476 justus

799 4486 889 4540 me
931 4491 1094 4555 ίιιιίει
1160 4494 1378 4549 minime
1406 4497 1570 4549 voluit
1601 4516 1613 4550 :
1648 4502 2092 4568 quemadmodum
2142 4486 2339 4562 norunt
2379 4509 2598 4570 initiati,
2630 4522 2729 4560 nec
2769 4507 2821 4559 in
2850 4517 3032 4556 errore
3052 4507 3354 4554 versantur.

866 4578 1053 4645 Atqui,
1098 4582 1317 4649 subjicit
1341 4584 1701 4650 adversarius,
1741 4604 1808 4643 ne
1840 4590 1889 4643 id
1920 4592 2161 4660 quidem,
2190 4598 2331 4664 quod
2360 4598 2413 4656 D
2508 4598 2530 4650 Γ

2360 4598 2413 4656 D
2508 4597 2634 4659 Ναί,
2670 4596 2855 4663 φησὶν,
2887 4591 3001 4645 ἀλλ’
3038 4590 3155 4641 οὐδὲ
3182 4589 3242 4640 τὸ
3270 4587 3528 4655 σύγχυσιν
3560 4586 3654 4636 καὶ
3686 4586 3996 4653 ἀπρέπειαν

794 4667 1045 4721 confusio
1105 4678 1158 4722 et
1206 4670 1440 4726 dedecus
1497 4677 1773 4730 nomin’um
1819 4680 2209 4745 introducatur,
2273 4687 2341 4739 ob

796 4761 1060 4827 graduum
1117 4765 1588 4827 necessitudinem,
1642 4770 1935 4835 quominus
1991 4772 2175 4838 prima
2204 4789 2336 4829 con-

792 4848 936 4917 jugis
992 4865 1102 4905 sua
1148 4854 1417 4907 sobrinam
1470 4856 1629 4909 ducat
1690 4858 2015 4921 Demetrius,
2064 4862 2334 4930 impediet.

795 4936 909 4991 Hoc
959 4942 1101 4992 enim
1144 4942 1252 4997 illis
1311 4945 1474 4998 etiam
1524 4948 1785 5015 sanguine
1841 4951 2158 5018 propinquis
2212 4969 2343 5005 usu-

795 5026 967 5089 venit,
1024 5043 1144 5081 cum
1187 5031 1326 5085 inter
1363 5048 1421 5087 se
1455 5037 1794 5101 copulantur,
1827 5041 1916 5106 qui
1952 5041 2032 5092 vel
2064 5053 2255 5095 octavo
2274 5060 2332 5097 se

794 5114 965 5183 gradu
1006 5118 1343 5188 contingunt,
1394 5122 1521 5175 dum
1557 5126 1812 5192 coniuges
1869 5128 2071 5195 alisque
2131 5131 2335 5195 pudore

795 5217 1070 5272 vocamus,
1108 5224 1241 5279 quos
1300 5222 1494 5266 natura
1533 5216 1874 5268 sobrinorum
1907 5219 2042 5272 filios
2071 5222 2331 5288 agnoscit,

792 5308 1090 5366 eorumque
1134 5302 1333 5357 liberos
1358 5318 1456 5371 pro
1486 5304 1747 5360 fratribus
1802 5307 2072 5371 ducimus,
2130 5324 2251 5363 cum
2305 5325 2334 5363 a

794 5396 985 5441 natura
1006 5390 1113 5445 sint
1151 5402 1539 5461 prognatorum
1568 5411 1631 5449 ex
1676 5397 1909 5451 sobrinis
1940 5398 2054 5450 filii.
2076 5397 2183 5452 Cur
2205 5414 2333 5468 ergo

790 5491 988 5531 novum
1052 5490 1104 5535 et
1149 5483 1385 5539 insolens
1439 5486 1535 5549 sit,
1565 5486 1704 5539 idem
1760 5488 1858 5539 hoc
1889 5489 2050 5541 etiam
2103 5490 2154 5542 in
2195 5505 2331 5557 prae-

790 5568 928 5619 acnti
988 5572 1287 5636 quaestione
1350 5574 1454 5629 dici
1506 5586 1663 5645 atque
1716 5577 1865 5629 fieri?
1923 5576 2025 5630 Sed
2087 5578 2324 5641 audiant,

787 5660 876 5724 qui
933 5661 1044 5716 lucc
1100 5665 1170 5716 ita
1218 5664 1501 5733 colligunt,
1547 5666 1709 5734 quod,
1739 5666 2191 5734 quemadmodum
2247 5678 2329 5729 ea,

2435 4689 2710 4755 ὀνομάτων
2741 4681 3055 4749 εἰσάγεσθαι
3091 4678 3179 4733 διά
3207 4678 3305 4745 τὴν
3330 4674 3436 4728 τῶν
3467 4674 3691 4743 βαθμῶν
3733 4676 3992 4742 ἰδιότητα,

2437 4776 2715 4843 ὲμποδίσει
2748 4772 2931 4825 λαϐεῖν
2972 4770 3063 4823 τὸν
3104 4767 3413 4835 Δημήτριον
3454 4766 3550 4828 τὴν
3607 4763 3995 4832 δισεξαδὲλφην

2434 4868 2531 4934 τῆς
2571 4863 2840 4931 προτέρας
2887 4859 3049 4912 αὐτοῦ
3096 4854 3375 4924 γυναικός.
3427 4853 3597 4905 Τοῦτο
3628 4854 3740 4922 γὰρ
3793 4855 3892 4906 καὶ
3922 4858 3995 4916 είς

2434 4955 2559 5014 τοὺς
2584 4950 3017 5019 συναπτομένους
3044 4946 3102 5010 ἐξ
3126 4946 3353 5014 αἱματος
3375 4945 3657 5009 συγγενεῖς
3688 4943 3786 4995 καὶ
3810 4945 3992 5009 ὀγδόου

2437 5045 2593 5104 ὄντας
2634 5041 2838 5110 βαθμοῦ
2892 5035 3300 5109 θριαμϐεύεται,
3330 5034 3393 5085 δι’
3433 5026 3509 5085 ὧν
3548 5032 3859 5101 ὀμοζύγους
3905 5036 3991 5086 ἀν-

2439 5132 2807 5201 ερυοριάστως
2862 5123 3319 5196 κατονομάζομεν,
3349 5122 3441 5185 οὓς
3483 5124 3515 5191 ἠ
3567 5123 3730 5190 φύσις
3780 5124 3991 5192 τρισκε-

2439 5225 2699 5291 αδέλφους
2735 5222 3019 5289 ἐγνώρισε,
3053 5218 3144 5269 καὶ
3172 5216 3295 5277 τοὺς
3327 5212 3518 5275 παῖδας
3537 5213 3717 5266 αὐτῶν
3742 5214 3817 5276 ὡς
3843 5216 3988 5267 ἀδελ·

2440 5316 2571 5379 (pob;
2630 5312 2980 5381 περιέπομεν,
3032 5302 3555 5374 τετταρεξαδέλφους
3584 5302 3746 5365 ὄντας
3784 5306 3846 5357 ἐκ
3893 5305 3985 5371 φύ.

2444 5419 2595 5463 σεως.
2626 5400 2692 5452 Τί
2729 5399 2857 5467 γοῦν
2887 5400 2999 5450 ἐστι
3026 5397 3205 5449 καινὸν
3235 5399 3339 5448 κάν
3363 5411 3438 5463 τῳ
3463 5394 3689 5464 παρόντι
3715 5395 3981 5462 ζητήματι

2439 5485 2711 5539 λαλεῖσθαι
2742 5484 2897 5536 τοῦτο
2935 5483 3028 5535 καὶ
3075 5482 3356 5549 γίνεσθαι;
3404 5482 3547 5534 Ἀλλ’
3594 5481 3979 5532 ἀκουσάτωσαν

2440 5575 2488 5627 οἱ
2515 5574 2682 5626 ταῦτα
2721 5573 3075 5641 συνείροντες,
3101 5571 3181 5623 ὅτι
3226 5571 3403 5632 καθὼς
3436 5570 3498 5621 τά
3539 5570 3812 5636 Γαδείρων
3840 5567 3976 5625 ivre:

2440 5661 2774 5730 διακείμενα,
2815 5661 2903 5712 καὶ
2942 5658 3415 5729 ἀκριϐολογοῦνται
3440 5657 3532 5710 καὶ
3554 5657 3972 5725 ἀπογράφονται,
