4214 6450
273 392 406 456 1057

1665 411 2076 478 ΜΕΟΙΤΑΤΑ.

3303 427 3437 489 1058

263 519 332 569 τὰ
360 516 414 567 δὲ
448 517 585 585 πέρα
642 518 904 589 Γαδείρων
960 523 1019 573 οὐ
1078 524 1286 593 πέρατὰ
1346 528 1514 579 εἰσιν·
1557 526 1697 579 οὕτω
1734 528 1800 579 τὰ
1830 532 1861 581 Δ

1900 545 2018 596 quae
2046 532 2123 586 eis
2155 534 2326 587 Gades
2371 538 2469 589 sita
2494 546 2640 601 sunt,
2679 548 2929 593 accurate
2962 542 3089 595 sciri
3114 557 3175 594 ac
3204 546 3435 602 describi

264 606 365 672 μὲν
386 606 531 665 me;
554 606 646 657 τοῦ
686 607 844 660 ἕκτου
882 611 1087 678 βαθμοῦ
1119 615 1374 681 γινόμενα
1423 616 1802 685 συναλλάγμα-

261 708 349 753 τα,
380 695 467 744 καὶ
495 694 580 745 διὰ
632 698 689 747 τὸ
722 697 879 764 φύσει
930 701 1133 753 δίκαιον
1175 705 1267 755 καὶ
1319 705 1590 772 εὐπρεπὲς
1630 725 1799 759 κατα-

260 780 532 847 κρίνονται
560 797 573 810 ’
602 784 670 833 τὰ
699 784 754 835 δὲ
794 786 947 848 ἐκτὸς
974 789 1152 841 αὐτῶν
1191 793 1650 860 μετεωριζόμενα,
1682 796 1800 848 οὐδὲ

261 872 662 934 κατασπῶνται,
705 874 822 924 οὐδὲ
867 877 1232 942 κουφίζονται,
1260 880 1387 933 ἄνευ
1422 884 1583 949 μόνου
1616 885 1711 937 τοῦ
1742 886 1801 948 ιξ

257 955 488 1023 αἳματος
515 960 741 1027 ἐεδόμου
773 960 1006 1030 βαθμοῦ.

328 1218 525 1269 Τοῦτον
568 1220 673 1289 γὰρ
718 1220 989 1289 βασιλικὸς
1035 1228 1252 1296 ὁρισμὸς
1282 1231 1374 1282 καὶ
1403 1233 1563 1301 τόμος
1593 1239 1794 1291 συνοδι-

255 1308 351 1367 κὸς
380 1310 489 1369 τοῖς
524 1310 612 1361 τοῦ
648 1311 804 1363 ἕκτου
837 1313 1040 1381 βαθμοῦ
1068 1319 1467 1389 συναλλάγμασι
1514 1328 1798 1390 συνεξίσωο

254 1411 374 1447 σαν.
418 1398 564 1450 Ἐπεὶ
590 1399 680 1452 οὖν
712 1403 907 1464 ἱκανῶς
941 1406 1253 1474 διελάσομεν
1290 1412 1358 1462 τά
1392 1430 1499 1465 τισι
1532 1416 1797 1470 δικαιολο-

255 1486 493 1553 γούμενα
548 1491 673 1558 περὶ
725 1492 821 1543 τοῦ
868 1496 946 1555 είς
997 1495 1090 1546 ἕνα
1125 1497 1327 1566 βαθμὸν
1357 1503 1479 1564 τοὺς
1499 1507 1797 1573 όμοζύγους

254 1575 569 1640 ἀνάγεσθαι,
596 1579 702 1631 εῐτε
742 1583 833 1632 καὶ
858 1584 931 1649 μή
964 1598 978 1611 ·
1008 1585 1140 1653 Φέρε
1164 1589 1255 1637 καὶ
1286 1590 1346 1640 τὸ
1375 1592 1505 1657 ἡμῖν
1535 1598 1797 1661 παριστά-

255 1680 415 1729 μενον
449 1666 604 1734 χάριν
640 1669 732 1720 τοῦ
764 1671 999 1723 τοιούτου
1044 1671 1371 1742 ζητήματος,
1424 1682 1681 1748 εἴπωμεν.
1733 1687 1795 1737 Ol

252 1754 725 1824 νενομοθετηκότες
755 1762 877 1828 περὶ
910 1764 1297 1831 κεκωλυμένων
1320 1770 1512 1837 γάμων
1532 1774 1795 1828 διδάσκον-

251 1856 341 1902 τες
374 1844 432 1893 ιν
470 1843 657 1913 βιϐλίῳ
699 1846 804 1913 κη’,
841 1850 1001 1917 τίτλῳ
1045 1850 1103 1914 ε’,
1150 1854 1229 1914 είς
1258 1854 1349 1906 δύο
1381 1857 1645 1927 διαιροῦσι
1671 1864 1794 1924 τοὺς

254 1933 532 1996 συγγενεῖς
556 1949 568 1961 ·
600 1936 677 1995 είς
705 1935 948 1996 ἀνιόντας
970 1939 1060 1989 καὶ
1089 1940 1388 2005 κατιόντας,
1416 1946 1607 2008 παῖδας
1635 1948 1795 2018 δηλα-

249 2018 313 2085 δὴ
352 2020 443 2071 καὶ
468 2024 659 2085 γονεῖς,
707 2023 798 2076 καὶ
843 2026 922 2086 είς
951 2029 1075 2088 τοὺς
1122 2030 1185 2082 ἐκ
1234 2032 1484 2101 πλαγίου,
1536 2038 1796 2106 ἀδελφούς

252 2124 394 2176 φημι
425 2112 516 2160 καὶ
549 2110 763 2172 λοιποὺς
811 2113 869 2178 ἐξ
896 2116 1122 2181 αἵματος
1163 2126 1497 2189 προσγενεῐς.
1538 2127 1645 2178 Καὶ
1686 2129 1795 2183 τῶν

253 2196 356 2262 μὶν
392 2199 646 2252 ἀνιόντων
685 2203 775 2253 καὶ
809 2206 1119 2272 κατιόντων,
1152 2211 1254 2261 κᾶν
1299 2215 1506 2280 γνήσιοι
1532 2209 1650 2281 ὦσι,
1692 2220 1794 2272 κᾶν

249 2286 488 2349 φυσικοὶ,
518 2289 615 2341 κᾶν
645 2290 806 2356 θετοὶ,
837 2294 959 2356 τοὺς
990 2297 1194 2366 γάμους
1228 2302 1519 2357 κωλύουσιν
1552 2309 1628 2367 εἰς
1663 2310 1795 2361 ἁπέ-

252 2389 461 2440 ραντον.
507 2378 626 2429 Τῶν
654 2379 708 2431 δὲ
739 2381 797 2443 ἐξ
826 2382 1077 2450 αἵματος,
1126 2388 1315 2457 μέχρις
1362 2392 1517 2445 ἕκτου
1563 2395 1791 2466 βαθμοῦ.

246 2462 402 2515 Μετὰ
436 2466 614 2530 μέντοι
660 2469 717 2520 τὸ
759 2472 1141 2542 τεχνολογῆσαι
1170 2478 1237 2528 τὰ
1271 2481 1396 2546 περὶ
1426 2462 1646 2547 τούτων,
1670 2462 1679 2466 -
1701 2490 1794 2541 καὶ

247 2551 329 2612 εις
375 2553 494 2619 ὖψιν
554 2556 844 2624 προθέσθαι
898 2561 1131 2632 τὴντῶν
1184 2565 1405 2635 βαθμῶν
1455 2571 1671 2638 βαθείαν
1703 2580 1794 2631 καὶ

245 2639 636 2714 δυσδιεξὶτητον
684 2649 1016 2722 όπουλότητα
1046 2654 1462 2733 (δυσχερεστάτη
1508 2668 1613 2735 γάρ
1641 2687 1790 2737 φησι,

246 2733 342 2785 καὶ
396 2735 493 2788 οὐκ
540 2738 942 2809 εύκατάληπτος
992 2746 1025 2813 ή
1077 2749 1140 2797 ὲκ
1172 2749 1399 2815 πλαγίου
1444 2755 1551 2807 τῶν
1571 2733 1792 2825 βαθμῶν

248 2824 398 2875 ἔστιν
434 2825 667 2897 εὕρεσις)
709 2833 1056 2898 προστιθέασι
1100 2841 1191 2889 καὶ
1220 2840 1391 2892 ταῦτα
1422 2846 1596 2912 ῥητῶς
1619 2860 1633 2876 '
1673 2824 1793 2902 Εἰσὶ

245 2912 304 2964 δὲ
336 2917 427 2966 καὶ
454 2916 627 2985 ἕτεροι
655 2921 838 2989 γάμοι,
875 2924 934 2974 ού
960 2926 1046 2977 διὰ
1079 2928 1275 2997 θεσμὸν
1326 2937 1670 3001 συγγενείας,
1708 2940 1794 2993 διὰ

243 3001 302 3053 δὲ
329 3004 637 3071 ἀγχιστείαν
666 3011 740 3078 μὴ
767 3012 1164 3080 προϐαίνοντες.
1213 3019 1515 3088 Ἀγχιστεία
1544 3025 1599 3076 δέ
1646 3030 1790 3082 ἐστιν

1902 628 2143 683 possunt,
2193 636 2312 673 cum
2347 639 2463 690 quae
2504 626 2639 676 ultra
2671 626 2845 681 Gades
2879 640 3001 681 sunt
3038 631 3234 697 posita,
3269 648 3434 700 pene-

1902 708 2032 759 trari
2062 720 2329 777 nequeant
2359 730 2371 765 :
2403 715 2481 765 sic
2510 714 2672 767 etiam
2724 718 3087 782 matrimonia,
3140 735 3258 787 qua:
3294 722 3434 773 intra

1901 808 2109 850 sextum
2156 802 2381 867 gradum
2437 804 2846 873 contrahuntur,
2910 810 2991 859 vel
3066 810 3181 877 ipsa
3228 814 3439 866 ratione

1900 886 2160 937 naturalis
2211 888 2478 953 aequitatis
2518 899 2570 942 et
2625 890 2831 943 honesti
2892 894 3262 947 damnentur:
3315 913 3435 963 qua:

1898 982 2073 1022 autem
2101 981 2249 1024 extra
2272 976 2468 1041 gradus
2511 977 2671 1029 hosce
2712 982 3139 1045 suspenduntur,
3182 999 3280 1036 nec
3303 985 3437 1035 diri-
3540 1019 3552 1029 -

1898 1069 2131 1119 tuantur.
2166 1078 2261 1114 nec
2297 1065 2624 1125 releventur,
2666 1079 2890 1135 excepto
2914 1071 3030 1123 solo
3050 1086 3116 1123 ex
3157 1081 3436 1142 sanguinis

1897 1147 2276 1211 conjunctione
2298 1151 2524 1215 septimo
2554 1153 2741 1217 gradu.

1964 1230 2094 1282 Nam
2130 1234 2273 1285 illum
2304 1244 2407 1285 tam
2445 1237 2783 1303 imperatoria
2819 1243 3046 1305 sanctio,
3075 1259 3235 1311 quam
3261 1256 3439 1301 tomus

1898 1322 2194 1387 synodalis,
2235 1325 2369 1375 sexti
2408 1327 2605 1391 gradus
2629 1330 2990 1384 matrimoniis
3022 1337 3337 1401 exaequavit.
3376 1336 3439 1388 Et

1896 1407 2109 1472 quando
2139 1410 2245 1473 jam
2279 1410 2410 1461 satis
2438 1410 2792 1467 disseruimus
2824 1418 2889 1469 de
2930 1417 3015 1477 iis.
3044 1435 3162 1485 qua:
3192 1424 3435 1474 nonnulli

1899 1495 1995 1545 hac
2023 1496 2075 1547 in
2102 1499 2393 1563 quaestione
2418 1500 2667 1567 allegant,
2693 1503 2868 1557 sintne
2894 1507 3151 1574 conjuges
3174 1511 3237 1559 ad
3272 1526 3434 1561 unum

1898 1584 2158 1636 referendi
2189 1589 2409 1653 gradum
2436 1627 2450 1648 ,
2482 1605 2651 1643 necne
2689 1608 2703 1643 :
2766 1607 2864 1660 age
2897 1595 3230 1660 proferamus
3276 1600 3434 1651 etiam

1898 1673 1969 1726 id.
2007 1676 2146 1741 quod
2182 1676 2247 1728 de
2280 1680 2571 1743 quaestione
2598 1684 2868 1748 prOposita
2900 1686 3057 1736 nobis
3091 1687 3155 1738 ad
3192 1690 3431 1740 animum

1897 1765 2109 1816 accidit.
2169 1764 2572 1831 Juriseonsulti,
2628 1770 2719 1838 qui
2779 1770 2843 1824 de
2897 1776 3100 1838 nuptiis
3152 1777 3437 1842 prohibitis

1897 1850 2086 1903 docent
2110 1852 2245 1927 libro
2273 1852 2620 1907 Basilicarum
2651 1873 2839 1920 xxvut,
2869 1860 3024 1913 titulo
3077 1877 3108 1912 v
3135 1900 3147 1920 .
3183 1862 3430 1916 bifariam

1896 1952 2151 2007 cognatos
2200 1943 2491 1997 dividunt:
2540 1946 2893 2000 ascendentes
2933 1956 2983 2001 et
3027 1950 3432 2016 descendentes,

1897 2028 2093 2083 liberos
2118 2031 2321 2084 scilicet
2354 2046 2415 2085 ac
2448 2042 2694 2100 parentes
2722 2053 2736 2101 ;
2764 2045 2814 2088 et
2855 2037 2907 2089 in
2950 2053 3063 2103 eos,
3090 2040 3181 2107 qui
3212 2050 3336 2094 sunt
3369 2059 3433 2095 ex

1896 2126 2225 2183 transverso,
2276 2121 2469 2175 fratres
2517 2124 2754 2191 inquam,
2795 2134 2846 2179 et
2887 2128 3122 2195 reliquos
3174 2133 3435 2197 sanguine

1897 2210 2245 2277 propinquos.
2272 2210 2334 2264 Et
2362 2214 2759 2267 ascendentium
2783 2217 2994 2282 quidem
3019 2232 3080 2271 ac
3108 2219 3436 2273 descenden-

1896 2301 2049 2360 tium,
2084 2300 2195 2353 sive
2218 2301 2436 2367 legitimi
2469 2303 2596 2365 sint,
2621 2305 2730 2356 sive
2758 2306 3051 2368 naturales,
3084 2309 3194 2360 sive
3225 2307 3434 2375 adopti-

1894 2388 1966 2451 vi,
2001 2389 2212 2455 nuptias
2241 2390 2523 2456 prohibent
2553 2391 2603 2443 in
2630 2392 2893 2444 infinitum
2922 2408 3143 2446 :eorum
3174 2411 3319 2461 vero,
3344 2399 3432 2465 qui

1894 2480 2154 2545 sanguine
2180 2480 2463 2547 propinqui
2485 2488 2631 2539 sunt,
2661 2482 2723 2531 ad
2750 2492 2956 2535 sextum
2987 2499 3155 2551 usuue
3184 2487 3429 2552 gradum.

1894 2566 2179 2636 Postquam
2208 2569 2307 2621 ista
2338 2569 3001 2638 subtiliterexposuerunt,
3034 2585 3082 2627 et
3105 2575 3276 2628 oculis
3308 2578 3431 2629 sub-

1888 2655 2136 2723 jecerunt
2158 2657 2414 2724 graduum
2442 2657 2758 2725 profundam
2791 2667 3136 2727 etpenetratu
3162 2661 3431 2715 difficilem

1892 2746 2277 2798 obscuritatem
2323 2746 2768 2813 (impeditissima
2816 2762 3043 2814 namque
3087 2758 3144 2799 ut
3191 2750 3426 2815 ipsorum

1894 2836 2071 2889 verbis
2107 2845 2227 2887 utar
2256 2850 2350 2889 nec
2384 2846 2635 2903 perceptu
2672 2836 2845 2887 facilis
2879 2844 2960 2889 cst
2988 2837 3037 2887 in
3071 2837 3158 2898 iis,
3193 2840 3278 2905 qui
3309 2846 3433 2890 sunt

1892 2937 2279 2979 extransverso
2298 2925 2555 2993 graduum
2582 2924 2859 2992 inventio),
2877 2925 3092 2979 disertis
3122 2928 3295 2980 verbis
3322 2928 3433 2980 haec

1892 3015 2052 3067 etiam
2088 3012 2346 3080 adjiciunt
2378 3026 2391 3062 :
2445 3010 2580 3065 Sunt
2623 3022 2674 3066 et
2712 3013 2828 3065 alia:
2864 3015 3062 3081 nuptiae
3093 3024 3140 3075 Ρ,
3195 3031 3296 3068 non
3331 3016 3435 3069 illa

245 3092 513 3162 οἰκειότης
548 3097 845 3164 προσώπων
900 3103 963 3153 ἑκ
1010 3104 1202 3171 γάμων
1242 3109 1371 3176 ἡμῖν
1413 3117 1787 3182 συνημμένων,
1820 3107 1861 3163 C

1898 3101 2110 3168 quidem
2146 3110 2362 3167 propter
2388 3100 2474 3167 jus
2510 3101 2869 3167 cognationis,
2903 3101 2993 3155 sed
3032 3110 3246 3169 propter
3268 3103 3435 3155 amni-

246 3183 565 3246 συγγενείας
604 3186 777 3248 ἐκτός.
838 3184 962 3242 Οῐον
991 3191 1080 3243 οὖν
1128 3196 1447 3249 οἰκειοῦνται
1495 3201 1702 3271 βαθμὸν
1740 3210 1787 3260 ot

242 3266 511 3335 δμόζυγες
542 3274 676 3340 μετὰ
706 3277 801 3343 τὴν
851 3279 1164 3347 συνάφειαν,
1205 3286 1456 3355 καθαρῶς
1496 3266 1678 3358 μὲν-οὺ
1708 3296 1786 3347 δι-

241 3354 571 3412 δάσκουσινο
623 3364 884 3431 ἐπάγουσι
932 3368 1008 3429 δὲ,
1049 3369 1122 3439 μὴ
1175 3354 1431 3427 δύνασθαί
1486 3354 1605 3431 τινα
1654 3385 1788 3451 πρὸς

242 3444 420 3511 γάμον
454 3449 630 3503 λαόετν
653 3453 750 3520 τὴν
773 3455 977 3507 οἰκείαν
1004 3457 1220 3526 νύμφην
1255 3462 1287 3531 ἢ
1316 3468 1603 3535 προγονήν.
1649 3444 1785 3526 Ἀ’λλλ

239 3533 365 3584 οὐδὲ
396 3536 492 3603 τὴν
524 3543 809 3606 μητρυιάν,
842 3545 873 3612 ἢ
909 3546 1006 3615 τὴν
1052 3548 1316 3618 πενθερὰν
1341 3592 1356 3615 ,
1405 3533 1586 3623 ἐπειδὴ
1621 3564 1785 3627 μητέ-

243 3637 356 3686 ρων
386 3626 535 3689 τάξιν
570 3630 843 3697 επέχουσι,
900 3634 1200 3704 Σκοπητέον
1231 3642 1407 3694 τοίνυν
1438 3646 1541 3712 πρὸ
1570 3626 1786 3704 πάντων

240 3711 335 3807 τὸ-
353 3715 477 3781 περὶ
530 3716 636 3768 τῶν
673 3718 912 3788 βαθμῶν.
972 3725 1125 3779 Οὕτω
1168 3730 1273 3798 γὰρ
1322 3722 1694 3807 ἑξομαλισθείη
1726 3742 1786 3794 τὸ

240 3800 336 3852 τοῦ
373 3802 679 3875 ζητήματος
713 3810 953 3873 ἄναντες.

312 4073 371 4124 οι
397 4073 491 4141 τῆς
517 4076 829 4142 συγγενείας
858 4078 1075 4147 βαθμοὶ,
1107 4083 1169 4134 εκ
1210 4084 1319 4137 τῶν
1359 4086 1631 4156 βαθμίδων
1684 4094 1782 4163 τῆς

235 4160 502 4225 κλίμακος
530 4165 939 4247 ὠνομάσθησαν.
984 4169 1069 4232 Ὠς
1097 4172 1204 4241 γὰρ
1233 4175 1434 4228 ἐκεῖναι
1478 4160 1783 4247 λαμϐάνου-

240 4268 331 4302 σαι
360 4243 635 4322 καταρχῆν
678 4255 736 4318 ἐξ
782 4258 1035 4310 ἐπιπέδου
1064 4262 1226 4326 τινὸς,
1260 4265 1352 4315 καὶ
1392 4266 1470 4327 είς
1498 4243 1566 4319 τά
1600 4271 1787 4338 πρόσω

234 4339 653 4408 προδαίνουσαι,
702 4343 800 4414 τὴν
830 4346 1050 4402 κάθοδον
1083 4348 1113 4419 ἢ
1144 4350 1239 4419 τὴν
1268 4351 1452 4405 ἄνοδον
1482 4360 1785 4428 συμπεραίο

236 4443 441 4493 νουσιν,
489 4429 628 4483 οὕτω
665 4435 756 4484 καὶ
798 4435 846 4485 ot
896 4418 1217 4503 βαθμοὶ,
1255 4439 1318 4490 εκ
1342 4440 1494 4509 ῥίζης
1526 4418 1784 4514 ὁμοφυεῖς
1818 4418 1861 4473 D

236 4516 420 4569 κλάδοι
474 4518 566 4570 τοῦ
617 4520 833 4589 πρώτου
904 4526 1229 4595 γεννήτορος
1290 4532 1627 4600 προιέμεναι,
1684 4536 1783 4607 τὴν

239 4606 561 4670 συγγένειαν
613 4609 1045 4678 καταρτίζουσιν.
1096 4615 1321 4684 Ἴδωμεν
1348 4613 1459 4682 οὖν,
1495 4624 1622 4676 ποία
1658 4606 1783 4694 ῥίζα

236 4694 335 4745 καὶ
393 4698 637 4765 καταρχὴ
677 4699 949 4765 μεσιτεύει
984 4701 1074 4755 τὸν
1102 4704 1270 4772 ἄνδρα
1308 4709 1442 4771 μετὰ
1468 4710 1565 4779 τῆς
1593 4729 1782 4778 γυναι-

237 4784 352 4848 κὸς,
388 4783 523 4835 ὥστε
551 4786 684 4854 πρὸς
709 4788 909 4857 ταύτην
933 4791 1279 4860 ἀναδραμεῖν,
1308 4799 1399 4848 καὶ
1425 4799 1483 4862 ἐξ
1516 4802 1682 4872 αὐτῆς
1706 4806 1782 4869 ὡς

232 4872 325 4923 διὰ
352 4873 603 4942 βαθμίδος
646 4876 779 4942 πρὸς
808 4879 1026 4941 τούτους
1059 4881 1251 4936 ἐλθεῖν.
1288 4886 1509 4951 Πάντως
1535 4892 1779 4959 οὐδεμία.

234 4961 370 5013 Οὐδὲ
403 4965 510 5031 γὰρ
561 4964 781 5018 δύναταί
823 4983 906 5028 τις
944 4969 1115 5022 εἰπεῖν
1141 5009 1156 5035 ,
1202 4972 1259 5024 '0
1293 4975 1493 5044 Πέτρος
1524 4980 1782 5051 ἔγγένησε

232 5049 326 5101 τὸν
355 5052 683 5121 Δημήτριον.
731 5053 787 5106 '0
819 5054 980 5117 αὐτὸς
1008 5058 1102 5110 καὶ⁵
1126 5061 1223 5128 τὴν
1254 5061 1469 5129 Μαρίαν
1496 5049 1782 5126 ἀπέτεκεν.

235 5138 400 5190 Ὥστε
448 5141 667 5205 τούτους
700 5142 794 5196 δύο
830 5144 1051 5215 βαθμῶν
1093 5148 1236 5217 ἔχειν
1269 5154 1604 5219 συγγένειαν.
1642 5160 1782 5230 Προ-

235 5226 402 5289 φανὲς
438 5228 544 5296 γὰρ
579 5229 768 5298 ψεῦδός
801 5232 935 5286 ἔστι.
994 5235 1180 5303 Πολλῷ
1212 5236 1267 5288 δὲ
1317 5240 1476 5292 πλέον
1503 5245 1601 5296 οὐκ
1637 5226 1780 5301 εἴποι

234 5331 321 5375 τις
353 5316 672 5380 ὑποστάσεις
712 5319 915 5383 διττὰς,
956 5323 1071 5384 ἑνὸς
1100 5320 1237 5378 εἷναι
1279 5326 1505 5394 βαθμοῦ.
1543 5332 1644 5385 Δύο
1672 5336 1779 5406 γὰρ

234 5404 513 5472 γεννήσεις
556 5405 779 5469 τούτους
842 5411 1183 5479 παρήγαγον.
1244 5415 1305 5465 Ul
1360 5416 1487 5481 γοῦν
1533 5404 1779 5488 λέγοντες

1896 3199 2054 3244 tatem
2088 3206 2192 3243 non
2222 3191 2588 3258 procedentes.
2609 3189 2848 3242 Atiinitas
2867 3200 3040 3241 autem
3090 3202 3167 3243 est
3202 3194 3436 3243 necessi-

1895 3283 2023 3334 tudo
2060 3283 2300 3348 quanlam
2334 3294 2704 3348 personarum,
2736 3295 2830 3347 per
2866 3280 3079 3346 nuptias
3123 3282 3277 3333 nobis
3307 3298 3435 3333 con-

1886 3374 2217 3441 junctarum,
2279 3373 2412 3424 citra
2477 3357 2873 3436 cognationem.
2931 3371 3072 3439 Ergo
3127 3386 3282 3438 quem
3330 3370 3431 3423 sibi

1891 3460 2115 3527 gradum
2148 3465 2267 3525 post
2310 3458 2500 3510 initum
2552 3458 2947 3509 matrimonium
2992 3457 3262 3509 vindicent
3305 3472 3435 3508 cou-

1888 3550 2060 3615 jugcs,
2120 3562 2250 3615 pure
2296 3546 2368 3599 illi
2407 3545 2617 3615 quidem
2661 3560 2767 3598 non
2809 3544 3002 3598 docent
3042 3562 3055 3596 :
3103 3546 3433 3613 subjungunt

1895 3649 2093 3697 tamen,
2125 3638 2354 3703 aliquem
2389 3651 2581 3687 nurum
2628 3649 2800 3695 suam,
2835 3634 2915 3685 vel
2944 3634 3259 3701 privignam,
3302 3650 3434 3687 uso-

1891 3744 2003 3782 rem
2052 3727 2247 3779 ducere
2289 3740 2393 3776 non
2440 3739 2613 3791 posse.
2665 3721 2772 3775 Nec
2825 3724 2948 3775 item
3000 3736 3301 3783 novercam,
3352 3723 3436 3774 vel

1890 3832 2106 3873 socrum
2142 3835 2155 3870 :
2187 3816 2440 3883 quoniam
2467 3824 2691 3866 matrum
2717 3814 2833 3866 loco
2857 3820 3001 3866 sunt.
3031 3812 3430 3867 Consideranda

1890 3909 2052 3978 igitur
2070 3914 2192 3959 ante
2219 3907 2398 3959 omnia
2427 3904 2689 3972 graduum
2710 3904 2864 3954 ratio.
2886 3894 2973 3955 Sic
2999 3903 3139 3955 enim
3161 3904 3429 3969 exaequari

1889 3998 2084 4069 poterit
2113 3997 2225 4065 ipsa
2254 3994 2561 4063 quastionis
2594 3992 2734 4043 velut
2761 3992 2978 4044 acclivis
3008 3992 3359 4059 ing-qualitas.

1958 4088 2170 4140 Gradus
2200 4084 2535 4152 cognationis
2563 4082 2691 4134 dicti
2723 4089 2846 4133 sunt
2880 4096 2908 4132 a
2940 4081 3291 4135 similitudine
3312 4096 3433 4148 gra-

1891 4176 2055 4228 duum
2110 4172 2339 4240 alicujus
2390 4172 2568 4223 scalae.
2617 4168 2749 4221 Nam
2783 4168 2926 4221 sicut
2969 4168 3072 4221 illa:
3109 4169 3428 4236 principium

1891 4273 2170 4319 sumentes
2216 4276 2243 4312 a
2302 4260 2549 4329 planitie.
2612 4272 2938 4327 sursumque
2985 4257 3301 4319 tendentes,
3363 4260 3427 4311 ad

1892 4349 2327 4405 descendendum
2371 4348 2448 4401 vel
2484 4346 2882 4400 ascendendum
2939 4346 3093 4400 nobis
3133 4350 3373 4401 serviunt
3413 4369 3425 4401 :

1889 4442 1969 4496 sic
2027 4451 2081 4494 et
2136 4439 2187 4492 hi
2226 4438 2447 4507 gradus,
2480 4438 2624 4491 velut
2661 4436 2903 4504 ejusdem
2940 4446 3146 4490 natura:
3183 4438 3318 4490 rami
3361 4454 3425 4491 ex

1888 4528 2091 4591 radice,
2125 4528 2297 4596 primo
2338 4526 2543 4579 scilicet
2578 4533 2799 4592 parente
2831 4523 3202 4593 procedentes,
3228 4540 3428 4593 cogna-

1890 4622 2087 4675 tionem
2116 4617 2423 4688 perﬁciunt.
2465 4614 2754 4668 Videamus
2787 4628 2936 4682 ergo,
2981 4629 3225 4682 quanam
3274 4618 3424 4669 radix

1888 4726 1951 4765 ac
1964 4708 2284 4779 principium
2310 4706 2449 4758 inter
2475 4703 2648 4758 virum
2677 4713 2728 4757 et
2757 4716 2976 4755 uxorem
3005 4704 3085 4757 sic
3111 4703 3427 4771 intercedat,

1888 4810 1946 4853 ut
1985 4800 2051 4850 ad
2091 4812 2209 4852 eam
2254 4796 2325 4850 sit
2366 4793 2774 4853 recurrendum,
2815 4800 2868 4845 et
2909 4791 2976 4845 ab
3014 4804 3076 4845 ea
3113 4807 3211 4846 ceu
3262 4796 3429 4863 gradu

1887 4890 2120 4957 quodam
2142 4886 2369 4954 adipsos
2386 4883 2727 4938 veniendum.
2756 4881 2911 4933 Nulla
2940 4896 3164 4949 prorsus
3196 4886 3427 4938 exsistit.

1887 4976 2003 5031 Non
2037 4977 2179 5031 enim
2231 4974 2413 5027 dicere
2456 4971 2723 5039 quiSpiam
2764 4977 2958 5036 potest,
2998 4966 3191 5022 Petrus
3245 4972 3427 5036 genuit

1886 5068 2235 5122 Demetrium.
2263 5064 2403 5117 Idem
2434 5074 2487 5115 et
2526 5061 2739 5114 Mariam
2772 5060 3069 5126 procreavit
3094 5076 3107 5111 :
3134 5074 3238 5126 quo
3266 5059 3343 5124 tit,
3370 5070 3428 5115 ut

1886 5159 1941 5212 hi
1986 5158 2215 5211 duorum
2254 5153 2516 5223 graduum
2560 5151 2876 5220 cognatione
2920 5150 3094 5217 juncti
3135 5151 3261 5202 sint.
3317 5149 3426 5202 Hoc

1886 5246 2025 5300 enim
2058 5242 2557 5301 manifestissimum
2592 5238 2925 5291 mendacium
2950 5244 3047 5290 est.
3076 5238 3239 5289 Multo
3258 5238 3428 5305 magis

1887 5336 2096 5388 cavebit
2124 5332 2343 5397 aliquis,
2372 5347 2437 5384 nc
2472 5331 2633 5393 dicat,
2666 5329 2800 5381 duas
2830 5341 3087 5394 personas
3120 5329 3277 5380 unius
3306 5342 3428 5381 esse

1887 5426 2106 5493 gradus.
2136 5422 2344 5491 Quippe
2368 5422 2486 5475 dua-
2510 5418 2882 5490 gcneratiuncs
2908 5431 2999 5470 eos
3038 5417 3426 5485 produxerunt.

1524 5531 1755 5590 VARIE
1790 5535 2191 5593 LECTIUNES.

298 5611 322 5635 ’
342 5603 484 5696 ἑά*
508 5606 1182 5696 θειρθεξηιμβαῄιῖςρζυηη
1236 5618 1347 5671 vide
1389 5620 1470 5673 tit.
1526 5622 1588 5674 de
1624 5622 1887 5681 Gradibus
1934 5629 2280 5696 cognationis,
2312 5628 2365 5679 ά.
2416 5626 2509 5679 lib.
2558 5623 2928 5678 Basilicarum.

238 5674 442 5741 prohib.
474 5674 706 5739 ιιιιριξό.
738 5678 832 5732 lib.
868 5680 1056 5734 Basili.

3040 5634 3065 5672 Ρ
3093 5626 3205 5680 vide
3234 5623 3314 5677 ιὶι.
3363 5622 3432 5679 de
