4214 6450
797 366 816 427 l
829 367 931 430 059

2033 383 2303 443 ΤιιΕΟυ.
2354 386 2827 447 BALSAMIJNIS

3873 386 4015 451 1060

805 502 1068 555 Nimirum
1104 504 1193 571 qui
1227 506 1430 568 dicunt.
1462 510 1723 576 coniuges
1775 513 1913 565 inter
1959 527 2016 565 se
2051 513 2129 564 vel
2167 514 2348 572 uniu‘s,
2380 513 2424 569 Α
2453 527 2469 560 ε

2341 513 2424 571 ,Α
2453 507 2588 562 εἶναι
2639 514 2763 572 τοὺς
2809 511 3070 579 συζύγους
3113 512 3227 574 ἑνὸς
3263 512 3294 580 ἢ
3325 513 3575 581 δευτέρου
3627 513 3860 583 βαθμοῦ,
3911 519 4005 567 καὶ

806 591 888 641 vel
918 592 1138 643 secundi
1169 608 1287 645 esse
1319 596 1535 661 gradus,
1567 602 1765 665 quique
1793 614 1885 665 per
1915 601 2112 667 gradus
2149 615 2242 653 eos
2273 601 2344 651 ita

803 677 1024 739 librant,
1050 682 1125 731 uti
1161 683 1331 734 solent
1368 699 1452 739 res
1480 687 1601 747 illas,
1641 703 1759 755 quae
1796 690 2047 755 pondere,
2094 691 2171 743 vel
2205 705 2348 743 men-

800 780 947 829 sura,
980 768 1060 819 vel
1104 785 1325 823 numero
1355 780 1648 840 constant;
1696 780 1901 831 similes
1945 788 2070 831 sunt
2115 780 2347 831 interro-

798 858 1067 921 gantibus.
1097 863 1385 926 quotuplex
1419 862 1557 915 istud
1585 868 1944 931 pavimentum
1972 868 2103 934 lapis
2124 872 2342 931 ambiat,

796 955 847 997 ct
878 949 1347 1014 respondentibus,
1389 953 1603 1020 duplex.
1626 956 1831 1023 Quippe
1860 961 2091 1026 cingitur
2113 974 2138 1009 a
2174 961 2347 1025 lapide

798 1038 1000 1097 prasini
1035 1037 1253 1101 coloris,
1288 1051 1339 1092 et
1368 1042 1511 1108 ligno
1541 1046 1761 1098 cedrino
1784 1049 2165 1101 circumdatur.
2204 1049 2347 1113 Qua-

797 1124 1037 1177 mobrem
1087 1136 1209 1192 apte
1253 1130 1505 1193 dicimus,
1561 1116 1658 1185 nec
1710 1135 1773 1187 ad
1815 1136 2043 1188 duorum
2082 1140 2342 1204 graduum

799 1216 1251 1269 necessitudinem
1318 1220 1505 1272 referri
1567 1225 1821 1288 coniuges
1874 1227 2022 1293 (quo
2090 1228 2231 1278 enim
2294 1229 2343 1279 id

798 1311 953 1365 pacto
982 1305 1148 1357 ?cum
1185 1308 1426 1360 eamdem
1456 1309 1688 1363 radicem
1725 1321 1775 1364 et
1801 1317 2201 1381 generationem
2241 1334 2344 1370 non

797 1391 1045 1454 habeant,
1075 1409 1136 1446 ac
1171 1410 1233 1448 ea
1262 1412 1423 1451 causa
1461 1402 1775 1454 naturaliter
1807 1420 1911 1455 non
1944 1396 2292 1477 dividantur)
2329 1427 2342 1460 :

795 1495 891 1532 nec
940 1484 1100 1534 etiam
1144 1487 1302 1539 unius
1348 1496 1399 1540 et
1426 1489 1667 1554 ejusdem
1709 1507 1825 1545 esse
1870 1499 2091 1561 gradus,
2130 1506 2346 1563 propter

796 1571 1049 1623 unionem
1076 1577 1367 1640 carnalem,
1402 1587 1457 1630 ut
1482 1580 1648 1633 instar
1674 1583 1831 1635 mulsi
1868 1586 2342 1651 commisceantur,

794 1657 917 1723 (qua
967 1662 1108 1713 enim
1163 1662 1213 1715 id
1251 1663 1362 1716 ﬁeri
1397 1668 1606 1719 ratione
1660 1670 1866 1735 possit.
1924 1686 2045 1723 cum
2105 1688 2345 1739 personre

792 1758 1046 1800 maneant
1079 1751 1379 1821 integrae?)
1410 1755 1500 1807 sed
1529 1767 1747 1823 propter
1770 1758 2003 1811 divinam
2048 1775 2109 1813 ac
2140 1763 2340 1814 saluta-

792 1851 902 1886 rem
929 1853 1111 1891 vocem
1136 1840 1368 1906 Domini,
1397 1853 1449 1897 et
1474 1845 1589 1909 Dei,
1619 1858 1671 1899 et
1700 1852 1994 1905 servatoris
2024 1853 2193 1903 nostri
2217 1850 2342 1905 Jesu

791 1924 1016 1987 Christi,
1038 1929 1126 1997 qui
1158 1931 1291 1983 dixit
1316 1934 1378 1985 ad
1405 1935 1701 2003 discipulos
1728 1939 1900 2005 ipsum
1929 1941 2339 2011 interrogantes,

790 2015 1049 2067 liceretne
1095 2019 1295 2071 homini
1337 2022 1601 2076 divertere
1632 2026 1698 2075 ab
1748 2041 1914 2080 uxore
1966 2044 2083 2092 sua,
2127 2032 2342 2085 disertis

787 2106 967 2157 verbis
1000 2107 1109 2158 luce
1143 2110 1559 2179 subiungendo:
1602 2114 1713 2166 Non
1744 2116 1969 2183 legistis,
2001 2134 2120 2171 eum
2155 2121 2243 2186 qui
2276 2121 2343 2173 ab

790 2195 939 2249 initio
969 2212 1054 2251 res
1072 2202 1330 2263 condidit,
1365 2218 1563 2255 marem
1582 2213 1633 2254 et
1661 2204 1912 2259 feminam
1943 2211 2087 2276 ipsos
2119 2211 2337 2263 fecisse:

788 2302 889 2353 qua
939 2290 1002 2342 de
1044 2308 1208 2345 causa
1240 2296 1510 2362 relinquet
1542 2299 1701 2350 homo
1732 2308 1936 2366 patrem
1965 2316 2119 2352 suum
2152 2309 2204 2352 et
2231 2317 2343 2354 ma-

787 2383 943 2441 trem,
975 2390 1025 2432 et
1055 2383 1481 2451 agglutiuabitur
1512 2389 1663 2440 uxori
1713 2404 1840 2442 suae.
1877 2388 1938 2440 Et
1966 2399 2122 2442 erunt
2153 2390 2202 2443 hi
2235 2392 2341 2444 duo

788 2467 837 2519 in
869 2483 1083 2523 carnem
1119 2489 1301 2528 unam.
1337 2476 1514 2539 Quane
1541 2494 1647 2530 nou
1689 2481 1919 2546 amplius
1954 2481 2061 2532 duo
2088 2490 2211 2533 sunt
2246 2482 2337 2534 sed

787 2572 890 2609 una
925 2574 1051 2612 caro
1087 2578 1100 2611 :
1130 2573 1346 2630 propter
1376 2566 1513 2619 banc
1539 2582 1665 2636 ergo
1700 2584 1883 2620 vocem
1916 2570 2137 2623 credere
2165 2584 2263 2621 nos
2288 2575 2341 2622 et

786 2649 1057 2710 confiteri,
1092 2668 1254 2703 unum
1286 2658 1669 2723 propemodum
1711 2660 2014 2712 unaminem
2046 2660 2337 2722 hominem,

786 2741 873 2805 qui
908 2740 1120 2796 duabus
1158 2744 1208 2795 in
1255 2747 1499 2813 personis
1537 2751 1779 2801 cernitur
1807 2792 1819 2812 ,
1862 2766 1957 2819 pro
2019 2752 2339 2818 coniugibus

786 2832 1116 2884 matrimonii
1148 2850 1310 2888 causa
1346 2837 1549 2890 haberi.
1583 2840 1683 2892 Sed
1718 2841 1857 2892 enim
1896 2841 2337 2905 permittendum,

786 2930 841 2972 ut
863 2923 1007 2975 rivus
1028 2926 1292 2979 orationis
1319 2930 1477 2980 etiam
1501 2931 1564 2983 ad
1591 2930 1734 2984 aliud
1760 2932 2011 2998 quiddam
2037 2938 2339 3000 opportune

780 3021 985 3063 currat.

858 3100 1130 3167 [inigeniti
1166 3101 1286 3154 Filii
1323 3102 1409 3155 Dei
1451 3104 2014 3173 incomprehensibilis
2053 3126 2179 3181 erga
2239 3131 2338 3170 nos
2365 3129 2409 3190 ρ

785 3191 1065 3250 demissio.
1094 3199 1146 3244 et
1183 3194 1375 3262 pignus
1403 3196 1592 3248 salutis
1620 3197 1833 3250 humani
1861 3202 2092 3267 generis.
2122 3219 2241 3255 cum
2278 3221 2341 3257 ex

786 3283 907 3335 aliis
944 3284 1131 3336 multis
1164 3287 1433 3352 mysteriis
1469 3287 1863 3363 magniﬁcatur.
1901 3298 2011 3343 tum
2048 3293 2204 3345 etiam
2236 3280 2339 3347 non

786 3388 973 3439 parum
1007 3374 1341 3439 gloriﬁcatur
1366 3390 1430 3427 ex
1466 3374 1837 3432 benedictione
1866 3383 2112 3448 nuptiali.
2132 3382 2341 3451 Quippe

783 3475 908 3514 cum
942 3462 1172 3513 obnoxia
1209 3475 1429 3527 peccato
1461 3465 1774 3530 coniunctio
1809 3470 1861 3519 in
1900 3472 2207 3523 universam
2249 3473 2343 3523 hn-

786 3552 991 3603 minutn
1040 3566 1273 3604 massam
1319 3553 1507 3606 fuisset
1554 3549 1731 3608 dedita
1774 3566 1894 3624 post
1924 3559 2340 3614 draconisinvi-

784 3640 953 3701 diam,
994 3651 1046 3693 et
1094 3643 1330 3695 mandati
1368 3643 1535 3697 divini
1571 3649 2077 3714 transgressionem,
2122 3650 2343 3720 jamque

785 3732 984 3783 malum
1016 3732 1227 3785 illutlail
1253 3731 1354 3784 alia
1374 3734 1513 3785 mala
1538 3736 1741 3801 maiora
1764 3740 2120 3805 processisset
2149 3758 2162 3805 ;
2196 3755 2342 3794 cura:

784 3822 1019 3890 benigno
1054 3820 1164 3874 Deo
1206 3821 1303 3873 fuit
1342 3825 1679 3890 regeneratio
1710 3834 1896 3879 nostra
1928 3829 2338 3882 etinstauratio.

784 3909 1102 3978 ltaquecum
1126 3912 1436 3978 unigenitus
1459 3912 1546 3965 Dei
1581 3910 1745 3968 Filius
1771 3914 1927 3967 homo
1957 3915 2134 3970 factus
2152 3913 2342 3971 fuisset

784 4001 957 4054 instar
1002 4012 1269 4065 nostrum,
1308 4011 1527 4070 propter
1568 4019 1687 4066 nos,
1724 4015 1776 4058 et
1811 4021 2024 4059 omnem
2059 4008 2215 4059 aliam
2248 4008 2342 4060 ad-

783 4088 1239 4140 ministrationem
1271 4090 1566 4155 implesset,
1602 4092 1675 4143 uti
1701 4108 1798 4145 nos
1826 4094 2127 4146 beatitatem
2160 4096 2341 4163 pristi-

782 4192 905 4228 nam
940 4192 1323 4245 recuperamus
1371 4195 1383 4230 :
1424 4182 1583 4233 etiam
1615 4182 1815 4249 nuptiis
1853 4184 1904 4235 in
1935 4181 2080 4235 Cana
2111 4182 2342 4236 Galilaeaa

786 4267 1070 4320 celebratis
1127 4268 1400 4321 benedixit
1432 4306 1447 4328 .
1494 4279 1546 4321 et
1588 4284 1781 4336 aquam
1832 4271 2228 4339 desperationis
2283 4271 2337 4323 in

782 4357 965 4407 vinum
995 4372 1135 4410 vera:
1164 4356 1254 4410 Dei
1288 4359 1618 4425 cognitionis
1648 4362 1873 4412 mutavit
1903 4378 1915 4425 ;
1963 4362 2222 4413 certiores
2246 4377 2339 4430 per

2449 598 2900 666 ζυγοστατοῦντες
2940 604 3026 655 διά
3068 602 3331 669 βαδμίδων
3370 603 3585 665 αὐτοὺς,
3622 607 3765 657 κατά
3786 606 3857 655 τά
3881 622 4007 657 στα-

2448 685 2725 754 θμώμενα,
2782 691 2815 757 ἢ
2871 680 3228 760 μετρούμενα,
3275 692 3307 758 ἢ
3349 690 3745 759 ἀριθμούμενα,
3790 693 4006 743 ἐοίκασι

2446 777 2556 835 τοῖς
2578 777 2968 844 ἐρωτωμένοις,
3025 779 3188 838 πόσος
3236 781 3496 846 ἀμπίσχει
3533 780 3648 830 τόδε
3678 780 3738 829 τὸ
3776 780 4006 830 δάπεδον

2452 866 2760 931 μάργαροςς
2795 868 2887 916 καὶ
2932 868 3396 933 ἀποκρινομένοις,
3446 867 3640 927 διττός.
3685 868 3851 928 Λίθος
3900 869 4007 933 γάρ

2448 954 2727 1019 πρασίζων
2775 956 2907 1006 αὐτὸ
2957 956 3353 1023 περιζώννυσι,
3412 958 3505 1007 καὶ
3562 956 3717 1019 ξύλον
3765 956 4009 1024 κέδρινον

2447 1042 2817 1106 ἀμφιέννυσιν.
2853 1044 3056 1107 "Apage
3091 1044 3269 1093 τοίνυν
3300 1044 3474 1106 λέγειν
3504 1046 3670 1111 ἡμᾶς,
3710 1046 3849 1110 μήτε
3875 1044 4008 1109 πρὶς

2446 1128 2538 1179 δύο
2574 1129 2793 1195 βαθμῶν
2842 1129 3149 1197 οἰκειότητα
3187 1132 3310 1189 τοὺς
3352 1129 3653 1196 όμοζύγους
3683 1130 4007 1193 ἀνάγεσθαι,

2448 1215 2582 1283 (πῶς
2608 1219 2733 1283 γάρ,
2757 1219 2803 1267 oi
2840 1218 2912 1285 μὴ
2941 1218 3035 1284 τὴν
3065 1219 3232 1285 αὐτὴν
3260 1219 3547 1285 ἐσχηκότες
3575 1220 3728 1285 ῥίζαν
3761 1220 3859 1267 καὶ
3890 1218 4011 1283 γέν-

2446 1325 2620 1375 νησιν,
2670 1311 2760 1359 καὶ
2810 1309 2896 1360 διὰ
2941 1308 3096 1360 τοῦτο
3140 1311 3267 1376 μηδὲ
3305 1310 3543 1376 φυσικῶς
3580 1307 4008 1376 διαιρούμενοι;)

2450 1398 2570 1465 μήτ’
2623 1394 2712 1448 οὖν
2753 1399 2867 1457 ἑνὸς
2923 1399 3175 1463 γενέσθαι
3210 1399 3452 1465 βαθμοῦ,
3487 1400 3572 1450 διὰ
3603 1401 3701 1465 τὴν
3745 1399 4010 1463 ένσαρκον

2445 1488 2656 1548 ἕνωσιν,
2694 1488 2786 1537 καὶ
2818 1487 3146 1554 συγχυθῆναι
3175 1488 3314 1538 κατὰ
3339 1488 3683 1554 μελίκρατον.
3725 1487 3850 1545 Πῶς
3878 1487 4005 1552 γάρ;

2445 1576 2772 1643 Σωζομένων
2823 1575 3178 1628 ἀδιαπτώτων
3224 1578 3333 1626 τῶν
3378 1577 3757 1636 ὑποστάσεων;
3821 1577 3918 1625 Διά
3956 1575 4008 1625 δὲ

2448 1666 2546 1733 τὴν
2601 1665 2750 1715 Θείαν
2793 1664 2884 1715 καὶ
2922 1664 3232 1731 σωτηριώδη
3278 1666 3459 1733 φωνὴν
3507 1664 3599 1715 τοῦ
3639 1664 3875 1731 Κυρίου,
3923 1662 4008 1712 καὶ

2445 1753 2575 1806 Θεοῦ
2615 1755 2703 1804 καὶ
2746 1752 2991 1818 Σωτῆρος
3041 1752 3194 1819 ήμῶν
3245 1750 3413 1818 Ἰησοῦ
3464 1750 3718 1818 Χριστοῦ,
3778 1751 3873 1800 τοῦ
3915 1751 4006 1831 ἐξ·

2452 1848 2640 1907 πόντος
2673 1847 2807 1913 πρὸς
2846 1845 2969 1904 τοὺς
3022 1843 3399 1910 ὲρωτήσαντας
3438 1840 3597 1891 αὐτὸν
3640 1839 3915 1907 μαθητάς,
3962 1839 4007 1888 εἰ

2450 1936 2654 1999 ἔξεστιν
2703 1935 2971 2003 ἀνθρώπῳ
3003 1932 3265 1983 ἀπολῦσαι
3303 1930 3401 1997 τὴν
3432 1931 3663 1994 γυναῖκα
3694 1927 3887 1989 αὐτοῦ,
3921 1928 4008 1976 καὶ

2450 2025 2817 2091 ἐπαγαγόντος
2864 2023 3035 2074 ταῦτα
3092 2020 3295 2089 ῥητῶς·
3344 2019 3457 2069 Οὐκ
3516 2018 3809 2089 ἀνέγνωτε,
3864 2018 3946 2067 ὅτι
3983 2018 4009 2066 δ

2450 2118 2678 2184 ποιήσας
2718 2114 2990 2181 ἀπαρχῆς,
3022 2114 3184 2178 ἀρσεν
3213 2109 3305 2161 καὶ
3330 2108 3462 2175 Θῆλυ
3499 2108 3751 2174 ἐποίησεν
3776 2105 3972 2162 αὐτούς
3991 2121 4005 2132 ·

2447 2205 2541 2256 καὶ
2579 2204 2760 2254 ἕνεκεν
2788 2204 2977 2253 τούτου
3024 2199 3336 2265 καταλείψει
3371 2198 3655 2265 ἄνθρωπος
3680 2196 3770 2245 τὸν
3796 2196 4007 2262 πατέρα

2447 2292 2611 2345 αὑτοῦ
2646 2292 2738 2341 καὶ
2792 2290 2887 2356 τὴν
2939 2291 3168 2357 μητέρα,
3213 2287 3308 2338 καὶ
3367 2284 3904 2354 προσκολληθήσεται
3944 2285 4006 2349 τῇ

2448 2382 2664 2449 γυναικὶ
2693 2380 2855 2432 αὑτοῦ
2882 2396 2895 2409 ·
2938 2379 3030 2430 καὶ
3055 2380 3263 2429 ἔσονται
3306 2378 3355 2429 oi
3394 2376 3486 2428 δύο
3515 2376 3593 2432 εἰς
3632 2374 3815 2440 σάρκα
3845 2374 4004 2440 μίαν·

2447 2476 2587 2526 ὥστε
2624 2472 2803 2523 οὐκέτι
2857 2470 2962 2521 eisi.
3015 2469 3124 2528 δύο,
3176 2467 3313 2519 ἀλλά
3362 2466 3497 2535 σάρξ
3543 2466 3670 2533 μία·
3727 2462 4010 2515 πιστεύειν

2446 2567 2613 2634 ἡμᾶς,
2650 2564 2743 2614 καὶ
2775 2560 3073 2627 ὁμολογεῖν,
3107 2557 3203 2609 ἕνα
3251 2556 3436 2624 σχεδὸν
3485 2554 3759 2623 όμόψυχον
3791 2553 4007 2619 ἀνθρω·

2448 2672 2546 2705 πον
2602 2654 2656 2702 ὲν
2703 2650 2819 2701 δυσὶ
2875 2646 3242 2715 θεωρούμενον
3276 2645 3659 2705 ὑποστάσεσιν,
3704 2641 4012 2710 ὁμοζύγους

2446 2745 2532 2798 διά
2556 2743 2644 2793 τὸν
2679 2740 2853 2807 γάμον
2876 2737 3201 2803 λογίζεσθαι.
3254 2736 3414 2788 Ἀλλά
3466 2734 3641 2785 δοτέον
3675 2732 4012 2799 ἀναδραμεῖν

2446 2834 2538 2886 τοῦ
2570 2833 2728 2898 λόγου
2755 2830 2843 2881 τὸν
2876 2828 3049 2897 ῥύακα
3078 2826 3169 2879 καὶ
3205 2826 3337 2894 πρὸς
3362 2826 3547 2893 ἕτερον
3576 2823 3815 2890 καίριον.

2528 3102 2591 3158 Ἠ
2639 3101 2730 3153 τοῦ
2792 3097 3111 3169 μονογενοῦς
3170 3096 3299 3150 Υἱοῦ
3359 3095 3454 3148 τοῦ
3500 3096 3633 3148 Θεοῦ
3690 3096 3831 3163 πρὸς
3863 3098 4013 3164 ἡμᾶς

2444 3192 2823 3260 ἀκατάληπτος
2860 3187 3285 3255 συγκατάὄασις,
3343 3187 3530 3238 καὶτὸ
3580 3186 3679 3254 τῆς
3733 3189 4013 3255 σωτηρίας

2442 3282 2534 3333 τοῦ
2581 3280 2772 3346 γένους
2817 3278 2924 3328 τῶν
2967 3275 3268 3344 ἀνθρώπων
3314 3274 3592 3343 ἐχέγγυον,
3645 3273 4013 3340 μεγαλύνεται

2447 3369 2541 3439 μὲν
2590 3367 2684 3419 καὶ
2729 3366 2783 3429 ἐξ
2818 3364 2990 3417 ἄλλων
3024 3361 3333 3430 μυστηρίων
3370 3359 3597 3419 πολλῶν,
3627 3360 3724 3427 οὐχ
3751 3357 3917 3429 ἦττον
3956 3361 4012 3411 δὲ

2443 3463 2535 3510 καὶ
2570 3460 2629 3510 ὲκ
2656 3458 2753 3524 τῆς
2783 3454 3023 3522 γαμικῆς
3057 3452 3356 3521 ίερολογίας
3389 3450 3689 3515 δοξάζεται.
3737 3450 3855 3517 Τῆς
3902 3451 4013 3516 γάρ

2444 3546 2821 3613 ἀμαρτητικῆς
2864 3542 3159 3609 συναφείας
3203 3540 3537 3607 διαδοθείσης
3588 3543 3663 3601 εις
3712 3538 3861 3593 ἀπαν
3904 3542 4015 3591 τῶν

2445 3636 2743 3703 ἀνθρώπων
2774 3633 2833 3683 τὸ
2867 3631 3112 3698 φύραμα,
3148 3630 3283 3697 μετά
3315 3630 3404 3681 τὸν
3438 3630 3630 3696 φθόνον
3660 3629 3758 3681 τοῦ
3779 3630 4015 3697 δράκον-

2444 3744 2553 3787 τος,
2606 3725 2697 3775 καὶ
2744 3723 2841 3788 τῆς
2886 3720 3103 3786 ὲντολῆς
3132 3718 3222 3771 τοῦ
3258 3719 3393 3771 Θεοῦ
3424 3720 3523 3789 τὴν
3554 3719 3891 3787 παράϐασιν,
3920 3722 4015 3770 καὶ

2442 3816 2534 3867 τοῦ
2559 3813 2724 3867 κακοῦ
2768 3812 2903 3880 πρὸς
2961 3810 3121 3878 ’ἕτερα
3188 3809 3329 3861 κακά
3384 3810 3843 3877 προχωρήσαντος
3893 3810 4014 3876 μεί-

2444 3908 2591 3971 ζονα,
2627 3907 2855 3975 ἐμέλησε
2879 3904 2954 3973 τῷ
2980 3900 3343 3973 φιλανθρώπῳ
3364 3901 3480 3970 Θεῷ
3505 3902 3601 3968 τῆς
3633 3902 3790 3969 ἡμῶν
3818 3902 4017 3967 παλιγ-

2444 3996 2689 4063 γενεσίας
2722 3996 2815 4045 καὶ
2847 3992 3221 4053 ἀναπλάσεως.
3265 3990 3506 4056 Γεγονὼς
3559 3991 3740 4041 τοίνυν
3793 3992 4014 4057 ἀνθρω-

2445 4103 2542 4146 πος
2586 4084 2707 4135 καθ’
2736 4084 2902 4151 ἡμᾶς,
2930 4082 2996 4134 δι’
3026 4083 3171 4150 ἡμᾶς
3208 4082 3237 4132 ό
3266 4081 3555 4148 μονογενὴς
3579 4080 3710 4140 Υἱὸς
3734 4080 3831 4131 τοῦ
3852 4080 4015 4141 Θεοῦ,

2445 4177 2537 4228 καὶ
2559 4176 2735 4227 πᾶσαν
2782 4173 2947 4244 ἀλλην
2988 4172 3281 4241 πληρώσας
3326 4171 3657 4239 οἰκονομίαν.
3716 4170 3808 4222 ἶνα
3854 4173 4016 4238 ἡμεῖς

2444 4266 2541 4332 τὴν
2571 4261 2804 4331 ἀρχαίαν
2844 4261 3218 4331 μακαριότητα
3251 4259 3525 4329 λάϐωμεν,
3567 4260 3661 4310 καὶ
3696 4258 3790 4310 τὸν
3819 4262 3877 4310 ἐν
3903 4262 4019 4311 Κα-

2444 4356 2509 4407 νᾶ
2535 4356 2632 4422 τῆς
2665 4352 2955 4414 Γαλιλαίας
2981 4354 3156 4419 γάμον
3183 4350 3474 4420 ηὑλόγησε,
3509 4352 3599 4401 καὶ
3636 4348 3695 4401 τὺ
3742 4349 3889 4417 ὕδωρ
3919 4349 4016 4414 τῆς

782 4448 882 4499 boc
915 4448 1139 4501 reddens
1163 4449 1429 4513 homines,
1464 4451 1607 4518 quod
1642 4450 1850 4505 feminae
1890 4466 1995 4504 non
2032 4453 2261 4521 amplius
2291 4452 2343 4505 in
2377 4429 2419 4483 ί)

2377 4429 2419 4483 D
2449 4445 2806 4513 ἀπογνώσεως
2829 4446 2905 4505 είς
2925 4438 3063 4495 οἶνον
3084 4442 3310 4510 ἀληθοῦς
3334 4442 3656 4508 θεογνωσίας
3685 4440 4008 4509 μετέϐαλεν·

781 4536 1067 4590 doloribus
1107 4539 1308 4592 liberos
1358 4541 1589 4606 pariant,
1636 4556 1733 4592 nec
1770 4540 1860 4609 qui
1899 4551 2255 4609 procreantur
2277 4556 2341 4594 ex

782 4628 1128 4695 capulatione
1176 4630 1559 4683 matrimoniali
1619 4631 1847 4698 amplius
1909 4632 2139 4699 pristino
2189 4646 2341 4685 more

779 4717 985 4782 dicant,
1015 4718 1067 4770 In
1092 4720 1325 4787 peccatis
1353 4721 1601 4788 concepit
1624 4736 1706 4773 me
1737 4729 1909 4775 mater
1938 4736 2053 4774 mea
2082 4738 2094 4773 :
2119 4721 2211 4775 sed
2245 4720 2335 4774 Dei

782 4818 1045 4874 pracepta
1114 4818 1411 4872 servantes,
1469 4810 1923 4875 quemadmodum
1987 4812 2193 4877 primus
2251 4811 2336 4864 ille

781 4909 977 4961 parens
1024 4903 1205 4950 uoster
1252 4911 1312 4949 ea
1364 4901 1596 4951 servavit
1641 4908 1765 4952 ante
1809 4898 2333 4968 transgressionem,

780 4985 1031 5038 eumdem
1062 4987 1323 5039 honercm
1359 4997 1411 5040 et
1450 4990 1673 5056 gloriam
1726 4998 2163 5059 consequantur,
2230 5003 2333 5056 qua

780 5075 982 5130 fuerint
1016 5077 1195 5129 ornati
1224 5078 1379 5145 primi
1413 5090 1664 5145 parentes
1696 5089 1818 5135 ante
1861 5079 2301 5134 inobedientiam.

847 5251 1170 5305 llonorabilc
1202 5266 1435 5320 namque
1474 5253 1876 5305 matrimonium
1912 5260 2014 5316 est,
2047 5262 2099 5305 et
2158 5253 2329 5305 lectus

777 5344 1115 5412 impollutus,
1148 5345 1239 5413 qui
1307 5345 1534 5398 salutem
1602 5345 1844 5413 largitur.
1896 5342 2025 5407 QUiB
2072 5360 2193 5396 cum
2261 5345 2332 5396 ita

776 5438 903 5498 sint,
935 5442 987 5489 et
1018 5450 1140 5487 cum
1174 5435 1366 5488 tabulae
1393 5434 1652 5489 divinitus
1687 5437 1905 5503 scriptae
1960 5433 2161 5496 dicant,
2213 5432 2331 5485 Non

775 5525 1094 5595 ingredieris
1144 5525 1207 5576 ad
1261 5526 1506 5591 quemvis
1558 5526 1923 5580 necessarium
1988 5526 2168 5579 carnis
2201 5538 2325 5585 tum,

773 5628 826 5666 nt
868 5617 1068 5669 reveles
1106 5615 1362 5684 pudorem
1393 5617 1509 5685 eius
1540 5633 1551 5667 :
1587 5632 1707 5677 cum
1752 5619 1956 5685 primus
2011 5616 2097 5669 ille
2133 5630 2327 5683 parens

776 5718 956 5759 noster
988 5707 1111 5759 alibi
1142 5707 1499 5775 responderit,
1547 5707 1664 5759 Jam
1694 5710 1862 5775 uagis
1920 5722 2056 5759 uxor
2101 5721 2215 5759 mra
2242 5715 2325 5758 est

2449 4535 2695 4588 ἐντεῦθεν
2724 4534 3079 4603 πληροφορῶν
3106 4533 3165 4585 τὸ
3194 4530 3553 4598 ἀνθρώπινον,
3582 4530 3657 4592 ὡς
3687 4532 3874 4583 οὐκέτι
3916 4548 4012 4596 γυ-

2446 4628 2627 4686 ναῖκες
2670 4626 2726 4676 ἐν
2772 4624 2967 4685 λύπαις
2996 4624 3159 4675 τέκνα
3193 4622 3561 4689 γεννήσουσιν,
3595 4619 3718 4672 οὐδὲ
3753 4621 3817 4671 ὲκ
3849 4638 4012 4688 γαμι-

2444 4715 2544 4782 κῆς
2596 4711 2885 4778 συναφείας
2921 4709 3243 4776 τικτόμενοι,
3306 4709 3446 4759 κατά
3500 4706 3560 4758 τὸ
3607 4706 3876 4775 πρότερον
3940 4706 4015 4757 εἷο

2445 4819 2612 4866 ποιεν,
2652 4801 2738 4852 Ἐν
2763 4800 3054 4868 ἁμαρτίαις
3076 4797 3326 4866 ὲκίσσησέ
3360 4813 3424 4865 με
3447 4797 3479 4865 ὴ
3504 4797 3687 4865 μήτηρ
3716 4813 3821 4865 μου
3839 4814 3851 4826 ·
3879 4796 4011 4848 ἀλλά

2442 4892 2777 4960 τηρήσαντες
2810 4892 2903 4952 τὰς
2936 4888 3153 4950 ὲντολάς
3196 4886 3289 4938 τοῦ
3321 4886 3478 4947 Θεοῦ,
3513 4886 3692 4948 καθὼς
3734 4888 3765 4937 ό
3793 4889 4009 4955 προπάο

2444 4999 2554 5052 τωρ
2579 4981 2751 5043 αὐτὸς
2780 4979 3014 5048 ἐτήρησε
3039 4978 3143 5047 πρὸ
3169 4977 3263 5044 τῆς
3308 4976 3689 5045 παραϐάσεως,
3710 4976 3816 5042 τῆς
3840 4978 4006 5040 αὐτῆς

2439 5072 2605 5141 τιμῆς
2638 5072 2728 5122 καὶ
2758 5070 2913 5137 δόξης
2947 5067 3359 5137 ἀξιωθήσονται,
3389 5068 3506 5129 οτας
3536 5066 3645 5134 πρὸ
3677 5066 3783 5134 τῆς
3828 5082 4005 5133 παρα-

2442 5162 2572 5228 κοῆς
2607 5162 2655 5212 ot
2694 5161 3059 5229 προπάτορες.

2511 5250 2700 5317 Τίμιος
2732 5248 2839 5317 γάρ
2868 5251 2895 5299 ὁ
2923 5249 3114 5315 γάμος,
3144 5249 3234 5298 καὶ
3265 5247 3468 5315 ήκοίτη
3500 5247 3787 5314 ἀμίαντος,
3824 5263 3999 5315 σωτηι

2443 5340 2563 5408 ρὲαν
2612 5339 3076 5407 φιλοτιμούμενος.
3121 5336 3338 5389 Τούτων
3388 5337 3559 5398 οὕτως
3595 5337 3854 5405 ἑχόντων,
3913 5340 4003 5388 καὶ

2437 5432 2542 5482 τῶν
2583 5429 2899 5498 Οεογράιρων
2940 5427 3160 5479 πλακῶν
3198 5428 3489 5492 λεγουσῶν·
3559 5428 3671 5477 Οὐκ
3712 5428 4000 5495 εἰσελεύσῃ

2440 5520 2576 5587 πρὸς
2612 5521 2785 5571 πάντα
2820 5521 3018 5571 οἰκεῖον
3060 5518 3259 5585 σαρκός
3289 5535 3381 5569 σου
3424 5517 3778 5585 ἀποκαλύψαι
3808 5519 3999 5584 αισχύ-

2439 5628 2533 5674 νην
2572 5609 2765 5661 αὑτοῦ·
2804 5607 3008 5660 καὶτοῦ
3040 5609 3378 5677 προπάτορος
3416 5608 3857 5675 ἀποκρινομένου
3891 5608 4002 5659 ἔτι·

2432 5704 2622 5768 ρωθεν.
2656 5702 2767 5753 Νῦν
2801 5704 2891 5751 καὶ
2928 5701 3124 5766 μᾶλλον
3171 5702 3202 5763 ἠ
3256 5700 3388 5764 γυνή
3422 5714 3521 5763 μου
3576 5697 3770 5753 ὀστοῦν
3800 5701 3863 5751 ὲκ
3895 5698 3997 5750 τῶν
