4214 6450
240 403 366 470 i061

1678 436 2081 497 .‘iEDlTATL

3295 440 3430 522 1002

241 528 415 579 ὀοτων
461 532 558 597 μού
605 535 743 594 iam
784 541 872 587 καὶ
921 540 1052 607 σαρξ
1092 542 1148 605 ἐξ
1185 544 1279 612 τῆς
1323 552 1520 615 σαρκός
1555 568 1687 616 μου·
1725 552 1783 601 ού
1816 558 1857 608 Α
1890 575 1901 603 ι

1756 552 1783 601 ὑ
1816 558 1857 608 Α
1890 572 1948 608 os
1977 576 2039 610 ex
2074 561 2283 613 ossibus
2316 563 2469 624 meis,
2494 570 2544 613 et
2571 576 2696 614 caro
2717 578 2780 615 ex
2808 577 2969 615 carne
2991 580 3103 617 mea
3135 586 3147 619 :
3175 570 3420 633 equidem

238 617 419 685 τολμῶ
442 621 564 681 τοὺς
596 624 893 689 ὁμοζύγους
927 630 1097 681 είπεῖν
1127 632 1292 701 ἄλλης
1321 638 1412 687 καὶ
1457 638 1617 703 ἄλλης
1645 635 1779 690 εἶναι

240 706 461 773 σαρκὸς,
496 708 597 759 κᾶν
634 713 689 761 ἐν
732 712 884 764 δυσὶν
920 716 1274 773 ὑποστάσεσι-ι
1320 724 1516 784 αὐτοὺς
1554 725 1740 792 θεωρῶ
1763 743 1774 755 ·

241 794 327 845 ενα
367 798 440 866 μὴ
488 799 709 862 δικαίως
739 806 1051 873 κατακριθῶ
1101 810 1239 862 κατὰ
1288 813 1411 874 τοὺς
1460 815 1780 879 ἀθετοῦντας

238 884 544 953 ἰγγράφους
581 891 672 941 καὶ
729 892 1005 959 ἀγράφους
1058 900 1400 965 παραδόσεις,
1446 904 1552 954 τῶν
1608 906 1777 971 ἁγίων

249 974 582 1043 Ἐκκλησιῶν
622 981 715 1030 καὶ
751 982 847 1047 τῆς
904 987 1173 1055 σωτηρίας
1224 991 1380 1056 ἡμῶν
1411 993 1471 1041 τὸ
1495 995 1773 1060 ἐχέγγυον.

235 1065 587 1128 Διαγινὼσκω
614 1067 667 1117 δὲ
700 1070 896 1134 μᾶλλον
938 1073 1063 1137 μίαν
1100 1076 1273 1143 σάρκα
1320 1080 1535 1141 τούτους
1569 1084 1774 1147 λογίζε-

238 1150 383 1211 σθαι,
417 1154 508 1202 καὶ
541 1156 647 1214 τοῖς
688 1157 864 1217 αὐτοῖς
912 1166 1351 1229 στενοχωρεῖσϐαι
1383 1168 1469 1216 τὸν
1495 1169 1662 1235 ἄνδρα
1693 1186 1775 1221 νο-

237 1243 416 1304 μικοῖς
437 1240 531 1291 καὶ
562 1248 859 1305 κανονικοῖς
896 1251 1361 1316 παραγγέλμασιν,
1390 1254 1509 1306 ὅσον
1532 1257 1664 1317 τέως
1699 1260 1776 1319 εἰς

235 1328 529 1393 συνάφειαν
558 1334 815 1399 γαμικὴν,
845 1329 922 1395 οἷς
952 1338 1041 1386 καὶ
1066 1340 1097 1405 η
1126 1338 1310 1391 τούτου
1363 1349 1773 1410 στενοχωρείται

231 1418 532 1484 ὁμόζυγος·
558 1420 744 1490 ὥσπερ
783 1424 874 1474 καὶ
918 1425 977 1475 τὸ
1020 1427 1306 1481 ἀνάπαλιν.
1347 1432 1452 1483 Καὶ
1503 1434 1588 1483 διὰ
1619 1434 1774 1485 τοῦτο

237 1509 313 1573 μὴ
369 1508 623 1561 δύνασθαι
669 1512 758 1563 τὸν
803 1515 1108 1581 Δημήτριον
1144 1518 1221 1576 είς
1255 1522 1483 1581 γυναῖκα
1520 1522 1614 1587 τὴν
1646 1523 1774 1573 Θεο-

230 1595 408 1662 δώραν
454 1597 671 1654 λαϐεῖν.
736 1600 1080 1669 λογιζομένην
1135 1605 1510 1677 δισεξαδέλφην
1561 1612 1720 1663 αὑτοῦ
1757 1653 1771 1677 ,

228 1686 318 1737 διά
348 1686 444 1754 τὴν
472 1691 609 1753 μετὰ
636 1689 731 1756 τῆς
754 1693 965 1759 Μαρίας
992 1698 1231 1765 γαμικὴν
1258 1700 1443 1750 τούτου
1463 1705 1771 1767 συνάφειαι).

242 1776 592 1844 Ἀποδὲχομαι
644 1779 698 1830 δὲ
755 1782 843 1831 καὶ
888 1786 1010 1843 τοὺς
1070 1787 1374 1850 κωλύοντας
1416 1792 1475 1840 τὸ
1537 1792 1771 1843 τοιοῦτον

1886 648 2062 700 dicere
2090 665 2191 701 non
2224 650 2414 711 audeo,
2440 651 2693 719 conjuges
2723 654 2943 707 alterius
2972 656 3282 716 et‘alterius
3303 675 3423 713 esse

1883 738 2082 799 carnis,
2114 739 2233 791 iicet
2254 754 2344 791 eos
2374 740 2425 792 in
2445 742 2653 795 duabus
2669 745 2913 807 personis
2933 745 3083 796 video
3110 762 3121 797 :
3145 762 3207 798 ne
3230 748 3415 802 ineritc

1880 825 2205 880 condemner
2228 830 2438 881 illorum
2504 846 2670 890 more,
2732 834 2822 899 qui
2892 835 3122 901 scriptas
3186 846 3237 888 et
3311 854 3416 890 nor:

1880 915 2108 979 scriptas
2177 918 2490 971 traditiones
2557 923 2864 986 reprobant,
2924 938 3041 988 qua:
3100 935 3412 977 sanctarum

1881 1000 2237 1056 Ecclesiarum
2263 1015 2315 1057 et
2360 1008 2553 1060 salutis
2610 1019 2806 1061 nostra:
2868 1012 3058 1077 pignus
3112 1024 3253 1066 sunt.
3311 1016 3412 1066 lmr

1877 1092 2056 1158 potius
2082 1101 2277 1155 statuo,
2310 1110 2407 1161 pro
2437 1111 2542 1147 una
2587 1112 2749 1151 carne
2807 1100 3100 1163 ducendos,
3133 1113 3183 1153 et
3228 1104 3412 1154 iisderr

1876 1182 2169 1249 constringi
2200 1186 2718 1254 maritumlegalihus
2749 1192 3091 1241 eteanonicis
3117 1193 3416 1257 praccptis,

1874 1283 2130 1339 quantum
2159 1274 2363 1327 scilicet
2389 1278 2779 1342 c0pulationem
2807 1278 3251 1331 matrimonialem
3292 1283 3422 1331 atti-

1875 1370 1983 1422 net,
2028 1364 2221 1429 quibus
2267 1373 2319 1418 et
2356 1366 2553 1431 conjux
2613 1368 2731 1432 ejus
2762 1368 3092 1419 includitur:
3159 1370 3419 1435 idemque

1873 1451 1988 1503 vice
2017 1466 2170 1503 versa
2212 1453 2384 1505 locum
2422 1455 2637 1506 habere.
2678 1455 2851 1521 Alquu
2890 1457 2988 1507 hac
3023 1459 3086 1508 de
3119 1473 3282 1509 causa
3314 1474 3415 1509 non

1873 1555 2029 1606 posse
2063 1542 2386 1595 Demetrium
2420 1544 2469 1596 in
2515 1560 2735 1595 uxorein
2799 1546 2995 1596 ducere
3054 1545 3414 1607 Theodoram,

1874 1646 1988 1696 quae
2011 1646 2103 1695 pro
2138 1631 2354 1683 sobrina
2386 1633 2501 1698 ejus
2556 1634 2802 1695 habetur,
2864 1644 3079 1699 propter
3132 1637 3417 1687 matrimo-

1873 1720 2063 1772 nialem
2097 1720 2265 1775 iDsius
2296 1736 2414 1773 cum
2450 1722 2608 1774 Maria
2638 1724 3093 1789 conjunctionan
3136 1725 3416 1777 Assentior

1873 1810 2030 1860 etiam
2065 1811 2151 1871 iis,
2188 1812 2274 1878 qui
2306 1813 2752 1865 uiatrimonialem
2779 1814 3412 1879 ejusmmii—contractum

224 1864 460 1930 γαμικὸν
494 1864 587 1915 τοῦ
618 1868 925 1934 Δημητρίου
952 1871 1296 1937 συνάλλαγμα
1316 1874 1403 1925 διὰ
1437 1877 1557 1934 τοὺς
1578 1878 1767 1943 νόμους
1803 1864 1840 1915 Β
1873 1894 1888 1944 ι

1745 1894 1767 1937 ς
1803 1864 2455 1964 θῡειιιριτῑίίρὲοιιίυεηι
2519 1899 2691 1965 legum
2754 1864 2961 1951 raiione
3021 1900 3126 1965 (66)
3184 1916 3409 1966 quarum

222 1949 350 2009 διὀἰις
373 1950 644 2015 λέγοντας,
670 1954 725 2002 ὲν
753 1956 862 2013 τοῖς
885 1957 1079 2022 γάμοις
1108 1960 1167 2008 οὐ
1196 1960 1351 2027 μόνον
1380 1962 1440 2011 τὸ
1464 1964 1764 2029 ἐφειμένον,

225 2037 361 2088 ἀλλὰ
396 2040 489 2090 καὶ⁵
531 2041 589 2091 τὸ
627 2042 897 2111 εὐπρεπὲς
948 2046 1244 2113 ζητητέον·
1285 2051 1559 2103 κατανοῶν
1602 2054 1767 2121 ἀπρε-

221 2128 490 2179 πέστατον
544 2128 703 2195 εἷναι,
756 2134 844 2184 τὸν
899 2137 1056 2204 μέχρι
1104 2139 1196 2189 τοῦ
1230 2140 1321 2190 νῦν
1346 2142 1591 2210 γαμϐρὸν
1618 2145 1766 2208 παρὰ

218 2217 315 2281 τῆς
365 2218 737 2291 δισεξαδέλφης
794 2224 1099 2291 λεγόμενον,
1133 2228 1399 2296 ὀμόζυγον
1454 2233 1620 2295 αὐτῆς
1656 2237 1766 2284 ὀνο-

222 2307 505 2378 μάζεσθαι.
543 2315 661 2366 Ὀτι
686 2315 739 2366 δὲ
796 2314 1062 2383 χρώμενοι
1092 2319 1297 2386 ῥήμασί
1325 2336 1466 2381 τινες
1508 2322 1597 2373 τοῦ
1629 2324 1763 2374 κατὰ

216 2399 316 2466 τὴν
339 2398 379 2449 λ’
409 2401 500 2451 τοῦ
532 2400 746 2453 Ἰουλίου
776 2404 960 2471 μηνὸς,
986 2406 1081 2471 τῆς
1117 2406 1186 2474 ιβ’
1218 2407 1605 2477 ἐπινεμήσεως,
1641 2428 1763 2463 συν-

216 2489 398 2541 οδικοῦ
429 2491 825 2560 σημειώματος,
855 2493 946 2545 τοῦ
982 2496 1078 2562 μὲν
1114 2497 1413 2563 ἁγιωτάτου
1438 2500 1601 2569 κυροῦ
1633 2502 1761 2551 Θεο-

214 2576 398 2628 δοσίου
431 2583 938 2651 πατριαρχεύοντος,
977 2585 1130 2652 ἡμῶν
1160 2587 1213 2637 δὲ
1244 2588 1333 2639 τοῦ
1363 2591 1762 2657 χαρτοφύλακος

215 2667 582 2735 ἐνεργούντων
643 2672 851 2735 ὀφίκιον
886 2713 900 2735 ,
957 2677 1050 2725 καὶ
1104 2679 1229 2747 περὶ
1274 2680 1334 2729 τὸ
1398 2680 1545 2741 τέλος
1592 2682 1758 2733 ταῦτα

214 2756 517 2819 διεξιοῦσιν.
556 2758 707 2811 Ἐπεί
738 2761 843 2827 γὰρ
875 2765 909 2827 ἡ
932 2766 1077 2829 μετὰ
1107 2766 1381 2820 Ἰωάννου
1411 2771 1759 2821 τελεσθεῖσα

207 2848 504 2911 μνηστεία
533 2850 609 2911 ὡς
659 2850 1071 2917 ἀνυπόστατος
1096 2856 1357 2920 λέλυται,
1392 2857 1485 2908 διὰ
1512 2858 1622 2923 τὴν
1654 2860 1758 2925 τῆς

215 2936 470 3002 Εἰρήνης
520 2938 870 3005 (tr-1166mm,
935 2943 1128 3007 καλῶς
1184 2947 1220 3012 ἡ
1263 2934 1478 3013 Εἰρήνη
1510 2948 1759 3015 δευτέρῳ

210 3025 521 3092 ἐξαὸἐλφῳ
552 3028 735 3080 αὐτοῦ
774 3032 919 3083 κατὰ
962 3036 1144 3098 νόμον
1201 3035 1386 3101 γάμου
1434 3038 1758 3104 συεευχθή-

1872 1982 2029 2033 verba
2060 1992 2184 2034 sunt
2218 2001 2229 2034 :
2257 1983 2313 2035 In
2348 1985 2551 2050 nuptiis
2584 2000 2687 2035 non
2728 1987 2900 2037 solum
2929 1986 3054 2050 quid
3093 1990 3409 2053 permissum

1870 2072 1959 2131 sit,
1991 2072 2080 2123 sed
2109 2074 2268 2124 etiam
2300 2076 2433 2140 quid
2460 2075 2765 2137 honestum,
2800 2076 3249 2127 c0nsiderandum
3280 2085 3360 2127 est
3397 2094 3408 2126 :

1868 2159 1993 2210 dum
2046 2162 2431 2223 animadverto,
2488 2164 2983 2217 inhonestissimum
3034 2180 3176 2223 esse,
3237 2165 3409 2229 utqui

1867 2248 2125 2302 hactenus
2155 2266 2181 2301 ιι
2222 2252 2439 2303 sobrina
2482 2263 2702 2305 vocatus
2747 2254 2907 2306 fuerit
2965 2254 3156 2316 aﬂinis,
3226 2264 3408 2318 postca

1866 2337 2060 2404 conjux
2101 2338 2213 2403 ejus
2244 2340 2559 2406 appelletur.
2589 2341 2648 2393 Et
2709 2344 2830 2409 quia
2882 2346 3125 2395 nonnulli
3198 2354 3409 2395 utentes

1868 2428 2039 2480 verbis
2065 2429 2247 2495 scripti
2283 2432 2570 2501 synoilalis,
2630 2432 2881 2497 publicati
2930 2434 3013 2484 die
3040 2448 3148 2484 xxx
3204 2433 3408 2483 mensis

1862 2515 2007 2579 Julii,
2050 2515 2341 2571 indictione
2372 2519 2709 2580 duodecima,
2745 2537 2866 2572 cum
2900 2530 3042 2573 esset
3102 2522 3407 2587 patriarcha

1864 2608 2241 2660 sanctissimus
2274 2609 2361 2659 ille
2388 2607 2639 2661 dominus
2671 2609 3023 2672 Theodosius,
3049 2620 3097 2663 et
3120 2627 3213 2661 nos
3236 2611 3408 2661 ollicio

1863 2697 2174 2749 chartularii
2233 2696 2599 2763 iungeremur.
2633 2714 2737 2765 quo
2768 2702 2818 2751 in
2853 2703 3051 2764 scripto
3078 2702 3217 2751 circa
3252 2702 3405 2750 ﬁnem

1864 2785 1972 2838 lucc
1994 2788 2153 2837 verba
2178 2788 2424 2852 leguntur
2450 2805 2461 2836 :
2483 2780 2612 2838 Cum
2638 2790 2769 2839 enim
2795 2790 3052 2840 celebrata
3072 2804 3185 2837 cum
3204 2786 3408 2837 Joanne

1861 2878 2127 2941 sponsalia
2158 2918 2169 2937 ,
2217 2896 2306 2929 ceu
2348 2881 2556 2929 minime
2609 2879 2926 2937 constantia,
2962 2878 3249 2934 solvantur.
3282 2892 3406 2942 pro-

1860 2976 1969 3028 pter
2019 2974 2223 3016 wlatem
2253 2965 2421 3017 [rente
2454 2966 2762 3029 impuberem
2792 2980 2808 3016 :
2838 2976 2970 3019 recte
3008 2966 3161 3017 Irena
3196 2966 3404 3015 sobrino

1862 3054 2027 3121 ipsius
2058 3055 2163 3122 tege
2195 3056 2573 3107 matrimoniali
2595 3056 2940 3121 copulabitur.
2979 3056 3172 3120 Quippe
3202 3072 3288 3107 nec
3314 3070 3406 3117 pro

210 3128 403 3166 σεται.
436 3115 581 3167 Οὔτε
614 3116 722 3183 γὰρ
767 3123 1124 3186 συγγενικὸν
1171 3125 1487 3187 πρόσωπον
1523 3128 1636 3192 τὴν
1664 3132 1757 3180 ει-
1787 3161 1830 3220 c
1861 3158 1874 3207 ν

1742 3158 1757 3167 ·
1787 3161 1830 3220 c
1861 3158 2080 3207 persona
2104 3154 2321 3209 cognata
2353 3142 2645 3195 Theodorus
2680 3142 2894 3194 lrenam
2918 3142 3079 3198 ducit,
3112 3158 3201 3193 nec
3239 3142 3406 3206 aﬂui-

202 3208 407 3269 ριὶνην
433 3206 739 3274 λογίζεται,
784 3213 813 3261 d
845 3212 1154 3278 Θεόδωρος,
1184 3214 1317 3265 οὔτε
1356 3216 1476 3285 τοῖς
1504 3217 1569 3279 ἐξ
1597 3219 1759 3286 ἀγχι-

208 3295 415 3357 στείας
453 3293 694 3361 δεσμοῖς
723 3298 818 3349 καὶ
870 3299 1028 3364 ὅροις
1088 3304 1499 3369 συσφίτγεται,
1552 3306 1648 3357 διὰ
1696 3310 1755 3360 τὸ

207 3383 532 3451 ὑπερϐῆναι
562 3387 666 3438 τὸν
688 3389 754 3450 ἐξ
780 3390 1119 3456 ἀγχιστείας
1152 3391 1324 3445 ἕκτον
1350 3396 1604 3462 βαθμὸν.

277 3474 530 3527 Θέλουσιν
570 3479 715 3543 ἡμᾶς
768 3481 1000 3548 σιωπᾷν,
1033 3482 1154 3548 ἄρτι
1200 3485 1457 3536 τάναντία
1516 3486 1757 3552 διαγινὼ-

206 3576 432 3622 σκοντας
458 3578 471 3591 ο
507 3564 718 3630 πρῶτον
770 3566 866 3633 μὲν
921 3566 1171 3635 λέγομεν,
1214 3570 1287 3631 ὠς
1311 3573 1337 3621 ὁ
1363 3576 1502 3624 κατὰ
1535 3578 1753 3641 καιροὺς

204 3650 551 3718 χαρτοφύλαξ
576 3654 749 3721 στόμα
780 3657 1167 3724 πατριαρχικὸν
1187 3659 1550 3725 λογιζόμενος,
1576 3664 1753 3715 ἐκεῖνα

202 3738 352 3805 λέγει
388 3744 477 3791 καὶ
512 3745 737 3811 γράφει,
773 3746 874 3797 ὅσα
914 3746 1203 3812 νεφελώσει
1234 3748 1326 3799 καὶ
1361 3750 1619 3803 ὑδατώσει
1655 3755 1753 3819 τῆς

201 3831 441 3899 κεφαλῆς
466 3833 816 3901 ἡάκρώρεια.
850 3834 1054 3885 Οὐκοῦν
1085 3835 1199 3913 οὑξ)
1228 3838 1527 3900 αίτιατὲους
1550 3839 1580 3905 ἢ
1601 3841 1752 3891 ἐπαι-

199 3922 410 3985 νετέους
442 3922 697 3985 λογιεῖταί
722 3940 808 3985 τις
846 3925 991 3991 ἡμᾶς
1032 3923 1576 3995 καλλιγραφήσαντας
1622 3928 1751 3991 ἴσως

197 4013 295 4081 τὴν
329 4012 607 4082 παροῦσαν
660 4013 934 4077 ὑπόθεσιν,
968 4014 998 4083 ἦ
1039 4016 1346 4069 τούναντίον
1397 4021 1748 4089 κακογραφή-

198 4119 418 4166 σαντας.
449 4105 603 4155 Κατὰ
638 4102 743 4172 γὰρ
769 4103 858 4156 τὸν
889 4104 1100 4173 Βαροὺχ
1144 4105 1747 4177 ὑπεγραμματεύσαμεν

195 4196 297 4246 ὅσα
366 4193 576 4261 θρηνῶν
621 4194 885 4262 Ἱερεμίας
930 4194 1229 4262 ὲθρήνησε·
1293 4198 1385 4246 καὶ
1448 4198 1587 4248 κατὰ
1658 4200 1747 4248 τὸν

207 4277 417 4347 ’Δαρὼν
470 4278 827 4346 ἐλαλήσαμεν,
866 4280 965 4331 ὅσα
1019 4282 1193 4333 λαλιτιν
1236 4283 1461 4348 ὲλάλησε
1520 4285 1740 4352 Μωσῆς.

194 4368 372 4433 Ὅπερ
403 4366 456 4416 δὲ
492 4368 583 4417 καὶ
618 4368 733 4417 τότε
765 4366 859 4433 τὴν
895 4370 1203 4437 μικρόνοιαν
1232 4371 1385 4439 ἡμῶν
1416 4372 1743 4439 ἐθεράπευσε

1864 3233 1985 3282 tatis
2024 3234 2239 3284 vinculis
2279 3245 2431 3299 atque
2479 3233 2672 3299 legibus
2724 3232 3097 3297 constringitur
3139 3242 3405 3294 propterea

1858 3320 1992 3379 quod
2020 3330 2217 3371 sextum
2243 3337 2304 3372 ex
2332 3322 2576 3387 afﬁnitate
2603 3322 2821 3387 gradum
2855 3322 3087 3371 excedat.

2548 3435 2585 3469 β

1927 3486 2021 3541 His
2061 3502 2186 3553 ergo
2212 3488 2392 3539 verbis
2424 3497 2657 3545 urentes.
2687 3497 2863 3539 tacere
2896 3500 2994 3537 nos
3056 3484 3266 3543 volunt,
3314 3500 3402 3547 qui

1850 3577 1958 3643 jam
1989 3578 2257 3631 contraria
2302 3579 2633 3630 statuimus:
2690 3577 2920 3643 primum
2983 3574 3401 3640 respondemus,

1854 3666 2114 3732 cujusque
2140 3668 2394 3733 temporis
2431 3667 2849 3727 chartularium,
2882 3664 2971 3730 qui
2994 3678 3054 3714 os
3080 3662 3406 3727 patriarchae

1853 3769 1973 3807 esse
2010 3754 2246 3815 ducitur,
2280 3769 2339 3806 ea
2378 3762 2487 3805 tum
2526 3754 2725 3813 dicere,
2798 3760 2909 3803 tum
2972 3752 3228 3807 scribere.
3285 3764 3404 3815 qme

1853 3844 2043 3910 capitis
2070 3844 2168 3911 ipsi
2203 3854 2384 3897 vertex
2425 3846 2599 3895 instar
2629 3842 2784 3894 inibis
2813 3848 2863 3893 et
2887 3854 3037 3906 aqua:
3067 3837 3396 3906 suppeditat.

1850 3931 2078 3999 Ideoque
2108 3947 2205 3984 nec
2230 3933 2546 3999 culpandus,
2584 3945 2679 3983 nec
2713 3928 3009 3982 laudandos
3043 3942 3140 3979 nos
3190 3926 3402 3993 putabit

1848 4022 2136 4088 quiSpiam,
2169 4022 2257 4089 qui
2288 4024 2366 4075 vel
2407 4033 2546 4075 recte
2602 4029 2919 4087 praesentem
2971 4032 3213 4077 causam,
3247 4016 3327 4067 vel
3371 4030 3401 4067 e

1848 4114 2119 4164 contrario
2162 4113 2296 4164 male
2325 4112 2525 4163 litteris
2545 4110 2809 4176 complexi
2851 4110 3043 4160 simus.
3080 4105 3211 4155 Nam
3255 4119 3403 4155 more

1847 4202 2095 4265 Bai-uchi,
2134 4204 2321 4255 scriba
2357 4216 2577 4254 munere
2603 4199 2766 4251 hmcti
2796 4197 3102 4249 notavimus
3148 4206 3402 4261 quaecun-

1845 4307 1948 4359 que
1979 4291 2321 4344 lamentando
2358 4289 2658 4341 Hieremias
2701 4286 3028 4337 lamentatus
3068 4291 3189 4335 est:
3224 4289 3275 4333 et
3300 4281 3403 4329 Aa-

1850 4384 1997 4434 ronis
2025 4396 2171 4432 more
2204 4379 2465 4446 prolocuti
2520 4392 2729 4435 suinus,
2779 4389 3108 4441 quaecunque
3134 4370 3403 4437 loquendo

192 4456 353 4522 χάριν
378 4455 468 4505 τοῦ
505 4456 743 4508 τοιούτου
791 4456 1125 4526 ζητήματος,
1166 4461 1380 4529 ἐγράφη
1430 4464 1557 4530 παρ’
1590 4464 1743 4529 ἡμῶν
1772 4457 1822 4514 D
1852 4471 1856 4519 I

1730 4483 1743 4514 θ
1772 4457 1822 4514 D
1852 4471 2064 4521 locutus
2126 4476 2206 4519 est
2237 4466 2430 4518 Moses.
2459 4465 2609 4528 Quod
2646 4473 2821 4515 autem
2853 4463 3157 4513 intellectus
3221 4458 3394 4510 nostri

193 4545 251 4595 ἐν
278 4542 354 4610 τῷ
388 4544 431 4612 β’
467 4545 764 4613 κεφαλαίῳ,
799 4547 890 4599 τοῦ
921 4554 987 4614 ιγ’
1020 4549 1199 4600 τίτλου
1247 4549 1337 4600 τοῦ
1366 4553 1745 4618 νομοκανόνου.

193 4632 428 4697 Εἴπομεν
450 4634 553 4702 γὰρ
572 4634 628 4685 τὸ
646 4634 885 4688 τοιοῦτον
908 4639 1201 4705 κεφάλαιον
1231 4639 1643 4708 ἑρμηνεύοντες,
1670 4642 1745 4703 ὡς

188 4718 283 4771 καὶ
306 4719 580 4787 βασιλικὸν
604 4722 841 4776 ἐκώλυσε
871 4727 1194 4795 πρόσταγμα
1216 4728 1274 4778 τὸ
1302 4728 1635 4796 ζητούμενον
1659 4748 1749 4781 συ-

186 4812 471 4873 νοικέσιον,
502 4811 604 4864 κᾶν
622 4816 1183 4885 καταστρωθῆναιοὺκ
1208 4816 1433 4883 ἔφθασε,
1450 4820 1589 4889 καὶὴ
1627 4821 1746 4873 Ἐκ-

186 4899 381 4969 κλησία
398 4901 493 4969 τὴν
509 4900 699 4955 τούτου
721 4904 939 4973 ποίησιν
963 4907 1060 4956 οὐκ
1082 4906 1350 4973 ἀνέχεται.
1376 4902 1507 4959 Εἶτά
1539 4925 1739 4977 φαμεν,

185 4989 264 5068 ὡς
290 4992 691 5059 σημειωμάτων
718 4976 1201 5063 προκομιζομένων
1250 4996 1617 5062 ταλαυγενῶν,
1650 4999 1740 5049 καὶ

184 5078 271 5129 διὰ
288 5077 333 5110 ⁸³
362 5083 704 5150 γραμμάτων
739 5084 935 5153 ὁμοίων
970 5086 1457 5155 ἐκκλησιαιηικῶν,
1491 5088 1745 5149 διυλιζόν-

182 5180 291 5219 των
326 5170 415 5219 καὶ
450 5170 610 5222 αὑτὸν
632 5172 723 5223 τὸν
755 5172 1083 5239 φαυλότατον
1122 5173 1357 5227 κώνωπα
1379 5176 1472 5229 τοῦ
1506 5177 1739 5228 τοιούτου

183 5256 623 5325 ζητήματος,καὶ
644 5262 1055 5315 ἀποκαλούντων
1080 5264 1236 5317 τοῦτο
1261 5266 1734 5334 παρανομώτατον,

1851 4554 2100 4607 tenuitati
2133 4562 2259 4604 tunc
2301 4554 2536 4605 remedio
2563 4552 2661 4603 fuit
2691 4553 2741 4603 in
2779 4551 2877 4603 hac
2925 4550 3250 4617 qutestione,
3284 4562 3403 4612 per—

1850 4644 2108 4709 scriptum
2140 4657 2169 4694 a
2200 4642 2351 4694 nobis
2385 4650 2463 4694 est
2496 4642 2545 4691 in
2609 4641 2784 4706 capite
2834 4637 3070 4691 secundo
3100 4637 3238 4687 tituli
3284 4634 3403 4686 Xlll

1851 4730 2237 4783 Nomocanoni.
2300 4727 2508 4794 Quippe
2573 4735 2733 4793 caput
2788 4726 2918 4777 illud
2988 4724 3403 4789 interpretantes

1847 4820 2102 4880 diximus,
2134 4819 2293 4871 etiam
2326 4818 2498 4869 edicto
2524 4814 2870 4882 imperatorio
2916 4812 3243 4881 prohibitum
3286 4826 3407 4863 esse

1849 4908 2273 4971 matrimonium,
2306 4921 2411 4972 quo
2443 4906 2509 4958 de
2538 4906 2733 4971 agitur,
2766 4904 2889 4955 licet
2918 4902 2972 4953 in
3022 4910 3140 4953 acta
3174 4902 3399 4953 relatum

1849 5013 1953 5050 non
1984 4998 2163 5059 fuerit,
2190 5004 2241 5049 ct
2277 4995 2519 5048 Ecclesia
2580 4994 3059 5063 promulgationem
3118 4989 3234 5055 ejus
3293 5003 3399 5039 non

1849 5086 2132 5139 SltStineal.
2164 5084 2361 5137 Deinde
2390 5084 2731 5150 subjicimus,
2765 5081 2905 5149 quod
2933 5094 3053 5132 cum
3094 5079 3403 5130 natationes

1849 5179 2040 5246 priscae
2073 5176 2440 5245 proferuntur,
2476 5184 2526 5227 et
2556 5174 2857 5227 consimilia
2891 5172 3087 5238 scripta
3145 5166 3402 5220 ecclesia-

1846 5268 2000 5328 stica,
2035 5266 2415 5335 pravissimum
2450 5275 2500 5316 ct
2532 5267 2643 5331 ipsa
2673 5264 2898 5316 culicem
2956 5257 3267 5327 quaestionis
3294 5253 3397 5307 hu-

1411 5398 1638 5453 VARIA‘I
1682 5400 2083 5457 LECTIONES.

250 5483 299 5514 ⁸³
321 5484 773 5555 διαγραμμάτων.

1675 5599 1904 5653 ΝΟΤᾹΞ.

251 5707 361 5775 (68)
419 5709 651 5782 Sc'ttpcr.
690 5712 749 5767 Ι).
791 5713 865 5768 De
896 5732 998 5782 reg.
1027 5716 1139 5782 jur.
1169 5714 1234 5768 Et
1262 5716 1297 5768 i.
1326 5714 1412 5769 Η..
1451 5714 1507 5764 D.
1546 5714 1618 5766 De
1644 5717 1729 5765 rit.
1774 5727 1920 5780 uupt.
