4214 6450
794 358 932 424 1063

2021 362 2303 422 THEOD.
2347 362 2578 420 BALSA
2592 361 2824 421 NIONIS

3869 358 4003 423 1064

795 486 886 552 jus
911 482 1256 551 percolantia,
1290 492 1344 536 et
1376 483 1766 551 iniquissimam
1801 485 1940 538 lianc
1970 488 2329 553 appellantia;
2363 490 2404 541 Λ
2435 504 2459 537 ο

2363 490 2404 541 Α
2435 488 2601 548 οὐδεὶς
2632 486 2705 555 μὴ
2740 485 3160 557 σκαρδαμύττων
3189 485 3319 553 πρὸς
3357 482 3456 551 τὴν
3490 481 3801 550 ἐνάργειαν,
3844 484 3998 534 εκεί-

800 586 957 625 nemo
987 586 1135 634 sane,
1159 572 1250 639 qui
1282 575 1345 623 ad
1378 573 1674 624 evidentem
1728 575 1989 625 rationem
2026 589 2130 626 non
2163 575 2351 626 enunio

799 666 940 722 veat,
969 660 1053 712 illa
1087 660 1301 727 quidem
1331 661 1471 713 velut
1498 662 1691 714 abolita
1721 662 2014 722 damnabit,
2056 663 2347 729 prmsettim

801 763 923 802 cum
952 761 1050 800 nec
1080 748 1288 801 sublata
1343 748 1453 801 sint
1502 748 1719 801 disertis
1778 752 1957 802 verbis
2018 765 2047 801 a
2105 751 2349 817 praesenti

803 837 1046 906 synodali
1102 838 1351 903 scripto;
1410 851 1528 903 qua:
1577 846 1753 889 autem
1832 838 1933 889 hoc
1983 838 2346 896 continentur,

802 927 1024 978 canonis
1054 933 1106 977 et
1157 926 1417 993 legalibus
1484 927 1743 979 doctrinis
1802 926 2123 992 exaequabit.
2169 924 2352 990 Itaque

804 1014 1104 1079 respiciens
1155 1013 1207 1064 in
1267 1021 1539 1065 auctorem
1592 1024 1644 1066 et
1694 1025 2184 1069 consummatorem
2231 1015 2350 1067 lidei

803 1110 1021 1163 nostrae,
1063 1101 1344 1153 Dominum
1374 1117 1436 1154 ac
1484 1101 1648 1154 Deum
1707 1114 1946 1157 nostrum
1999 1103 2350 1157 JesdmChri-

803 1199 966 1250 stum,
1007 1202 1193 1238 rursus
1244 1187 1370 1239 aio:
1410 1188 1552 1254 quod
1587 1203 1705 1241 cum
1736 1205 1960 1257 magnus
2008 1191 2099 1242 ille
2156 1190 2351 1243 Paulus

804 1278 969 1340 dicat,
1000 1278 1187 1331 Mulier
1210 1281 1439 1347 corporis
1485 1282 1565 1332 sui
1622 1290 1927 1346 potestatem
1980 1298 2081 1333 non
2155 1282 2337 1342 habet,

805 1369 894 1419 sed
921 1369 1141 1418 maritus
1177 1384 1192 1418 :
1223 1385 1282 1418 ac
1301 1370 1544 1419 similiter
1568 1370 1787 1419 maritus
1811 1378 2116 1432 potestatem
2166 1384 2349 1433 corpo-

805 1457 879 1506 ris
904 1456 983 1507 sui
1011 1473 1111 1506 non
1137 1457 1307 1519 habet,
1335 1456 1420 1508 sed
1452 1472 1581 1506 uxor
1610 1473 1626 1507 :
1690 1456 1981 1522 itidemque
2032 1471 2153 1508 cum
2208 1457 2351 1509 sacri

808 1555 1043 1593 canones
1074 1551 1127 1593 et
1159 1544 1286 1592 tomi
1339 1557 1458 1593 cum
1488 1542 1649 1593 vidua
1678 1543 2018 1594 matrimonio
2044 1544 2349 1609 copulatum

810 1643 906 1694 pro
928 1630 1137 1696 digamo
1166 1628 1449 1690 habentes,
1478 1630 1541 1682 ad
1580 1632 1801 1698 gradum
1835 1630 2063 1697 aliquem
2100 1631 2351 1684 ecclesia-

808 1716 998 1767 sticum
1038 1717 1312 1782 pervenire
1343 1732 1445 1768 non
1497 1719 1676 1769 sinant
1705 1734 1719 1769 :
1749 1732 1807 1770 ac
1844 1733 1908 1770 ne
1930 1717 2169 1770 defuncti
2227 1719 2351 1785 qni-

813 1802 933 1855 dem
988 1804 1283 1857 sacerdotis
1333 1806 1615 1873 conjugem
1682 1807 1745 1857 ad
1796 1806 2062 1859 secundas
2123 1809 2355 1862 transire

810 1890 1026 1957 nuptias
1059 1893 1390 1957 permittant,
1424 1893 1583 1961 idque
1616 1895 1835 1946 omnino
1897 1903 2115 1960 propter
2163 1896 2356 1949 identi-

809 1985 970 2030 tatem
994 1993 1273 2046 corporum
1300 1982 1559 2047 ipsorum,
1588 1982 2039 2049 quemadmodum
2068 1984 2353 2037 manifesto

811 2066 979 2133 liquet
1031 2081 1093 2117 ex
1133 2082 1259 2119 xxxx
1301 2076 1351 2121 et
1419 2083 1564 2120 χχιιι
1617 2068 1790 2136 capite
1845 2071 1982 2123 tituli
2024 2071 2179 2137 primi
2229 2072 2349 2124 libri

814 2155 878 2207 Ill
923 2155 1293 2221 Basilicorum,
1348 2167 1401 2210 et
1474 2174 1597 2212 xuv
1656 2174 1861 2213 canone
1917 2162 2087 2214 sancti
2151 2161 2353 2225 Basilii,

810 2244 963 2309 cujus
988 2245 1040 2296 in
1070 2247 1170 2298 tlne
1198 2246 1417 2309 dicitur,
1460 2247 1567 2301 Nos
1611 2250 1853 2301 diaconae
1900 2264 2118 2318 corpus,
2184 2252 2349 2304 veluti

815 2345 935 2397 qua:
966 2340 1276 2384 consecrata
1318 2334 1495 2396 fuerit,
1532 2351 1636 2388 non
1677 2339 1907 2405 amplius
1934 2338 1987 2391 in
2018 2353 2116 2391 usu
2144 2340 2347 2391 carnali

811 2432 931 2471 esse
957 2422 1359 2485 permittimus:
1413 2425 1658 2491 equidem
1710 2426 1894 2493 judico
1956 2428 2273 2481 canonicum
2300 2436 2353 2481 et

812 2505 1104 2572 legitimum
1140 2523 1278 2570 esse,
1316 2518 1372 2561 ut
1421 2514 1738 2566 auctoritate
1778 2517 2127 2583 prohibeatur
2178 2520 2355 2571 eccle-

812 2595 1051 2656 siastica,
1084 2599 1371 2663 quominus
1406 2615 1545 2651 unus
1571 2609 1623 2653 et
1672 2601 1809 2654 idem
1858 2603 2065 2659 duabus
2116 2606 2353 2660 sobrinis

814 2684 1112 2751 capuletur,
1146 2701 1207 2739 ac
1260 2688 1375 2741 vice
1427 2704 1627 2742 versa:
1688 2692 1840 2758 sique
1893 2694 2026 2747 clam
2088 2695 2351 2762 ejusmodi

813 2772 941 2839 quid
980 2772 1176 2824 factum
1211 2774 1392 2835 fuerit,
1429 2776 1495 2829 de
1531 2779 1795 2831 industria
1828 2781 2133 2847 dirimatur,
2190 2792 2243 2838 et
2266 2786 2351 2837 in-

816 2860 1141 2914 terveniente
1197 2876 1350 2927 pmna
1387 2866 1707 2931 corrigatur.

1427 2972 1727 3027 EJUSDEM

816 3074 1051 3143 Epistola
1087 3085 1149 3133 de
1173 3082 1417 3143 incensis,
1447 3101 1561 3151 qua:
1594 3102 1624 3137 a
1658 3088 1963 3152 patriarcha
2013 3091 2133 3143 dari
2181 3092 2349 3145 solent

1143 3166 1200 3200 eo
1232 3152 1315 3203 die
1335 3168 1434 3219 quo
1480 3156 1756 3207 catechesis
1785 3157 2020 3211 habetur.

882 3295 960 3350 Tu
993 3298 1229 3365 quidem,
1264 3299 1579 3357 cbarissime
1609 3302 1705 3366 fili,
1744 3306 2129 3373 gloriosissime
2159 3309 2347 3374 iudex,

813 3394 865 3437 et
890 3387 1138 3453 praefecte
1189 3388 1561 3455 jndiciorum,
1622 3406 1742 3445 eum
1804 3393 2001 3449 Davidc
2075 3398 2347 3464 psallens:

812 3472 1082 3543 Interroga
1112 3487 1313 3542 patrem
1347 3487 1516 3540 tuum,
1548 3495 1608 3533 ac
1646 3482 1789 3535 dicet
1840 3486 1931 3536 tibi
1959 3503 1973 3550 ;
2006 3488 2246 3556 seniores
2278 3498 2350 3551 te,

815 3576 877 3613 ac
900 3564 1283 3615 reuuutiabunt
1311 3566 1405 3616 tibi
1432 3582 1446 3629 ;
1494 3579 1637 3620 recte
1675 3584 1997 3638 cognoscere
2012 3576 2257 3641 cupivisti
2286 3591 2349 3629 ex

813 3650 987 3711 nobis,
1028 3664 1132 3717 qua
1162 3650 1226 3703 de
1255 3665 1415 3705 causa
1438 3654 1552 3706 dari
1583 3660 1779 3724 populo
1800 3661 2007 3713 soleant
2037 3676 2066 3713 a
2090 3664 2352 3731 cujusque

814 3740 1074 3802 temporis
1130 3740 1485 3795 sanctissimis
1542 3745 1863 3811 patriarchis
1921 3749 2171 3813 incensa,
2230 3762 2353 3819 post

814 3824 1048 3877 habitam
1110 3829 1440 3885 catecliesin.
1490 3831 1601 3900 Ego
1664 3850 1790 3888 vero
1858 3836 1999 3892 faces
2052 3838 2353 3897 amictionis

814 3910 1066 3966 hauriens
1103 3914 1155 3967 in
1184 3916 1393 3980 exsilio,
1425 3922 1721 3973 cunctabar
1757 3923 2014 3979 hactenus
2043 3926 2093 3979 in
2128 3944 2352 3995 respono

813 4002 1008 4055 dendo.
1062 4002 1164 4056 Sed
1217 4007 1470 4072 quoniam
1528 4010 1708 4064 cuivis
1764 4016 1981 4079 petenti,
2032 4023 2083 4067 et
2144 4033 2351 4085 semper

814 4090 1049 4156 quidem,
1104 4101 1211 4144 tam
1274 4094 1479 4162 lingua,
1538 4114 1699 4165 quam
1766 4117 1925 4155 manu
1978 4105 2107 4157 dare
2162 4108 2353 4162 debere

813 4178 1012 4244 didici,
1067 4181 1179 4234 hac
1225 4182 1291 4235 ad
1349 4186 1823 4257 interrOgationem
1867 4207 1930 4245 ex
1994 4201 2228 4262 tempore
2271 4211 2353 4249 re-

813 4270 1072 4335 spondeo.

884 4356 1248 4411 Celsissimam
1310 4373 1589 4413 sacrorum
1668 4362 2048 4431 imperatorum
2122 4370 2355 4423 circum~

815 4446 1168 4511 spectiouem,
1201 4455 1253 4500 et
1279 4452 1717 4515 patriarcharum
1754 4455 2185 4522 amplitudinem,
2217 4461 2355 4513 inter

814 4533 917 4583 alia
973 4531 1265 4589 reddebant
1321 4538 1448 4590 olim
1508 4542 1872 4607 augustiorem
1927 4545 2091 4595 etiam
2164 4560 2355 4599 annua

814 4635 973 4688 rogat,
1037 4637 1099 4676 ac
1150 4624 1392 4679 baiorum
1430 4629 1764 4696 largitiones.
1816 4629 2023 4700 Quippe
2096 4634 2355 4688 sedebant

814 4709 972 4761 annis
1020 4709 1245 4777 singulis
1295 4714 1559 4783 cujusque
1620 4717 1877 4783 temporis
1932 4720 2246 4787 patriarchae
2293 4737 2354 4777 ac

816 4794 1184 4863 imperatores,
1248 4808 1301 4851 ct
1334 4816 1426 4868 per
1477 4804 1588 4857 haec
1629 4805 1877 4861 subditos
1917 4807 1981 4860 ad
2029 4807 2354 4861 benevolen-

817 4884 944 4934 tiam
996 4886 1312 4940 invitabant.
1342 4887 1497 4941 Novit
1552 4892 1652 4945 hoc
1681 4903 1889 4957 patrum
1922 4898 2350 4963 conscriptorum

818 4972 1183 5038 amplissimus
1208 4976 1360 5039 ordo,
1395 4991 1455 5028 ac
1503 4978 1749 5034 fortassis
1780 4983 1937 5033 etiam
1967 4984 2228 5044 nonnulli,
2260 4986 2351 5052 qui

819 5058 919 5114 hac
948 5070 1104 5114 atate
1155 5075 1337 5117 nostra
1382 5065 1587 5117 vivunt.
1615 5067 1733 5119 Non
1774 5069 1913 5120 enim
1948 5079 2071 5122 ante
2115 5078 2352 5137 tempora

819 5147 1053 5203 Euclidis
1107 5153 1311 5216 prodita
1360 5160 1486 5207 sunt
1548 5156 1740 5221 gerris,
1802 5170 1896 5209 nec
1969 5159 2351 5210 somniantium

820 5240 1117 5291 vetularnm
1162 5240 1367 5293 fabellae
1418 5252 1543 5295 sunt
1578 5261 1591 5295 :
1639 5246 1730 5297 sed
1767 5260 1935 5312 usque
1967 5245 2031 5297 ad
2072 5248 2351 5314 imperium

819 5327 1021 5380 domini
1072 5327 1410 5383 Constantini
1468 5330 1621 5386 Ducze
1680 5333 1893 5385 duravit
1948 5344 2204 5401 angustus
2268 5339 2355 5389 ille

822 5433 940 5470 mos
968 5428 1074 5469 tam
1130 5420 1181 5471 in
1210 5420 1378 5484 ipsius
1417 5419 1526 5483 Dei,
1565 5437 1722 5485 quam
1776 5423 2155 5489 imperatorum
2190 5429 2350 5490 regia,

820 5515 873 5559 et
906 5508 1126 5560 omnino
1160 5508 1355 5561 bonum
1388 5509 1488 5561 hoc
1528 5509 1593 5561 ad
1636 5524 1732 5562 nos
1764 5525 1975 5577 quoque
2006 5520 2351 5579 propagatum

823 5596 939 5658 fuit,
996 5613 1025 5651 a
1073 5599 1365 5661 maioribus
1415 5598 1478 5651 ad
1528 5608 1770 5665 nepotes,
1816 5615 1841 5651 a
1899 5605 2241 5669 generatione
2288 5600 2351 5653 ad

2448 593 2551 626 νων
2608 579 2703 643 μὲν
2754 575 3165 642 καταψηφιεῖται
3216 572 3441 640 σχολὴν,
3496 571 3591 623 καὶ
3632 571 3804 621 ταῦτα
3856 572 3997 639 μηδι

2448 664 2834 730 ἀναιρεθέντων
2890 664 3066 731 ῥητῶς
3121 661 3223 713 ὑπὸ
3261 660 3351 711 τοῦ
3406 662 3670 728 παρόντος
3705 660 3997 711 συνοδικοῦ

2451 750 2858 818 σημειώματος·
2888 753 2954 801 τὰ
2978 749 3032 800 δὲ
3063 751 3118 800 ὲν
3147 749 3319 816 τούτῳ
3366 750 3748 815 περιεχόμενα,
3784 764 4001 799 κανονι-

2450 841 2560 899 κοίς
2588 839 2677 889 καὶ
2704 839 2951 905 νομίμοις
2978 836 3225 899 ἐξισώσει
3249 837 3589 904 διδάγμασιν.
3628 836 3877 903 ’Δφορῶν
3908 833 4000 889 οὖν

2449 927 2525 985 εἰς
2555 926 2643 975 τδν
2670 927 2765 991 τῆς
2806 926 3037 985 πίστεως
3083 925 3321 992 ἀρχηγὸν
3345 925 3435 975 καὶ
3468 924 3759 990 τελειωτὴν
3793 924 4002 989 Κύριον

2450 1012 2543 1062 καὶ
2589 1011 2720 1061 Θεὸν
2762 1011 2918 1077 ήμῶν
2971 1012 3174 1077 Ἰησοῦν
3217 1012 3465 1079 Χριστὸν,
3498 1012 3640 1076 λέγω
3668 1013 3762 1062 καὶ
3803 1011 3998 1072 αὖθις·

2450 1099 2524 1157 ὡς
2549 1099 2666 1149 ἐπεὶ
2697 1101 2723 1149 ὁ
2748 1099 2915 1165 μέγας
2951 1099 3156 1158 Παῦλός
3208 1114 3389 1163 φησιν·
3432 1100 3492 1151 Ἠ
3522 1098 3677 1165 γυνὴ
3712 1098 3823 1149 τοῦ
3847 1098 4002 1149 ιόἰου

2449 1183 2715 1249 σώματος
2748 1185 2856 1234 οὐκ
2884 1182 3227 1244 ἐξουσιάζει,
3251 1184 3385 1235 ἀλλ’
3418 1187 3450 1236 ό
3477 1185 3629 1249 ἀνήρ
3648 1199 3663 1212 '
3691 1185 3913 1249 ὁμοίως
3942 1183 4004 1234 δὲ

2451 1273 2544 1322 καί
2574 1274 2605 1322 ό
2638 1270 2790 1336 ἀνὴρ
2847 1270 2950 1322 τοῦ
2999 1269 3147 1322 ιδίου
3171 1270 3439 1336 σώματος
3484 1273 3596 1322 οὑκ
3645 1270 4002 1331 ἐξουσιάζει.

2449 1359 2582 1412 ἀλλ’
2621 1359 2657 1422 ἡ
2700 1358 2876 1424 γυνή.
2926 1358 2989 1408 Οί
3026 1358 3081 1409 δὲ
3130 1357 3260 1408 θεῖοι
3302 1359 3393 1409 καὶ
3445 1358 3578 1424 ίεροὶ
3634 1358 3863 1417 κανόνες
3916 1357 4004 1407 καὶ

2450 1447 2601 1514 τόμοι
2642 1446 2729 1497 τὸν
2769 1446 2905 1512 μετὰ
2934 1446 3103 1513 χήρας
3139 1445 3389 1513 γαμικῶς
3414 1446 3751 1510 συναφθέντα
3784 1446 3997 1510 λογιζό-

2454 1555 2601 1607 μενοι
2633 1538 2880 1603 δίγαμὶον,
2928 1539 3006 1597 είς
3040 1536 3491 1604 ἐκκλησιαστικὸν
3525 1536 3737 1603 βαθμὸν
3774 1538 3883 1588 οὐκ
3917 1538 4003 1587 sb-

2450 1627 2693 1678 δοκοῦσιν
2740 1627 2929 1686 ἐλθεῖν.
2985 1627 3097 1678 ἀλλ’
3151 1627 3269 1677 οὐδὲ
3317 1628 3414 1695 τὴν
3453 1628 3545 1679 τοῦ
3582 1628 4002 1695 τελευτήσαντος

2456 1716 2643 1781 ἱερέως
2710 1714 2971 1781 δμόζυγον
3053 1716 3519 1783 δευτερογαμῆσαι
3586 1715 4001 1783 παραχωροῦσι,

2457 1802 2671 1861 πάντως
2719 1802 2805 1852 διὰ
2858 1802 2955 1868 τὴν
3008 1802 3309 1869 ταυτότητα
3338 1802 3443 1853 τῶν
3503 1804 3776 1869 σωμάτων
3807 1803 4003 1865 αὐτῶν,

2456 1887 2633 1949 καθὼς
2663 1889 2727 1940 τὰ
2762 1890 2890 1956 περὶ
2944 1888 3131 1940 τούτου
3186 1888 3510 1957 παρίσταται
3552 1891 3617 1941 ἐκ
3660 1890 3759 1941 τοῦ
3804 1891 3892 1941 λα’
3921 1890 4001 1941 καὶ

2454 1977 2530 2044 λβ¹
2562 1976 2876 2043 κεφαλαίου,
2921 1977 3013 2029 τοῦ
3074 1976 3285 2045 πρώτου
3321 1978 3521 2040 τίτλου,
3571 1979 3664 2030 τοῦ
3720 1984 3774 2043 γ’
3802 1978 4002 2047 βιϐλίου

2454 2068 2560 2119 τῶν
2592 2066 2908 2131 Βασιλικῶν,
2939 2069 3029 2119 καὶ
3063 2068 3153 2119 τοῦ
3189 2069 3268 2135 μδ¹
3306 2069 3525 2130 κανόνος
3560 2069 3653 2119 τοῦ
3698 2070 3864 2135 ἁγίου
3903 2071 4001 2121 Βα-

2456 2156 2672 2217 σιλείου,
2725 2156 2967 2221 λέγοντος
3019 2158 3147 2224 περὶ
3190 2156 3249 2207 τὸ
3301 2156 3471 2218 τέλος·
3533 2157 3724 2224 Ἡμεῖς
3768 2153 3867 2209 οὖν
3913 2160 4001 2224 τῆς

2453 2244 2696 2295 διακόνου
2724 2245 2780 2295 τὸ
2811 2244 2987 2311 σῶμα,
3007 2245 3081 2304 ὡς
3112 2245 3542 2313 καθιερωμένης,
3573 2245 3756 2297 οὐκέτι
3787 2246 4004 2315 ἔπιτρὲ-

2454 2347 2625 2397 πομεν
2664 2335 2719 2382 ἐν
2761 2334 2947 2401 χρήσει
2981 2329 3119 2383 εἶναι
3171 2336 3432 2401 σαρκικῇ·
3467 2333 3811 2399 διαγινώσκω
3844 2351 4001 2385 atavo-

2452 2421 2596 2472 νικὺν
2646 2417 2784 2473 εἷναι
2835 2422 2923 2472 καὶ
2965 2422 3213 2489 νόμιμον,
3276 2422 3334 2472 τὸ
3390 2422 3525 2489 μετὰ
3581 2422 3870 2484 αὑθεντίας
3912 2426 4004 2473 ὲκ-

2452 2510 2836 2576 κλησιαστικῆς
2887 2509 3183 2561 κωλύεσθαι
3232 2510 3319 2561 τὸν
3375 2510 3533 2561 αὑτὸν
3593 2512 3684 2563 καὶ
3741 2512 3837 2561 ἶνα
3884 2512 4006 2562 δυσὶ

2450 2597 2844 2663 δισεξαδέλφαις
2885 2600 3282 2663 συνάπτεσθαι,
3338 2601 3428 2651 καὶ
3474 2601 3534 2651 τὸ
3573 2600 3871 2651 ἀνάπαλιν·
3913 2603 4006 2652 καὶ

2455 2686 2500 2735 εἰ
2530 2685 2675 2736 λάθοι
2700 2686 2944 2751 γενέσθαι
2973 2687 3207 2737 τοιοῦτόν
3230 2704 3301 2746 τι,
3331 2689 3626 2749 σπουδαίως
3645 2690 4004 2751 διασπᾶσθαι,

2458 2773 2548 2823 καὶ
2577 2773 2688 2839 μετ’
2712 2772 2981 2840 ἐπιτιμίου
3009 2771 3359 2840 διορθοῦσθαι.

3022 2964 3155 3014 ΤΟΥ
3193 2964 3420 3016 ΑΥΤΟΥ

2380 3048 2423 3107 C
2468 3072 2811 3150 Ἐπιστολὴ,
2865 3072 3055 3150 χάριν.
3088 3073 3203 3125 τῶν
3237 3073 3557 3150 διδομένων
3616 3074 4007 3150 ᾂυμισμὰτων

2522 3140 2678 3205 παρὰ
2705 3140 2809 3212 τοῦ
2849 3143 3229 3209 πατριάρχου,
3270 3143 3417 3194 κατὰ
3462 3142 3574 3209 τὴν
3616 3140 3843 3211 ἡμέραν
3893 3146 4006 3212 τῆς

2521 3208 2922 3274 κατηχήσεως.

2522 3298 2592 3349 Σὺ
2673 3298 2791 3364 μὲν,
2868 3295 3187 3363 τριπόθητον
3266 3297 3470 3362 τέκνον,
3530 3299 3989 3367 μεγαλοδοξότατε

2452 3384 2628 3455 κριτὰ,
2688 3385 2778 3435 καὶ
2826 3383 2943 3449 ἐπὶ,
2974 3382 3079 3433 τῶν
3136 3384 3365 3451 κρίσεων
3396 3425 3411 3449 ,
3462 3386 3672 3452 ψάλλων
3721 3392 3862 3454 μετὰ
3900 3391 3995 3441 τοῦ

2454 3474 2793 3541 θεοπάτορος,
2868 3471 3167 3541 Ἐρὼτησον
3214 3477 3305 3524 τὸν
3350 3473 3555 3541 πατέρα
3605 3491 3719 3533 σου.
3760 3479 3853 3527 καὶ
3888 3480 4009 3544 ἐρεῖ

2455 3576 2554 3621 σοι,
2586 3561 2707 3619 τοὺς
2754 3559 3147 3627 πρεσϐυτέρους
3203 3577 3293 3611 σου
3344 3564 3434 3613 καὶ
3468 3563 3833 3627 ἀπαγγελοῦσι
3889 3582 4001 3617 σοι·

2454 3648 2628 3708 καλῶς
2663 3649 2925 3717 ἐζήτησας
2954 3648 3141 3715 μαθεῖν
3172 3648 3229 3711 ἐξ
3257 3650 3431 3717 ήμῶν,
3464 3651 3600 3707 τίνος
3623 3653 3780 3720 χάριν
3828 3655 4007 3705 δίδον-

2450 3754 2538 3789 ται
2567 3738 2643 3803 τῷ
2667 3736 2779 3805 λαῷ
2809 3738 2955 3804 παρά
2980 3737 3085 3788 τῶν
3122 3737 3257 3790 κατὰ
3287 3741 3506 3809 καιροὺς
3544 3742 3869 3806 ἁγιωτάτων
3899 3760 4007 3795 πα-

2451 3827 2721 3894 τριαρχῶν
2774 3826 2907 3895 μετὰ
2960 3826 3058 3896 τὴν
3108 3828 3399 3895 κατήχησιν
3456 3828 3791 3897 θυμιάματα.
3863 3834 4006 3898 Ἐγὼ

2452 3916 2506 3967 δὲ
2538 3916 2701 3966 πίνων
2722 3917 2943 3983 τρυγίαν
2968 3915 3194 3983 θλίψεως
3236 3916 3537 3985 ὑπερόριον,
3596 3917 3802 3969 ὤκνουν
3868 3923 4005 3987 πρὸς

2453 4005 2547 4073 τὴν
2571 4007 2877 4074 ἀπόκρισιν.
2935 4005 3084 4056 Ἐπεὶ
3137 4005 3191 4056 δὲ
3244 4004 3402 4056 παντὶ
3458 4006 3533 4074 τῷ
3586 4006 3844 4071 αίτοῦντι,
3909 4011 4007 4062 καὶ

2456 4096 2699 4156 πάντοτε,
2737 4093 2831 4145 καὶ
2856 4094 3065 4165 γλώττῃ
3098 4096 3189 4145 καὶ
3215 4096 3355 4163 χειρὶ
3377 4094 3605 4161 ὀφείλειν
3656 4096 3856 4147 διδόναι
3905 4115 4005 4164 με-

2457 4184 2693 4252 μάθηκα,
2726 4183 2981 4252 σχεδιάζω
3003 4200 3083 4234 σοι
3118 4182 3285 4236 ταῦτα
3322 4183 3453 4251 πρὸς
3490 4183 3583 4252 τὴν
3613 4184 3907 4251 ιρὼτησιν.

2378 4353 2426 4410 Ι)
2520 4364 2627 4429 Τὴν
2654 4362 2985 4431 ὑψηλοτάτην
3007 4363 3111 4414 τῶν
3141 4361 3297 4413 θείων
3337 4360 3752 4426 αὐτοκρατόρων
3802 4378 4002 4427 περιω-

2456 4453 2579 4520 πὴν,
2616 4453 2706 4502 καὶ
2732 4451 2835 4501 τῶν
2864 4449 3212 4518 πατριαρχῶν
3250 4453 3347 4514 τὴν
3402 4449 3820 4516 μεγαλειότητα,
3866 4452 4000 4517 μετὰ

2454 4539 2559 4588 τῶν
2599 4538 2768 4590 ἄλλων
2813 4537 3067 4604 ὲσέμνουν
3109 4538 3200 4587 καὶ
3254 4536 3457 4601 ἐτήσιοι
3512 4536 3662 4602 ῥόγαι
3716 4538 3873 4597 ποτε,
3912 4538 4001 4588 καὶ

2457 4630 2622 4697 βαῖων
2676 4629 3100 4696 φιλοτιμήματα.
3165 4624 3455 4691 Ἐκὰθηντο
3509 4626 3614 4691 γὰρ
3672 4626 3910 4692 ἑτησίως
3952 4626 3998 4677 ei

2454 4718 2591 4769 κατά
2613 4717 2829 4784 καιροὺς
2856 4713 3295 4784 πατριάρχαικαὶ
3333 4712 3587 4778 βασιλεῖς,
3637 4712 3731 4763 καὶ
3768 4730 3997 4779 μετεκαο

2452 4803 2637 4854 λοῦντο
2669 4804 2792 4864 τοὺς
2856 4802 3125 4870 ὑπηκόους
3164 4799 3251 4851 διὰ
3302 4798 3502 4849 τούτων
3569 4799 3702 4867 πρὸς
3762 4800 3993 4851 εὔνοιαν.

2454 4888 2571 4943 Οἵδε
2597 4890 2763 4942 ταῦτα
2782 4890 2879 4951 τῆς
2904 4889 3196 4957 συγκλήτου
3228 4888 3416 4955 βουλῆς
3438 4888 3495 4936 τὸ
3532 4888 3850 4954 ὑπέρτατον,
3870 4890 3994 4949 ἴσως

2451 4980 2503 5031 δὲ
2535 4982 2624 5031 καί
2652 4997 2794 5040 τινες
2824 4979 2928 5031 τῶν
2949 4980 3044 5047 τῆς
3072 4978 3189 5030 καθ’
3240 4979 3383 5046 ἡμᾶς
3431 4979 3641 5043 γενεᾶς.
3691 4980 3828 5030 Οὐδὲ
3861 4982 3991 5045 ’γὰρ

2457 5069 2553 5132 πρὸ
2644 5067 2923 5119 Εὐκλείδου
2978 5066 3462 5133 μεμυθολόγηνται,
3539 5062 3655 5115 οὐδὲ
3733 5066 3989 5131 γραίδίων

2453 5157 2597 5207 ἐστὶν
2628 5153 3101 5223 όνειροπολούντων
3142 5153 3433 5219 λογὺδρια·
3492 5153 3625 5203 ἀλλὰ
3679 5152 3842 5219 μέχρι
3896 5151 3991 5218 τῆς

2456 5244 2727 5313 βασιλείας
2759 5242 2849 5294 τοῦ
2883 5243 3057 5293 Δούκα
3088 5241 3251 5309 κυροῦ
3280 5241 3682 5292 Κωνσταντίνου
3727 5242 3819 5292 καὶ
3859 5242 3988 5289 ταύ-

2452 5349 2551 5400 την
2578 5327 2719 5399 εἶχον
2758 5330 2853 5398 τὴν
2876 5329 3304 5397 σεμνοπρέπειαν
3333 5330 3397 5379 τὰ
3419 5328 3511 5379 τοῦ
3543 5328 3675 5378 Θεοῦ
3744 5327 3834 5378 καὶ
3887 5327 3989 5377 τῶν

2456 5423 2715 5490 βασιλέων
2746 5422 3038 5485 ἀνάκτορα,
3068 5421 3156 5469 καὶ
3181 5418 3394 5477 πάντως
3428 5418 3644 5481 γέγονεν
3663 5414 3805 5468 aut:
3834 5416 3989 5467 καλὸν

2456 5511 2591 5575 πρὸς
2614 5511 2759 5575 ἡμᾶς
2797 5507 3182 5572 διαδόσιμονὲκ
3206 5506 3480 5572 προγόνων
3518 5505 3595 5565 εἰς
3627 5504 3840 5562 παῖδας.
3901 5503 3989 5551 καὶ

2454 5600 2517 5651 ιιι
2545 5598 2712 5665 φυλῆς
2752 5601 2823 5657 εἰς
2856 5597 3021 5663 φυλὴν
3068 5595 3516 5663 πτερυεσόμενον.
3564 5594 3622 5645 Εἰ
3674 5593 3740 5655 δ’,
3765 5594 3899 5655 ὅπερ
3928 5592 3986 5641 οὐ
