  <div class='ocr_page' id='page_1' title='image "/cluster/home/n/w/nwhite01/storage/ocr_20150623/138/nnc1.0046980083/550.png"; bbox 0 0 4214 6450; ppageno 0'>
   <div class='ocr_carea' id='block_1_1' title="bbox 245 399 391 463">
    <p class='ocr_par' dir='ltr' id='par_1_1' title="bbox 245 399 391 463">
     <span class='ocr_line' id='line_1_1' title="bbox 245 399 391 463; baseline 0.027 -4"><span class='ocrx_word' id='word_1_1' title='bbox 245 399 391 463; x_wconf 81' lang='lat'><strong>1065</strong></span> 
     </span>
    </p>
   </div>
   <div class='ocr_carea' id='block_1_2' title="bbox 239 528 1681 614">
    <p class='ocr_par' dir='ltr' id='par_1_2' title="bbox 239 528 1681 614">
     <span class='ocr_line' id='line_1_2' title="bbox 239 528 1681 614; baseline 0.017 -37"><span class='ocrx_word' id='word_1_2' title='bbox 239 528 563 596; x_wconf 73' lang='grc' dir='ltr'><strong>πέπεισμαι,</strong></span> <span class='ocrx_word' id='word_1_3' title='bbox 584 531 676 581; x_wconf 83' lang='grc' dir='ltr'>καὶ</span> <span class='ocrx_word' id='word_1_4' title='bbox 701 532 856 585; x_wconf 80' lang='grc' dir='ltr'>τοῦτο</span> <span class='ocrx_word' id='word_1_5' title='bbox 885 534 1049 603; x_wconf 73' lang='grc' dir='ltr'>λήθης</span> <span class='ocrx_word' id='word_1_6' title='bbox 1075 538 1219 608; x_wconf 80' lang='grc' dir='ltr'><strong>βυθῷ</strong></span> <span class='ocrx_word' id='word_1_7' title='bbox 1250 546 1681 614; x_wconf 77' lang='grc' dir='ltr'>κατακέχωσται,</span> 
     </span>
    </p>
   </div>
   <div class='ocr_carea' id='block_1_3' title="bbox 238 617 1797 702">
    <p class='ocr_par' dir='ltr' id='par_1_3' title="bbox 238 617 1797 702">
     <span class='ocr_line' id='line_1_3' title="bbox 238 617 1797 702; baseline 0.017 -36"><span class='ocrx_word' id='word_1_8' title='bbox 238 617 549 679; x_wconf 78' lang='grc' dir='ltr'><strong>Κασταλίας</strong></span> <span class='ocrx_word' id='word_1_9' title='bbox 582 618 722 688; x_wconf 77' lang='grc' dir='ltr'>ὕδωρ</span> <span class='ocrx_word' id='word_1_10' title='bbox 746 623 1063 691; x_wconf 70' lang='grc' dir='ltr'><strong>εὐχάριστον</strong></span> <span class='ocrx_word' id='word_1_11' title='bbox 1100 628 1209 678; x_wconf 85' lang='grc' dir='ltr'><strong>τῶν</strong></span> <span class='ocrx_word' id='word_1_12' title='bbox 1266 632 1384 683; x_wconf 85' lang='grc' dir='ltr'>τότε</span> <span class='ocrx_word' id='word_1_13' title='bbox 1454 639 1797 702; x_wconf 71' lang='grc' dir='ltr'><strong>κρατούντων</strong></span> 
     </span>
    </p>
   </div>
   <div class='ocr_carea' id='block_1_4' title="bbox 234 705 1800 795">
    <p class='ocr_par' dir='ltr' id='par_1_4' title="bbox 234 705 1800 795">
     <span class='ocr_line' id='line_1_4' title="bbox 234 705 1800 795; baseline 0.017 -40"><span class='ocrx_word' id='word_1_14' title='bbox 234 705 293 755; x_wconf 76' lang='grc' dir='ltr'>οὐ</span> <span class='ocrx_word' id='word_1_15' title='bbox 319 705 579 774; x_wconf 80' lang='grc' dir='ltr'><strong>κηρύττει</strong></span> <span class='ocrx_word' id='word_1_16' title='bbox 608 709 705 777; x_wconf 71' lang='grc' dir='ltr'>τὴν</span> <span class='ocrx_word' id='word_1_17' title='bbox 742 713 1010 778; x_wconf 71' lang='grc' dir='ltr'>πρόνοιαν,</span> <span class='ocrx_word' id='word_1_18' title='bbox 1051 715 1183 768; x_wconf 75' lang='grc' dir='ltr'>ἀλλὰ</span> <span class='ocrx_word' id='word_1_19' title='bbox 1244 720 1553 791; x_wconf 79' lang='grc' dir='ltr'>μεμσράναι</span> <span class='ocrx_word' id='word_1_20' title='bbox 1606 726 1800 795; x_wconf 75' lang='grc' dir='ltr'>βίϐλων</span> 
     </span>
    </p>
   </div>
   <div class='ocr_carea' id='block_1_5' title="bbox 238 792 1802 883">
    <p class='ocr_par' dir='ltr' id='par_1_5' title="bbox 238 792 1802 883">
     <span class='ocr_line' id='line_1_5' title="bbox 238 792 1802 883; baseline 0.019 -41"><span class='ocrx_word' id='word_1_21' title='bbox 238 792 548 862; x_wconf 82' lang='grc' dir='ltr'>ίστορικῶν,</span> <span class='ocrx_word' id='word_1_22' title='bbox 581 799 670 849; x_wconf 80' lang='grc' dir='ltr'>καὶ</span> <span class='ocrx_word' id='word_1_23' title='bbox 734 804 1045 867; x_wconf 73' lang='grc' dir='ltr'>συγγραφαὶ</span> <span class='ocrx_word' id='word_1_24' title='bbox 1098 808 1376 859; x_wconf 80' lang='grc' dir='ltr'><strong>τακτικῶν</strong></span> <span class='ocrx_word' id='word_1_25' title='bbox 1426 813 1802 883; x_wconf 79' lang='grc' dir='ltr'>ἀνακτορικῶν</span> 
     </span>
    </p>
   </div>
   <div class='ocr_carea' id='block_1_6' title="bbox 236 882 1801 965">
    <p class='ocr_par' dir='ltr' id='par_1_6' title="bbox 236 882 1801 965">
     <span class='ocr_line' id='line_1_6' title="bbox 236 882 1801 965; baseline 0.017 -34"><span class='ocrx_word' id='word_1_26' title='bbox 236 882 590 949; x_wconf 83' lang='grc' dir='ltr'>κεκράξονται</span> <span class='ocrx_word' id='word_1_27' title='bbox 628 888 769 939; x_wconf 76' lang='grc' dir='ltr'>κατὰ</span> <span class='ocrx_word' id='word_1_28' title='bbox 805 888 1090 959; x_wconf 86' lang='grc' dir='ltr'>Στέντορα.</span> <span class='ocrx_word' id='word_1_29' title='bbox 1126 894 1232 945; x_wconf 77' lang='grc' dir='ltr'><strong>Καὶ</strong></span> <span class='ocrx_word' id='word_1_30' title='bbox 1259 898 1321 949; x_wconf 83' lang='grc' dir='ltr'>σὺ</span> <span class='ocrx_word' id='word_1_31' title='bbox 1361 899 1416 949; x_wconf 74' lang='grc' dir='ltr'><strong>δὲ.</strong></span> <span class='ocrx_word' id='word_1_32' title='bbox 1449 882 1648 965; x_wconf 77' lang='grc' dir='ltr'>παντὸς</span> <span class='ocrx_word' id='word_1_33' title='bbox 1671 922 1801 957; x_wconf 87' lang='grc' dir='ltr'>συν-</span> 
     </span>
    </p>
   </div>
   <div class='ocr_carea' id='block_1_7' title="bbox 234 970 1797 1059">
    <p class='ocr_par' dir='ltr' id='par_1_7' title="bbox 234 970 1797 1059">
     <span class='ocr_line' id='line_1_7' title="bbox 234 970 1797 1059; baseline 0.017 -40"><span class='ocrx_word' id='word_1_34' title='bbox 234 970 510 1038; x_wconf 75' lang='grc' dir='ltr'>τάγματος</span> <span class='ocrx_word' id='word_1_35' title='bbox 534 973 752 1040; x_wconf 84' lang='grc' dir='ltr'>λογικοῦ</span> <span class='ocrx_word' id='word_1_36' title='bbox 798 978 965 1031; x_wconf 81' lang='grc' dir='ltr'>τελῶν</span> <span class='ocrx_word' id='word_1_37' title='bbox 1030 982 1315 1051; x_wconf 74' lang='grc' dir='ltr'>ὐφηγητὴς</span> <span class='ocrx_word' id='word_1_38' title='bbox 1363 991 1797 1059; x_wconf 77' lang='grc' dir='ltr'>νουνεχέστατος,</span> 
     </span>
    </p>
   </div>
   <div class='ocr_carea' id='block_1_8' title="bbox 234 1060 1799 1151">
    <p class='ocr_par' dir='ltr' id='par_1_8' title="bbox 234 1060 1799 1151">
     <span class='ocr_line' id='line_1_8' title="bbox 234 1060 1799 1151; baseline 0.018 -42"><span class='ocrx_word' id='word_1_39' title='bbox 234 1060 338 1111; x_wconf 75' lang='grc' dir='ltr'>κάν</span> <span class='ocrx_word' id='word_1_40' title='bbox 372 1065 543 1130; x_wconf 83' lang='grc' dir='ltr'>τούτῳ</span> <span class='ocrx_word' id='word_1_41' title='bbox 570 1066 647 1131; x_wconf 84' lang='grc' dir='ltr'>τῷ</span> <span class='ocrx_word' id='word_1_42' title='bbox 667 1068 942 1136; x_wconf 79' lang='grc' dir='ltr'><strong>σπουδαίῳ</strong></span> <span class='ocrx_word' id='word_1_43' title='bbox 982 1071 1327 1141; x_wconf 73' lang='grc' dir='ltr'>προϐλήματι</span> <span class='ocrx_word' id='word_1_44' title='bbox 1386 1078 1799 1151; x_wconf 79' lang='grc' dir='ltr'>πλεονεκτήσεις</span> 
     </span>
    </p>
   </div>
   <div class='ocr_carea' id='block_1_9' title="bbox 238 1148 1799 1231">
    <p class='ocr_par' dir='ltr' id='par_1_9' title="bbox 238 1148 1799 1231">
     <span class='ocr_line' id='line_1_9' title="bbox 238 1148 1799 1231; baseline 0.017 -34"><span class='ocrx_word' id='word_1_45' title='bbox 238 1148 486 1210; x_wconf 83' lang='grc' dir='ltr'>πολλοὺς,</span> <span class='ocrx_word' id='word_1_46' title='bbox 520 1152 613 1203; x_wconf 88' lang='grc' dir='ltr'><strong>καί</strong></span> <span class='ocrx_word' id='word_1_47' title='bbox 646 1170 734 1220; x_wconf 89' lang='grc' dir='ltr'><strong>μοι</strong></span> <span class='ocrx_word' id='word_1_48' title='bbox 762 1155 1120 1227; x_wconf 78' lang='grc' dir='ltr'>συλλαλήσεις</span> <span class='ocrx_word' id='word_1_49' title='bbox 1136 1160 1213 1228; x_wconf 83' lang='grc' dir='ltr'>τῷ</span> <span class='ocrx_word' id='word_1_50' title='bbox 1244 1164 1483 1231; x_wconf 75' lang='grc' dir='ltr'>γέροντι.</span> <span class='ocrx_word' id='word_1_51' title='bbox 1531 1148 1686 1221; x_wconf 79' lang='grc' dir='ltr'><strong>Ἀλλᾶ</strong></span> <span class='ocrx_word' id='word_1_52' title='bbox 1705 1172 1799 1226; x_wconf 81' lang='grc' dir='ltr'>καὶ</span> 
     </span>
    </p>
   </div>
   <div class='ocr_carea' id='block_1_10' title="bbox 233 1238 1797 1330">
    <p class='ocr_par' dir='ltr' id='par_1_10' title="bbox 233 1238 1797 1330">
     <span class='ocr_line' id='line_1_10' title="bbox 233 1238 1797 1330; baseline 0.017 -42"><span class='ocrx_word' id='word_1_53' title='bbox 233 1238 327 1288; x_wconf 83' lang='grc' dir='ltr'>τοῦ</span> <span class='ocrx_word' id='word_1_54' title='bbox 356 1238 616 1306; x_wconf 84' lang='grc' dir='ltr'>βασιλέως</span> <span class='ocrx_word' id='word_1_55' title='bbox 646 1244 813 1310; x_wconf 86' lang='grc' dir='ltr'>κυροῦ</span> <span class='ocrx_word' id='word_1_56' title='bbox 865 1247 1275 1303; x_wconf 79' lang='grc' dir='ltr'>Κωνσταντίνου</span> <span class='ocrx_word' id='word_1_57' title='bbox 1324 1255 1416 1305; x_wconf 81' lang='grc' dir='ltr'>τοῦ</span> <span class='ocrx_word' id='word_1_58' title='bbox 1477 1259 1797 1330; x_wconf 81' lang='grc' dir='ltr'>Μονομάχου</span> 
     </span>
    </p>
   </div>
   <div class='ocr_carea' id='block_1_11' title="bbox 232 1328 1799 1419">
    <p class='ocr_par' dir='ltr' id='par_1_11' title="bbox 232 1328 1799 1419">
     <span class='ocr_line' id='line_1_11' title="bbox 232 1328 1799 1419; baseline 0.018 -42"><span class='ocrx_word' id='word_1_59' title='bbox 232 1329 302 1379; x_wconf 82' lang='grc' dir='ltr'>τὰ</span> <span class='ocrx_word' id='word_1_60' title='bbox 342 1328 752 1386; x_wconf 80' lang='grc' dir='ltr'>θεσπεσιὼτατα</span> <span class='ocrx_word' id='word_1_61' title='bbox 790 1335 1160 1406; x_wconf 83' lang='grc' dir='ltr'>διατάγματα,</span> <span class='ocrx_word' id='word_1_62' title='bbox 1208 1342 1281 1395; x_wconf 81' lang='grc' dir='ltr'>τὰ</span> <span class='ocrx_word' id='word_1_63' title='bbox 1322 1328 1799 1419; x_wconf 71' lang='grc' dir='ltr'>τελισφυρήσαντα</span> 
     </span>
    </p>
   </div>
   <div class='ocr_carea' id='block_1_12' title="bbox 231 1419 1796 1508">
    <p class='ocr_par' dir='ltr' id='par_1_12' title="bbox 231 1419 1796 1508">
     <span class='ocr_line' id='line_1_12' title="bbox 231 1419 1796 1508; baseline 0.016 -39"><span class='ocrx_word' id='word_1_64' title='bbox 231 1419 298 1470; x_wconf 70' lang='grc' dir='ltr'>τὰ</span> <span class='ocrx_word' id='word_1_65' title='bbox 352 1420 581 1489; x_wconf 80' lang='grc' dir='ltr'>όφφίκια</span> <span class='ocrx_word' id='word_1_66' title='bbox 614 1424 705 1476; x_wconf 80' lang='grc' dir='ltr'>τοῦ</span> <span class='ocrx_word' id='word_1_67' title='bbox 734 1425 827 1476; x_wconf 69' lang='grc' dir='ltr'><strong>ἐπὶ</strong></span> <span class='ocrx_word' id='word_1_68' title='bbox 844 1427 951 1479; x_wconf 88' lang='grc' dir='ltr'><strong>τῶν</strong></span> <span class='ocrx_word' id='word_1_69' title='bbox 986 1430 1239 1495; x_wconf 86' lang='grc' dir='ltr'>κρίσεων,</span> <span class='ocrx_word' id='word_1_70' title='bbox 1280 1436 1372 1486; x_wconf 81' lang='grc' dir='ltr'>καὶ</span> <span class='ocrx_word' id='word_1_71' title='bbox 1403 1436 1495 1488; x_wconf 84' lang='grc' dir='ltr'>τοῦ</span> <span class='ocrx_word' id='word_1_72' title='bbox 1558 1441 1796 1508; x_wconf 81' lang='grc' dir='ltr'>νομοφύ-</span> 
     </span>
    </p>
   </div>
   <div class='ocr_carea' id='block_1_13' title="bbox 229 1506 1798 1594">
    <p class='ocr_par' dir='ltr' id='par_1_13' title="bbox 229 1506 1798 1594">
     <span class='ocr_line' id='line_1_13' title="bbox 229 1506 1798 1594; baseline 0.017 -37"><span class='ocrx_word' id='word_1_73' title='bbox 229 1506 895 1582; x_wconf 79' lang='grc' dir='ltr'>λακος,καὶδιοριζόμενα</span> <span class='ocrx_word' id='word_1_74' title='bbox 924 1516 1146 1578; x_wconf 81' lang='grc' dir='ltr'>τούτους</span> <span class='ocrx_word' id='word_1_75' title='bbox 1208 1521 1436 1589; x_wconf 70' lang='grc' dir='ltr'>ἑτησίως</span> <span class='ocrx_word' id='word_1_76' title='bbox 1498 1506 1635 1594; x_wconf 76' lang='grc' dir='ltr'><strong>μετᾶ</strong></span> <span class='ocrx_word' id='word_1_77' title='bbox 1704 1506 1798 1583; x_wconf 79' lang='grc' dir='ltr'>καὶ</span> 
     </span>
    </p>
   </div>
   <div class='ocr_carea' id='block_1_14' title="bbox 228 1596 1794 1689">
    <p class='ocr_par' dir='ltr' id='par_1_14' title="bbox 228 1596 1794 1689">
     <span class='ocr_line' id='line_1_14' title="bbox 228 1596 1794 1689; baseline 0.017 -42"><span class='ocrx_word' id='word_1_78' title='bbox 228 1596 406 1649; x_wconf 74' lang='grc' dir='ltr'>ἄλλων</span> <span class='ocrx_word' id='word_1_79' title='bbox 430 1602 637 1653; x_wconf 81' lang='grc' dir='ltr'>πολλῶν</span> <span class='ocrx_word' id='word_1_80' title='bbox 661 1604 1032 1673; x_wconf 79' lang='grc' dir='ltr'>ἀποφέρεσθαι</span> <span class='ocrx_word' id='word_1_81' title='bbox 1058 1610 1217 1677; x_wconf 82' lang='grc' dir='ltr'>χάριν</span> <span class='ocrx_word' id='word_1_82' title='bbox 1248 1612 1410 1679; x_wconf 81' lang='grc' dir='ltr'>ρόγας</span> <span class='ocrx_word' id='word_1_83' title='bbox 1442 1614 1543 1669; x_wconf 75' lang='grc' dir='ltr'>ἀνὰ</span> <span class='ocrx_word' id='word_1_84' title='bbox 1576 1622 1794 1689; x_wconf 84' lang='grc' dir='ltr'>χρυσίου</span> 
     </span>
    </p>
   </div>
   <div class='ocr_carea' id='block_1_15' title="bbox 226 1688 1795 1768">
    <p class='ocr_par' dir='ltr' id='par_1_15' title="bbox 226 1688 1795 1768">
     <span class='ocr_line' id='line_1_15' title="bbox 226 1688 1795 1768; baseline 0.015 -30"><span class='ocrx_word' id='word_1_85' title='bbox 226 1688 449 1757; x_wconf 81' lang='grc' dir='ltr'>τοσήνδε</span> <span class='ocrx_word' id='word_1_86' title='bbox 474 1694 767 1760; x_wconf 79' lang='grc' dir='ltr'>ποσότητα,</span> <span class='ocrx_word' id='word_1_87' title='bbox 799 1696 890 1746; x_wconf 72' lang='grc' dir='ltr'>καὶ</span> <span class='ocrx_word' id='word_1_88' title='bbox 933 1698 1000 1749; x_wconf 78' lang='grc' dir='ltr'><strong>τὰ</strong></span> <span class='ocrx_word' id='word_1_89' title='bbox 1034 1698 1237 1766; x_wconf 84' lang='grc' dir='ltr'><strong>συνήθη</strong></span> <span class='ocrx_word' id='word_1_90' title='bbox 1293 1700 1441 1768; x_wconf 77' lang='grc' dir='ltr'>βαΐα,</span> <span class='ocrx_word' id='word_1_91' title='bbox 1501 1688 1619 1758; x_wconf 83' lang='grc' dir='ltr'>οὐκ</span> <span class='ocrx_word' id='word_1_92' title='bbox 1659 1712 1795 1760; x_wconf 82' lang='grc' dir='ltr'>είσὶν</span> 
     </span>
    </p>
   </div>
   <div class='ocr_carea' id='block_1_16' title="bbox 226 1776 1789 1866">
    <p class='ocr_par' dir='ltr' id='par_1_16' title="bbox 226 1776 1789 1866">
     <span class='ocr_line' id='line_1_16' title="bbox 226 1776 1789 1866; baseline 0.014 -41"><span class='ocrx_word' id='word_1_93' title='bbox 226 1776 286 1825; x_wconf 73' lang='grc' dir='ltr'>ὲν</span> <span class='ocrx_word' id='word_1_94' title='bbox 326 1776 401 1844; x_wconf 83' lang='grc' dir='ltr'>τῷ</span> <span class='ocrx_word' id='word_1_95' title='bbox 427 1777 659 1847; x_wconf 81' lang='grc' dir='ltr'>οὐρανῷ,</span> <span class='ocrx_word' id='word_1_96' title='bbox 682 1781 802 1833; x_wconf 74' lang='grc' dir='ltr'>οὐδὲ</span> <span class='ocrx_word' id='word_1_97' title='bbox 831 1782 1003 1851; x_wconf 84' lang='grc' dir='ltr'>πέραν</span> <span class='ocrx_word' id='word_1_98' title='bbox 1026 1784 1320 1854; x_wconf 82' lang='grc' dir='ltr'>θαλάσσης.</span> <span class='ocrx_word' id='word_1_99' title='bbox 1361 1790 1445 1849; x_wconf 80' lang='grc' dir='ltr'>ἵνα</span> <span class='ocrx_word' id='word_1_100' title='bbox 1504 1809 1585 1854; x_wconf 86' lang='grc' dir='ltr'><strong>τις</strong></span> <span class='ocrx_word' id='word_1_101' title='bbox 1642 1796 1789 1866; x_wconf 73' lang='grc' dir='ltr'>εἴπῃ,</span> 
     </span>
    </p>
   </div>
   <div class='ocr_carea' id='block_1_17' title="bbox 224 1858 1872 1948">
    <p class='ocr_par' dir='ltr' id='par_1_17' title="bbox 224 1858 1872 1948">
     <span class='ocr_line' id='line_1_17' title="bbox 224 1858 1872 1948; baseline 0.014 -36"><span class='ocrx_word' id='word_1_102' title='bbox 224 1861 321 1923; x_wconf 85' lang='grc' dir='ltr'>Τίς</span> <span class='ocrx_word' id='word_1_103' title='bbox 354 1862 523 1915; x_wconf 82' lang='grc' dir='ltr'>ταῦτα</span> <span class='ocrx_word' id='word_1_104' title='bbox 550 1868 902 1934; x_wconf 80' lang='grc' dir='ltr'>μιτακομίσει</span> <span class='ocrx_word' id='word_1_105' title='bbox 935 1886 1059 1936; x_wconf 73' lang='grc' dir='ltr'>μοι,</span> <span class='ocrx_word' id='word_1_106' title='bbox 1094 1872 1249 1940; x_wconf 83' lang='grc' dir='ltr'>Παρὰ</span> <span class='ocrx_word' id='word_1_107' title='bbox 1280 1874 1335 1925; x_wconf 80' lang='grc' dir='ltr'>δὲ</span> <span class='ocrx_word' id='word_1_108' title='bbox 1384 1880 1449 1945; x_wconf 79' lang='grc' dir='ltr'>τῇ</span> <span class='ocrx_word' id='word_1_109' title='bbox 1495 1882 1634 1946; x_wconf 87' lang='grc' dir='ltr'>χειρί</span> <span class='ocrx_word' id='word_1_110' title='bbox 1680 1858 1793 1948; x_wconf 61' lang='grc' dir='ltr'>σού,</span> <span class='ocrx_word' id='word_1_111' title='bbox 1830 1858 1872 1912; x_wconf 71' lang='grc' dir='ltr'>Β</span> 
     </span>
    </p>
   </div>
   <div class='ocr_carea' id='block_1_18' title="bbox 223 1949 1796 2027">
    <p class='ocr_par' dir='ltr' id='par_1_18' title="bbox 223 1949 1796 2027">
     <span class='ocr_line' id='line_1_18' title="bbox 223 1949 1796 2027; baseline 0.012 -27"><span class='ocrx_word' id='word_1_112' title='bbox 223 1949 318 2001; x_wconf 72' lang='grc' dir='ltr'>καὶ</span> <span class='ocrx_word' id='word_1_113' title='bbox 344 1952 408 2020; x_wconf 78' lang='grc' dir='ltr'>τῇ</span> <span class='ocrx_word' id='word_1_114' title='bbox 435 1952 628 2022; x_wconf 77' lang='grc' dir='ltr'>καρδίᾳ</span> <span class='ocrx_word' id='word_1_115' title='bbox 660 1970 775 2015; x_wconf 91' lang='grc' dir='ltr'>σου,</span> <span class='ocrx_word' id='word_1_116' title='bbox 835 1956 926 2007; x_wconf 75' lang='grc' dir='ltr'>καὶ</span> <span class='ocrx_word' id='word_1_117' title='bbox 971 1957 1047 2025; x_wconf 87' lang='grc' dir='ltr'>τῷ</span> <span class='ocrx_word' id='word_1_118' title='bbox 1096 1961 1321 2027; x_wconf 90' lang='grc' dir='ltr'>στόματί</span> <span class='ocrx_word' id='word_1_119' title='bbox 1368 1962 1460 2015; x_wconf 89' lang='grc' dir='ltr'><strong>σού</strong></span> <span class='ocrx_word' id='word_1_120' title='bbox 1518 1968 1642 2017; x_wconf 89' lang='grc' dir='ltr'>είσι.</span> <span class='ocrx_word' id='word_1_121' title='bbox 1691 1969 1796 2019; x_wconf 80' lang='grc' dir='ltr'><strong>Καὶ</strong></span> 
     </span>
    </p>
   </div>
   <div class='ocr_carea' id='block_1_19' title="bbox 221 2037 1795 2122">
    <p class='ocr_par' dir='ltr' id='par_1_19' title="bbox 221 2037 1795 2122">
     <span class='ocr_line' id='line_1_19' title="bbox 221 2037 1795 2122; baseline 0.013 -34"><span class='ocrx_word' id='word_1_122' title='bbox 221 2037 441 2100; x_wconf 84' lang='grc' dir='ltr'>πάντως</span> <span class='ocrx_word' id='word_1_123' title='bbox 473 2041 912 2110; x_wconf 84' lang='grc' dir='ltr'>γνωμολογήσεις</span> <span class='ocrx_word' id='word_1_124' title='bbox 952 2045 1016 2097; x_wconf 70' lang='lat' dir='ltr'><strong>lx</strong></span> <span class='ocrx_word' id='word_1_125' title='bbox 1080 2046 1283 2099; x_wconf 89' lang='grc' dir='ltr'>τούτων</span> <span class='ocrx_word' id='word_1_126' title='bbox 1332 2051 1424 2102; x_wconf 83' lang='grc' dir='ltr'>τοῦ</span> <span class='ocrx_word' id='word_1_127' title='bbox 1474 2054 1795 2122; x_wconf 83' lang='grc' dir='ltr'>πράγματος</span> 
     </span>
    </p>
   </div>
   <div class='ocr_carea' id='block_1_20' title="bbox 218 2128 1794 2214">
    <p class='ocr_par' dir='ltr' id='par_1_20' title="bbox 218 2128 1794 2214">
     <span class='ocr_line' id='line_1_20' title="bbox 218 2128 1794 2214; baseline 0.01 -34"><span class='ocrx_word' id='word_1_128' title='bbox 218 2128 319 2195; x_wconf 78' lang='grc' dir='ltr'>τὴν</span> <span class='ocrx_word' id='word_1_129' title='bbox 360 2128 638 2197; x_wconf 79' lang='grc' dir='ltr'>ἀλήθειαν.</span> <span class='ocrx_word' id='word_1_130' title='bbox 671 2131 791 2183; x_wconf 90' lang='grc' dir='ltr'><strong>Τῶν</strong></span> <span class='ocrx_word' id='word_1_131' title='bbox 824 2137 954 2198; x_wconf 81' lang='grc' dir='ltr'>γοῦν</span> <span class='ocrx_word' id='word_1_132' title='bbox 974 2134 1236 2202; x_wconf 81' lang='grc' dir='ltr'>βασιλέων</span> <span class='ocrx_word' id='word_1_133' title='bbox 1264 2140 1353 2190; x_wconf 81' lang='grc' dir='ltr'>καὶ</span> <span class='ocrx_word' id='word_1_134' title='bbox 1384 2140 1490 2192; x_wconf 89' lang='grc' dir='ltr'><strong>τῶν</strong></span> <span class='ocrx_word' id='word_1_135' title='bbox 1522 2159 1794 2214; x_wconf 72' lang='grc' dir='ltr'>πατριαρε-</span> 
     </span>
    </p>
   </div>
   <div class='ocr_carea' id='block_1_21' title="bbox 218 2219 1794 2301">
    <p class='ocr_par' dir='ltr' id='par_1_21' title="bbox 218 2219 1794 2301">
     <span class='ocr_line' id='line_1_21' title="bbox 218 2219 1794 2301; baseline 0.011 -32"><span class='ocrx_word' id='word_1_136' title='bbox 218 2219 334 2286; x_wconf 80' lang='grc' dir='ltr'><strong>χῶν</strong></span> <span class='ocrx_word' id='word_1_137' title='bbox 370 2222 840 2290; x_wconf 77' lang='grc' dir='ltr'>μεγαλυνομένων,</span> <span class='ocrx_word' id='word_1_138' title='bbox 874 2225 948 2286; x_wconf 87' lang='grc' dir='ltr'>ὼς</span> <span class='ocrx_word' id='word_1_139' title='bbox 976 2226 1215 2295; x_wconf 73' lang='grc' dir='ltr'>εἴρηται,</span> <span class='ocrx_word' id='word_1_140' title='bbox 1267 2230 1353 2282; x_wconf 84' lang='grc' dir='ltr'><strong>διὰ</strong></span> <span class='ocrx_word' id='word_1_141' title='bbox 1382 2232 1489 2283; x_wconf 87' lang='grc' dir='ltr'><strong>τῶν</strong></span> <span class='ocrx_word' id='word_1_142' title='bbox 1523 2234 1687 2301; x_wconf 84' lang='grc' dir='ltr'><strong>βαῖων</strong></span> <span class='ocrx_word' id='word_1_143' title='bbox 1703 2235 1794 2289; x_wconf 77' lang='grc' dir='ltr'>καὶ</span> 
     </span>
    </p>
   </div>
   <div class='ocr_carea' id='block_1_22' title="bbox 216 2311 1795 2395">
    <p class='ocr_par' dir='ltr' id='par_1_22' title="bbox 216 2311 1795 2395">
     <span class='ocr_line' id='line_1_22' title="bbox 216 2311 1795 2395; baseline 0.012 -35"><span class='ocrx_word' id='word_1_144' title='bbox 216 2311 330 2361; x_wconf 85' lang='grc' dir='ltr'><strong>τῶν</strong></span> <span class='ocrx_word' id='word_1_145' title='bbox 357 2312 551 2382; x_wconf 81' lang='grc' dir='ltr'>ρογῶν,</span> <span class='ocrx_word' id='word_1_146' title='bbox 590 2313 695 2365; x_wconf 74' lang='grc' dir='ltr'>ἔδει</span> <span class='ocrx_word' id='word_1_147' title='bbox 723 2314 861 2377; x_wconf 82' lang='grc' dir='ltr'>τέως</span> <span class='ocrx_word' id='word_1_148' title='bbox 888 2317 1013 2379; x_wconf 79' lang='grc' dir='ltr'>τοὺς</span> <span class='ocrx_word' id='word_1_149' title='bbox 1046 2321 1387 2389; x_wconf 77' lang='grc' dir='ltr'>πατριάρχας</span> <span class='ocrx_word' id='word_1_150' title='bbox 1420 2325 1541 2385; x_wconf 82' lang='grc' dir='ltr'>τοὺς</span> <span class='ocrx_word' id='word_1_151' title='bbox 1568 2326 1666 2393; x_wconf 78' lang='grc' dir='ltr'><strong>τὴν</strong></span> <span class='ocrx_word' id='word_1_152' title='bbox 1695 2327 1795 2395; x_wconf 78' lang='grc' dir='ltr'><strong>ἀρ·</strong></span> 
     </span>
    </p>
   </div>
   <div class='ocr_carea' id='block_1_23' title="bbox 218 2401 1795 2483">
    <p class='ocr_par' dir='ltr' id='par_1_23' title="bbox 218 2401 1795 2483">
     <span class='ocr_line' id='line_1_23' title="bbox 218 2401 1795 2483; baseline 0.011 -32"><span class='ocrx_word' id='word_1_153' title='bbox 218 2401 383 2466; x_wconf 73' lang='grc' dir='ltr'>χαίαν</span> <span class='ocrx_word' id='word_1_154' title='bbox 422 2403 587 2471; x_wconf 81' lang='grc' dir='ltr'>μέχρι</span> <span class='ocrx_word' id='word_1_155' title='bbox 615 2403 709 2457; x_wconf 83' lang='grc' dir='ltr'>τοῦ</span> <span class='ocrx_word' id='word_1_156' title='bbox 738 2404 832 2458; x_wconf 80' lang='grc' dir='ltr'>νῦν</span> <span class='ocrx_word' id='word_1_157' title='bbox 882 2410 1281 2477; x_wconf 83' lang='grc' dir='ltr'>συντηροῦντας</span> <span class='ocrx_word' id='word_1_158' title='bbox 1332 2414 1639 2483; x_wconf 84' lang='grc' dir='ltr'>συνήθειαν,</span> <span class='ocrx_word' id='word_1_159' title='bbox 1704 2420 1795 2470; x_wconf 76' lang='grc' dir='ltr'>καὶ</span> 
     </span>
    </p>
   </div>
   <div class='ocr_carea' id='block_1_24' title="bbox 220 2491 1794 2571">
    <p class='ocr_par' dir='ltr' id='par_1_24' title="bbox 220 2491 1794 2571">
     <span class='ocr_line' id='line_1_24' title="bbox 220 2491 1794 2571; baseline 0.012 -31"><span class='ocrx_word' id='word_1_160' title='bbox 220 2491 516 2559; x_wconf 83' lang='grc' dir='ltr'>χρυσίνους</span> <span class='ocrx_word' id='word_1_161' title='bbox 553 2496 1046 2565; x_wconf 78' lang='grc' dir='ltr'>παραμετροῦντας</span> <span class='ocrx_word' id='word_1_162' title='bbox 1076 2502 1193 2562; x_wconf 84' lang='grc' dir='ltr'>τοῖς</span> <span class='ocrx_word' id='word_1_163' title='bbox 1244 2501 1543 2571; x_wconf 84' lang='grc' dir='ltr'>κληρικοῖς,</span> <span class='ocrx_word' id='word_1_164' title='bbox 1596 2507 1794 2559; x_wconf 81' lang='grc' dir='ltr'>διδόναι</span> 
     </span>
    </p>
   </div>
   <div class='ocr_carea' id='block_1_25' title="bbox 219 2585 1793 2659">
    <p class='ocr_par' dir='ltr' id='par_1_25' title="bbox 219 2585 1793 2659">
     <span class='ocr_line' id='line_1_25' title="bbox 219 2585 1793 2659; baseline 0.011 -23"><span class='ocrx_word' id='word_1_165' title='bbox 219 2585 318 2637; x_wconf 72' lang='grc' dir='ltr'>καὶ</span> <span class='ocrx_word' id='word_1_166' title='bbox 369 2586 517 2655; x_wconf 73' lang='grc' dir='ltr'>βαΐα,</span> <span class='ocrx_word' id='word_1_167' title='bbox 554 2589 737 2652; x_wconf 87' lang='grc' dir='ltr'>καθὼς</span> <span class='ocrx_word' id='word_1_168' title='bbox 775 2594 1212 2659; x_wconf 75' lang='grc' dir='ltr'>προτετύπωται.</span> <span class='ocrx_word' id='word_1_169' title='bbox 1263 2597 1413 2650; x_wconf 80' lang='grc' dir='ltr'>Ἐπεὶ</span> <span class='ocrx_word' id='word_1_170' title='bbox 1455 2599 1498 2651; x_wconf 83' lang='grc' dir='ltr'>δ’</span> <span class='ocrx_word' id='word_1_171' title='bbox 1542 2601 1640 2652; x_wconf 74' lang='grc' dir='ltr'>οὐκ</span> <span class='ocrx_word' id='word_1_172' title='bbox 1698 2596 1793 2654; x_wconf 79' lang='grc' dir='ltr'>οἷδ’</span> 
     </span>
    </p>
   </div>
   <div class='ocr_carea' id='block_1_26' title="bbox 217 2676 1796 2756">
    <p class='ocr_par' dir='ltr' id='par_1_26' title="bbox 217 2676 1796 2756">
     <span class='ocr_line' id='line_1_26' title="bbox 217 2676 1796 2756; baseline 0.01 -29"><span class='ocrx_word' id='word_1_173' title='bbox 217 2676 373 2740; x_wconf 70' lang='grc' dir='ltr'>ὅπως</span> <span class='ocrx_word' id='word_1_174' title='bbox 405 2678 463 2729; x_wconf 79' lang='grc' dir='ltr'>οὐ</span> <span class='ocrx_word' id='word_1_175' title='bbox 505 2678 752 2745; x_wconf 82' lang='grc' dir='ltr'>φαίνεταί</span> <span class='ocrx_word' id='word_1_176' title='bbox 787 2699 916 2734; x_wconf 80' lang='grc' dir='ltr'>ποτε</span> <span class='ocrx_word' id='word_1_177' title='bbox 980 2683 1137 2738; x_wconf 79' lang='grc' dir='ltr'>τοῦτο</span> <span class='ocrx_word' id='word_1_178' title='bbox 1206 2689 1483 2756; x_wconf 86' lang='grc' dir='ltr'>γινόμενον</span> <span class='ocrx_word' id='word_1_179' title='bbox 1513 2728 1526 2750; x_wconf 91' lang='grc'><strong>,</strong></span> <span class='ocrx_word' id='word_1_180' title='bbox 1577 2690 1691 2742; x_wconf 79' lang='grc' dir='ltr'>ἀλλ’</span> <span class='ocrx_word' id='word_1_181' title='bbox 1738 2692 1796 2743; x_wconf 75' lang='grc' dir='ltr'>ἰν</span> 
     </span>
    </p>
   </div>
   <div class='ocr_carea' id='block_1_27' title="bbox 219 2768 1794 2847">
    <p class='ocr_par' dir='ltr' id='par_1_27' title="bbox 219 2768 1794 2847">
     <span class='ocr_line' id='line_1_27' title="bbox 219 2768 1794 2847; baseline 0.01 -30"><span class='ocrx_word' id='word_1_182' title='bbox 219 2768 345 2827; x_wconf 84' lang='grc' dir='ltr'>ταῖς</span> <span class='ocrx_word' id='word_1_183' title='bbox 378 2768 608 2836; x_wconf 79' lang='grc' dir='ltr'>ἡμέραις</span> <span class='ocrx_word' id='word_1_184' title='bbox 633 2771 737 2823; x_wconf 86' lang='grc' dir='ltr'><strong>τῶν</strong></span> <span class='ocrx_word' id='word_1_185' title='bbox 756 2776 1115 2843; x_wconf 80' lang='grc' dir='ltr'>κατηχήσεων</span> <span class='ocrx_word' id='word_1_186' title='bbox 1145 2777 1264 2828; x_wconf 80' lang='grc' dir='ltr'>ἀντὶ</span> <span class='ocrx_word' id='word_1_187' title='bbox 1295 2778 1467 2845; x_wconf 80' lang='grc' dir='ltr'>ρογῶν</span> <span class='ocrx_word' id='word_1_188' title='bbox 1496 2780 1588 2829; x_wconf 77' lang='grc' dir='ltr'>καὶ</span> <span class='ocrx_word' id='word_1_189' title='bbox 1623 2780 1794 2847; x_wconf 79' lang='grc' dir='ltr'><strong>βαῖων</strong></span> 
     </span>
    </p>
   </div>
   <div class='ocr_carea' id='block_1_28' title="bbox 221 2856 1796 2937">
    <p class='ocr_par' dir='ltr' id='par_1_28' title="bbox 221 2856 1796 2937">
     <span class='ocr_line' id='line_1_28' title="bbox 221 2856 1796 2937; baseline 0.009 -32"><span class='ocrx_word' id='word_1_190' title='bbox 221 2856 364 2922; x_wconf 88' lang='grc' dir='ltr'>μόνα</span> <span class='ocrx_word' id='word_1_191' title='bbox 422 2858 727 2928; x_wconf 85' lang='grc' dir='ltr'>διδόασιτῷ</span> <span class='ocrx_word' id='word_1_192' title='bbox 774 2861 884 2929; x_wconf 90' lang='grc' dir='ltr'>λαῷ</span> <span class='ocrx_word' id='word_1_193' title='bbox 924 2862 1239 2932; x_wconf 80' lang='grc' dir='ltr'>θυμιάματα</span> <span class='ocrx_word' id='word_1_194' title='bbox 1277 2883 1289 2895; x_wconf 92' lang='grc'><strong>·</strong></span> <span class='ocrx_word' id='word_1_195' title='bbox 1338 2868 1637 2934; x_wconf 79' lang='grc' dir='ltr'>σκοπητέον</span> <span class='ocrx_word' id='word_1_196' title='bbox 1692 2870 1796 2937; x_wconf 82' lang='grc' dir='ltr'>πρὸ</span> 
     </span>
    </p>
   </div>
   <div class='ocr_carea' id='block_1_29' title="bbox 218 2946 1796 3025">
    <p class='ocr_par' dir='ltr' id='par_1_29' title="bbox 218 2946 1796 3025">
     <span class='ocr_line' id='line_1_29' title="bbox 218 2946 1796 3025; baseline 0.01 -32"><span class='ocrx_word' id='word_1_197' title='bbox 218 2946 464 3008; x_wconf 79' lang='grc' dir='ltr'>πάντων,</span> <span class='ocrx_word' id='word_1_198' title='bbox 489 2949 547 2999; x_wconf 86' lang='grc' dir='ltr'>τὸ</span> <span class='ocrx_word' id='word_1_199' title='bbox 568 2950 969 3019; x_wconf 84' lang='grc' dir='ltr'>σημαινόμενον</span> <span class='ocrx_word' id='word_1_200' title='bbox 997 2954 1105 3004; x_wconf 88' lang='grc' dir='ltr'><strong>τῶν</strong></span> <span class='ocrx_word' id='word_1_201' title='bbox 1141 2954 1328 3020; x_wconf 78' lang='grc' dir='ltr'>βαῖων,</span> <span class='ocrx_word' id='word_1_202' title='bbox 1383 2958 1476 3007; x_wconf 77' lang='grc' dir='ltr'>καὶ</span> <span class='ocrx_word' id='word_1_203' title='bbox 1534 2955 1796 3025; x_wconf 78' lang='grc' dir='ltr'>ζητητέον</span> 
     </span>
    </p>
   </div>
   <div class='ocr_carea' id='block_1_30' title="bbox 223 3034 1794 3117">
    <p class='ocr_par' dir='ltr' id='par_1_30' title="bbox 223 3034 1794 3117">
     <span class='ocr_line' id='line_1_30' title="bbox 223 3034 1794 3117; baseline 0.011 -34"><span class='ocrx_word' id='word_1_204' title='bbox 223 3034 327 3103; x_wconf 83' lang='grc' dir='ltr'>τὴν</span> <span class='ocrx_word' id='word_1_205' title='bbox 360 3036 560 3100; x_wconf 76' lang='grc' dir='ltr'>αἰτίαν,</span> <span class='ocrx_word' id='word_1_206' title='bbox 584 3039 651 3089; x_wconf 85' lang='grc' dir='ltr'>δι’</span> <span class='ocrx_word' id='word_1_207' title='bbox 676 3040 741 3107; x_wconf 80' lang='grc' dir='ltr'>ἢν</span> <span class='ocrx_word' id='word_1_208' title='bbox 774 3040 1095 3110; x_wconf 83' lang='grc' dir='ltr'>θυμιάματα</span> <span class='ocrx_word' id='word_1_209' title='bbox 1139 3045 1237 3111; x_wconf 80' lang='grc' dir='ltr'>μὲν</span> <span class='ocrx_word' id='word_1_210' title='bbox 1266 3044 1495 3097; x_wconf 82' lang='grc' dir='ltr'>δίδονται</span> <span class='ocrx_word' id='word_1_211' title='bbox 1527 3047 1667 3099; x_wconf 79' lang='grc' dir='ltr'>κατὰ</span> <span class='ocrx_word' id='word_1_212' title='bbox 1697 3049 1794 3117; x_wconf 84' lang='grc' dir='ltr'>τὴν</span> 
     </span>
    </p>
   </div>
   <div class='ocr_carea' id='block_1_31' title="bbox 218 3124 1862 3224">
    <p class='ocr_par' dir='ltr' id='par_1_31' title="bbox 218 3124 1862 3224">
     <span class='ocr_line' id='line_1_31' title="bbox 218 3124 1862 3224; baseline 0.01 -49"><span class='ocrx_word' id='word_1_213' title='bbox 218 3124 437 3192; x_wconf 73' lang='grc' dir='ltr'>ἡμέραν</span> <span class='ocrx_word' id='word_1_214' title='bbox 461 3127 559 3194; x_wconf 78' lang='grc' dir='ltr'>τῆς</span> <span class='ocrx_word' id='word_1_215' title='bbox 594 3131 968 3197; x_wconf 80' lang='grc' dir='ltr'>κατηχήσεως,</span> <span class='ocrx_word' id='word_1_216' title='bbox 1000 3135 1093 3185; x_wconf 72' lang='grc' dir='ltr'>καὶ</span> <span class='ocrx_word' id='word_1_217' title='bbox 1122 3132 1262 3184; x_wconf 87' lang='grc' dir='ltr'>κατά</span> <span class='ocrx_word' id='word_1_218' title='bbox 1296 3135 1390 3202; x_wconf 82' lang='grc' dir='ltr'>τὴν</span> <span class='ocrx_word' id='word_1_219' title='bbox 1421 3136 1664 3204; x_wconf 81' lang='grc' dir='ltr'>μεγάλην</span> <span class='ocrx_word' id='word_1_220' title='bbox 1709 3155 1797 3190; x_wconf 79' lang='grc' dir='ltr'><strong>τεο</strong></span> <span class='ocrx_word' id='word_1_221' title='bbox 1823 3168 1862 3224; x_wconf 77' lang='lat' dir='ltr'>c</span> 
     </span>
    </p>
   </div>
   <div class='ocr_carea' id='block_1_32' title="bbox 216 3215 1787 3297">
    <p class='ocr_par' dir='ltr' id='par_1_32' title="bbox 216 3215 1787 3297">
     <span class='ocr_line' id='line_1_32' title="bbox 216 3215 1787 3297; baseline 0.01 -33"><span class='ocrx_word' id='word_1_222' title='bbox 216 3215 391 3283; x_wconf 82' lang='grc' dir='ltr'>τράδα</span> <span class='ocrx_word' id='word_1_223' title='bbox 420 3218 587 3286; x_wconf 77' lang='grc' dir='ltr'>κηρία</span> <span class='ocrx_word' id='word_1_224' title='bbox 614 3221 703 3269; x_wconf 72' lang='grc' dir='ltr'>καὶ</span> <span class='ocrx_word' id='word_1_225' title='bbox 732 3220 1051 3287; x_wconf 83' lang='grc' dir='ltr'>θυμιάματα</span> <span class='ocrx_word' id='word_1_226' title='bbox 1082 3239 1094 3250; x_wconf 95' lang='grc'><strong>·</strong></span> <span class='ocrx_word' id='word_1_227' title='bbox 1146 3225 1309 3292; x_wconf 79' lang='grc' dir='ltr'>κηρία</span> <span class='ocrx_word' id='word_1_228' title='bbox 1333 3225 1386 3276; x_wconf 84' lang='grc' dir='ltr'>δὲ</span> <span class='ocrx_word' id='word_1_229' title='bbox 1414 3226 1508 3277; x_wconf 77' lang='grc' dir='ltr'>καὶ</span> <span class='ocrx_word' id='word_1_230' title='bbox 1561 3228 1787 3297; x_wconf 85' lang='grc' dir='ltr'>σταυρὸς</span> 
     </span>
    </p>
   </div>
   <div class='ocr_carea' id='block_1_33' title="bbox 218 3305 1385 3382">
    <p class='ocr_par' dir='ltr' id='par_1_33' title="bbox 218 3305 1385 3382">
     <span class='ocr_line' id='line_1_33' title="bbox 218 3305 1385 3382; baseline 0.011 -28"><span class='ocrx_word' id='word_1_231' title='bbox 218 3305 362 3357; x_wconf 81' lang='grc' dir='ltr'>κατᾶ</span> <span class='ocrx_word' id='word_1_232' title='bbox 389 3307 485 3374; x_wconf 80' lang='grc' dir='ltr'>τῆς</span> <span class='ocrx_word' id='word_1_233' title='bbox 517 3307 774 3376; x_wconf 73' lang='grc' dir='ltr'>βαῖφόρου</span> <span class='ocrx_word' id='word_1_234' title='bbox 801 3308 846 3339; x_wconf 66' lang='grc' dir='ltr'>⁸δ</span> <span class='ocrx_word' id='word_1_235' title='bbox 878 3310 977 3380; x_wconf 78' lang='grc' dir='ltr'>τὴν</span> <span class='ocrx_word' id='word_1_236' title='bbox 1007 3312 1385 3382; x_wconf 80' lang='grc' dir='ltr'>Κυριώνυμον.</span> 
     </span>
    </p>
   </div>
   <div class='ocr_carea' id='block_1_34' title="bbox 1657 422 2064 487">
    <p class='ocr_par' dir='ltr' id='par_1_34' title="bbox 1657 422 2064 487">
     <span class='ocr_line' id='line_1_34' title="bbox 1657 422 2064 487; baseline 0.007 -4"><span class='ocrx_word' id='word_1_237' title='bbox 1657 422 2064 487; x_wconf 62' lang='grc' dir='ltr'><strong>ΜΕΟΠἈΙἋ.</strong></span> 
     </span>
    </p>
   </div>
   <div class='ocr_carea' id='block_1_35' title="bbox 3328 451 3458 510">
    <p class='ocr_par' dir='ltr' id='par_1_35' title="bbox 3328 451 3458 510">
     <span class='ocr_line' id='line_1_35' title="bbox 3328 451 3458 510; baseline 0.023 -3"><span class='ocrx_word' id='word_1_238' title='bbox 3328 451 3341 507; x_wconf 85' lang='lat' dir='ltr'><strong>l</strong></span> <span class='ocrx_word' id='word_1_239' title='bbox 3356 453 3458 510; x_wconf 81' lang='grc'><strong>066</strong></span> 
     </span>
    </p>
   </div>
   <div class='ocr_carea' id='block_1_36' title="bbox 1697 554 3453 638">
    <p class='ocr_par' dir='ltr' id='par_1_36' title="bbox 1697 554 3453 638">
     <span class='ocr_line' id='line_1_36' title="bbox 1697 554 3453 638; baseline 0.009 -25"><span class='ocrx_word' id='word_1_240' title='bbox 1697 554 1788 604; x_wconf 77' lang='grc' dir='ltr'>καὶ</span> <span class='ocrx_word' id='word_1_241' title='bbox 1820 560 1863 614; x_wconf 77' lang='grc' dir='ltr'><strong>Δ</strong></span> <span class='ocrx_word' id='word_1_242' title='bbox 1892 561 2291 626; x_wconf 75' lang='lat' dir='ltr'><strong>generatimmm</strong></span> <span class='ocrx_word' id='word_1_243' title='bbox 2341 566 2632 619; x_wconf 71' lang='lat' dir='ltr'><strong>transit-ns.</strong></span> <span class='ocrx_word' id='word_1_244' title='bbox 2674 568 2791 630; x_wconf 82' lang='lat' dir='ltr'><strong>Sin,</strong></span> <span class='ocrx_word' id='word_1_245' title='bbox 2843 571 2985 637; x_wconf 74' lang='lat' dir='ltr'><strong>quod</strong></span> <span class='ocrx_word' id='word_1_246' title='bbox 3035 573 3281 638; x_wconf 68' lang='lat' dir='ltr'><strong>equidem</strong></span> <span class='ocrx_word' id='word_1_247' title='bbox 3345 590 3453 629; x_wconf 85' lang='lat' dir='ltr'><strong>non</strong></span> 
     </span>
    </p>
   </div>
   <div class='ocr_carea' id='block_1_37' title="bbox 1902 648 3455 727">
    <p class='ocr_par' dir='ltr' id='par_1_37' title="bbox 1902 648 3455 727">
     <span class='ocr_line' id='line_1_37' title="bbox 1902 648 3455 727; baseline 0.012 -29"><span class='ocrx_word' id='word_1_248' title='bbox 1902 648 2154 711; x_wconf 85' lang='lat' dir='ltr'><strong>arbitror,</strong></span> <span class='ocrx_word' id='word_1_249' title='bbox 2187 651 2287 705; x_wconf 89' lang='lat' dir='ltr'><strong>hoc</strong></span> <span class='ocrx_word' id='word_1_250' title='bbox 2320 654 2481 705; x_wconf 84' lang='lat' dir='ltr'><strong>etiam</strong></span> <span class='ocrx_word' id='word_1_251' title='bbox 2512 655 2801 710; x_wconf 78' lang='lat' dir='ltr'><strong>oblivionis</strong></span> <span class='ocrx_word' id='word_1_252' title='bbox 2843 673 3039 725; x_wconf 73' lang='lat' dir='ltr'><strong>gurges</strong></span> <span class='ocrx_word' id='word_1_253' title='bbox 3067 660 3367 727; x_wconf 87' lang='lat' dir='ltr'><strong>absorbuit,</strong></span> <span class='ocrx_word' id='word_1_254' title='bbox 3400 675 3455 716; x_wconf 88' lang='lat' dir='ltr'><strong>et</strong></span> 
     </span>
    </p>
   </div>
   <div class='ocr_carea' id='block_1_38' title="bbox 1899 735 3456 819">
    <p class='ocr_par' dir='ltr' id='par_1_38' title="bbox 1899 735 3456 819">
     <span class='ocr_line' id='line_1_38' title="bbox 1899 735 3456 819; baseline 0.013 -35"><span class='ocrx_word' id='word_1_255' title='bbox 1899 735 2139 801; x_wconf 75' lang='lat' dir='ltr'><strong>gratiosa</strong></span> <span class='ocrx_word' id='word_1_256' title='bbox 2160 737 2347 791; x_wconf 65' lang='lat' dir='ltr'><strong>isthzc</strong></span> <span class='ocrx_word' id='word_1_257' title='bbox 2395 754 2531 807; x_wconf 87' lang='lat' dir='ltr'><strong>aqua</strong></span> <span class='ocrx_word' id='word_1_258' title='bbox 2568 742 2823 796; x_wconf 75' lang='lat' dir='ltr'><strong>Castalia:</strong></span> <span class='ocrx_word' id='word_1_259' title='bbox 2852 747 3250 813; x_wconf 74' lang='lat' dir='ltr'><strong>providentiam</strong></span> <span class='ocrx_word' id='word_1_260' title='bbox 3296 766 3456 819; x_wconf 85' lang='lat' dir='ltr'><strong>supe-</strong></span> 
     </span>
    </p>
   </div>
   <div class='ocr_carea' id='block_1_39' title="bbox 1901 821 3453 900">
    <p class='ocr_par' dir='ltr' id='par_1_39' title="bbox 1901 821 3453 900">
     <span class='ocr_line' id='line_1_39' title="bbox 1901 821 3453 900; baseline 0.012 -29"><span class='ocrx_word' id='word_1_261' title='bbox 1901 821 2060 877; x_wconf 82' lang='lat' dir='ltr'><strong>rioris</strong></span> <span class='ocrx_word' id='word_1_262' title='bbox 2102 827 2373 879; x_wconf 65' lang='lat' dir='ltr'><strong>memoriae</strong></span> <span class='ocrx_word' id='word_1_263' title='bbox 2411 829 2712 897; x_wconf 85' lang='lat' dir='ltr'><strong>principum</strong></span> <span class='ocrx_word' id='word_1_264' title='bbox 2758 846 2865 884; x_wconf 88' lang='lat' dir='ltr'><strong>non</strong></span> <span class='ocrx_word' id='word_1_265' title='bbox 2915 835 3166 900; x_wconf 68' lang='lat' dir='ltr'><strong>praedicat</strong></span> <span class='ocrx_word' id='word_1_266' title='bbox 3222 839 3453 891; x_wconf 83' lang='lat' dir='ltr'><strong>:saltem</strong></span> 
     </span>
    </p>
   </div>
   <div class='ocr_carea' id='block_1_40' title="bbox 1901 914 3452 985">
    <p class='ocr_par' dir='ltr' id='par_1_40' title="bbox 1901 914 3452 985">
     <span class='ocr_line' id='line_1_40' title="bbox 1901 914 3452 985; baseline 0.012 -24"><span class='ocrx_word' id='word_1_267' title='bbox 1901 915 2222 965; x_wconf 71' lang='lat' dir='ltr'><strong>membranae</strong></span> <span class='ocrx_word' id='word_1_268' title='bbox 2251 914 2508 967; x_wconf 89' lang='lat' dir='ltr'><strong>librorum</strong></span> <span class='ocrx_word' id='word_1_269' title='bbox 2539 917 2947 985; x_wconf 88' lang='lat' dir='ltr'><strong>historicorum,</strong></span> <span class='ocrx_word' id='word_1_270' title='bbox 2974 930 3025 972; x_wconf 89' lang='lat' dir='ltr'><strong>et</strong></span> <span class='ocrx_word' id='word_1_271' title='bbox 3047 924 3452 979; x_wconf 84' lang='lat' dir='ltr'><strong>ordinationum</strong></span> 
     </span>
    </p>
   </div>
   <div class='ocr_carea' id='block_1_41' title="bbox 1901 997 3456 1065">
    <p class='ocr_par' dir='ltr' id='par_1_41' title="bbox 1901 997 3456 1065">
     <span class='ocr_line' id='line_1_41' title="bbox 1901 997 3456 1065; baseline 0.012 -19"><span class='ocrx_word' id='word_1_272' title='bbox 1901 997 2200 1051; x_wconf 85' lang='lat' dir='ltr'><strong>aulicarum</strong></span> <span class='ocrx_word' id='word_1_273' title='bbox 2257 1015 2602 1055; x_wconf 87' lang='lat' dir='ltr'><strong>monumenta</strong></span> <span class='ocrx_word' id='word_1_274' title='bbox 2662 1006 2934 1060; x_wconf 81' lang='lat' dir='ltr'><strong>Stentoris</strong></span> <span class='ocrx_word' id='word_1_275' title='bbox 2976 1008 3029 1060; x_wconf 89' lang='lat' dir='ltr'><strong>in</strong></span> <span class='ocrx_word' id='word_1_276' title='bbox 3083 1027 3283 1065; x_wconf 87' lang='lat' dir='ltr'><strong>morem</strong></span> <span class='ocrx_word' id='word_1_277' title='bbox 3344 1013 3456 1065; x_wconf 42' lang='lat' dir='ltr'><strong>hare</strong></span> 
     </span>
    </p>
   </div>
   <div class='ocr_carea' id='block_1_42' title="bbox 1902 1084 3454 1160">
    <p class='ocr_par' dir='ltr' id='par_1_42' title="bbox 1902 1084 3454 1160">
     <span class='ocr_line' id='line_1_42' title="bbox 1902 1084 3454 1160; baseline 0.011 -27"><span class='ocrx_word' id='word_1_278' title='bbox 1902 1084 2329 1151; x_wconf 87' lang='lat' dir='ltr'><strong>proclamabunt.</strong></span> <span class='ocrx_word' id='word_1_279' title='bbox 2385 1086 2465 1140; x_wconf 86' lang='lat' dir='ltr'><strong>Tu</strong></span> <span class='ocrx_word' id='word_1_280' title='bbox 2519 1105 2756 1158; x_wconf 89' lang='lat' dir='ltr'><strong>quoque,</strong></span> <span class='ocrx_word' id='word_1_281' title='bbox 2812 1096 2906 1157; x_wconf 92' lang='lat' dir='ltr'><strong>qui</strong></span> <span class='ocrx_word' id='word_1_282' title='bbox 2960 1093 3204 1160; x_wconf 80' lang='lat' dir='ltr'><strong>cujusvis</strong></span> <span class='ocrx_word' id='word_1_283' title='bbox 3256 1098 3454 1151; x_wconf 80' lang='lat' dir='ltr'><strong>eruditi</strong></span> 
     </span>
    </p>
   </div>
   <div class='ocr_carea' id='block_1_43' title="bbox 1901 1167 3453 1246">
    <p class='ocr_par' dir='ltr' id='par_1_43' title="bbox 1901 1167 3453 1246">
     <span class='ocr_line' id='line_1_43' title="bbox 1901 1167 3453 1246; baseline 0.008 -21"><span class='ocrx_word' id='word_1_284' title='bbox 1901 1173 2089 1240; x_wconf 87' lang='lat' dir='ltr'><strong>scripti</strong></span> <span class='ocrx_word' id='word_1_285' title='bbox 2125 1177 2475 1230; x_wconf 83' lang='lat' dir='ltr'><strong>acutissimus</strong></span> <span class='ocrx_word' id='word_1_286' title='bbox 2505 1191 2565 1230; x_wconf 84' lang='lat' dir='ltr'><strong>es</strong></span> <span class='ocrx_word' id='word_1_287' title='bbox 2593 1167 2885 1246; x_wconf 80' lang='lat' dir='ltr'><strong>interpres,</strong></span> <span class='ocrx_word' id='word_1_288' title='bbox 2918 1182 3080 1232; x_wconf 90' lang='lat' dir='ltr'><strong>etiam</strong></span> <span class='ocrx_word' id='word_1_289' title='bbox 3124 1181 3177 1233; x_wconf 88' lang='lat' dir='ltr'><strong>in</strong></span> <span class='ocrx_word' id='word_1_290' title='bbox 3216 1183 3315 1235; x_wconf 87' lang='lat' dir='ltr'><strong>hac</strong></span> <span class='ocrx_word' id='word_1_291' title='bbox 3347 1200 3453 1237; x_wconf 85' lang='lat' dir='ltr'><strong>non</strong></span> 
     </span>
    </p>
   </div>
   <div class='ocr_carea' id='block_1_44' title="bbox 1901 1260 3455 1336">
    <p class='ocr_par' dir='ltr' id='par_1_44' title="bbox 1901 1260 3455 1336">
     <span class='ocr_line' id='line_1_44' title="bbox 1901 1260 3455 1336; baseline 0.007 -23"><span class='ocrx_word' id='word_1_292' title='bbox 1901 1260 2035 1316; x_wconf 82' lang='lat' dir='ltr'><strong>levis</strong></span> <span class='ocrx_word' id='word_1_293' title='bbox 2063 1264 2314 1316; x_wconf 84' lang='lat' dir='ltr'><strong>momenti</strong></span> <span class='ocrx_word' id='word_1_294' title='bbox 2337 1266 2634 1331; x_wconf 60' lang='lat' dir='ltr'><strong>quastione</strong></span> <span class='ocrx_word' id='word_1_295' title='bbox 2656 1268 3026 1335; x_wconf 88' lang='lat' dir='ltr'><strong>compluribus</strong></span> <span class='ocrx_word' id='word_1_296' title='bbox 3055 1272 3165 1322; x_wconf 89' lang='lat' dir='ltr'><strong>eris</strong></span> <span class='ocrx_word' id='word_1_297' title='bbox 3187 1275 3455 1336; x_wconf 80' lang='lat' dir='ltr'><strong>superior,</strong></span> 
     </span>
    </p>
   </div>
   <div class='ocr_carea' id='block_1_45' title="bbox 1900 1355 3456 1424">
    <p class='ocr_par' dir='ltr' id='par_1_45' title="bbox 1900 1355 3456 1424">
     <span class='ocr_line' id='line_1_45' title="bbox 1900 1355 3456 1424; baseline 0.008 -23"><span class='ocrx_word' id='word_1_298' title='bbox 1900 1364 1962 1403; x_wconf 91' lang='lat' dir='ltr'><strong>ac</strong></span> <span class='ocrx_word' id='word_1_299' title='bbox 2002 1366 2086 1405; x_wconf 86' lang='lat' dir='ltr'><strong>tne</strong></span> <span class='ocrx_word' id='word_1_300' title='bbox 2137 1368 2319 1406; x_wconf 89' lang='lat' dir='ltr'><strong>senem</strong></span> <span class='ocrx_word' id='word_1_301' title='bbox 2352 1355 2407 1406; x_wconf 91' lang='lat' dir='ltr'><strong>in</strong></span> <span class='ocrx_word' id='word_1_302' title='bbox 2438 1355 2669 1409; x_wconf 89' lang='lat' dir='ltr'><strong>dicendo</strong></span> <span class='ocrx_word' id='word_1_303' title='bbox 2724 1358 2961 1423; x_wconf 73' lang='lat' dir='ltr'><strong>juvztbts.</strong></span> <span class='ocrx_word' id='word_1_304' title='bbox 3006 1358 3313 1424; x_wconf 87' lang='lat' dir='ltr'><strong>Quinetiam</strong></span> <span class='ocrx_word' id='word_1_305' title='bbox 3352 1364 3456 1413; x_wconf 85' lang='lat' dir='ltr'><strong>im-</strong></span> 
     </span>
    </p>
   </div>
   <div class='ocr_carea' id='block_1_46' title="bbox 1897 1442 3451 1507">
    <p class='ocr_par' dir='ltr' id='par_1_46' title="bbox 1897 1442 3451 1507">
     <span class='ocr_line' id='line_1_46' title="bbox 1897 1442 3451 1507; baseline 0.006 -15"><span class='ocrx_word' id='word_1_306' title='bbox 1897 1442 2183 1507; x_wconf 82' lang='lat' dir='ltr'><strong>peratoris,</strong></span> <span class='ocrx_word' id='word_1_307' title='bbox 2237 1444 2443 1497; x_wconf 85' lang='lat' dir='ltr'><strong>domini</strong></span> <span class='ocrx_word' id='word_1_308' title='bbox 2497 1444 2841 1499; x_wconf 88' lang='lat' dir='ltr'><strong>Constantini</strong></span> <span class='ocrx_word' id='word_1_309' title='bbox 2880 1449 3223 1502; x_wconf 78' lang='lat' dir='ltr'><strong>Monmuaclii</strong></span> <span class='ocrx_word' id='word_1_310' title='bbox 3276 1450 3451 1503; x_wconf 78' lang='lat' dir='ltr'><strong>edicta</strong></span> 
     </span>
    </p>
   </div>
   <div class='ocr_carea' id='block_1_47' title="bbox 1898 1532 3452 1607">
    <p class='ocr_par' dir='ltr' id='par_1_47' title="bbox 1898 1532 3452 1607">
     <span class='ocr_line' id='line_1_47' title="bbox 1898 1532 3452 1607; baseline 0.005 -24"><span class='ocrx_word' id='word_1_311' title='bbox 1898 1532 2292 1595; x_wconf 84' lang='lat' dir='ltr'><strong>sacratissima,</strong></span> <span class='ocrx_word' id='word_1_312' title='bbox 2318 1535 2517 1602; x_wconf 86' lang='lat' dir='ltr'><strong>quibus</strong></span> <span class='ocrx_word' id='word_1_313' title='bbox 2562 1536 2809 1589; x_wconf 87' lang='lat' dir='ltr'><strong>ordinata</strong></span> <span class='ocrx_word' id='word_1_314' title='bbox 2844 1546 2970 1590; x_wconf 86' lang='lat' dir='ltr'><strong>sunt</strong></span> <span class='ocrx_word' id='word_1_315' title='bbox 3013 1537 3184 1591; x_wconf 81' lang='lat' dir='ltr'><strong>omcia</strong></span> <span class='ocrx_word' id='word_1_316' title='bbox 3219 1540 3452 1607; x_wconf 65' lang='lat' dir='ltr'><strong>praeiecti</strong></span> 
     </span>
    </p>
   </div>
   <div class='ocr_carea' id='block_1_48' title="bbox 1896 1618 3456 1694">
    <p class='ocr_par' dir='ltr' id='par_1_48' title="bbox 1896 1618 3456 1694">
     <span class='ocr_line' id='line_1_48' title="bbox 1896 1618 3456 1694; baseline 0.006 -22"><span class='ocrx_word' id='word_1_317' title='bbox 1896 1618 2251 1684; x_wconf 81' lang='lat' dir='ltr'><strong>Judiciorum,</strong></span> <span class='ocrx_word' id='word_1_318' title='bbox 2276 1631 2330 1674; x_wconf 82' lang='lat' dir='ltr'><strong>et</strong></span> <span class='ocrx_word' id='word_1_319' title='bbox 2370 1626 2810 1694; x_wconf 68' lang='lat' dir='ltr'><strong>nomophylacis,</strong></span> <span class='ocrx_word' id='word_1_320' title='bbox 2840 1637 2892 1680; x_wconf 82' lang='lat' dir='ltr'><strong>et</strong></span> <span class='ocrx_word' id='word_1_321' title='bbox 2919 1642 3037 1694; x_wconf 61' lang='lat' dir='ltr'><strong>quae</strong></span> <span class='ocrx_word' id='word_1_322' title='bbox 3064 1637 3326 1690; x_wconf 77' lang='lat' dir='ltr'><strong>statuunt,</strong></span> <span class='ocrx_word' id='word_1_323' title='bbox 3363 1647 3456 1683; x_wconf 82' lang='lat' dir='ltr'><strong>eos</strong></span> 
     </span>
    </p>
   </div>
   <div class='ocr_carea' id='block_1_49' title="bbox 1895 1709 3453 1786">
    <p class='ocr_par' dir='ltr' id='par_1_49' title="bbox 1895 1709 3453 1786">
     <span class='ocr_line' id='line_1_49' title="bbox 1895 1709 3453 1786; baseline 0.006 -24"><span class='ocrx_word' id='word_1_324' title='bbox 1895 1709 2091 1764; x_wconf 81' lang='lat' dir='ltr'><strong>debere</strong></span> <span class='ocrx_word' id='word_1_325' title='bbox 2124 1712 2362 1783; x_wconf 75' lang='lat' dir='ltr'><strong>singulos</strong></span> <span class='ocrx_word' id='word_1_326' title='bbox 2422 1717 2473 1767; x_wconf 92' lang='lat' dir='ltr'><strong>in</strong></span> <span class='ocrx_word' id='word_1_327' title='bbox 2518 1733 2713 1776; x_wconf 86' lang='lat' dir='ltr'><strong>annos,</strong></span> <span class='ocrx_word' id='word_1_328' title='bbox 2754 1728 2947 1783; x_wconf 68' lang='lat' dir='ltr'><strong>praeter</strong></span> <span class='ocrx_word' id='word_1_329' title='bbox 2992 1720 3095 1769; x_wconf 75' lang='lat' dir='ltr'><strong>alia</strong></span> <span class='ocrx_word' id='word_1_330' title='bbox 3128 1758 3143 1781; x_wconf 91' lang='lat'><strong>,</strong></span> <span class='ocrx_word' id='word_1_331' title='bbox 3194 1720 3453 1786; x_wconf 85' lang='lat' dir='ltr'><strong>consequi</strong></span> 
     </span>
    </p>
   </div>
   <div class='ocr_carea' id='block_1_50' title="bbox 1898 1801 3456 1873">
    <p class='ocr_par' dir='ltr' id='par_1_50' title="bbox 1898 1801 3456 1873">
     <span class='ocr_line' id='line_1_50' title="bbox 1898 1801 3456 1873; baseline 0.003 -23"><span class='ocrx_word' id='word_1_332' title='bbox 1898 1801 2103 1853; x_wconf 84' lang='lat' dir='ltr'><strong>ratione</strong></span> <span class='ocrx_word' id='word_1_333' title='bbox 2138 1817 2298 1869; x_wconf 68' lang='lat' dir='ltr'><strong>rogat,</strong></span> <span class='ocrx_word' id='word_1_334' title='bbox 2327 1804 2619 1870; x_wconf 85' lang='lat' dir='ltr'><strong>quemlibet</strong></span> <span class='ocrx_word' id='word_1_335' title='bbox 2648 1807 2765 1855; x_wconf 92' lang='lat' dir='ltr'><strong>auri</strong></span> <span class='ocrx_word' id='word_1_336' title='bbox 2800 1806 2956 1855; x_wconf 83' lang='lat' dir='ltr'><strong>talem</strong></span> <span class='ocrx_word' id='word_1_337' title='bbox 2994 1819 3053 1855; x_wconf 84' lang='lat' dir='ltr'><strong>ac</strong></span> <span class='ocrx_word' id='word_1_338' title='bbox 3088 1808 3244 1858; x_wconf 88' lang='lat' dir='ltr'><strong>talem</strong></span> <span class='ocrx_word' id='word_1_339' title='bbox 3286 1819 3456 1873; x_wconf 81' lang='lat' dir='ltr'><strong>quan-</strong></span> 
     </span>
    </p>
   </div>
   <div class='ocr_carea' id='block_1_51' title="bbox 1898 1892 3455 1956">
    <p class='ocr_par' dir='ltr' id='par_1_51' title="bbox 1898 1892 3455 1956">
     <span class='ocr_line' id='line_1_51' title="bbox 1898 1892 3455 1956; baseline 0.003 -15"><span class='ocrx_word' id='word_1_340' title='bbox 1898 1892 2125 1952; x_wconf 90' lang='lat' dir='ltr'><strong>titatcm,</strong></span> <span class='ocrx_word' id='word_1_341' title='bbox 2155 1907 2265 1944; x_wconf 84' lang='lat' dir='ltr'><strong>una</strong></span> <span class='ocrx_word' id='word_1_342' title='bbox 2312 1908 2436 1945; x_wconf 89' lang='lat' dir='ltr'><strong>cum</strong></span> <span class='ocrx_word' id='word_1_343' title='bbox 2488 1895 2766 1946; x_wconf 78' lang='lat' dir='ltr'><strong>consuetis</strong></span> <span class='ocrx_word' id='word_1_344' title='bbox 2811 1893 2987 1956; x_wconf 81' lang='lat' dir='ltr'><strong>baiis;</strong></span> <span class='ocrx_word' id='word_1_345' title='bbox 3044 1910 3147 1946; x_wconf 91' lang='lat' dir='ltr'><strong>non</strong></span> <span class='ocrx_word' id='word_1_346' title='bbox 3212 1895 3264 1947; x_wconf 88' lang='lat' dir='ltr'><strong>in</strong></span> <span class='ocrx_word' id='word_1_347' title='bbox 3318 1897 3455 1948; x_wconf 68' lang='lat' dir='ltr'><strong>caelo</strong></span> 
     </span>
    </p>
   </div>
   <div class='ocr_carea' id='block_1_52' title="bbox 1898 1984 3452 2053">
    <p class='ocr_par' dir='ltr' id='par_1_52' title="bbox 1898 1984 3452 2053">
     <span class='ocr_line' id='line_1_52' title="bbox 1898 1984 3452 2053; baseline 0.003 -19"><span class='ocrx_word' id='word_1_348' title='bbox 1898 1990 2047 2040; x_wconf 87' lang='lat' dir='ltr'><strong>sunt,</strong></span> <span class='ocrx_word' id='word_1_349' title='bbox 2103 1995 2203 2034; x_wconf 86' lang='lat' dir='ltr'><strong>nec</strong></span> <span class='ocrx_word' id='word_1_350' title='bbox 2252 1990 2402 2036; x_wconf 88' lang='lat' dir='ltr'><strong>trans</strong></span> <span class='ocrx_word' id='word_1_351' title='bbox 2458 1997 2627 2045; x_wconf 82' lang='lat' dir='ltr'><strong>mare,</strong></span> <span class='ocrx_word' id='word_1_352' title='bbox 2692 1985 2766 2036; x_wconf 89' lang='lat' dir='ltr'><strong>uti</strong></span> <span class='ocrx_word' id='word_1_353' title='bbox 2826 1984 3004 2037; x_wconf 84' lang='lat' dir='ltr'><strong>dicere</strong></span> <span class='ocrx_word' id='word_1_354' title='bbox 3053 1986 3175 2053; x_wconf 90' lang='lat' dir='ltr'><strong>quis</strong></span> <span class='ocrx_word' id='word_1_355' title='bbox 3243 1986 3452 2049; x_wconf 85' lang='lat' dir='ltr'><strong>debeat,</strong></span> 
     </span>
    </p>
   </div>
   <div class='ocr_carea' id='block_1_53' title="bbox 1897 2069 3452 2137">
    <p class='ocr_par' dir='ltr' id='par_1_53' title="bbox 1897 2069 3452 2137">
     <span class='ocr_line' id='line_1_53' title="bbox 1897 2069 3452 2137; baseline 0.004 -16"><span class='ocrx_word' id='word_1_356' title='bbox 1897 2069 2159 2132; x_wconf 79' lang='lat' dir='ltr'><strong>Quisnam</strong></span> <span class='ocrx_word' id='word_1_357' title='bbox 2198 2071 2313 2124; x_wconf 60' lang='lat' dir='ltr'><strong>haec</strong></span> <span class='ocrx_word' id='word_1_358' title='bbox 2348 2071 2534 2125; x_wconf 79' lang='lat' dir='ltr'><strong>al&#39;l&#39;eret</strong></span> <span class='ocrx_word' id='word_1_359' title='bbox 2568 2072 2744 2125; x_wconf 80' lang='lat' dir='ltr'><strong>mihi?</strong></span> <span class='ocrx_word' id='word_1_360' title='bbox 2774 2073 2877 2125; x_wconf 85' lang='lat' dir='ltr'><strong>Sed</strong></span> <span class='ocrx_word' id='word_1_361' title='bbox 2914 2085 3040 2128; x_wconf 88' lang='lat' dir='ltr'><strong>sunt</strong></span> <span class='ocrx_word' id='word_1_362' title='bbox 3072 2076 3123 2127; x_wconf 90' lang='lat' dir='ltr'><strong>in</strong></span> <span class='ocrx_word' id='word_1_363' title='bbox 3153 2092 3311 2128; x_wconf 83' lang='lat' dir='ltr'><strong>manu</strong></span> <span class='ocrx_word' id='word_1_364' title='bbox 3342 2088 3452 2137; x_wconf 85' lang='lat' dir='ltr'><strong>tua,</strong></span> 
     </span>
    </p>
   </div>
   <div class='ocr_carea' id='block_1_54' title="bbox 1896 2157 3455 2230">
    <p class='ocr_par' dir='ltr' id='par_1_54' title="bbox 1896 2157 3455 2230">
     <span class='ocr_line' id='line_1_54' title="bbox 1896 2157 3455 2230; baseline 0.005 -22"><span class='ocrx_word' id='word_1_365' title='bbox 1896 2157 2024 2209; x_wconf 89' lang='lat' dir='ltr'><strong>etin</strong></span> <span class='ocrx_word' id='word_1_366' title='bbox 2066 2160 2229 2213; x_wconf 92' lang='lat' dir='ltr'><strong>corde</strong></span> <span class='ocrx_word' id='word_1_367' title='bbox 2279 2167 2394 2224; x_wconf 89' lang='lat' dir='ltr'><strong>tuo,</strong></span> <span class='ocrx_word' id='word_1_368' title='bbox 2454 2168 2508 2214; x_wconf 88' lang='lat' dir='ltr'><strong>et</strong></span> <span class='ocrx_word' id='word_1_369' title='bbox 2568 2163 2620 2214; x_wconf 92' lang='lat' dir='ltr'><strong>iu</strong></span> <span class='ocrx_word' id='word_1_370' title='bbox 2664 2177 2757 2214; x_wconf 82' lang='lat' dir='ltr'><strong>ore</strong></span> <span class='ocrx_word' id='word_1_371' title='bbox 2822 2171 2933 2215; x_wconf 88' lang='lat' dir='ltr'><strong>tuo.</strong></span> <span class='ocrx_word' id='word_1_372' title='bbox 2999 2165 3171 2230; x_wconf 82' lang='lat' dir='ltr'><strong>Atque</strong></span> <span class='ocrx_word' id='word_1_373' title='bbox 3235 2167 3455 2217; x_wconf 83' lang='lat' dir='ltr'><strong>omnino</strong></span> 
     </span>
    </p>
   </div>
   <div class='ocr_carea' id='block_1_55' title="bbox 1900 2248 3450 2321">
    <p class='ocr_par' dir='ltr' id='par_1_55' title="bbox 1900 2248 3450 2321">
     <span class='ocr_line' id='line_1_55' title="bbox 1900 2248 3450 2321; baseline 0.005 -24"><span class='ocrx_word' id='word_1_374' title='bbox 1900 2248 1971 2299; x_wconf 86' lang='lat' dir='ltr'><strong>rei</strong></span> <span class='ocrx_word' id='word_1_375' title='bbox 2038 2250 2318 2304; x_wconf 81' lang='lat' dir='ltr'><strong>veritatem</strong></span> <span class='ocrx_word' id='word_1_376' title='bbox 2378 2266 2442 2304; x_wconf 79' lang='lat' dir='ltr'><strong>ex</strong></span> <span class='ocrx_word' id='word_1_377' title='bbox 2498 2251 2582 2304; x_wconf 85' lang='lat' dir='ltr'><strong>his</strong></span> <span class='ocrx_word' id='word_1_378' title='bbox 2634 2254 2831 2307; x_wconf 78' lang='lat' dir='ltr'><strong>mentis</strong></span> <span class='ocrx_word' id='word_1_379' title='bbox 2906 2254 3153 2305; x_wconf 81' lang='lat' dir='ltr'><strong>acuinine</strong></span> <span class='ocrx_word' id='word_1_380' title='bbox 3214 2256 3450 2321; x_wconf 73' lang='lat' dir='ltr'><strong>colliges.</strong></span> 
     </span>
    </p>
   </div>
   <div class='ocr_carea' id='block_1_56' title="bbox 1896 2333 3449 2413">
    <p class='ocr_par' dir='ltr' id='par_1_56' title="bbox 1896 2333 3449 2413">
     <span class='ocr_line' id='line_1_56' title="bbox 1896 2333 3449 2413; baseline 0.004 -26"><span class='ocrx_word' id='word_1_381' title='bbox 1896 2333 2028 2387; x_wconf 89' lang='lat' dir='ltr'><strong>Cum</strong></span> <span class='ocrx_word' id='word_1_382' title='bbox 2085 2346 2260 2390; x_wconf 86' lang='lat' dir='ltr'><strong>autem</strong></span> <span class='ocrx_word' id='word_1_383' title='bbox 2311 2338 2662 2406; x_wconf 84' lang='lat' dir='ltr'><strong>imperatores</strong></span> <span class='ocrx_word' id='word_1_384' title='bbox 2740 2351 2793 2394; x_wconf 92' lang='lat' dir='ltr'><strong>et</strong></span> <span class='ocrx_word' id='word_1_385' title='bbox 2853 2342 3169 2409; x_wconf 67' lang='lat' dir='ltr'><strong>patriarchas</strong></span> <span class='ocrx_word' id='word_1_386' title='bbox 3248 2345 3449 2413; x_wconf 79' lang='lat' dir='ltr'><strong>magni-</strong></span> 
     </span>
    </p>
   </div>
   <div class='ocr_carea' id='block_1_57' title="bbox 1899 2426 3453 2493">
    <p class='ocr_par' dir='ltr' id='par_1_57' title="bbox 1899 2426 3453 2493">
     <span class='ocr_line' id='line_1_57' title="bbox 1899 2426 3453 2493; baseline 0.005 -17"><span class='ocrx_word' id='word_1_387' title='bbox 1899 2426 2164 2478; x_wconf 84' lang='lat' dir='ltr'><strong>licentiam</strong></span> <span class='ocrx_word' id='word_1_388' title='bbox 2236 2442 2331 2481; x_wconf 89' lang='lat' dir='ltr'><strong>ceu</strong></span> <span class='ocrx_word' id='word_1_389' title='bbox 2398 2429 2600 2481; x_wconf 89' lang='lat' dir='ltr'><strong>dictum</strong></span> <span class='ocrx_word' id='word_1_390' title='bbox 2660 2437 2786 2493; x_wconf 80' lang='lat' dir='ltr'><strong>est,</strong></span> <span class='ocrx_word' id='word_1_391' title='bbox 2855 2444 3007 2482; x_wconf 85' lang='lat' dir='ltr'><strong>suam</strong></span> <span class='ocrx_word' id='word_1_392' title='bbox 3080 2429 3453 2484; x_wconf 67' lang='lat' dir='ltr'><strong>demonstrent</strong></span> 
     </span>
    </p>
   </div>
   <div class='ocr_carea' id='block_1_58' title="bbox 1900 2516 3449 2588">
    <p class='ocr_par' dir='ltr' id='par_1_58' title="bbox 1900 2516 3449 2588">
     <span class='ocr_line' id='line_1_58' title="bbox 1900 2516 3449 2588; baseline 0.007 -27"><span class='ocrx_word' id='word_1_393' title='bbox 1900 2529 1993 2580; x_wconf 79' lang='lat' dir='ltr'><strong>per</strong></span> <span class='ocrx_word' id='word_1_394' title='bbox 2023 2516 2137 2566; x_wconf 78' lang='lat' dir='ltr'><strong>baiu</strong></span> <span class='ocrx_word' id='word_1_395' title='bbox 2191 2526 2243 2568; x_wconf 89' lang='lat' dir='ltr'><strong>et</strong></span> <span class='ocrx_word' id='word_1_396' title='bbox 2293 2531 2471 2583; x_wconf 77' lang='lat' dir='ltr'><strong>rogas,</strong></span> <span class='ocrx_word' id='word_1_397' title='bbox 2529 2531 2658 2570; x_wconf 85' lang='lat' dir='ltr'><strong>sane</strong></span> <span class='ocrx_word' id='word_1_398' title='bbox 2693 2532 2789 2587; x_wconf 83' lang='lat' dir='ltr'><strong>par</strong></span> <span class='ocrx_word' id='word_1_399' title='bbox 2821 2530 2957 2582; x_wconf 88' lang='lat' dir='ltr'><strong>erat,</strong></span> <span class='ocrx_word' id='word_1_400' title='bbox 3012 2527 3069 2572; x_wconf 92' lang='lat' dir='ltr'><strong>ut</strong></span> <span class='ocrx_word' id='word_1_401' title='bbox 3110 2520 3449 2588; x_wconf 68' lang='lat' dir='ltr'><strong>patriarchae.</strong></span> 
     </span>
    </p>
   </div>
   <div class='ocr_carea' id='block_1_59' title="bbox 1898 2600 3449 2668">
    <p class='ocr_par' dir='ltr' id='par_1_59' title="bbox 1898 2600 3449 2668">
     <span class='ocr_line' id='line_1_59' title="bbox 1898 2600 3449 2668; baseline 0.012 -21"><span class='ocrx_word' id='word_1_402' title='bbox 1898 2600 1986 2667; x_wconf 89' lang='lat' dir='ltr'><strong>qni</strong></span> <span class='ocrx_word' id='word_1_403' title='bbox 2026 2601 2260 2668; x_wconf 84' lang='lat' dir='ltr'><strong>priscam</strong></span> <span class='ocrx_word' id='word_1_404' title='bbox 2307 2601 2566 2656; x_wconf 88' lang='lat' dir='ltr'><strong>hactenus</strong></span> <span class='ocrx_word' id='word_1_405' title='bbox 2603 2607 3051 2659; x_wconf 89' lang='lat' dir='ltr'><strong>consuetudinem</strong></span> <span class='ocrx_word' id='word_1_406' title='bbox 3101 2619 3449 2666; x_wconf 87' lang='lat' dir='ltr'><strong>conservant.</strong></span> 
     </span>
    </p>
   </div>
   <div class='ocr_carea' id='block_1_60' title="bbox 1896 2688 3451 2755">
    <p class='ocr_par' dir='ltr' id='par_1_60' title="bbox 1896 2688 3451 2755">
     <span class='ocr_line' id='line_1_60' title="bbox 1896 2688 3451 2755; baseline 0.006 -18"><span class='ocrx_word' id='word_1_407' title='bbox 1896 2695 1946 2737; x_wconf 79' lang='lat' dir='ltr'><strong>ct</strong></span> <span class='ocrx_word' id='word_1_408' title='bbox 2006 2701 2199 2740; x_wconf 89' lang='lat' dir='ltr'><strong>aureos</strong></span> <span class='ocrx_word' id='word_1_409' title='bbox 2250 2688 2464 2743; x_wconf 83' lang='lat' dir='ltr'><strong>clericis</strong></span> <span class='ocrx_word' id='word_1_410' title='bbox 2520 2706 2772 2746; x_wconf 83' lang='lat' dir='ltr'><strong>nummos</strong></span> <span class='ocrx_word' id='word_1_411' title='bbox 2844 2694 3230 2755; x_wconf 87' lang='lat' dir='ltr'><strong>admetiuntur.</strong></span> <span class='ocrx_word' id='word_1_412' title='bbox 3289 2696 3451 2749; x_wconf 83' lang='lat' dir='ltr'><strong>ctiam</strong></span> 
     </span>
    </p>
   </div>
   <div class='ocr_carea' id='block_1_61' title="bbox 1898 2776 3447 2847">
    <p class='ocr_par' dir='ltr' id='par_1_61' title="bbox 1898 2776 3447 2847">
     <span class='ocr_line' id='line_1_61' title="bbox 1898 2776 3447 2847; baseline 0.006 -20"><span class='ocrx_word' id='word_1_413' title='bbox 1898 2776 2028 2843; x_wconf 81' lang='lat' dir='ltr'><strong>ipsis</strong></span> <span class='ocrx_word' id='word_1_414' title='bbox 2083 2777 2200 2829; x_wconf 86' lang='lat' dir='ltr'><strong>baia</strong></span> <span class='ocrx_word' id='word_1_415' title='bbox 2248 2778 2459 2840; x_wconf 88' lang='lat' dir='ltr'><strong>darent,</strong></span> <span class='ocrx_word' id='word_1_416' title='bbox 2508 2781 2961 2847; x_wconf 79' lang='lat' dir='ltr'><strong>quemadmodum</strong></span> <span class='ocrx_word' id='word_1_417' title='bbox 3014 2784 3309 2835; x_wconf 88' lang='lat' dir='ltr'><strong>indicatum</strong></span> <span class='ocrx_word' id='word_1_418' title='bbox 3359 2797 3447 2839; x_wconf 90' lang='lat' dir='ltr'><strong>est</strong></span> 
     </span>
    </p>
   </div>
   <div class='ocr_carea' id='block_1_62' title="bbox 1899 2864 3448 2940">
    <p class='ocr_par' dir='ltr' id='par_1_62' title="bbox 1899 2864 3448 2940">
     <span class='ocr_line' id='line_1_62' title="bbox 1899 2864 3448 2940; baseline 0.009 -26"><span class='ocrx_word' id='word_1_419' title='bbox 1899 2875 2076 2919; x_wconf 82' lang='lat' dir='ltr'><strong>antea.</strong></span> <span class='ocrx_word' id='word_1_420' title='bbox 2123 2864 2227 2919; x_wconf 87' lang='lat' dir='ltr'><strong>Sed</strong></span> <span class='ocrx_word' id='word_1_421' title='bbox 2253 2867 2505 2933; x_wconf 80' lang='lat' dir='ltr'><strong>quoniam</strong></span> <span class='ocrx_word' id='word_1_422' title='bbox 2537 2870 2656 2931; x_wconf 83' lang='lat' dir='ltr'><strong>lies,</strong></span> <span class='ocrx_word' id='word_1_423' title='bbox 2691 2872 2871 2924; x_wconf 86' lang='lat' dir='ltr'><strong>nescio</strong></span> <span class='ocrx_word' id='word_1_424' title='bbox 2899 2886 3003 2940; x_wconf 90' lang='lat' dir='ltr'><strong>qua</strong></span> <span class='ocrx_word' id='word_1_425' title='bbox 3029 2874 3092 2926; x_wconf 89' lang='lat' dir='ltr'><strong>de</strong></span> <span class='ocrx_word' id='word_1_426' title='bbox 3126 2889 3311 2939; x_wconf 87' lang='lat' dir='ltr'><strong>causa,</strong></span> <span class='ocrx_word' id='word_1_427' title='bbox 3344 2892 3448 2928; x_wconf 88' lang='lat' dir='ltr'><strong>non</strong></span> 
     </span>
    </p>
   </div>
   <div class='ocr_carea' id='block_1_63' title="bbox 1899 2953 3451 3031">
    <p class='ocr_par' dir='ltr' id='par_1_63' title="bbox 1899 2953 3451 3031">
     <span class='ocr_line' id='line_1_63' title="bbox 1899 2953 3451 3031; baseline 0.008 -26"><span class='ocrx_word' id='word_1_428' title='bbox 1899 2956 2130 3021; x_wconf 83' lang='lat' dir='ltr'><strong>amplius</strong></span> <span class='ocrx_word' id='word_1_429' title='bbox 2191 2953 2301 3009; x_wconf 81' lang='lat' dir='ltr'><strong>ﬁeri</strong></span> <span class='ocrx_word' id='word_1_430' title='bbox 2383 2955 2647 3021; x_wconf 87' lang='lat' dir='ltr'><strong>videmus,</strong></span> <span class='ocrx_word' id='word_1_431' title='bbox 2700 2959 2796 3012; x_wconf 87' lang='lat' dir='ltr'><strong>sed</strong></span> <span class='ocrx_word' id='word_1_432' title='bbox 2862 2960 2928 3015; x_wconf 88' lang='lat' dir='ltr'><strong>iis</strong></span> <span class='ocrx_word' id='word_1_433' title='bbox 2977 2963 3189 3028; x_wconf 85' lang='lat' dir='ltr'><strong>diebus,</strong></span> <span class='ocrx_word' id='word_1_434' title='bbox 3254 2966 3451 3031; x_wconf 75' lang='lat' dir='ltr'><strong>quibus</strong></span> 
     </span>
    </p>
   </div>
   <div class='ocr_carea' id='block_1_64' title="bbox 1899 3045 3441 3117">
    <p class='ocr_par' dir='ltr' id='par_1_64' title="bbox 1899 3045 3441 3117">
     <span class='ocr_line' id='line_1_64' title="bbox 1899 3045 3441 3117; baseline 0.008 -22"><span class='ocrx_word' id='word_1_435' title='bbox 1899 3045 2207 3098; x_wconf 88' lang='lat' dir='ltr'><strong>catecheses</strong></span> <span class='ocrx_word' id='word_1_436' title='bbox 2240 3046 2525 3110; x_wconf 82' lang='lat' dir='ltr'><strong>habentur,</strong></span> <span class='ocrx_word' id='word_1_437' title='bbox 2560 3048 2677 3101; x_wconf 90' lang='lat' dir='ltr'><strong>loco</strong></span> <span class='ocrx_word' id='word_1_438' title='bbox 2701 3064 2948 3117; x_wconf 74' lang='lat' dir='ltr'><strong>rogarunt</strong></span> <span class='ocrx_word' id='word_1_439' title='bbox 2980 3060 3031 3104; x_wconf 88' lang='lat' dir='ltr'><strong>et</strong></span> <span class='ocrx_word' id='word_1_440' title='bbox 3056 3054 3301 3106; x_wconf 86' lang='lat' dir='ltr'><strong>baiorum</strong></span> <span class='ocrx_word' id='word_1_441' title='bbox 3330 3056 3441 3107; x_wconf 85' lang='lat' dir='ltr'><strong>sola</strong></span> 
     </span>
    </p>
   </div>
   <div class='ocr_carea' id='block_1_65' title="bbox 1900 3135 3450 3208">
    <p class='ocr_par' dir='ltr' id='par_1_65' title="bbox 1900 3135 3450 3208">
     <span class='ocr_line' id='line_1_65' title="bbox 1900 3135 3450 3208; baseline 0.006 -22"><span class='ocrx_word' id='word_1_442' title='bbox 1900 3135 2096 3201; x_wconf 90' lang='lat' dir='ltr'><strong>populo</strong></span> <span class='ocrx_word' id='word_1_443' title='bbox 2129 3135 2259 3187; x_wconf 86' lang='lat' dir='ltr'><strong>dant</strong></span> <span class='ocrx_word' id='word_1_444' title='bbox 2289 3135 2511 3189; x_wconf 86' lang='lat' dir='ltr'><strong>incensa</strong></span> <span class='ocrx_word' id='word_1_445' title='bbox 2543 3155 2556 3189; x_wconf 89' lang='lat'>:</span> <span class='ocrx_word' id='word_1_446' title='bbox 2591 3139 3044 3192; x_wconf 88' lang='lat' dir='ltr'><strong>considerandum</strong></span> <span class='ocrx_word' id='word_1_447' title='bbox 3079 3152 3199 3195; x_wconf 90' lang='lat' dir='ltr'><strong>ante</strong></span> <span class='ocrx_word' id='word_1_448' title='bbox 3250 3145 3450 3208; x_wconf 56' lang='lat' dir='ltr'><strong>omnia,</strong></span> 
     </span>
    </p>
   </div>
   <div class='ocr_carea' id='block_1_66' title="bbox 1897 3226 3452 3298">
    <p class='ocr_par' dir='ltr' id='par_1_66' title="bbox 1897 3226 3452 3298">
     <span class='ocr_line' id='line_1_66' title="bbox 1897 3226 3452 3298; baseline 0.005 -23"><span class='ocrx_word' id='word_1_449' title='bbox 1897 3226 2167 3293; x_wconf 80' lang='lat' dir='ltr'><strong>quodnam</strong></span> <span class='ocrx_word' id='word_1_450' title='bbox 2190 3227 2340 3279; x_wconf 89' lang='lat' dir='ltr'><strong>vocis</strong></span> <span class='ocrx_word' id='word_1_451' title='bbox 2384 3227 2635 3280; x_wconf 90' lang='lat' dir='ltr'><strong>baiorum</strong></span> <span class='ocrx_word' id='word_1_452' title='bbox 2667 3228 3027 3296; x_wconf 74' lang='lat' dir='ltr'><strong>significatum</strong></span> <span class='ocrx_word' id='word_1_453' title='bbox 3061 3230 3147 3292; x_wconf 78' lang='lat' dir='ltr'><strong>sit,</strong></span> <span class='ocrx_word' id='word_1_454' title='bbox 3185 3240 3233 3284; x_wconf 89' lang='lat' dir='ltr'><strong>ct</strong></span> <span class='ocrx_word' id='word_1_455' title='bbox 3277 3232 3452 3298; x_wconf 85' lang='lat' dir='ltr'><strong>inqui-</strong></span> 
     </span>
    </p>
   </div>
   <div class='ocr_carea' id='block_1_67' title="bbox 1893 3319 3453 3386">
    <p class='ocr_par' dir='ltr' id='par_1_67' title="bbox 1893 3319 3453 3386">
     <span class='ocr_line' id='line_1_67' title="bbox 1893 3319 3453 3386; baseline 0.004 -17"><span class='ocrx_word' id='word_1_456' title='bbox 1893 3319 2081 3379; x_wconf 84' lang='lat' dir='ltr'><strong>renda,</strong></span> <span class='ocrx_word' id='word_1_457' title='bbox 2117 3326 2339 3385; x_wconf 89' lang='lat' dir='ltr'><strong>propter</strong></span> <span class='ocrx_word' id='word_1_458' title='bbox 2382 3333 2543 3386; x_wconf 89' lang='lat' dir='ltr'><strong>quam</strong></span> <span class='ocrx_word' id='word_1_459' title='bbox 2595 3319 2815 3374; x_wconf 83' lang='lat' dir='ltr'><strong>incensa</strong></span> <span class='ocrx_word' id='word_1_460' title='bbox 2859 3321 3057 3374; x_wconf 88' lang='lat' dir='ltr'><strong>dantur</strong></span> <span class='ocrx_word' id='word_1_461' title='bbox 3103 3323 3153 3374; x_wconf 92' lang='lat' dir='ltr'><strong>in</strong></span> <span class='ocrx_word' id='word_1_462' title='bbox 3199 3324 3281 3377; x_wconf 85' lang='lat' dir='ltr'><strong>die</strong></span> <span class='ocrx_word' id='word_1_463' title='bbox 3309 3336 3453 3376; x_wconf 79' lang='lat' dir='ltr'><strong>cate-</strong></span> 
     </span>
    </p>
   </div>
   <div class='ocr_carea' id='block_1_68' title="bbox 216 3398 3449 3482">
    <p class='ocr_par' dir='ltr' id='par_1_68' title="bbox 216 3398 3449 3482">
     <span class='ocr_line' id='line_1_68' title="bbox 216 3398 3449 3482; baseline 0.005 -32"><span class='ocrx_word' id='word_1_464' title='bbox 216 3398 438 3461; x_wconf 61' lang='lat' dir='ltr'><strong>ahvsis,</strong></span> <span class='ocrx_word' id='word_1_465' title='bbox 479 3411 531 3451; x_wconf 86' lang='lat' dir='ltr'><strong>et</strong></span> <span class='ocrx_word' id='word_1_466' title='bbox 594 3416 787 3467; x_wconf 71' lang='lat' dir='ltr'><strong>magna</strong></span> <span class='ocrx_word' id='word_1_467' title='bbox 840 3401 970 3457; x_wconf 83' lang='lat' dir='ltr'><strong>feria</strong></span> <span class='ocrx_word' id='word_1_468' title='bbox 1000 3415 1213 3472; x_wconf 86' lang='lat' dir='ltr'><strong>quarta,</strong></span> <span class='ocrx_word' id='word_1_469' title='bbox 1243 3407 1386 3461; x_wconf 85' lang='lat' dir='ltr'><strong>cerei</strong></span> <span class='ocrx_word' id='word_1_470' title='bbox 1424 3421 1544 3461; x_wconf 89' lang='lat' dir='ltr'><strong>cum</strong></span> <span class='ocrx_word' id='word_1_471' title='bbox 1588 3408 1867 3472; x_wconf 83' lang='lat' dir='ltr'><strong>incensis;</strong></span> <span class='ocrx_word' id='word_1_472' title='bbox 1900 3408 2041 3461; x_wconf 89' lang='lat' dir='ltr'><strong>cerei</strong></span> <span class='ocrx_word' id='word_1_473' title='bbox 2078 3406 2311 3476; x_wconf 87' lang='lat' dir='ltr'><strong>denique</strong></span> <span class='ocrx_word' id='word_1_474' title='bbox 2349 3420 2476 3461; x_wconf 89' lang='lat' dir='ltr'><strong>cum</strong></span> <span class='ocrx_word' id='word_1_475' title='bbox 2543 3410 2797 3464; x_wconf 85' lang='lat' dir='ltr'><strong>crucibus</strong></span> <span class='ocrx_word' id='word_1_476' title='bbox 2856 3425 2917 3464; x_wconf 91' lang='lat' dir='ltr'><strong>ea</strong></span> <span class='ocrx_word' id='word_1_477' title='bbox 2985 3412 3276 3480; x_wconf 73' lang='lat' dir='ltr'><strong>Dominica,</strong></span> <span class='ocrx_word' id='word_1_478' title='bbox 3345 3429 3449 3482; x_wconf 87' lang='lat' dir='ltr'><strong>qua</strong></span> 
     </span>
    </p>
   </div>
   <div class='ocr_carea' id='block_1_69' title="bbox 215 3488 683 3554">
    <p class='ocr_par' dir='ltr' id='par_1_69' title="bbox 215 3488 683 3554">
     <span class='ocr_line' id='line_1_69' title="bbox 215 3488 683 3554; baseline 0.011 -15"><span class='ocrx_word' id='word_1_479' title='bbox 215 3488 342 3539; x_wconf 86' lang='lat' dir='ltr'><strong>baia</strong></span> <span class='ocrx_word' id='word_1_480' title='bbox 380 3499 683 3554; x_wconf 73' lang='lat' dir='ltr'><strong>gestantur.</strong></span> 
     </span>
    </p>
   </div>
   <div class='ocr_carea' id='block_1_70' title="bbox 294 3571 1789 3657">
    <p class='ocr_par' dir='ltr' id='par_1_70' title="bbox 294 3571 1789 3657">
     <span class='ocr_line' id='line_1_70' title="bbox 294 3571 1789 3657; baseline 0.009 -29"><span class='ocrx_word' id='word_1_481' title='bbox 294 3571 394 3629; x_wconf 71' lang='grc' dir='ltr'>Οἷα</span> <span class='ocrx_word' id='word_1_482' title='bbox 428 3578 524 3645; x_wconf 72' lang='grc' dir='ltr'>μὲν</span> <span class='ocrx_word' id='word_1_483' title='bbox 564 3575 656 3630; x_wconf 78' lang='grc' dir='ltr'>οὖν</span> <span class='ocrx_word' id='word_1_484' title='bbox 686 3576 824 3649; x_wconf 77' lang='grc' dir='ltr'>ἦσαν</span> <span class='ocrx_word' id='word_1_485' title='bbox 849 3584 916 3633; x_wconf 76' lang='grc' dir='ltr'>τὰ</span> <span class='ocrx_word' id='word_1_486' title='bbox 940 3585 1067 3650; x_wconf 77' lang='grc' dir='ltr'>βαΐα</span> <span class='ocrx_word' id='word_1_487' title='bbox 1094 3586 1295 3651; x_wconf 81' lang='grc' dir='ltr'>ἐκεῖνα,</span> <span class='ocrx_word' id='word_1_488' title='bbox 1323 3588 1471 3657; x_wconf 76' lang='grc' dir='ltr'>παρὰ</span> <span class='ocrx_word' id='word_1_489' title='bbox 1527 3588 1789 3656; x_wconf 88' lang='grc' dir='ltr'>βασιλέων</span> 
     </span>
    </p>
   </div>
   <div class='ocr_carea' id='block_1_71' title="bbox 216 3666 1789 3745">
    <p class='ocr_par' dir='ltr' id='par_1_71' title="bbox 216 3666 1789 3745">
     <span class='ocr_line' id='line_1_71' title="bbox 216 3666 1789 3745; baseline 0.01 -29"><span class='ocrx_word' id='word_1_490' title='bbox 216 3666 476 3733; x_wconf 79' lang='grc' dir='ltr'>διδόμενα</span> <span class='ocrx_word' id='word_1_491' title='bbox 520 3684 646 3719; x_wconf 82' lang='grc' dir='ltr'>ποτε</span> <span class='ocrx_word' id='word_1_492' title='bbox 707 3672 799 3722; x_wconf 73' lang='grc' dir='ltr'>καὶ</span> <span class='ocrx_word' id='word_1_493' title='bbox 844 3673 1216 3743; x_wconf 84' lang='grc' dir='ltr'>πατριαρχῶν,</span> <span class='ocrx_word' id='word_1_494' title='bbox 1260 3676 1394 3738; x_wconf 89' lang='grc' dir='ltr'>τέως</span> <span class='ocrx_word' id='word_1_495' title='bbox 1446 3678 1556 3743; x_wconf 77' lang='grc' dir='ltr'><strong>ἐγὼ</strong></span> <span class='ocrx_word' id='word_1_496' title='bbox 1589 3680 1789 3745; x_wconf 83' lang='grc' dir='ltr'>ἀγνοῶ.</span> 
     </span>
    </p>
   </div>
   <div class='ocr_carea' id='block_1_72' title="bbox 218 3753 1793 3836">
    <p class='ocr_par' dir='ltr' id='par_1_72' title="bbox 218 3753 1793 3836">
     <span class='ocr_line' id='line_1_72' title="bbox 218 3753 1793 3836; baseline 0.011 -33"><span class='ocrx_word' id='word_1_497' title='bbox 218 3753 362 3807; x_wconf 77' lang='grc' dir='ltr'>Οὕτε</span> <span class='ocrx_word' id='word_1_498' title='bbox 397 3756 503 3824; x_wconf 80' lang='grc' dir='ltr'>γὰρ</span> <span class='ocrx_word' id='word_1_499' title='bbox 558 3757 666 3809; x_wconf 80' lang='grc' dir='ltr'><strong>ἀπὸ</strong></span> <span class='ocrx_word' id='word_1_500' title='bbox 715 3760 892 3828; x_wconf 77' lang='grc' dir='ltr'>χειρὸς</span> <span class='ocrx_word' id='word_1_501' title='bbox 952 3760 1237 3831; x_wconf 85' lang='grc' dir='ltr'>βασιλικῆς</span> <span class='ocrx_word' id='word_1_502' title='bbox 1304 3765 1336 3833; x_wconf 84' lang='grc' dir='ltr'>ἢ</span> <span class='ocrx_word' id='word_1_503' title='bbox 1391 3768 1793 3836; x_wconf 78' lang='grc' dir='ltr'>πατριαρχικῆς</span> 
     </span>
    </p>
   </div>
   <div class='ocr_carea' id='block_1_73' title="bbox 218 3845 1793 3919">
    <p class='ocr_par' dir='ltr' id='par_1_73' title="bbox 218 3845 1793 3919">
     <span class='ocr_line' id='line_1_73' title="bbox 218 3845 1793 3919; baseline 0.01 -23"><span class='ocrx_word' id='word_1_504' title='bbox 218 3845 376 3917; x_wconf 83' lang='grc' dir='ltr'><strong>βαῖον</strong></span> <span class='ocrx_word' id='word_1_505' title='bbox 416 3846 448 3913; x_wconf 82' lang='grc' dir='ltr'>ἠ</span> <span class='ocrx_word' id='word_1_506' title='bbox 496 3847 616 3914; x_wconf 81' lang='grc' dir='ltr'>χείρ</span> <span class='ocrx_word' id='word_1_507' title='bbox 642 3864 743 3915; x_wconf 89' lang='grc' dir='ltr'><strong>μου</strong></span> <span class='ocrx_word' id='word_1_508' title='bbox 774 3848 910 3917; x_wconf 85' lang='grc' dir='ltr'>μετά</span> <span class='ocrx_word' id='word_1_509' title='bbox 962 3850 1128 3919; x_wconf 82' lang='grc' dir='ltr'>ρόγας</span> <span class='ocrx_word' id='word_1_510' title='bbox 1171 3852 1406 3919; x_wconf 75' lang='grc' dir='ltr'>ἐδέξατο,</span> <span class='ocrx_word' id='word_1_511' title='bbox 1478 3858 1569 3909; x_wconf 78' lang='grc' dir='ltr'>καὶ</span> <span class='ocrx_word' id='word_1_512' title='bbox 1620 3855 1793 3911; x_wconf 81' lang='grc' dir='ltr'>ταῦτα</span> 
     </span>
    </p>
   </div>
   <div class='ocr_carea' id='block_1_74' title="bbox 217 3928 1789 4011">
    <p class='ocr_par' dir='ltr' id='par_1_74' title="bbox 217 3928 1789 4011">
     <span class='ocr_line' id='line_1_74' title="bbox 217 3928 1789 4011; baseline 0.008 -22"><span class='ocrx_word' id='word_1_513' title='bbox 217 3928 623 4007; x_wconf 80' lang='grc' dir='ltr'>πλουτιζομένη</span> <span class='ocrx_word' id='word_1_514' title='bbox 649 3938 769 3991; x_wconf 78' lang='grc' dir='ltr'>καθ’</span> <span class='ocrx_word' id='word_1_515' title='bbox 801 3941 1036 4007; x_wconf 77' lang='grc' dir='ltr'>ἑκάστην</span> <span class='ocrx_word' id='word_1_516' title='bbox 1068 3942 1250 4010; x_wconf 79' lang='grc' dir='ltr'>σχεδὸν</span> <span class='ocrx_word' id='word_1_517' title='bbox 1276 3944 1366 3996; x_wconf 79' lang='grc' dir='ltr'><strong>ὑπ’</strong></span> <span class='ocrx_word' id='word_1_518' title='bbox 1402 3944 1604 4011; x_wconf 79' lang='grc' dir='ltr'>αὐτῶν,</span> <span class='ocrx_word' id='word_1_519' title='bbox 1663 3947 1789 4001; x_wconf 70' lang='grc' dir='ltr'>οὔτε</span> 
     </span>
    </p>
   </div>
   <div class='ocr_carea' id='block_1_75' title="bbox 215 4026 1791 4105">
    <p class='ocr_par' dir='ltr' id='par_1_75' title="bbox 215 4026 1791 4105">
     <span class='ocr_line' id='line_1_75' title="bbox 215 4026 1791 4105; baseline 0.01 -27"><span class='ocrx_word' id='word_1_520' title='bbox 215 4026 319 4096; x_wconf 81' lang='grc' dir='ltr'>τὴν</span> <span class='ocrx_word' id='word_1_521' title='bbox 335 4026 538 4080; x_wconf 89' lang='grc' dir='ltr'>τούτων</span> <span class='ocrx_word' id='word_1_522' title='bbox 578 4029 837 4099; x_wconf 78' lang='grc' dir='ltr'>ποιότητα</span> <span class='ocrx_word' id='word_1_523' title='bbox 872 4034 1002 4100; x_wconf 84' lang='grc' dir='ltr'>παρ’</span> <span class='ocrx_word' id='word_1_524' title='bbox 1032 4034 1233 4101; x_wconf 76' lang='grc' dir='ltr'>ἑτέρων</span> <span class='ocrx_word' id='word_1_525' title='bbox 1295 4037 1609 4105; x_wconf 83' lang='grc' dir='ltr'>μεμάθηκα.</span> <span class='ocrx_word' id='word_1_526' title='bbox 1646 4038 1791 4091; x_wconf 80' lang='grc' dir='ltr'><strong>Κλά-</strong></span> 
     </span>
    </p>
   </div>
   <div class='ocr_carea' id='block_1_76' title="bbox 219 4117 1789 4197">
    <p class='ocr_par' dir='ltr' id='par_1_76' title="bbox 219 4117 1789 4197">
     <span class='ocr_line' id='line_1_76' title="bbox 219 4117 1789 4197; baseline 0.008 -29"><span class='ocrx_word' id='word_1_527' title='bbox 219 4117 343 4180; x_wconf 81' lang='grc' dir='ltr'>δους</span> <span class='ocrx_word' id='word_1_528' title='bbox 373 4117 427 4169; x_wconf 68' lang='grc' dir='ltr'>δὲ</span> <span class='ocrx_word' id='word_1_529' title='bbox 467 4119 726 4184; x_wconf 79' lang='grc' dir='ltr'>φοινίκων</span> <span class='ocrx_word' id='word_1_530' title='bbox 756 4120 851 4172; x_wconf 81' lang='grc' dir='ltr'>καὶ</span> <span class='ocrx_word' id='word_1_531' title='bbox 889 4122 1167 4191; x_wconf 84' lang='grc' dir='ltr'>μυρσινῶν</span> <span class='ocrx_word' id='word_1_532' title='bbox 1210 4124 1391 4194; x_wconf 84' lang='grc' dir='ltr'>βλέπω</span> <span class='ocrx_word' id='word_1_533' title='bbox 1424 4128 1549 4190; x_wconf 79' lang='grc' dir='ltr'>τοὺς</span> <span class='ocrx_word' id='word_1_534' title='bbox 1575 4128 1789 4197; x_wconf 80' lang='grc' dir='ltr'>ἀνθρώ-</span> 
     </span>
    </p>
   </div>
   <div class='ocr_carea' id='block_1_77' title="bbox 222 4209 1785 4284">
    <p class='ocr_par' dir='ltr' id='par_1_77' title="bbox 222 4209 1785 4284">
     <span class='ocr_line' id='line_1_77' title="bbox 222 4209 1785 4284; baseline 0.008 -26"><span class='ocrx_word' id='word_1_535' title='bbox 222 4225 358 4269; x_wconf 85' lang='grc' dir='ltr'>πους</span> <span class='ocrx_word' id='word_1_536' title='bbox 420 4209 772 4278; x_wconf 85' lang='grc' dir='ltr'>κατέχοντας,</span> <span class='ocrx_word' id='word_1_537' title='bbox 831 4214 925 4265; x_wconf 75' lang='grc' dir='ltr'>καὶ</span> <span class='ocrx_word' id='word_1_538' title='bbox 988 4211 1084 4281; x_wconf 70' lang='grc' dir='ltr'>τὴν</span> <span class='ocrx_word' id='word_1_539' title='bbox 1134 4214 1390 4284; x_wconf 78' lang='grc' dir='ltr'>βαῖφόρον</span> <span class='ocrx_word' id='word_1_540' title='bbox 1444 4216 1785 4282; x_wconf 74' lang='grc' dir='ltr'>δοξάζοντας.</span> 
     </span>
    </p>
   </div>
   <div class='ocr_carea' id='block_1_78' title="bbox 224 4298 1787 4377">
    <p class='ocr_par' dir='ltr' id='par_1_78' title="bbox 224 4298 1787 4377">
     <span class='ocr_line' id='line_1_78' title="bbox 224 4298 1787 4377; baseline 0.006 -26"><span class='ocrx_word' id='word_1_541' title='bbox 224 4298 390 4360; x_wconf 88' lang='grc' dir='ltr'>Ιιοίας</span> <span class='ocrx_word' id='word_1_542' title='bbox 417 4299 473 4351; x_wconf 76' lang='grc' dir='ltr'>δὲ</span> <span class='ocrx_word' id='word_1_543' title='bbox 504 4300 787 4354; x_wconf 85' lang='grc' dir='ltr'>διαλέκτου</span> <span class='ocrx_word' id='word_1_544' title='bbox 828 4302 888 4355; x_wconf 74' lang='grc' dir='ltr'>τὸ</span> <span class='ocrx_word' id='word_1_545' title='bbox 924 4303 1077 4371; x_wconf 79' lang='grc' dir='ltr'>βαῖον</span> <span class='ocrx_word' id='word_1_546' title='bbox 1113 4307 1246 4371; x_wconf 77' lang='grc' dir='ltr'>ἐστὶ,</span> <span class='ocrx_word' id='word_1_547' title='bbox 1283 4308 1375 4359; x_wconf 82' lang='grc' dir='ltr'>καὶ</span> <span class='ocrx_word' id='word_1_548' title='bbox 1418 4311 1540 4360; x_wconf 90' lang='grc' dir='ltr'>τίνα</span> <span class='ocrx_word' id='word_1_549' title='bbox 1605 4325 1787 4377; x_wconf 74' lang='grc' dir='ltr'><strong>σημα⁶</strong></span> 
     </span>
    </p>
   </div>
   <div class='ocr_carea' id='block_1_79' title="bbox 220 4388 1787 4467">
    <p class='ocr_par' dir='ltr' id='par_1_79' title="bbox 220 4388 1787 4467">
     <span class='ocr_line' id='line_1_79' title="bbox 220 4388 1787 4467; baseline 0.008 -28"><span class='ocrx_word' id='word_1_550' title='bbox 220 4388 343 4441; x_wconf 84' lang='grc' dir='ltr'>σίαν</span> <span class='ocrx_word' id='word_1_551' title='bbox 358 4390 467 4459; x_wconf 68' lang='grc' dir='ltr'>ἔχει</span> <span class='ocrx_word' id='word_1_552' title='bbox 498 4393 637 4443; x_wconf 83' lang='grc' dir='ltr'>κατὰ</span> <span class='ocrx_word' id='word_1_553' title='bbox 665 4392 964 4460; x_wconf 79' lang='grc' dir='ltr'>Ῥωμαίους</span> <span class='ocrx_word' id='word_1_554' title='bbox 978 4395 1070 4447; x_wconf 81' lang='grc' dir='ltr'>καὶ</span> <span class='ocrx_word' id='word_1_555' title='bbox 1087 4396 1375 4463; x_wconf 82' lang='grc' dir='ltr'>Ἕλληνας,</span> <span class='ocrx_word' id='word_1_556' title='bbox 1395 4398 1787 4467; x_wconf 74' lang='grc' dir='ltr'>δηλωθήσεται.</span> 
     </span>
    </p>
   </div>
   <div class='ocr_carea' id='block_1_80' title="bbox 220 4478 1785 4551">
    <p class='ocr_par' dir='ltr' id='par_1_80' title="bbox 220 4478 1785 4551">
     <span class='ocr_line' id='line_1_80' title="bbox 220 4478 1785 4551; baseline 0.008 -22"><span class='ocrx_word' id='word_1_557' title='bbox 220 4478 381 4531; x_wconf 77' lang='grc' dir='ltr'>Βατον</span> <span class='ocrx_word' id='word_1_558' title='bbox 413 4480 551 4533; x_wconf 76' lang='grc' dir='ltr'>κατὰ</span> <span class='ocrx_word' id='word_1_559' title='bbox 609 4482 910 4551; x_wconf 75' lang='grc' dir='ltr'>Ῥωμαίους</span> <span class='ocrx_word' id='word_1_560' title='bbox 966 4484 1089 4537; x_wconf 76' lang='grc' dir='ltr'>οὗτε</span> <span class='ocrx_word' id='word_1_561' title='bbox 1128 4486 1321 4548; x_wconf 75' lang='grc' dir='ltr'>κλάδος</span> <span class='ocrx_word' id='word_1_562' title='bbox 1380 4490 1526 4539; x_wconf 74' lang='grc' dir='ltr'>ἐστὶν</span> <span class='ocrx_word' id='word_1_563' title='bbox 1557 4491 1619 4541; x_wconf 75' lang='grc' dir='ltr'>ὲκ</span> <span class='ocrx_word' id='word_1_564' title='bbox 1677 4490 1785 4542; x_wconf 87' lang='grc' dir='ltr'>δέν-</span> 
     </span>
    </p>
   </div>
   <div class='ocr_carea' id='block_1_81' title="bbox 219 4567 1788 4648">
    <p class='ocr_par' dir='ltr' id='par_1_81' title="bbox 219 4567 1788 4648">
     <span class='ocr_line' id='line_1_81' title="bbox 219 4567 1788 4648; baseline 0.008 -29"><span class='ocrx_word' id='word_1_565' title='bbox 219 4567 346 4635; x_wconf 85' lang='grc' dir='ltr'>δρου</span> <span class='ocrx_word' id='word_1_566' title='bbox 372 4570 722 4639; x_wconf 87' lang='grc' dir='ltr'>κοπτόμενος,</span> <span class='ocrx_word' id='word_1_567' title='bbox 746 4572 867 4625; x_wconf 77' lang='grc' dir='ltr'>οὕτε</span> <span class='ocrx_word' id='word_1_568' title='bbox 886 4574 1038 4643; x_wconf 73' lang='grc' dir='ltr'>ῥόδον</span> <span class='ocrx_word' id='word_1_569' title='bbox 1075 4577 1137 4628; x_wconf 64' lang='lat' dir='ltr'><strong>kx</strong></span> <span class='ocrx_word' id='word_1_570' title='bbox 1184 4576 1451 4645; x_wconf 77' lang='grc' dir='ltr'>ροδωνιᾶς</span> <span class='ocrx_word' id='word_1_571' title='bbox 1483 4579 1788 4648; x_wconf 79' lang='grc' dir='ltr'>συναγόμε-</span> 
     </span>
    </p>
   </div>
   <div class='ocr_carea' id='block_1_82' title="bbox 221 4657 1790 4737">
    <p class='ocr_par' dir='ltr' id='par_1_82' title="bbox 221 4657 1790 4737">
     <span class='ocr_line' id='line_1_82' title="bbox 221 4657 1790 4737; baseline 0.008 -29"><span class='ocrx_word' id='word_1_572' title='bbox 221 4673 334 4721; x_wconf 89' lang='grc' dir='ltr'>νον,</span> <span class='ocrx_word' id='word_1_573' title='bbox 358 4657 481 4714; x_wconf 74' lang='grc' dir='ltr'>οὔτε</span> <span class='ocrx_word' id='word_1_574' title='bbox 512 4660 697 4729; x_wconf 87' lang='grc' dir='ltr'>κρίνον</span> <span class='ocrx_word' id='word_1_575' title='bbox 726 4664 788 4713; x_wconf 74' lang='grc' dir='ltr'>ὲκ</span> <span class='ocrx_word' id='word_1_576' title='bbox 820 4666 1108 4731; x_wconf 79' lang='grc' dir='ltr'>κρινωνιᾶς</span> <span class='ocrx_word' id='word_1_577' title='bbox 1129 4666 1520 4732; x_wconf 72' lang='grc' dir='ltr'>συλλεγόμενον</span> <span class='ocrx_word' id='word_1_578' title='bbox 1544 4683 1557 4696; x_wconf 88' lang='grc'><strong>·</strong></span> <span class='ocrx_word' id='word_1_579' title='bbox 1578 4669 1790 4737; x_wconf 81' lang='grc' dir='ltr'>ἀνθρω-</span> 
     </span>
    </p>
   </div>
   <div class='ocr_carea' id='block_1_83' title="bbox 224 4750 1791 4828">
    <p class='ocr_par' dir='ltr' id='par_1_83' title="bbox 224 4750 1791 4828">
     <span class='ocr_line' id='line_1_83' title="bbox 224 4750 1791 4828; baseline 0.008 -29"><span class='ocrx_word' id='word_1_580' title='bbox 224 4752 354 4819; x_wconf 86' lang='grc' dir='ltr'>πίνη</span> <span class='ocrx_word' id='word_1_581' title='bbox 374 4750 420 4781; x_wconf 85' lang='grc'><strong><em>⁸³</em></strong></span> <span class='ocrx_word' id='word_1_582' title='bbox 440 4750 494 4803; x_wconf 75' lang='grc' dir='ltr'>δὲ</span> <span class='ocrx_word' id='word_1_583' title='bbox 519 4753 732 4823; x_wconf 85' lang='grc' dir='ltr'>γνώμη,</span> <span class='ocrx_word' id='word_1_584' title='bbox 765 4755 830 4807; x_wconf 71' lang='grc' dir='ltr'>ὲκ</span> <span class='ocrx_word' id='word_1_585' title='bbox 860 4754 1011 4807; x_wconf 78' lang='grc' dir='ltr'>τοῦδε</span> <span class='ocrx_word' id='word_1_586' title='bbox 1035 4757 1113 4818; x_wconf 85' lang='grc' dir='ltr'>εις</span> <span class='ocrx_word' id='word_1_587' title='bbox 1138 4756 1254 4809; x_wconf 84' lang='grc' dir='ltr'>τόδε</span> <span class='ocrx_word' id='word_1_588' title='bbox 1276 4758 1596 4827; x_wconf 75' lang='grc' dir='ltr'>μετάϐασις,</span> <span class='ocrx_word' id='word_1_589' title='bbox 1617 4759 1791 4828; x_wconf 81' lang='grc' dir='ltr'>ἀγαθὴ</span> 
     </span>
    </p>
   </div>
   <div class='ocr_carea' id='block_1_84' title="bbox 222 4840 1786 4918">
    <p class='ocr_par' dir='ltr' id='par_1_84' title="bbox 222 4840 1786 4918">
     <span class='ocr_line' id='line_1_84' title="bbox 222 4840 1786 4918; baseline 0.006 -28"><span class='ocrx_word' id='word_1_590' title='bbox 222 4840 467 4908; x_wconf 80' lang='grc' dir='ltr'>δηλονότι</span> <span class='ocrx_word' id='word_1_591' title='bbox 498 4843 529 4911; x_wconf 75' lang='grc' dir='ltr'>ἢ</span> <span class='ocrx_word' id='word_1_592' title='bbox 566 4846 798 4913; x_wconf 85' lang='grc' dir='ltr'>πονηρά.</span> <span class='ocrx_word' id='word_1_593' title='bbox 851 4846 1128 4899; x_wconf 80' lang='grc' dir='ltr'>Ἐντεῦθεν</span> <span class='ocrx_word' id='word_1_594' title='bbox 1183 4849 1291 4917; x_wconf 85' lang='grc' dir='ltr'>γὰρ</span> <span class='ocrx_word' id='word_1_595' title='bbox 1329 4849 1451 4911; x_wconf 82' lang='grc' dir='ltr'>τοὺς</span> <span class='ocrx_word' id='word_1_596' title='bbox 1508 4853 1786 4918; x_wconf 81' lang='grc' dir='ltr'>παιδοτρί-</span> 
     </span>
    </p>
   </div>
   <div class='ocr_carea' id='block_1_85' title="bbox 225 4929 1787 5009">
    <p class='ocr_par' dir='ltr' id='par_1_85' title="bbox 225 4929 1787 5009">
     <span class='ocr_line' id='line_1_85' title="bbox 225 4929 1787 5009; baseline 0.006 -28"><span class='ocrx_word' id='word_1_597' title='bbox 225 4930 325 4991; x_wconf 74' lang='grc' dir='ltr'>ϐας</span> <span class='ocrx_word' id='word_1_598' title='bbox 369 4929 647 4999; x_wconf 73' lang='grc' dir='ltr'>βσῖούὶους</span> <span class='ocrx_word' id='word_1_599' title='bbox 676 4936 1139 5005; x_wconf 74' lang='grc' dir='ltr'>κατονομάζομεν,</span> <span class='ocrx_word' id='word_1_600' title='bbox 1170 4936 1243 4999; x_wconf 83' lang='grc' dir='ltr'>ὡς</span> <span class='ocrx_word' id='word_1_601' title='bbox 1284 4941 1351 4990; x_wconf 78' lang='grc' dir='ltr'>τὰ</span> <span class='ocrx_word' id='word_1_602' title='bbox 1386 4939 1630 5009; x_wconf 80' lang='grc' dir='ltr'>νηπιώδη</span> <span class='ocrx_word' id='word_1_603' title='bbox 1683 4938 1787 4991; x_wconf 83' lang='grc' dir='ltr'><strong>τῶν</strong></span> 
     </span>
    </p>
   </div>
   <div class='ocr_carea' id='block_1_86' title="bbox 226 5019 1784 5096">
    <p class='ocr_par' dir='ltr' id='par_1_86' title="bbox 226 5019 1784 5096">
     <span class='ocr_line' id='line_1_86' title="bbox 226 5019 1784 5096; baseline 0.006 -27"><span class='ocrx_word' id='word_1_604' title='bbox 226 5019 435 5073; x_wconf 83' lang='grc' dir='ltr'>παίδων</span> <span class='ocrx_word' id='word_1_605' title='bbox 511 5023 834 5091; x_wconf 79' lang='grc' dir='ltr'>φρονήματα</span> <span class='ocrx_word' id='word_1_606' title='bbox 896 5025 1229 5094; x_wconf 82' lang='grc' dir='ltr'>μετάγοντας</span> <span class='ocrx_word' id='word_1_607' title='bbox 1282 5026 1416 5095; x_wconf 74' lang='grc' dir='ltr'>πρὸς</span> <span class='ocrx_word' id='word_1_608' title='bbox 1462 5028 1784 5096; x_wconf 75' lang='grc' dir='ltr'>ἁρρένωσιν.</span> 
     </span>
    </p>
   </div>
   <div class='ocr_carea' id='block_1_87' title="bbox 228 5109 1789 5184">
    <p class='ocr_par' dir='ltr' id='par_1_87' title="bbox 228 5109 1789 5184">
     <span class='ocr_line' id='line_1_87' title="bbox 228 5109 1789 5184; baseline 0.004 -23"><span class='ocrx_word' id='word_1_609' title='bbox 228 5109 339 5161; x_wconf 75' lang='grc' dir='ltr'><strong>Καὶ</strong></span> <span class='ocrx_word' id='word_1_610' title='bbox 378 5110 890 5181; x_wconf 75' lang='grc' dir='ltr'>πραεϐαρικάτορας</span> <span class='ocrx_word' id='word_1_611' title='bbox 917 5114 1167 5184; x_wconf 78' lang='grc' dir='ltr'>λέγομεν,</span> <span class='ocrx_word' id='word_1_612' title='bbox 1202 5116 1325 5177; x_wconf 82' lang='grc' dir='ltr'>τοὺς</span> <span class='ocrx_word' id='word_1_613' title='bbox 1352 5116 1789 5184; x_wconf 77' lang='grc' dir='ltr'>ποικιλλομένους</span> 
     </span>
    </p>
   </div>
   <div class='ocr_carea' id='block_1_88' title="bbox 228 5196 1795 5272">
    <p class='ocr_par' dir='ltr' id='par_1_88' title="bbox 228 5196 1795 5272">
     <span class='ocr_line' id='line_1_88' title="bbox 228 5196 1795 5272; baseline 0.006 -27"><span class='ocrx_word' id='word_1_614' title='bbox 228 5196 371 5247; x_wconf 69' lang='grc' dir='ltr'>κατὰ</span> <span class='ocrx_word' id='word_1_615' title='bbox 423 5196 518 5264; x_wconf 83' lang='grc' dir='ltr'>τὴν</span> <span class='ocrx_word' id='word_1_616' title='bbox 562 5198 670 5264; x_wconf 82' lang='grc' dir='ltr'>ίριν</span> <span class='ocrx_word' id='word_1_617' title='bbox 736 5203 1055 5270; x_wconf 65' lang='grc' dir='ltr'>συνεργοὺς,</span> <span class='ocrx_word' id='word_1_618' title='bbox 1115 5203 1207 5254; x_wconf 80' lang='grc' dir='ltr'>καὶ</span> <span class='ocrx_word' id='word_1_619' title='bbox 1265 5203 1613 5272; x_wconf 74' lang='grc' dir='ltr'>προδιδόντας</span> <span class='ocrx_word' id='word_1_620' title='bbox 1665 5207 1795 5265; x_wconf 72' lang='grc' dir='ltr'>τοὺς</span> 
     </span>
    </p>
   </div>
   <div class='ocr_carea' id='block_1_89' title="bbox 229 5284 1788 5359">
    <p class='ocr_par' dir='ltr' id='par_1_89' title="bbox 229 5284 1788 5359">
     <span class='ocr_line' id='line_1_89' title="bbox 229 5284 1788 5359; baseline 0.006 -27"><span class='ocrx_word' id='word_1_621' title='bbox 229 5284 569 5352; x_wconf 63' lang='grc' dir='ltr'>πρόσφυγας.</span> <span class='ocrx_word' id='word_1_622' title='bbox 594 5286 701 5353; x_wconf 81' lang='grc' dir='ltr'><strong>Τῆς</strong></span> <span class='ocrx_word' id='word_1_623' title='bbox 731 5288 858 5351; x_wconf 79' lang='grc' dir='ltr'>γοῦν</span> <span class='ocrx_word' id='word_1_624' title='bbox 900 5286 1152 5351; x_wconf 82' lang='grc' dir='ltr'>Ἰουδαίας</span> <span class='ocrx_word' id='word_1_625' title='bbox 1180 5290 1273 5341; x_wconf 78' lang='grc' dir='ltr'>καὶ</span> <span class='ocrx_word' id='word_1_626' title='bbox 1318 5290 1665 5359; x_wconf 80' lang='grc' dir='ltr'>Ἰερουσαλὴμ</span> <span class='ocrx_word' id='word_1_627' title='bbox 1696 5306 1788 5357; x_wconf 66' lang='grc' dir='ltr'>γει</span> 
     </span>
    </p>
   </div>
   <div class='ocr_carea' id='block_1_90' title="bbox 232 5374 1790 5447">
    <p class='ocr_par' dir='ltr' id='par_1_90' title="bbox 232 5374 1790 5447">
     <span class='ocr_line' id='line_1_90' title="bbox 232 5374 1790 5447; baseline 0.004 -24"><span class='ocrx_word' id='word_1_628' title='bbox 232 5374 464 5443; x_wconf 75' lang='grc' dir='ltr'>νομένης</span> <span class='ocrx_word' id='word_1_629' title='bbox 504 5376 821 5444; x_wconf 81' lang='grc' dir='ltr'>ὑποχειρίας</span> <span class='ocrx_word' id='word_1_630' title='bbox 878 5379 983 5431; x_wconf 90' lang='grc' dir='ltr'><strong>τῶν</strong></span> <span class='ocrx_word' id='word_1_631' title='bbox 1037 5380 1320 5445; x_wconf 86' lang='grc' dir='ltr'>Ῥωμαίων</span> <span class='ocrx_word' id='word_1_632' title='bbox 1367 5378 1443 5447; x_wconf 80' lang='grc' dir='ltr'>τῷ</span> <span class='ocrx_word' id='word_1_633' title='bbox 1498 5380 1790 5446; x_wconf 83' lang='grc' dir='ltr'>στέμματι,</span> 
     </span>
    </p>
   </div>
   <div class='ocr_carea' id='block_1_91' title="bbox 237 5465 1788 5540">
    <p class='ocr_par' dir='ltr' id='par_1_91' title="bbox 237 5465 1788 5540">
     <span class='ocr_line' id='line_1_91' title="bbox 237 5465 1788 5540; baseline 0.006 -25"><span class='ocrx_word' id='word_1_634' title='bbox 237 5465 376 5533; x_wconf 83' lang='grc' dir='ltr'>μετὰ</span> <span class='ocrx_word' id='word_1_635' title='bbox 399 5465 459 5517; x_wconf 84' lang='grc' dir='ltr'>τὸ</span> <span class='ocrx_word' id='word_1_636' title='bbox 493 5467 830 5536; x_wconf 79' lang='grc' dir='ltr'>μοναρχήσαι</span> <span class='ocrx_word' id='word_1_637' title='bbox 880 5470 967 5521; x_wconf 76' lang='grc' dir='ltr'>τὸν</span> <span class='ocrx_word' id='word_1_638' title='bbox 1020 5469 1237 5523; x_wconf 81' lang='grc' dir='ltr'>Ἰούλιον</span> <span class='ocrx_word' id='word_1_639' title='bbox 1291 5471 1561 5540; x_wconf 83' lang='grc' dir='ltr'>Καίσαρα,</span> <span class='ocrx_word' id='word_1_640' title='bbox 1624 5470 1788 5540; x_wconf 83' lang='grc' dir='ltr'>(οὕτω</span> 
     </span>
    </p>
   </div>
   <div class='ocr_carea' id='block_1_92' title="bbox 1964 3590 3449 3663">
    <p class='ocr_par' dir='ltr' id='par_1_92' title="bbox 1964 3590 3449 3663">
     <span class='ocr_line' id='line_1_92' title="bbox 1964 3590 3449 3663; baseline 0.004 -20"><span class='ocrx_word' id='word_1_641' title='bbox 1964 3591 2251 3644; x_wconf 77' lang='lat' dir='ltr'><strong>Enimvero</strong></span> <span class='ocrx_word' id='word_1_642' title='bbox 2299 3590 2600 3659; x_wconf 76' lang='lat' dir='ltr'><strong>cujusmodi</strong></span> <span class='ocrx_word' id='word_1_643' title='bbox 2634 3592 2830 3645; x_wconf 82' lang='lat' dir='ltr'><strong>fuerint</strong></span> <span class='ocrx_word' id='word_1_644' title='bbox 2880 3594 2968 3645; x_wconf 81' lang='lat' dir='ltr'><strong>illa</strong></span> <span class='ocrx_word' id='word_1_645' title='bbox 3020 3594 3159 3658; x_wconf 89' lang='lat' dir='ltr'><strong>baia,</strong></span> <span class='ocrx_word' id='word_1_646' title='bbox 3211 3610 3327 3663; x_wconf 72' lang='lat' dir='ltr'><strong>qure</strong></span> <span class='ocrx_word' id='word_1_647' title='bbox 3382 3597 3449 3649; x_wconf 78' lang='lat' dir='ltr'><strong>ab</strong></span> 
     </span>
    </p>
   </div>
   <div class='ocr_carea' id='block_1_93' title="bbox 1899 3680 3450 3753">
    <p class='ocr_par' dir='ltr' id='par_1_93' title="bbox 1899 3680 3450 3753">
     <span class='ocr_line' id='line_1_93' title="bbox 1899 3680 3450 3753; baseline 0.006 -24"><span class='ocrx_word' id='word_1_648' title='bbox 1899 3680 2320 3747; x_wconf 86' lang='lat' dir='ltr'><strong>imperatoribus</strong></span> <span class='ocrx_word' id='word_1_649' title='bbox 2350 3691 2403 3734; x_wconf 87' lang='lat' dir='ltr'><strong>et</strong></span> <span class='ocrx_word' id='word_1_650' title='bbox 2442 3684 2767 3751; x_wconf 84' lang='lat' dir='ltr'><strong>patriarchis</strong></span> <span class='ocrx_word' id='word_1_651' title='bbox 2794 3684 2920 3737; x_wconf 80' lang='lat' dir='ltr'><strong>olim</strong></span> <span class='ocrx_word' id='word_1_652' title='bbox 2969 3686 3261 3750; x_wconf 71' lang='lat' dir='ltr'><strong>dabantur,</strong></span> <span class='ocrx_word' id='word_1_653' title='bbox 3293 3688 3450 3753; x_wconf 87' lang='lat' dir='ltr'><strong>cqni-</strong></span> 
     </span>
    </p>
   </div>
   <div class='ocr_carea' id='block_1_94' title="bbox 1896 3768 3451 3844">
    <p class='ocr_par' dir='ltr' id='par_1_94' title="bbox 1896 3768 3451 3844">
     <span class='ocr_line' id='line_1_94' title="bbox 1896 3768 3451 3844; baseline 0.007 -25"><span class='ocrx_word' id='word_1_654' title='bbox 1896 3768 2017 3823; x_wconf 84' lang='lat' dir='ltr'><strong>dem</strong></span> <span class='ocrx_word' id='word_1_655' title='bbox 2046 3770 2309 3825; x_wconf 84' lang='lat' dir='ltr'><strong>hactenus</strong></span> <span class='ocrx_word' id='word_1_656' title='bbox 2342 3771 2549 3842; x_wconf 71' lang='lat' dir='ltr'><strong>ignoro.</strong></span> <span class='ocrx_word' id='word_1_657' title='bbox 2581 3772 2690 3828; x_wconf 82' lang='lat' dir='ltr'><strong>Nec</strong></span> <span class='ocrx_word' id='word_1_658' title='bbox 2720 3777 2863 3827; x_wconf 87' lang='lat' dir='ltr'><strong>enim</strong></span> <span class='ocrx_word' id='word_1_659' title='bbox 2896 3776 2965 3829; x_wconf 85' lang='lat' dir='ltr'><strong>ab</strong></span> <span class='ocrx_word' id='word_1_660' title='bbox 2993 3777 3342 3844; x_wconf 85' lang='lat' dir='ltr'><strong>imperatoria</strong></span> <span class='ocrx_word' id='word_1_661' title='bbox 3370 3781 3451 3832; x_wconf 84' lang='lat' dir='ltr'><strong>vel</strong></span> 
     </span>
    </p>
   </div>
   <div class='ocr_carea' id='block_1_95' title="bbox 1893 3859 3451 3934">
    <p class='ocr_par' dir='ltr' id='par_1_95' title="bbox 1893 3859 3451 3934">
     <span class='ocr_line' id='line_1_95' title="bbox 1893 3859 3451 3934; baseline 0.005 -21"><span class='ocrx_word' id='word_1_662' title='bbox 1893 3859 2237 3929; x_wconf 82' lang='lat' dir='ltr'><strong>patriarchali</strong></span> <span class='ocrx_word' id='word_1_663' title='bbox 2272 3876 2432 3915; x_wconf 87' lang='lat' dir='ltr'><strong>manu</strong></span> <span class='ocrx_word' id='word_1_664' title='bbox 2474 3862 2651 3916; x_wconf 91' lang='lat' dir='ltr'><strong>baium</strong></span> <span class='ocrx_word' id='word_1_665' title='bbox 2683 3863 2898 3932; x_wconf 76' lang='lat' dir='ltr'><strong>aliquod</strong></span> <span class='ocrx_word' id='word_1_666' title='bbox 2939 3880 3060 3917; x_wconf 87' lang='lat' dir='ltr'><strong>cum</strong></span> <span class='ocrx_word' id='word_1_667' title='bbox 3102 3881 3226 3934; x_wconf 76' lang='lat' dir='ltr'><strong>roga</strong></span> <span class='ocrx_word' id='word_1_668' title='bbox 3257 3882 3451 3921; x_wconf 83' lang='lat' dir='ltr'><strong>mann-5</strong></span> 
     </span>
    </p>
   </div>
   <div class='ocr_carea' id='block_1_96' title="bbox 1896 3952 3448 4023">
    <p class='ocr_par' dir='ltr' id='par_1_96' title="bbox 1896 3952 3448 4023">
     <span class='ocr_line' id='line_1_96' title="bbox 1896 3952 3448 4023; baseline 0.004 -21"><span class='ocrx_word' id='word_1_669' title='bbox 1896 3964 2012 4003; x_wconf 88' lang='lat' dir='ltr'><strong>mea</strong></span> <span class='ocrx_word' id='word_1_670' title='bbox 2053 3965 2289 4019; x_wconf 87' lang='lat' dir='ltr'><strong>unquam</strong></span> <span class='ocrx_word' id='word_1_671' title='bbox 2345 3952 2575 4020; x_wconf 90' lang='lat' dir='ltr'><strong>accepit,</strong></span> <span class='ocrx_word' id='word_1_672' title='bbox 2608 3954 2733 4005; x_wconf 90' lang='lat' dir='ltr'><strong>licet</strong></span> <span class='ocrx_word' id='word_1_673' title='bbox 2772 3954 2839 4007; x_wconf 92' lang='lat' dir='ltr'><strong>ab</strong></span> <span class='ocrx_word' id='word_1_674' title='bbox 2864 3952 2943 4007; x_wconf 86' lang='lat' dir='ltr'><strong>eis</strong></span> <span class='ocrx_word' id='word_1_675' title='bbox 2994 3954 3193 4023; x_wconf 88' lang='lat' dir='ltr'><strong>alioqui</strong></span> <span class='ocrx_word' id='word_1_676' title='bbox 3240 3965 3448 4008; x_wconf 80' lang='lat' dir='ltr'><strong>tantum</strong></span> 
     </span>
    </p>
   </div>
   <div class='ocr_carea' id='block_1_97' title="bbox 1893 4039 3452 4110">
    <p class='ocr_par' dir='ltr' id='par_1_97' title="bbox 1893 4039 3452 4110">
     <span class='ocr_line' id='line_1_97' title="bbox 1893 4039 3452 4110; baseline 0.002 -19"><span class='ocrx_word' id='word_1_677' title='bbox 1893 4054 2002 4091; x_wconf 85' lang='lat' dir='ltr'><strong>non</strong></span> <span class='ocrx_word' id='word_1_678' title='bbox 2037 4039 2276 4108; x_wconf 83' lang='lat' dir='ltr'><strong>quotidie</strong></span> <span class='ocrx_word' id='word_1_679' title='bbox 2319 4040 2788 4109; x_wconf 90' lang='lat' dir='ltr'><strong>collocupletetur,</strong></span> <span class='ocrx_word' id='word_1_680' title='bbox 2845 4056 2943 4093; x_wconf 90' lang='lat' dir='ltr'><strong>nec</strong></span> <span class='ocrx_word' id='word_1_681' title='bbox 2980 4042 3171 4095; x_wconf 89' lang='lat' dir='ltr'><strong>horum</strong></span> <span class='ocrx_word' id='word_1_682' title='bbox 3221 4046 3452 4110; x_wconf 78' lang='lat' dir='ltr'><strong>qualita-</strong></span> 
     </span>
    </p>
   </div>
   <div class='ocr_carea' id='block_1_98' title="bbox 1896 4130 3453 4204">
    <p class='ocr_par' dir='ltr' id='par_1_98' title="bbox 1896 4130 3453 4204">
     <span class='ocr_line' id='line_1_98' title="bbox 1896 4130 3453 4204; baseline 0.004 -24"><span class='ocrx_word' id='word_1_683' title='bbox 1896 4139 1998 4182; x_wconf 87' lang='lat' dir='ltr'><strong>tem</strong></span> <span class='ocrx_word' id='word_1_684' title='bbox 2037 4144 2104 4184; x_wconf 64' lang='grc' dir='ltr'>οι</span> <span class='ocrx_word' id='word_1_685' title='bbox 2144 4131 2265 4186; x_wconf 86' lang='lat' dir='ltr'><strong>aliis</strong></span> <span class='ocrx_word' id='word_1_686' title='bbox 2314 4132 2572 4185; x_wconf 82' lang='lat' dir='ltr'><strong>intellexi.</strong></span> <span class='ocrx_word' id='word_1_687' title='bbox 2626 4130 2929 4184; x_wconf 85' lang='lat' dir='ltr'><strong>Palmarum</strong></span> <span class='ocrx_word' id='word_1_688' title='bbox 2968 4142 3166 4195; x_wconf 88' lang='lat' dir='ltr'><strong>tamen,</strong></span> <span class='ocrx_word' id='word_1_689' title='bbox 3220 4149 3281 4186; x_wconf 90' lang='lat' dir='ltr'><strong>ac</strong></span> <span class='ocrx_word' id='word_1_690' title='bbox 3308 4149 3453 4204; x_wconf 78' lang='lat' dir='ltr'><strong>myr-</strong></span> 
     </span>
    </p>
   </div>
   <div class='ocr_carea' id='block_1_99' title="bbox 1895 4220 3451 4285">
    <p class='ocr_par' dir='ltr' id='par_1_99' title="bbox 1895 4220 3451 4285">
     <span class='ocr_line' id='line_1_99' title="bbox 1895 4220 3451 4285; baseline 0.004 -15"><span class='ocrx_word' id='word_1_691' title='bbox 1895 4227 2073 4274; x_wconf 90' lang='lat' dir='ltr'><strong>torum</strong></span> <span class='ocrx_word' id='word_1_692' title='bbox 2124 4236 2308 4276; x_wconf 87' lang='lat' dir='ltr'><strong>ramos</strong></span> <span class='ocrx_word' id='word_1_693' title='bbox 2365 4230 2549 4275; x_wconf 89' lang='lat' dir='ltr'><strong>tenere</strong></span> <span class='ocrx_word' id='word_1_694' title='bbox 2597 4236 2760 4273; x_wconf 88' lang='lat' dir='ltr'><strong>manu</strong></span> <span class='ocrx_word' id='word_1_695' title='bbox 2812 4220 3058 4274; x_wconf 84' lang='lat' dir='ltr'><strong>homines</strong></span> <span class='ocrx_word' id='word_1_696' title='bbox 3118 4221 3293 4285; x_wconf 90' lang='lat' dir='ltr'><strong>video,</strong></span> <span class='ocrx_word' id='word_1_697' title='bbox 3328 4238 3451 4277; x_wconf 89' lang='lat' dir='ltr'><strong>cum</strong></span> 
     </span>
    </p>
   </div>
   <div class='ocr_carea' id='block_1_100' title="bbox 1895 4308 3449 4378">
    <p class='ocr_par' dir='ltr' id='par_1_100' title="bbox 1895 4308 3449 4378">
     <span class='ocr_line' id='line_1_100' title="bbox 1895 4308 3449 4378; baseline 0.004 -18"><span class='ocrx_word' id='word_1_698' title='bbox 1895 4308 2035 4362; x_wconf 90' lang='lat' dir='ltr'><strong>dicm</strong></span> <span class='ocrx_word' id='word_1_699' title='bbox 2075 4308 2377 4373; x_wconf 84' lang='lat' dir='ltr'><strong>celebrant,</strong></span> <span class='ocrx_word' id='word_1_700' title='bbox 2410 4324 2517 4377; x_wconf 86' lang='lat' dir='ltr'><strong>qua</strong></span> <span class='ocrx_word' id='word_1_701' title='bbox 2573 4309 2692 4363; x_wconf 85' lang='lat' dir='ltr'><strong>baia</strong></span> <span class='ocrx_word' id='word_1_702' title='bbox 2725 4318 3026 4378; x_wconf 76' lang='lat' dir='ltr'><strong>gestantur.</strong></span> <span class='ocrx_word' id='word_1_703' title='bbox 3062 4310 3125 4363; x_wconf 84' lang='lat' dir='ltr'><strong>Et</strong></span> <span class='ocrx_word' id='word_1_704' title='bbox 3165 4314 3449 4376; x_wconf 79' lang='lat' dir='ltr'><strong>cujuSnam</strong></span> 
     </span>
    </p>
   </div>
   <div class='ocr_carea' id='block_1_101' title="bbox 1899 4398 3453 4468">
    <p class='ocr_par' dir='ltr' id='par_1_101' title="bbox 1899 4398 3453 4468">
     <span class='ocr_line' id='line_1_101' title="bbox 1899 4398 3453 4468; baseline 0.004 -19"><span class='ocrx_word' id='word_1_705' title='bbox 1899 4398 2091 4467; x_wconf 76' lang='lat' dir='ltr'><strong>lingua:</strong></span> <span class='ocrx_word' id='word_1_706' title='bbox 2122 4399 2443 4452; x_wconf 83' lang='lat' dir='ltr'><strong>vocabulum</strong></span> <span class='ocrx_word' id='word_1_707' title='bbox 2476 4399 2550 4454; x_wconf 90' lang='lat' dir='ltr'><strong>sit</strong></span> <span class='ocrx_word' id='word_1_708' title='bbox 2582 4400 2781 4457; x_wconf 85' lang='lat' dir='ltr'><strong>baium.</strong></span> <span class='ocrx_word' id='word_1_709' title='bbox 2826 4414 3054 4467; x_wconf 83' lang='lat' dir='ltr'><strong>quamve</strong></span> <span class='ocrx_word' id='word_1_710' title='bbox 3100 4400 3453 4468; x_wconf 78' lang='lat' dir='ltr'><strong>signiﬁcatio-</strong></span> 
     </span>
    </p>
   </div>
   <div class='ocr_carea' id='block_1_102' title="bbox 1899 4486 3455 4551">
    <p class='ocr_par' dir='ltr' id='par_1_102' title="bbox 1899 4486 3455 4551">
     <span class='ocr_line' id='line_1_102' title="bbox 1899 4486 3455 4551; baseline 0.001 -11"><span class='ocrx_word' id='word_1_711' title='bbox 1899 4504 2020 4541; x_wconf 89' lang='lat' dir='ltr'><strong>nem</strong></span> <span class='ocrx_word' id='word_1_712' title='bbox 2049 4488 2244 4542; x_wconf 90' lang='lat' dir='ltr'><strong>habeat</strong></span> <span class='ocrx_word' id='word_1_713' title='bbox 2269 4492 2569 4543; x_wconf 85' lang='lat' dir='ltr'><strong>secundum</strong></span> <span class='ocrx_word' id='word_1_714' title='bbox 2601 4488 2875 4543; x_wconf 79' lang='lat' dir='ltr'><strong>Romanos</strong></span> <span class='ocrx_word' id='word_1_715' title='bbox 2898 4498 2949 4541; x_wconf 89' lang='lat' dir='ltr'><strong>et</strong></span> <span class='ocrx_word' id='word_1_716' title='bbox 2977 4486 3212 4551; x_wconf 72' lang='lat' dir='ltr'><strong>Grtrcos,</strong></span> <span class='ocrx_word' id='word_1_717' title='bbox 3247 4490 3455 4543; x_wconf 81' lang='lat' dir='ltr'><strong>indica-</strong></span> 
     </span>
    </p>
   </div>
   <div class='ocr_carea' id='block_1_103' title="bbox 1896 4577 3454 4648">
    <p class='ocr_par' dir='ltr' id='par_1_103' title="bbox 1896 4577 3454 4648">
     <span class='ocr_line' id='line_1_103' title="bbox 1896 4577 3454 4648; baseline 0.001 -17"><span class='ocrx_word' id='word_1_718' title='bbox 1896 4577 2059 4633; x_wconf 83' lang='lat' dir='ltr'><strong>bitur.</strong></span> <span class='ocrx_word' id='word_1_719' title='bbox 2086 4578 2275 4633; x_wconf 83' lang='lat' dir='ltr'><strong>Baium</strong></span> <span class='ocrx_word' id='word_1_720' title='bbox 2307 4579 2487 4648; x_wconf 79' lang='lat' dir='ltr'><strong>lingua</strong></span> <span class='ocrx_word' id='word_1_721' title='bbox 2518 4577 2762 4631; x_wconf 81' lang='lat' dir='ltr'><strong>Romana</strong></span> <span class='ocrx_word' id='word_1_722' title='bbox 2788 4592 2960 4646; x_wconf 86' lang='lat' dir='ltr'><strong>neque</strong></span> <span class='ocrx_word' id='word_1_723' title='bbox 3008 4592 3215 4632; x_wconf 87' lang='lat' dir='ltr'><strong>ramum</strong></span> <span class='ocrx_word' id='word_1_724' title='bbox 3246 4579 3454 4647; x_wconf 77' lang='lat' dir='ltr'><strong>signiti-</strong></span> 
     </span>
    </p>
   </div>
   <div class='ocr_carea' id='block_1_104' title="bbox 1897 4669 3454 4737">
    <p class='ocr_par' dir='ltr' id='par_1_104' title="bbox 1897 4669 3454 4737">
     <span class='ocr_line' id='line_1_104' title="bbox 1897 4669 3454 4737; baseline 0.001 -18"><span class='ocrx_word' id='word_1_725' title='bbox 1897 4678 2007 4733; x_wconf 89' lang='lat' dir='ltr'><strong>cat,</strong></span> <span class='ocrx_word' id='word_1_726' title='bbox 2040 4684 2105 4723; x_wconf 81' lang='lat' dir='ltr'><strong>ex</strong></span> <span class='ocrx_word' id='word_1_727' title='bbox 2149 4669 2345 4723; x_wconf 90' lang='lat' dir='ltr'><strong>arbore</strong></span> <span class='ocrx_word' id='word_1_728' title='bbox 2370 4684 2590 4731; x_wconf 73' lang='lat' dir='ltr'><strong>caesum,</strong></span> <span class='ocrx_word' id='word_1_729' title='bbox 2627 4684 2802 4737; x_wconf 84' lang='lat' dir='ltr'><strong>neque</strong></span> <span class='ocrx_word' id='word_1_730' title='bbox 2834 4684 3012 4722; x_wconf 88' lang='lat' dir='ltr'><strong>rosam</strong></span> <span class='ocrx_word' id='word_1_731' title='bbox 3044 4684 3110 4721; x_wconf 79' lang='lat' dir='ltr'><strong>ex</strong></span> <span class='ocrx_word' id='word_1_732' title='bbox 3140 4679 3321 4722; x_wconf 84' lang='lat' dir='ltr'><strong>roseto</strong></span> <span class='ocrx_word' id='word_1_733' title='bbox 3348 4671 3454 4723; x_wconf 76' lang='lat' dir='ltr'><strong>rol—</strong></span> 
     </span>
    </p>
   </div>
   <div class='ocr_carea' id='block_1_105' title="bbox 1899 4754 3454 4826">
    <p class='ocr_par' dir='ltr' id='par_1_105' title="bbox 1899 4754 3454 4826">
     <span class='ocr_line' id='line_1_105' title="bbox 1899 4754 3454 4826; baseline 0.002 -19"><span class='ocrx_word' id='word_1_734' title='bbox 1899 4754 2119 4819; x_wconf 89' lang='lat' dir='ltr'><strong>lectam,</strong></span> <span class='ocrx_word' id='word_1_735' title='bbox 2174 4773 2349 4826; x_wconf 88' lang='lat' dir='ltr'><strong>neque</strong></span> <span class='ocrx_word' id='word_1_736' title='bbox 2394 4756 2565 4810; x_wconf 90' lang='lat' dir='ltr'><strong>lilium</strong></span> <span class='ocrx_word' id='word_1_737' title='bbox 2606 4757 2741 4811; x_wconf 88' lang='lat' dir='ltr'><strong>:sed</strong></span> <span class='ocrx_word' id='word_1_738' title='bbox 2790 4763 2870 4810; x_wconf 86' lang='lat' dir='ltr'><strong>est</strong></span> <span class='ocrx_word' id='word_1_739' title='bbox 2920 4756 3088 4809; x_wconf 88' lang='lat' dir='ltr'><strong>animi</strong></span> <span class='ocrx_word' id='word_1_740' title='bbox 3133 4757 3351 4809; x_wconf 77' lang='lat' dir='ltr'><strong>humani</strong></span> <span class='ocrx_word' id='word_1_741' title='bbox 3388 4759 3454 4810; x_wconf 87' lang='lat' dir='ltr'><strong>ab</strong></span> 
     </span>
    </p>
   </div>
   <div class='ocr_carea' id='block_1_106' title="bbox 1895 4845 3451 4909">
    <p class='ocr_par' dir='ltr' id='par_1_106' title="bbox 1895 4845 3451 4909">
     <span class='ocr_line' id='line_1_106' title="bbox 1895 4845 3451 4909; baseline -0.003 -9"><span class='ocrx_word' id='word_1_742' title='bbox 1895 4861 2001 4901; x_wconf 76' lang='lat' dir='ltr'><strong>una</strong></span> <span class='ocrx_word' id='word_1_743' title='bbox 2038 4849 2307 4902; x_wconf 88' lang='lat' dir='ltr'><strong>sententia</strong></span> <span class='ocrx_word' id='word_1_744' title='bbox 2348 4848 2401 4899; x_wconf 90' lang='lat' dir='ltr'><strong>in</strong></span> <span class='ocrx_word' id='word_1_745' title='bbox 2452 4846 2612 4898; x_wconf 82' lang='lat' dir='ltr'><strong>aliam</strong></span> <span class='ocrx_word' id='word_1_746' title='bbox 2659 4845 2953 4909; x_wconf 84' lang='lat' dir='ltr'><strong>traductio,</strong></span> <span class='ocrx_word' id='word_1_747' title='bbox 2990 4845 3128 4899; x_wconf 84' lang='lat' dir='ltr'><strong>bona</strong></span> <span class='ocrx_word' id='word_1_748' title='bbox 3180 4845 3451 4904; x_wconf 74' lang='lat' dir='ltr'><strong>videticet,</strong></span> 
     </span>
    </p>
   </div>
   <div class='ocr_carea' id='block_1_107' title="bbox 1893 4935 3450 5004">
    <p class='ocr_par' dir='ltr' id='par_1_107' title="bbox 1893 4935 3450 5004">
     <span class='ocr_line' id='line_1_107' title="bbox 1893 4935 3450 5004; baseline -0.003 -16"><span class='ocrx_word' id='word_1_749' title='bbox 1893 4938 1976 4990; x_wconf 88' lang='lat' dir='ltr'><strong>vel</strong></span> <span class='ocrx_word' id='word_1_750' title='bbox 2032 4950 2215 5004; x_wconf 79' lang='lat' dir='ltr'><strong>prava.</strong></span> <span class='ocrx_word' id='word_1_751' title='bbox 2265 4936 2529 4989; x_wconf 83' lang='lat' dir='ltr'><strong>Nimirum</strong></span> <span class='ocrx_word' id='word_1_752' title='bbox 2590 4935 2715 4988; x_wconf 87' lang='lat' dir='ltr'><strong>hinc</strong></span> <span class='ocrx_word' id='word_1_753' title='bbox 2755 4936 2835 4997; x_wconf 85' lang='lat' dir='ltr'><strong>lit,</strong></span> <span class='ocrx_word' id='word_1_754' title='bbox 2890 4944 2947 4986; x_wconf 94' lang='lat' dir='ltr'><strong>ut</strong></span> <span class='ocrx_word' id='word_1_755' title='bbox 3021 4947 3307 5001; x_wconf 84' lang='lat' dir='ltr'><strong>puerorum</strong></span> <span class='ocrx_word' id='word_1_756' title='bbox 3352 4935 3450 4983; x_wconf 78' lang='lat' dir='ltr'><strong>nia-</strong></span> 
     </span>
    </p>
   </div>
   <div class='ocr_carea' id='block_1_108' title="bbox 1895 5023 3451 5096">
    <p class='ocr_par' dir='ltr' id='par_1_108' title="bbox 1895 5023 3451 5096">
     <span class='ocr_line' id='line_1_108' title="bbox 1895 5023 3451 5096; baseline -0.003 -18"><span class='ocrx_word' id='word_1_757' title='bbox 1895 5026 2093 5096; x_wconf 74' lang='lat' dir='ltr'><strong>gistros</strong></span> <span class='ocrx_word' id='word_1_758' title='bbox 2148 5027 2479 5094; x_wconf 88' lang='lat' dir='ltr'><strong>appellemus</strong></span> <span class='ocrx_word' id='word_1_759' title='bbox 2539 5025 2766 5089; x_wconf 87' lang='lat' dir='ltr'><strong>baiulos,</strong></span> <span class='ocrx_word' id='word_1_760' title='bbox 2814 5023 2977 5077; x_wconf 89' lang='lat' dir='ltr'><strong>veluti</strong></span> <span class='ocrx_word' id='word_1_761' title='bbox 3025 5023 3114 5092; x_wconf 90' lang='lat' dir='ltr'><strong>qui</strong></span> <span class='ocrx_word' id='word_1_762' title='bbox 3165 5037 3451 5090; x_wconf 83' lang='lat' dir='ltr'><strong>puerorum</strong></span> 
     </span>
    </p>
   </div>
   <div class='ocr_carea' id='block_1_109' title="bbox 1900 5109 3450 5170">
    <p class='ocr_par' dir='ltr' id='par_1_109' title="bbox 1900 5109 3450 5170">
     <span class='ocr_line' id='line_1_109' title="bbox 1900 5109 3450 5170; baseline -0.003 -3"><span class='ocrx_word' id='word_1_763' title='bbox 1900 5116 2113 5170; x_wconf 86' lang='lat' dir='ltr'><strong>animos</strong></span> <span class='ocrx_word' id='word_1_764' title='bbox 2189 5116 2423 5170; x_wconf 79' lang='lat' dir='ltr'><strong>infantes</strong></span> <span class='ocrx_word' id='word_1_765' title='bbox 2494 5114 2560 5169; x_wconf 90' lang='lat' dir='ltr'><strong>ad</strong></span> <span class='ocrx_word' id='word_1_766' title='bbox 2636 5116 2949 5167; x_wconf 83' lang='lat' dir='ltr'><strong>virilitatem</strong></span> <span class='ocrx_word' id='word_1_767' title='bbox 3020 5113 3320 5165; x_wconf 63' lang='lat' dir='ltr'><strong>traducunt.</strong></span> <span class='ocrx_word' id='word_1_768' title='bbox 3389 5109 3450 5163; x_wconf 87' lang='lat' dir='ltr'><strong>Et</strong></span> 
     </span>
    </p>
   </div>
   <div class='ocr_carea' id='block_1_110' title="bbox 1897 5201 3449 5273">
    <p class='ocr_par' dir='ltr' id='par_1_110' title="bbox 1897 5201 3449 5273">
     <span class='ocr_line' id='line_1_110' title="bbox 1897 5201 3449 5273; baseline -0.003 -17"><span class='ocrx_word' id='word_1_769' title='bbox 1897 5206 2347 5273; x_wconf 68' lang='lat' dir='ltr'><strong>prmvaricatores</strong></span> <span class='ocrx_word' id='word_1_770' title='bbox 2427 5205 2657 5257; x_wconf 87' lang='lat' dir='ltr'><strong>dicimus</strong></span> <span class='ocrx_word' id='word_1_771' title='bbox 2732 5218 2827 5257; x_wconf 85' lang='lat' dir='ltr'><strong>cos</strong></span> <span class='ocrx_word' id='word_1_772' title='bbox 2896 5204 3286 5270; x_wconf 84' lang='lat' dir='ltr'><strong>coeperarios,</strong></span> <span class='ocrx_word' id='word_1_773' title='bbox 3359 5201 3449 5267; x_wconf 90' lang='lat' dir='ltr'><strong>qui</strong></span> 
     </span>
    </p>
   </div>
   <div class='ocr_carea' id='block_1_111' title="bbox 1898 5289 3448 5359">
    <p class='ocr_par' dir='ltr' id='par_1_111' title="bbox 1898 5289 3448 5359">
     <span class='ocr_line' id='line_1_111' title="bbox 1898 5289 3448 5359; baseline -0.004 -15"><span class='ocrx_word' id='word_1_774' title='bbox 1898 5297 2180 5347; x_wconf 80' lang='lat' dir='ltr'><strong>variantur</strong></span> <span class='ocrx_word' id='word_1_775' title='bbox 2206 5295 2375 5347; x_wconf 90' lang='lat' dir='ltr'><strong>instar</strong></span> <span class='ocrx_word' id='word_1_776' title='bbox 2414 5292 2590 5358; x_wconf 89' lang='lat' dir='ltr'><strong>iridis,</strong></span> <span class='ocrx_word' id='word_1_777' title='bbox 2626 5301 2679 5345; x_wconf 90' lang='lat' dir='ltr'><strong>et</strong></span> <span class='ocrx_word' id='word_1_778' title='bbox 2711 5293 2936 5345; x_wconf 84' lang='lat' dir='ltr'><strong>clientes</strong></span> <span class='ocrx_word' id='word_1_779' title='bbox 2982 5290 3239 5359; x_wconf 84' lang='lat' dir='ltr'><strong>produnt.</strong></span> <span class='ocrx_word' id='word_1_780' title='bbox 3268 5289 3448 5356; x_wconf 88' lang='lat' dir='ltr'><strong>Itaque</strong></span> 
     </span>
    </p>
   </div>
   <div class='ocr_carea' id='block_1_112' title="bbox 1894 5378 3445 5449">
    <p class='ocr_par' dir='ltr' id='par_1_112' title="bbox 1894 5378 3445 5449">
     <span class='ocr_line' id='line_1_112' title="bbox 1894 5378 3445 5449; baseline -0.005 -18"><span class='ocrx_word' id='word_1_781' title='bbox 1894 5397 2016 5433; x_wconf 78' lang='lat' dir='ltr'><strong>cum</strong></span> <span class='ocrx_word' id='word_1_782' title='bbox 2049 5379 2233 5435; x_wconf 77' lang='lat' dir='ltr'><strong>Judata</strong></span> <span class='ocrx_word' id='word_1_783' title='bbox 2266 5390 2318 5435; x_wconf 90' lang='lat' dir='ltr'><strong>et</strong></span> <span class='ocrx_word' id='word_1_784' title='bbox 2352 5379 2723 5449; x_wconf 84' lang='lat' dir='ltr'><strong>Hierosolyma</strong></span> <span class='ocrx_word' id='word_1_785' title='bbox 2766 5380 2905 5433; x_wconf 84' lang='lat' dir='ltr'><strong>facta</strong></span> <span class='ocrx_word' id='word_1_786' title='bbox 2931 5378 3124 5433; x_wconf 77' lang='lat' dir='ltr'><strong>fuisset</strong></span> <span class='ocrx_word' id='word_1_787' title='bbox 3181 5378 3445 5429; x_wconf 82' lang='lat' dir='ltr'><strong>llomano-</strong></span> 
     </span>
    </p>
   </div>
   <div class='ocr_carea' id='block_1_113' title="bbox 1895 5463 3445 5540">
    <p class='ocr_par' dir='ltr' id='par_1_113' title="bbox 1895 5463 3445 5540">
     <span class='ocr_line' id='line_1_113' title="bbox 1895 5463 3445 5540; baseline -0.005 -13"><span class='ocrx_word' id='word_1_788' title='bbox 1895 5489 2014 5527; x_wconf 90' lang='lat' dir='ltr'><strong>rum</strong></span> <span class='ocrx_word' id='word_1_789' title='bbox 2074 5473 2302 5540; x_wconf 85' lang='lat' dir='ltr'><strong>imperio</strong></span> <span class='ocrx_word' id='word_1_790' title='bbox 2373 5471 2606 5525; x_wconf 83' lang='lat' dir='ltr'><strong>subdita.</strong></span> <span class='ocrx_word' id='word_1_791' title='bbox 2671 5470 2786 5523; x_wconf 87' lang='lat' dir='ltr'><strong>solo</strong></span> <span class='ocrx_word' id='word_1_792' title='bbox 2845 5482 3023 5521; x_wconf 86' lang='lat' dir='ltr'><strong>rerum</strong></span> <span class='ocrx_word' id='word_1_793' title='bbox 3079 5466 3253 5536; x_wconf 89' lang='lat' dir='ltr'><strong>potito</strong></span> <span class='ocrx_word' id='word_1_794' title='bbox 3300 5463 3445 5519; x_wconf 78' lang='lat' dir='ltr'><strong>Julia</strong></span> 
     </span>
    </p>
   </div>
   <div class='ocr_carea' id='block_1_114' title="bbox 1491 5629 2162 5683">
    <p class='ocr_par' dir='ltr' id='par_1_114' title="bbox 1491 5629 2162 5683">
     <span class='ocr_line' id='line_1_114' title="bbox 1491 5629 2162 5683; baseline 0.004 -4"><span class='ocrx_word' id='word_1_795' title='bbox 1491 5629 1726 5683; x_wconf 46' lang='lat' dir='ltr'><strong>V&#39;ARL‘E</strong></span> <span class='ocrx_word' id='word_1_796' title='bbox 1767 5630 2162 5683; x_wconf 63' lang='lat' dir='ltr'><strong>LECTIONICS.</strong></span> 
     </span>
    </p>
   </div>
   <div class='ocr_carea' id='block_1_115' title="bbox 304 5741 1707 5813">
    <p class='ocr_par' dir='ltr' id='par_1_115' title="bbox 304 5741 1707 5813">
     <span class='ocr_line' id='line_1_115' title="bbox 304 5741 1707 5813; baseline 0.004 -23"><span class='ocrx_word' id='word_1_797' title='bbox 304 5741 344 5771; x_wconf 69' lang='lat'><strong><em>“</em></strong></span> <span class='ocrx_word' id='word_1_798' title='bbox 382 5743 596 5810; x_wconf 78' lang='grc' dir='ltr'>σταυροὶ</span> <span class='ocrx_word' id='word_1_799' title='bbox 625 5747 756 5795; x_wconf 64' lang='grc' dir='ltr'>κατὰ</span> <span class='ocrx_word' id='word_1_800' title='bbox 782 5743 875 5803; x_wconf 78' lang='grc' dir='ltr'>τὴν</span> <span class='ocrx_word' id='word_1_801' title='bbox 912 5742 1220 5809; x_wconf 59' lang='grc' dir='ltr'>βαῖῡιρόροκ.</span> <span class='ocrx_word' id='word_1_802' title='bbox 1296 5747 1337 5776; x_wconf 80' lang='grc'>⁸³</span> <span class='ocrx_word' id='word_1_803' title='bbox 1373 5750 1435 5797; x_wconf 74' lang='grc' dir='ltr'>ἀν</span> <span class='ocrx_word' id='word_1_804' title='bbox 1477 5750 1707 5813; x_wconf 61' lang='grc' dir='ltr'>ριιιπὶνης</span> 
     </span>
    </p>
   </div>
   <div class='ocr_carea' id='block_1_116' title="bbox 498 5855 1368 5920">
    <p class='ocr_par' dir='ltr' id='par_1_116' title="bbox 498 5855 1368 5920">
     <span class='ocr_line' id='line_1_116' title="bbox 498 5855 1368 5920; baseline -0.005 0"><span class='ocrx_word' id='word_1_805' title='bbox 498 5859 768 5920; x_wconf 68' lang='grc' dir='ltr'>ΡΑτιιοι..</span> <span class='ocrx_word' id='word_1_806' title='bbox 804 5857 917 5917; x_wconf 82' lang='lat' dir='ltr'><strong>Gn.</strong></span> <span class='ocrx_word' id='word_1_807' title='bbox 963 5855 1368 5916; x_wconf 71' lang='lat' dir='ltr'><strong>CXXXVIII.</strong></span> 
     </span>
    </p>
   </div>
   <div class='ocr_carea' id='block_1_117' title="bbox 1742 5748 2061 5813">
    <p class='ocr_par' dir='ltr' id='par_1_117' title="bbox 1742 5748 2061 5813">
     <span class='ocr_line' id='line_1_117' title="bbox 1742 5748 2061 5813; baseline -0.009 -19"><span class='ocrx_word' id='word_1_808' title='bbox 1742 5748 1791 5797; x_wconf 52' lang='grc' dir='ltr'><strong>δέ</strong></span> <span class='ocrx_word' id='word_1_809' title='bbox 1820 5753 2061 5813; x_wconf 42' lang='grc' dir='ltr'>γνώμης..</span> 
     </span>
    </p>
   </div>
   <div class='ocr_carea' id='block_1_118' title="bbox 3050 5865 3123 5926">
    <p class='ocr_par' dir='ltr' id='par_1_118' title="bbox 3050 5865 3123 5926">
     <span class='ocr_line' id='line_1_118' title="bbox 3050 5865 3123 5926; baseline 0.014 -1"><span class='ocrx_word' id='word_1_810' title='bbox 3050 5865 3123 5926; x_wconf 73' lang='grc'><strong>34</strong></span> 
     </span>
    </p>
   </div>
  </div>
