4214 6450
767 401 898 467 1057

1932 414 2212 479 THEOD.
2251 417 2340 477 ΒΑ
2354 418 2652 481 LSAMON
2666 421 2730 482 [S

3869 421 4010 485 1068

762 534 1009 595 (stare;
1053 529 1165 611 (sic
1200 532 1345 585 enim
1398 532 1618 595 factum),
1676 542 1733 587 ut
1794 534 2077 590 Dominum
2130 536 2411 597 PilatusA

2358 536 2411 597 Λ
2436 537 2544 607 γὰρ
2570 539 2665 591 καὶ
2692 537 2919 599 Πιλάτος
2959 537 3050 590 τδν
3091 538 3297 607 Κύριον
3350 539 3555 609 ἐκρινε,
3593 541 3684 595 καὶ
3716 543 3818 611 τὴν
3870 544 4002 596 Ἰου-

756 621 1045 691 judicaret,
1070 636 1133 676 ac
1154 608 1415 675 'Judaaam
1453 623 1635 679 Caesar
1664 624 1941 695 Augustus
1973 637 2238 690 censeret,
2271 636 2324 682 et

764 709 961 763 Paulus
995 726 1117 764 cum
1153 710 1529 779 damnaretur,
1567 714 1773 770 diceret
1806 733 1821 773 :
1856 716 1984 772 Sisti
2011 732 2096 772 me
2122 718 2325 772 Caesari

764 808 971 869 oportet
999 802 1035 863 ς)
1072 811 1291 869 paterna
1340 800 1647 857 Judaeorum
1701 807 1878 875 lingua
1916 823 2038 862 cum
2084 808 2325 863 Romana

762 898 1088 943 commutata
1123 889 1239 943 fuit.
1268 890 1473 961 Quippe
1502 892 1668 947 Judaei
1722 910 1843 947 cum
1876 896 2171 966 gentilibus
2214 912 2327 965 per-

766 982 935 1043 misti,
1006 995 1195 1034 eorum
1270 984 1517 1035 lnstituta
1588 984 1914 1038 didicerunt.
1990 985 2123 1039 Cum
2197 1000 2325 1055 ergo

768 1071 950 1135 populi
1026 1069 1237 1124 Judaici
1313 1072 1580 1136 seniores,
1642 1080 1693 1127 et
1776 1076 2077 1129 scribarum
2150 1084 2325 1131 coetus

760 1161 984 1212 vidisset
1020 1158 1307 1214 Dominum
1368 1161 1643 1231 Deumque
1708 1172 1974 1231 nostrum,
2018 1166 2110 1235 qui
2160 1167 2326 1235 tergis

754 1247 1066 1301 cberuLicis
1119 1249 1339 1310 insidet.
1393 1264 1488 1316 per
1530 1251 1915 1307 demissionem
1956 1257 2170 1310 asinino
2200 1256 2322 1309 vebi

760 1339 921 1403 pullo,
949 1353 1068 1392 cum
1108 1340 1459 1396 nihilominus
1481 1358 1629 1397 more
1654 1347 1800 1413 regio
1826 1362 1853 1399 a
1891 1350 2322 1417 precedentibus

762 1435 814 1479 ct
842 1430 1194 1496 sequentibus
1224 1432 1541 1498 stiparetur,
1575 1447 1636 1487 ac
1670 1434 2059 1506 Hierosolyma:
2089 1439 2322 1509 dignita-

758 1527 862 1570 tem
924 1519 1279 1587 amplificaret
1364 1522 1585 1591 (quippe
1663 1523 1844 1579 Sionis
1899 1528 2084 1581 urbem
2159 1544 2323 1598 super

763 1606 1012 1661 universa
1050 1609 1396 1662 tabernacula
1425 1610 1611 1666 Jacobi
1638 1612 1844 1683 dilexit)
1880 1616 2127 1669 viderent
2157 1617 2319 1671 etiam

763 1698 949 1753 turbas
997 1698 1060 1751 ad
1102 1708 1300 1752 terram
1346 1702 1558 1757 tunicas
1607 1718 1736 1759 suas
1782 1707 2228 1773 substernentes,
2269 1718 2322 1763 et

759 1785 873 1838 vias
909 1785 1183 1841 molliores
1208 1788 1513 1855 reddentes,
1542 1793 1723 1859 pueris
1748 1809 1927 1849 ramos
1951 1798 2311 1865 gestantibus,

758 1887 819 1925 ac
853 1874 1179 1936 dicentibus,
1220 1876 1471 1931 llosanna
1508 1882 1617 1934 lilio
1669 1883 1812 1952 regis
1865 1884 2100 1941 Davidisl
2152 1888 2312 1942 bene.

759 1964 941 2018 dictus
991 1980 1045 2019 es
1080 1966 1169 2035 qui
1227 1970 1377 2021 venis
1413 1984 1425 2020 :
1459 1984 1563 2023 non
1613 1973 1803 2027 dixere
1839 1990 1963 2029 cum
2014 1979 2312 2047 prophetis,

754 2048 1018 2116 Laudate,
1051 2056 1201 2121 pueri
1233 2054 1517 2111 Dominum
1549 2077 1562 2122 ;
1593 2075 1785 2129 neque,
1821 2062 2007 2119 Gaude
2027 2068 2316 2121 vehemen-

754 2150 838 2191 ter
868 2141 972 2193 tilia
1008 2144 1208 2207 Sionis,
1240 2150 1467 2214 praedica
1508 2150 1734 2219 gloriam
1792 2152 1883 2208 Dei
1923 2154 2311 2225 Hierosolyma,

754 2232 1007 2297 quoniam
1032 2248 1158 2288 ecce
1194 2252 1286 2289 rex
1316 2246 1443 2291 tuus
1488 2240 1635 2293 venit
1679 2242 1772 2297 tibi
1810 2245 1956 2299 mitis
1980 2253 2032 2299 et
2067 2262 2313 2313 servans,

751 2329 803 2373 et
832 2329 1013 2377 vectus
1040 2325 1262 2378 asinino
1294 2327 1439 2388 nullo
1458 2326 1566 2383 lilio
1588 2330 1907 2400 subjugalis.
1926 2332 2059 2387 Cum
2080 2336 2222 2391 enim
2253 2351 2317 2391 os

754 2408 1011 2471 babcant,
1062 2412 1233 2481 inquit
1270 2414 1377 2479 ille,
1410 2430 1516 2469 non
1562 2417 1853 2487 loquentur
1904 2437 1918 2473 :
1953 2436 2074 2474 cum
2108 2425 2313 2487 oculos,

754 2514 859 2553 non
894 2500 1152 2556 videbunt
1190 2522 1202 2556 :
1243 2522 1361 2559 cum
1414 2522 1596 2573 aures,
1634 2524 1739 2563 non
1766 2512 1989 2565 audient
2018 2529 2029 2564 :
2058 2514 2315 2582 quoniam

754 2592 1012 2646 cordibus
1042 2608 1230 2647 eorum
1285 2597 1528 2652 velamen
1580 2600 1714 2670 legis
1751 2609 1806 2655 et
1842 2603 2198 2674 ignorationis
2234 2608 2317 2658 in-

754 2681 975 2736 cumbit.

829 2772 1095 2829 Nimirum
1119 2785 1179 2831 ut
1202 2786 1515 2846 peccatores
1534 2781 2022 2850 excandescebant,
2046 2793 2097 2840 et
2121 2801 2315 2841 accen-

754 2865 1019 2919 debantur
1052 2867 1153 2929 ira,
1187 2876 1239 2922 et
1278 2870 1577 2926 fremebant
1611 2875 1887 2937 dentibus,
1930 2884 1982 2929 et
2026 2879 2315 2933 contabeso

758 2958 976 3021 rebant,
1016 2973 1139 3012 cum
1173 2961 1450 3017 dicerent:
1480 2962 1828 3030 Egredimiui,
1857 2975 2067 3035 gentes,
2101 2968 2316 3037 egredi-

755 3049 908 3113 rrini,
949 3049 1152 3118 populi,
1186 3064 1249 3104 ac
1279 3052 1475 3117 videte,
1508 3069 1615 3122 quo
1641 3062 1797 3124 pacto
1836 3058 2071 3112 mundus
2098 3059 2319 3119 univer-

2427 628 2583 682 δαίαν
2614 630 2829 697 Καῖσαρ
2862 626 3169 694 Αὗγουστος
3197 631 3577 699 ἀπεγράψατο,
3637 634 3732 685 καὶ⁵
3786 633 4004 694 Παῦλος

2428 717 2883 787 κατακρινόμενος
2905 717 3031 787 ἔφη·
3052 719 3143 769 Δεῖ
3176 736 3243 786 με
3272 723 3614 791 παραστῆναι
3635 722 3710 791 τῷ
3734 724 4003 791 Καίσαρι)

2427 810 2459 875 ἡ
2511 808 2735 878 πατρῴα
2769 808 2875 860 τῶν
2914 808 3185 861 Ἰουδαίων
3231 810 3514 873 διάλεκτος
3573 813 3711 882 πρὸς
3749 814 3852 881 τὴν
3896 814 4003 865 τῶν

2438 895 2725 964 Ῥωμαίων
2757 898 3249 966 μετεστοιχείωται.
3284 900 3407 961 τοῖς
3431 900 3608 952 ἔθνεσι
3655 902 3766 970 γὰρ
3798 901 4003 968 εμίγηο

2428 1002 2548 1051 σαν,
2568 987 2658 1037 καὶ
2696 986 2898 1054 ἔμαθον
2945 987 3014 1038 τά
3060 988 3266 1041 τούτων
3311 989 3739 1059 ἐπιτηδεύματα.
3780 992 4004 1051 Ἰδόντες

2426 1073 2602 1126 τοίνυν
2631 1073 2738 1125 τῶν
2764 1074 3031 1126 Ἰουδαίων
3058 1076 3105 1126 οί
3134 1076 3546 1145 δημογέροντες,
3582 1078 3802 1131 καὶτῶν
3820 1095 4003 1146 γραμ-

2429 1164 2685 1234 ματέωνό
2717 1163 2970 1230 σύλλογος
2992 1164 3081 1217 τὸν
3112 1167 3206 1217 ἐπὶ
3234 1166 3425 1229 νώτοις
3451 1169 3794 1237 χερουϐικοῖς
3833 1170 4003 1237 καθή-

2427 1271 2586 1324 μενον
2612 1255 2813 1323 Κύριον
2870 1258 2963 1309 καὶ
2992 1256 3124 1310 Θεὸν
3173 1258 3348 1327 ἡμῶν,
3384 1261 3477 1311 ἐπὶ
3513 1260 3696 1312 πώλου
3721 1256 3837 1329 μιν
3884 1262 4003 1312 δνου

2424 1345 2563 1397 κατὰ
2588 1345 2991 1411 συγκατάϐασιν
3014 1346 3210 1416 ἔποχού
3220 1366 3402 1416 μενον,
3432 1349 3727 1417 βασιλικῶς
3750 1350 3813 1401 δὲ
3852 1351 4001 1419 παρὰ

2423 1432 2533 1485 τῶν
2562 1435 2912 1503 προαγόντων
2970 1435 3061 1487 καὶ
3090 1435 3199 1486 τῶν
3229 1436 3508 1504 ἑπομένων
3554 1439 4005 1507 στενοχωρούμε·

2424 1538 2535 1585 νον,
2602 1522 2697 1573 καὶ
2731 1521 2829 1591 τὴν
2872 1522 3229 1592 Ἰερουσαλὴμ
3297 1523 3692 1591 μεγαλύνοντα,
3745 1526 4005 1594 ἠγάπησε

2423 1611 2529 1681 γὰρ
2582 1612 2681 1681 τὴν
2733 1613 2887 1664 πόλιν
2943 1612 3079 1664 Σιὼν
3132 1614 3271 1681 ὑπὲρ
3328 1613 3503 1666 πάντα
3539 1616 3608 1667 τά
3658 1616 4003 1683 σκηνώματα

2436 1700 2651 1771 Ἰακὼϐ)
2691 1702 2784 1754 καὶ
2809 1703 2933 1764 τοὺς
2964 1701 3153 1769 δχλους
3191 1703 3290 1770 μιν
3336 1705 3401 1772 τῇ
3458 1706 3527 1773 γῇ
3584 1706 3714 1765 τοὺς
3765 1706 4006 1771 χιτῶνας

2426 1788 2846 1859 στρωννύοντας,
2890 1790 2984 1842 καὶ
3047 1790 3145 1852 τὰς
3199 1790 3351 1853 ὀδοὺς
3386 1790 3817 1859 μαλακίζοντας,
3886 1795 4006 1867 τοὺς

2426 1880 2618 1943 παῖδας
2634 1880 2688 1933 δὲ
2715 1879 3186 1949 κλαδηφοροῦντας
3218 1882 3313 1933 καὶ
3341 1882 3613 1948 λέγοντας·
3660 1882 3910 1933 Ὡσαννὰ
3936 1882 4007 1950 τῷ

2413 1969 2517 2039 υίῷ
2545 1970 2639 2022 τοῦ
2667 1970 2931 2040 βασιλέως
2955 1971 3136 2023 Δαϐίδί
3160 1970 3520 2040 εὐλογημένος
3542 1965 3593 2022 εῐ
3618 1972 3645 2023 ό
3671 1971 4002 2040 ἐρχόμενος·

2415 2058 2513 2111 οὐκ
2538 2056 2690 2111 εἷπον
2732 2058 2870 2128 μετὰ
2893 2058 3002 2111 τῶν
3030 2058 3345 2129 προφητῶν
3398 2059 3634 2120 Αίνεῖτε,
3660 2058 3870 2119 παῖδες
3900 2058 4006 2109 Κύ-

2418 2166 2553 2221 ριον·
2578 2150 2718 2213 οὐδὲ,
2745 2150 2917 2220 Χαῖρε
2943 2149 3167 2219 σφόδρα,
3197 2148 3431 2217 Θύγατερ
3454 2149 3612 2213 Σιὼν,
3642 2150 3895 2218 κήρυττε
3922 2151 4005 2203 δό-

2424 2238 2521 2303 ξαν
2551 2236 2683 2290 Θεοῦ
2728 2237 3101 2309 Ἰερουσαλὴμ,
3130 2238 3210 2291 ὅτι
3241 2238 3349 2291 ίδοὺ
3389 2237 3639 2305 βασιλεύς
3693 2255 3789 2291 σου
3849 2240 4004 2307 ἔρχε-

2416 2327 2506 2381 ταί
2546 2345 2625 2381 σοι
2660 2328 2843 2398 πραῢς
2890 2329 2984 2382 καὶ
3035 2328 3243 2392 σώζων,
3294 2327 3637 2396 ἐπιϐεϐηκὼς
3681 2331 3766 2392 είς
3820 2330 4003 2382 πῶλον

2418 2420 2563 2484 δνου,
2589 2419 2701 2473 υίδν
2739 2417 3053 2485 ὑποζυγίου.
3091 2418 3346 2487 Ἔχοντες
3383 2418 3489 2487 γὰρ
3544 2418 3743 2487 στόμα,
3804 2420 4001 2488 φησὶν,

2416 2511 2477 2565 οὐ
2511 2511 2829 2565 καλέσουσιν
2862 2525 2874 2539 ·
2905 2508 3241 2577 ὀφθαλμοὺς,
3281 2512 3377 2561 καὶ
3409 2509 3508 2561 οὐκ
3544 2508 3771 2577 ὄψονται
3793 2500 3814 2538 ἶ
3864 2507 4000 2568 ὦτα.

2418 2600 2514 2652 καὶ
2535 2600 2635 2653 οὐκ
2668 2598 3031 2654 ἀκούσουσινο
3077 2597 3160 2650 δτι
3216 2599 3335 2659 ταῖς
3372 2597 3619 2667 καρδίαις
3662 2596 3851 2650 αὐτῶν
3900 2599 4001 2650 κά-

2418 2690 2608 2758 λυμμα
2635 2690 2799 2759 νόμου
2821 2688 2917 2741 καὶ
2951 2687 3226 2756 ἀγνωσίας
3256 2688 3556 2741 ἐπίκειται.

2500 2778 2921 2847 Ἠγανάκτησαν
2950 2775 3003 2828 δὲ
3028 2777 3101 2837 ὡς
3130 2776 3462 2846 ἁμαρτωλοὶ,
3490 2776 3582 2830 καὶ
3602 2774 3986 2846 ὠργίσθησαν,

2418 2868 2511 2922 καὶ
2536 2868 2662 2930 τοὺς
2697 2866 2915 2928 ὀδόντας
2942 2863 3195 2933 ἐϐρυξαν,
3224 2864 3315 2917 καὶ
3347 2864 3642 2933 ιτάκησαν,
3673 2865 3770 2921 καὶ
3805 2860 3989 2919 εἷπον·

2418 2957 2693 3023 Ἐξέλθετε
2723 2956 2875 3025 ἔθνη,
2916 2954 3156 3020 ἐξέλθετε
3199 2955 3335 3021 λαοὶ,
3382 2956 3476 3009 καὶ
3501 2954 3658 3019 ἴδετε,
3714 2956 3832 3017 πῶς
3878 2958 3999 3018 ὅλος

2418 3051 2446 3103 ό
2480 3050 2679 3118 κόσμος
2704 3047 2904 3113 ὑπάγει
2932 3046 3107 3100 ὀπίσω
3138 3045 3325 3099 αὑτοῦ.
3361 3045 3452 3099 Διὸ
3501 3047 3594 3100 καὶ
3627 3048 3740 3101 τῶν
3780 3048 3996 3102 κλάδων

753 3151 848 3191 sus
874 3147 993 3203 post
1027 3152 1149 3191 eum
1182 3138 1363 3192 vadat.
1384 3140 1615 3211 Ideoque
1636 3146 1995 3213 gestationem
2042 3163 2313 3202 ramorum
2341 3181 2385 3243 Ο

2341 3181 2385 3243 C
2422 3140 2498 3211 μὴ
2533 3139 2804 3202 συνιέντες
2834 3138 2893 3191 τδ
2920 3137 3291 3209 δορυφόρημα,
3320 3137 3495 3192 Βαϐαὶ
3544 3140 3683 3193 κατά
3728 3140 3991 3243 μαινομι.

752 3242 858 3281 non
907 3226 1286 3296 intelligentes,
1361 3230 1691 3288 furiosorum
1757 3250 1907 3292 more
1957 3236 2309 3293 clamabant:

751 3318 929 3384 Babtr;
986 3320 1193 3374 seducti
1247 3332 1370 3375 suut
1432 3340 1642 3388 omnes,
1700 3340 1889 3381 omnes
1926 3328 2143 3382 inutiles
2184 3328 2313 3383 facti

750 3420 877 3461 sunt
942 3420 994 3466 et
1052 3411 1404 3468 deﬂexerunt.
1466 3415 1659 3471 Proh:
1721 3418 1863 3487 leges
1920 3426 1973 3472 et
2050 3428 2317 3489 prarcepta

753 3498 987 3555 Mosaica
1026 3510 1219 3570 praeter
1253 3506 1711 3571 exspectationem
1744 3507 1929 3561 baium
1972 3508 2128 3563 facta:
2165 3518 2314 3573 sunt,

754 3592 855 3643 boc
885 3598 987 3651 est.
1017 3592 1313 3646 secundum
1357 3595 1599 3662 ipsorum
1628 3596 1915 3660 insaniam,
1960 3597 2201 3650 redactio
2246 3599 2310 3652 ad

750 3678 1057 3733 interitum.
1091 3681 1165 3733 lta
1220 3685 1329 3749 jam
1385 3692 1527 3737 recte
1572 3685 1864 3751 declarata,
1934 3702 2053 3741 mea
2098 3689 2317 3757 quidem

754 3770 1030 3839 opinione,
1062 3771 1306 3826 baiorum
1334 3788 1463 3828 voce
1495 3812 1509 3838 ,
1542 3775 1854 3841 dicendum,
1912 3793 2022 3847 quo
2071 3786 2231 3847 pacto
2260 3788 2315 3833 et

754 3861 1110 3927 quamobrem
1135 3876 1161 3915 a
1190 3865 1556 3919 sanctissimis
1586 3866 1911 3934 patriarcbis
1932 3875 2051 3935 post
2072 3868 2317 3921 cateclie-

752 3954 835 4005 sin
867 3954 1089 4007 incensa
1130 3954 1345 4019 dentur,
1379 3954 1463 4009 die
1491 3956 1733 4011 baiorum
1758 3959 2097 4027 gestationis,
2132 3974 2321 4015 cruces

749 4051 803 4095 et
829 4043 993 4107 cerei,
1023 4057 1213 4098 rursus
1247 4059 1437 4113 magna
1464 4044 1593 4099 feria
1613 4056 1805 4115 quarta
1838 4050 1981 4103 cerei
2000 4058 2053 4103 et
2078 4050 2321 4117 incensa,

756 4128 841 4182 die
864 4130 1033 4182 sancti
1068 4126 1347 4186 Pascbatis
1388 4134 1742 4189 salutationes
1770 4145 1823 4189 et
1863 4136 2144 4206 tricipitia.

832 4218 1071 4275 Dicimus
1132 4236 1283 4287 ergo,
1326 4222 1469 4290 quod
1534 4240 1655 4277 cum
1688 4226 1836 4278 natio
1885 4225 2200 4282 Judazorum
2257 4232 2321 4281 ad

757 4310 933 4362 lucem
952 4312 1311 4375 caecutiverit,
1346 4320 1398 4366 et
1426 4313 1651 4369 salutem
1679 4317 2033 4385 appellaverit
2066 4319 2317 4380 exitium,

754 4400 903 4452 velut
950 4400 1247 4454 indicatum
1306 4412 1389 4455 est
1438 4405 1598 4463 (solet
1677 4408 1821 4460 enim
1872 4410 2191 4473 usuvenire,
2262 4418 2321 4463 ut

2418 3249 2542 3295 νους
2570 3231 2823 3300 ἐϐόησαν,
2873 3228 3038 3297 βαϐαὶ
3093 3229 3289 3291 πάντες
3339 3229 3733 3298 πεπλάνηνται,
3789 3230 3993 3289 πάντες

2419 3318 2799 3390 ὴχρειὼθησαν
2824 3320 2917 3371 καὶ
2948 3317 3245 3383 ιξέκλιναν.
3300 3317 3472 3370 Βαϐαὶ
3524 3319 3631 3370 τῶν
3678 3320 3995 3371 Μωσαῖκῶν

2420 3406 2828 3478 παραγγελιῶν,
2867 3408 3016 3476 βαῖον
3040 3406 3444 3475 ἀπροσδόκητον
3477 3407 3687 3474 γέγονε,
3743 3411 3995 3462 τουτέστι

2420 3501 2559 3553 κατὰ
2616 3498 2715 3568 τὴν
2760 3498 2965 3551 τούτων
3014 3498 3271 3552 ἀπόνοιαν
3300 3536 3315 3559 ,
3378 3496 3662 3566 μεταφορὰ
3708 3497 3846 3566 πρὸς
3891 3503 3998 3550 άπ-

2416 3588 2635 3644 ὠλειαν.
2668 3588 2824 3643 Οὕτω
2854 3588 3037 3651 καλῶς
3084 3586 3528 3657 σαφηνισθείσης,
3557 3587 3631 3650 ὡς
3660 3587 3869 3656 οἴομαι,
3899 3589 3996 3655 τῆς

2419 3681 2527 3733 τῶν
2562 3681 2729 3751 βαῖων
2760 3680 2966 3749 φωνῆς,
3001 3678 3191 3751 ῥητέον
3219 3678 3368 3739 ὅπως
3392 3677 3489 3731 καὶ
3515 3678 3656 3730 διατι
3688 3678 3843 3747 παρὰ
3885 3679 3995 3731 τῶν

2422 3771 2742 3839 ἁγιωτάτων
2791 3767 3145 3838 πατριαρχῶν
3196 3766 3333 3837 μετὰ
3357 3766 3454 3837 τὴν
3492 3768 3798 3835 κατήχησιν
3832 3767 3997 3836 θυμι-

2424 3863 2605 3929 άματα
2654 3859 2907 3921 δίδονται,
2958 3860 3099 3911 κατὰ
3148 3856 3246 3927 τὴν
3296 3856 3581 3926 βαϊοφόρον
3612 3858 3842 3924 σταυροὶ
3903 3858 3996 3909 καὶ

2424 3951 2611 4020 κηρία,
2653 3949 2746 4003 καὶ
2776 3944 2930 4010 αὖθις
2954 3947 3093 4001 κατὰ
3129 3948 3225 4017 τὴν
3262 3947 3505 4016 μεγάλην
3540 3947 3773 4017 τετράδα
3828 3949 3994 4016 κηρία

2433 4046 2526 4095 καὶ
2547 4041 2891 4111 θυμιάματα,
2925 4038 3017 4091 καὶ
3057 4038 3199 4092 κατὰ
3219 4036 3278 4090 τὸ
3305 4037 3460 4105 άγιον
3483 4037 3672 4105 Πάσχα
3708 4037 3995 4106 ἀσπασμοί

2424 4133 2517 4187 καὶ
2538 4130 2858 4202 τρικέφαλα.

2492 4223 2675 4290 Φαμὲν
2707 4221 2909 4281 τοίνυν,
2942 4217 3015 4281 ὡς
3051 4216 3353 4284 τοῦγένους
3390 4215 3499 4268 τῶν
3547 4213 3818 4268 Ἰουδαίων
3862 4218 3994 4285 πρὶς

2424 4314 2483 4365 τὸ
2512 4310 2623 4380 φῶς
2658 4310 3094 4378 ὰϐλεπτήσαντος
3114 4347 3130 4369 .
3180 4307 3275 4360 καὶ
3305 4306 3402 4376 τὴν
3442 4306 3716 4377 σωτηρίαν
3748 4310 3997 4362 πανωλε-

2427 4410 2580 4479 Θρίαν
2631 4408 3124 4476 κατονομάσαντος,
3185 4404 3259 4467 ὡς
3304 4404 3635 4473 διείληπται,
3697 4405 3839 4467 (τοῖς
3895 4409 4001 4475 γὰρ

755 4498 1017 4565 aurugine
1076 4500 1446 4555 laborantibus
1484 4503 1585 4556 mel
1622 4505 1692 4569 sit
1728 4507 1996 4567 amarum)
2028 4547 2042 4571 ,
2110 4522 2209 4561 nos
2243 4509 2321 4561 eis
2354 4500 2398 4557 ι)

2354 4500 2398 4557 D
2430 4498 2707 4569 ίκτεριῶσι
2733 4498 2792 4551 τὸ
2822 4497 2941 4567 μέλι
2969 4494 3162 4564 πικρόν
3182 4492 3375 4564 ἔστιν),
3409 4496 3568 4563 ἡμεῖς
3584 4495 3858 4549 τάναντία
3876 4497 4000 4549 τού-

758 4588 1036 4641 contraria
1105 4593 1403 4646 sentientes
1458 4602 1508 4646 et
1562 4593 1839 4658 facientes,
1866 4598 2089 4666 (quippe
2149 4596 2319 4651 solem

758 4693 866 4733 non
899 4680 1319 4735 conniventibus
1348 4684 1523 4737 oculis
1559 4684 2011 4755 intuemur),cum
2041 4701 2319 4740 ramorum

756 4772 1054 4839 gestatione
1127 4783 1426 4830 conventus
1496 4776 1831 4832 celebremus
1914 4784 1967 4832 et
2056 4776 2321 4832 insaniam

758 4862 997 4929 ipsorum
1058 4865 1202 4918 velut
1263 4865 1315 4919 in
1352 4866 1628 4935 triumpho
1672 4868 2020 4937 spectandam
2050 4869 2319 4924 exhiben-

758 4963 841 5009 tes
869 4955 1017 5017 (lacti
1047 4959 1330 5012 suntcnim
1379 4959 1747 5027 spectaculum
1790 4959 2149 5029 mortalibus),
2186 4973 2323 5012 con—

761 5047 1027 5105 liteamur.
1079 5060 1139 5099 ac
1200 5063 1536 5117 nequaquam
1598 5048 1923 5109 inﬁciemur,
1969 5065 2070 5103 nos
2100 5049 2320 5117 quidem

763 5150 884 5190 esse
926 5134 1098 5189 l‘actos
1144 5138 1322 5191 baium
1393 5138 1550 5201 fidei;
1584 5138 1677 5193 sed
1714 5153 1775 5192 ex
1814 5139 2002 5193 umbra
2027 5139 2097 5193 ad
2129 5140 2327 5192 verita-

775 5239 908 5290 tem,
946 5225 1037 5279 sed
1070 5225 1135 5278 ad
1165 5226 1624 5281 immortalitatem
1652 5244 1716 5282 ex
1738 5230 2067 5282 mortalitate
2099 5246 2112 5281 :
2154 5244 2328 5297 neque

777 5332 877 5369 nos
917 5317 1080 5385 pudet
1139 5332 1322 5371 ramos
1363 5320 1485 5373 illos
1536 5320 1807 5388 appellare
1860 5321 2001 5373 baia.
2043 5319 2099 5373 In
2140 5319 2325 5372 eadem

772 5412 1095 5461 msistcntes
1117 5410 1312 5477 opinne
1328 5410 1627 5466 fidelissimi
1652 5412 1944 5479 principes,
1970 5411 2165 5464 annuis
2187 5412 2331 5479 rogis

777 5501 894 5549 I-aia
934 5500 1255 5562 miscebant,
1290 5514 1513 5568 argento
1574 5514 1701 5570 puta
1740 5504 1823 5555 vel
1880 5517 2012 5555 auro
2045 5510 2323 5554 exornata.

772 5589 982 5655 Quippe
1032 5592 1555 5658 congratulabautur
1590 5592 1681 5651 iis.
1734 5594 1825 5659 qui
1858 5593 1969 5645 lucc
2025 5605 2331 5657 couseque-

780 5682 996 5739 bantur.
1035 5680 1174 5732 "eiut
1202 5683 1523 5734 orthodoxis
1553 5698 1677 5751 erga
1714 5683 1897 5744 Deum,
1929 5692 1976 5733 et
2034 5683 2178 5750 ipsos
2205 5696 2327 5746 erga

783 5774 1051 5839 principes
1085 5771 1381 5825 benevolis.
1415 5771 1549 5837 Quia
1587 5790 1709 5828 veru
1740 5774 2043 5841 principum
2107 5789 2157 5839 qt
2187 5774 2325 5823 idem

2422 4609 2535 4655 τοις
2564 4591 2883 4660 φρονοῦντες
2911 4589 3003 4640 καὶ
3032 4586 3359 4657 πράττοντες
3408 4586 3855 4655 (ἀσκαρδαμυκτὶ
3893 4588 3998 4655 γάρ

2423 4686 2513 4735 τὸν
2564 4682 2714 4751 ἥλιον
2767 4676 3058 4748 βλέπομεν)
3110 4676 3577 4746 κλαδηφοροῦντες
3624 4680 3998 4747 πανηγυρίζο-

2430 4792 2549 4844 μεν,
2580 4772 2671 4826 καὶ
2702 4772 2799 4841 τὴν
2826 4770 3049 4822 ἐκείνων
3078 4768 3337 4821 ἀπόνοιαν
3379 4766 3830 4835 Θριαμϐεύοντες.
3877 4772 4000 4823 Θέα-

2428 4881 2553 4935 τρον
2608 4864 2718 4933 γὰρ
2768 4862 2863 4913 καὶ
2905 4857 3212 4929 ἀνθρώποις
3250 4858 3596 4925 γεγόνασιν),
3628 4859 4001 4928 ὁμολογοῦμεν

2430 4956 2523 5008 καὶ
2554 4954 2654 5006 οὐκ
2688 4951 3016 5022 ἀρνούμεθα,
3066 4948 3217 5018 βαῖον
3261 4949 3545 5014 γεγονέναι
3602 4950 3700 5016 τῆς
3742 4952 3997 5011 πίστεως·

2430 5049 2542 5100 ἀλλ’
2582 5049 2645 5099 ἑκ
2685 5045 2844 5106 σκιᾶς
2906 5042 3040 5111 πρὸς
3096 5041 3375 5109 ἀλήθειαν,
3426 5041 3540 5092 ἀλλ’
3575 5042 3653 5103 είς
3697 5042 3999 5096 ἀθανασίαν

2430 5141 2538 5193 ἀπὸ
2585 5136 2910 5207 θνητότητος
2935 5150 2947 5165 ·
2986 5134 3080 5185 καὶ
3119 5132 3243 5201 βσῖα
3271 5132 3395 5193 τοὺς
3440 5132 3664 5195 κλάδους
3694 5136 3999 5201 κατονομά-

2435 5231 2638 5293 ζοντες.
2690 5227 2789 5279 οὐκ
2842 5221 3301 5291 ἐπαισχυνόμεθα.
3353 5220 3509 5273 Οὕτω
3539 5222 3868 5289 φρονοῦντες
3910 5221 3999 5272 καὶ

2432 5322 2480 5372 cl
2514 5317 2825 5370 πιστότατοι
2890 5312 3150 5381 βασιλεῖς,
3178 5312 3299 5372 ταῖς
3350 5311 3585 5379 ἐτησίοις
3640 5311 3829 5381 ῥὸγαις
3868 5312 3993 5381 ﬂata

2436 5408 2922 5478 συνεπρυτάνευον,
2960 5404 3017 5469 ἑξ
3066 5403 3308 5473 ἀργύρου
3342 5402 3500 5470 τυχὸν
3546 5402 3577 5471 ἢ
3611 5401 3814 5471 χρυσοῦ
3869 5402 3995 5453 καλ-

2434 5500 2725 5563 λυνόμενα.
2757 5494 3079 5563 Συνέχαιρον
3140 5491 3247 5559 γὰρ
3292 5492 3403 5551 τοῖς
3456 5489 3791 5556 λαμϐάνουσι
3826 5489 3994 5540 ταῦτα

2434 5587 2772 5657 ὀρθοδοξοῦσι
2822 5586 2888 5637 τὰ
2945 5584 3077 5650 πρὸς
3116 5583 3267 5647 Θεὸν,
3334 5582 3428 5633 καὶ
3502 5580 3875 5647 εὐνοουμενοις
3931 5583 3993 5630 τά

2442 5680 2573 5739 πρδς
2612 5676 2826 5736 αὐτούς.
2875 5674 3025 5725 Ἐπεὶ
3060 5673 3112 5723 δὲ
3145 5672 3250 5722 τῶν
3294 5670 3391 5739 μὲν
3434 5669 3692 5737 βασιλέων
3716 5670 3773 5721 αί
3815 5672 3988 5738 ῥόγαι.

2440 5767 2529 5816 καὶ
2567 5764 2667 5814 τῶν
2702 5763 2864 5831 pater;
2892 5763 2953 5814 τὶ
2986 5759 3118 5829 ἆιεη
3149 5761 3213 5809 τὶ
3244 5759 3465 5819 ταύτης
3510 5759 3985 5815 stiva-satillum
