4214 6450
239 425 379 487 1069

1650 428 2070 491 MEDITATA.

3335 430 3467 491 1070

248 552 355 621 προ
374 553 578 621 χρόνων
616 552 929 621 ἐσχόλασαν,
948 552 1012 603 δι’
1033 551 1099 620 ἢν
1120 550 1295 602 αίτίαν
1326 548 1527 603 ἄνωθεν
1552 547 1795 616 εἴπομεν
1832 552 1873 607 Α
1902 562 1912 598 l

1832 552 1873 607 Α
1902 562 2044 614 rogze
2063 548 2415 615 baiornmqne
2442 547 2614 607 ﬂores.
2642 550 2731 616 qui
2757 564 2876 603 cum
2903 549 3047 617 rogis
3063 548 3460 603 exoriebantur.

246 644 361 695 τῶν
389 643 444 693 δὲ
469 641 628 693 θείων
663 643 1015 710 πατριαρχῶν
1046 644 1099 694 αί
1152 642 1309 710 pem
1366 640 1804 708 δημοσιεύονται,

246 735 345 785 καὶ
383 735 409 801 ή
446 734 690 799 συνήθως
720 733 968 801 διδομένη
1001 734 1133 802 ρόγα
1158 734 1297 785 κατᾶ
1319 733 1416 800 τὴν
1446 731 1648 799 κυρίως
1670 733 1807 782 ἀπό-

245 837 423 887 κρεω,
443 822 519 882 είς
551 823 646 886 τὴν
700 822 934 887 ἑτησίως
993 820 1391 889 προόαίνουσαν
1424 820 1809 887 ἐκκλησιαστι-

250 911 354 977 κὴν
386 912 550 977 ῥόγαν
582 911 722 963 κατὰ
751 911 847 978 τὴν
890 910 1132 977 μεγάλην
1160 911 1347 977 τρίτην
1395 909 1682 978 μετέπεσε,
1712 926 1809 959 κα-

246 999 377 1059 θὼς,
431 1000 495 1049 τὰ
531 999 733 1050 παλαιά
785 998 1001 1050 λαλοῦσι
1052 998 1299 1067 ρογάλια,
1334 998 1567 1050 διδόασιν
1610 1000 1657 1047 οι
1707 1013 1809 1047 πα-

248 1090 500 1155 τριάρχαι
559 1088 697 1156 μετὰ
742 1088 837 1157 τὴν
881 1090 1181 1157 κατήχησιν
1214 1088 1288 1156 τῷ
1322 1088 1434 1157 λαῷ
1463 1089 1536 1147 ὡς
1584 1088 1709 1153 βαΐα
1742 1088 1809 1139 τὰ

247 1179 601 1244 ⁹νυμιαματα·
658 1181 1109 1246 παρεγγυώμενοι
1150 1178 1217 1229 δι’
1264 1177 1443 1230 αὐτῶν
1469 1177 1667 1229 ὡσανεὶ
1700 1180 1807 1237 τοῖς

251 1269 607 1335 λαμϐάνουσι,
652 1274 981 1336 μεταπεσεῖν
1038 1273 1100 1322 ἐκ
1140 1270 1238 1337 τῆς
1272 1270 1482 1339 φαύλης
1512 1269 1804 1337 διαγωγῆς,

246 1358 428 1417 καθώς
458 1376 557 1409 που
606 1360 699 1411 καὶ
732 1360 1139 1427 καθηγήθησαν,
1174 1360 1264 1412 καὶ
1324 1360 1391 1411 δι’
1447 1359 1804 1427 ὀλιγοημὲρου

245 1448 578 1513 ἐπιστροφῆς
611 1447 884 1513 βασιλείαν
914 1449 1129 1500 αἰώνιον
1158 1448 1605 1512 ἀνταλλάξασθαι.
1641 1449 1807 1499 Εύτε-

242 1537 359 1588 λέσι
389 1537 443 1588 δὲ
484 1538 785 1605 θυμιάμασι
809 1538 946 1589 κατά
976 1539 1372 1605 σμικρολόγους
1400 1540 1494 1589 καὶ
1527 1538 1798 1606 κίμϐικας

242 1629 345 1679 οὐκ
368 1628 707 1679 ὲλαττονοῦσι
733 1628 791 1680 τὸ
827 1629 1110 1696 μεγαλεῖον
1147 1628 1238 1681 τοῦ
1276 1629 1621 1696 Πνεύματος’
1667 1630 1805 1697 (πῶς

243 1717 353 1781 γὰρ
396 1718 442 1767 οἱ
479 1720 655 1768 πᾶσαν
685 1716 782 1785 τὴν
828 1717 1151 1785 οἰκουμένην
1212 1716 1638 1783 φιλανθρωπίαις
1675 1732 1807 1766 πανο

242 1806 503 1867 «sunt;
559 1809 971 1874 σαγηνεύοντες,
1029 1808 1122 1859 καὶ
1167 1809 1345 1859 πᾶσαν
1398 1807 1801 1875 πενητεύουσαν

243 1894 622 1957 αὐλακξζοντες
685 1898 944 1965 ἄρουραν,
1001 1899 1095 1950 καὶ
1166 1897 1431 1965 πολύχουν
1487 1897 1800 1965 εὐεργεσίας

242 1983 545 2059 θερίζοντες
566 1985 845 2054 ἄσταχυν;)
884 1986 1018 2038 ἀλλὰ
1053 1988 1149 2054 τῆς
1181 1988 1392 2055 ἡμέρας
1427 1986 1523 2056 τὴν
1574 1986 1801 2052 δύναμιν

242 2072 619 2140 αἰνιττόμενοι,
645 2075 735 2125 καὶ
764 2075 1104 2136 διδάσκοντες
1125 2076 1361 2144 ὡσπερεὶ
1379 2076 1446 2128 δι’
1475 2076 1650 2127 αὐτῶν
1676 2076 1800 2135 τοὺς

241 2161 633 2229 λαμϐάνοντας,
664 2166 847 2215 ὁποῖον
882 2160 1019 2217 εἶναι
1042 2166 1121 2216 δεῖ
1144 2165 1204 2215 τὸ
1224 2164 1450 2232 ψυχικὸν
1478 2165 1801 2232 κατάστημα

243 2250 339 2301 τοῦ
364 2252 727 2317 νηστεύοντος,
762 2254 855 2305 καλ
892 2255 987 2323 τῆς
1018 2252 1306 2321 μετανοίας
1339 2254 1398 2306 τὸ
1420 2255 1798 2321 ὁλοκαύτωμα,

246 2340 335 2389 καὶ
372 2342 466 2406 τῆς
498 2344 803 2410 προσευχῆς
830 2344 890 2395 τὸ
920 2343 1189 2412 θυμίαμα.
1224 2344 1332 2396 Καὶ
1362 2345 1483 2396 τότε
1531 2345 1629 2413 μὲν
1662 2344 1802 2396 οὕτω

243 2426 631 2479 κατευθύνονσι
654 2430 750 2495 τῆς
784 2430 1034 2498 νηστείας
1069 2431 1129 2483 τὸ
1154 2432 1390 2485 στάδιον.
1431 2433 1587 2485 Κατᾶ
1611 2432 1667 2485 δὲ
1701 2434 1799 2501 τὴν

242 2513 340 2578 τῆς
382 2512 670 2583 βαῖοφόρου
705 2519 1045 2585 χαρμόσυνον
1075 2518 1440 2587 κυριὼνυμον,
1467 2522 1541 2582 ὡς
1573 2520 1799 2574 ἀθλοθέ-

242 2617 331 2651 ται
360 2600 697 2665 καθίσαντες,
728 2596 999 2672 (Ἐκάθισε
1033 2606 1160 2675 γὰρ,
1196 2607 1383 2673 φησιν,
1414 2607 1441 2657 ὁ
1497 2608 1696 2675 κρῖνων
1725 2608 1801 2660 δι-

246 2688 589 2753 καιοσύνην,)
631 2691 930 2754 δεξιοῦνται
961 2695 1085 2755 τοὺς
1111 2694 1169 2746 τὸ
1205 2698 1541 2763 παγκράτιον
1566 2697 1664 2764 τῆς
1704 2716 1799 2765 νη-

247 2778 431 2840 στείας
484 2782 832 2849 νικήσαντας,
912 2784 1106 2853 τιμίων
1172 2787 1265 2837 καὶ
1324 2786 1492 2852 ἁγίων
1557 2789 1802 2854 σταυρῶν

245 2866 567 2933 ἁγιὰσμασι,
623 2872 713 2921 καὶ
770 2872 971 2939 κηρίων
1045 2873 1363 2939 φωτοόόλων
1430 2876 1801 2944 χαρίσμασιν.

248 2956 382 3005 Οὐδὲ
422 2957 525 3025 γαρ
559 2959 771 3011 θέλουσι
838 2965 1163 3029 σκιαμαχεῖν
1210 2964 1336 3025 τοὺς
1397 2964 1622 3026 πιστοὺς
1682 2966 1798 3017 κατ’

246 3046 482 3107 ἐκείνους
510 3049 629 3108 τοὺς
656 3050 1038 3118 νηπιὸφρονας,
1074 3052 1185 3103 ἀλλ’
1215 3052 1288 3114 ὡς
1320 3054 1419 3121 ήδη
1476 3054 1575 3121 τῆς
1603 3054 1804 3107 δικαιο·

248 3135 413 3202 σύνης
444 3137 529 3186 τδν
573 3138 721 3206 ἣλιον
767 3139 1084 3207 βλέποντας,
1114 3141 1211 3210 τὴν
1250 3142 1378 3195 νέαν
1408 3142 1543 3195 Σιὼν
1562 3145 1649 3197 διά
1690 3147 1803 3198 πὼ-

244 3224 337 3274 λου
378 3225 696 3291 φωτίζόντα,
757 3230 1155 3297 προτρέπονται
1201 3231 1268 3283 δι’
1308 3233 1484 3284 αὐτῶν
1534 3235 1645 3295 τοῖς
1704 3234 1799 3303 ἤδη

244 3318 563 3382 νηστεύουσι
598 3321 849 3386 νηστείαν
878 3319 1161 3389 Κυριακὴν
1202 3322 1801 3391 τεσσαρακονθήμερυν,

245 3410 337 3457 καὶ
379 3407 483 3457 τῶν
536 3409 721 3459 παθῶν
776 3410 840 3461 τὰ
877 3411 1009 3480 νέφη
1077 3410 1339 3474 διώξασι,
1393 3415 1805 3466 συνανατέλλειν

248 3496 387 3561 μετά
416 3497 507 3547 τοῦ
539 3500 815 3564 γίγαντος.
843 3500 978 3550 Βαῖα
1006 3502 1103 3567 μὲν
1139 3502 1425 3570 κατέχουσι
1454 3506 1571 3565 ταῖς
1623 3506 1802 3572 χερσὶ,

240 3585 331 3636 διὰ
360 3586 423 3636 τὸ
455 3590 778 3653 μεταπεσεῖν
806 3589 863 3651 ἐξ
894 3589 1172 3657 ὲμπαθοῦς
1196 3595 1287 3643 καὶ
1322 3593 1635 3660 κοινοτέρας
1674 3596 1803 3655 ἴσως

242 3673 519 3741 διαγωγῆς
578 3679 713 3743 πρὸς
751 3678 1091 3746 ὑψηλοτέραν
1151 3679 1243 3731 καὶ
1300 3680 1483 3749 ἀπαθῆ
1508 3697 1523 3712 °
1562 3683 1726 3751 κηρία
1750 3682 1805 3734 δὲ

245 3765 338 3815 καὶ
373 3767 660 3833 σταυροὺς.
691 3767 776 3819 διὰ
802 3771 860 3819 τὸ
896 3768 1223 3821 καταϐαλεῖν
1251 3771 1385 3837 μετὰ
1423 3770 1515 3822 τοῦ
1547 3772 1643 3838 τῆς
1672 3772 1805 3840 ἁλη-

245 3852 398 3913 θείας
426 3855 601 3919 φωτὸς
657 3855 717 3906 τὸ
784 3858 1095 3925 ἀρχέκακον
1143 3858 1317 3910 Σατάν
1358 3861 1452 3911 καὶ
1494 3861 1804 3913 ἀντίπαλον.

244 3942 353 3992 Καὶ
378 3944 426 3993 τί
451 3944 555 4011 γάρ
577 3943 703 3995 ἄλλο
732 3943 903 4013 δῶρον
927 3945 1211 4012 δοθήσεται
1243 3948 1351 4006 τοῖς
1383 3947 1448 3997 δι’
1481 3947 1805 4017 ἐγκρατείας

244 4036 499 4099 νικήσασι
554 4034 613 4085 τὺ
654 4035 794 4100 μέγα
844 4036 941 4102 τῆς
998 4035 1249 4102 νηστείας
1296 4037 1652 4105 παγκράτιον,
1711 4036 1803 4088 τοῦ

243 4122 572 4191 τριποθήτου
611 4123 753 4175 θείου
805 4124 1037 4191 σταυροῦ
1092 4124 1433 4194 τιμιώτερον,
1491 4124 1580 4177 τοῦ
1634 4127 1803 4193 μύλας

252 4212 376 4280 ᾅδου
414 4213 709 4279 παμφάγου
740 4212 1144 4282 συντρίψαντος,
1180 4215 1273 4267 καὶ
1313 4215 1481 4277 πύλας
1538 4214 1683 4283 ζωῆς
1728 4217 1804 4285 τῷ

247 4306 394 4366 γένει
451 4306 556 4353 τῶν
587 4305 887 4372 ἀνθρώπων
948 4306 1297 4369 ἀνοίξαντοςς
1350 4307 1571 4363 Πάντως
1625 4307 1801 4358 οὐδέν

244 4393 297 4443 εί
351 4393 422 4459 μή
461 4408 540 4451 τις
582 4395 721 4443 είποι
774 4392 862 4443 τὸν
896 4392 961 4442 δι’
996 4393 1158 4444 αὑτοῦ
1216 4393 1311 4462 τὴν
1355 4394 1623 4462 σωτηρίαν
1676 4396 1803 4461 ἡμῖν

1915 646 2040 687 ante
2082 637 2284 689 mullos
2323 650 2492 688 annos
2548 636 2826 690 desierunt
2868 652 2933 690 ex
2984 652 3045 689 ea
3074 652 3260 697 causa,
3306 653 3462 703 qnam

1914 727 2317 791 indicavimus;
2380 744 2503 782 cum
2580 743 2721 797 rogzn
2804 730 3233 798 patriarcharum
3288 732 3462 781 adhuc

1915 819 1964 869 in
1999 833 2100 871 usu
2163 821 2381 884 publico
2410 819 2541 883 sint,
2582 832 2809 887 quaeque
2843 834 2943 887 pro
2969 834 3115 873 more
3145 819 3302 872 datur
3333 834 3459 889 roga

1912 908 2001 958 die
2031 910 2212 960 carnis
2241 910 2421 974 privii.
2448 910 2528 962 sic
2553 910 2836 961 immutata
2872 909 2963 972 sit,
2986 918 3043 961 ut
3075 910 3124 961 iu
3144 911 3460 962 anniversa-

1915 997 2049 1047 riam
2093 1010 2275 1063 rogaui
2335 1000 2761 1053 ecclesiasticam
2824 1013 3031 1067 magna:
3088 999 3231 1052 feria:
3286 1002 3457 1055 tertiae

1911 1085 2136 1147 incidat,
2170 1087 2622 1152 quemadmodum
2642 1088 2862 1155 antiqua
2887 1087 3107 1155 Rogalia
3135 1089 3458 1156 loquuntur:

1913 1176 2118 1228 idcirco
2171 1175 2301 1229 dant
2356 1178 2677 1243 patriarcha:
2730 1178 2928 1245 populo
2982 1187 3104 1246 post
3150 1181 3460 1233 catechesin

1911 1267 2151 1329 incensa,
2177 1268 2297 1320 loco
2328 1268 2572 1321 baiornm
2598 1288 2613 1329 ;
2646 1270 2789 1321 velut
2813 1268 3163 1321 admonentes
3202 1271 3341 1330 illos,
3370 1272 3461 1338 qui

1908 1370 1969 1409 ea
2000 1368 2241 1418 sumunt,
2272 1366 2330 1408 ut
2352 1360 2613 1411 rationem
2640 1358 2852 1411 vivendi
2884 1372 3100 1425 pravam
3128 1360 3461 1427 relinquant.

1908 1444 2049 1495 sicut
2084 1444 2260 1497 edocti
2298 1446 2424 1507 sint,
2457 1461 2518 1499 ac
2553 1462 2645 1514 per
2694 1448 3105 1501 conversionem
3158 1463 3460 1515 paucorum

1908 1533 2119 1586 dierum
2182 1535 2285 1587 sihi
2356 1550 2577 1601 regnum
2613 1536 2741 1589 illud
2804 1545 3061 1589 :eternum
3117 1551 3457 1605 comparent.

1906 1624 2173 1677 Ceterum
2210 1640 2305 1693 per
2332 1624 2442 1677 haec
2468 1626 2687 1679 incensa
2722 1628 2848 1680 vilis
2880 1628 3060 1694 pretii,
3102 1643 3249 1680 more
3275 1644 3465 1695 parco-

1908 1728 2026 1767 rum
2062 1716 2341 1767 hominum
2382 1724 2436 1768 et
2490 1730 2805 1778 avarorum,
2864 1716 3199 1783 ntajestatcm
3229 1718 3460 1785 spiritus

1909 1819 2014 1856 non
2070 1804 2427 1868 deminuunt,
2463 1805 2590 1873 (quo
2648 1806 2788 1858 enim
2838 1805 2887 1858 id
2929 1816 3085 1874 pacto
3139 1806 3372 1859 facerent
3402 1806 3457 1866 ii,

1908 1895 1998 1960 qui
2049 1905 2318 1948 terrarum
2370 1895 2555 1947 orbem
2614 1896 2926 1947 universum
2966 1895 3135 1947 variis
3185 1895 3458 1947 lieneﬂclis

1911 1985 2183 2045 irretiunt,
2217 1993 2268 2038 et
2290 1998 2449 2039 omne
2474 2000 2658 2039 arvum
2685 1985 2868 2038 sterile
2892 1985 3118 2044 sulcant,
3148 1985 3460 2051 opimasqun

1912 2073 2280 2127 beneficentiae
2335 2074 2514 2142 spicas
2567 2074 2829 2141 metunt?)
2892 2073 2982 2126 sed
3029 2073 3295 2126 occultam
3346 2073 3463 2139 ejus

1909 2164 2015 2218 diei
2046 2165 2153 2217 vim
2180 2166 2417 2217 indicare
2445 2165 2651 2226 volunt,
2686 2165 2940 2231 quasiqur
2975 2164 3173 2216 docere
3206 2179 3298 2230 per
3350 2165 3463 2214 hate

1907 2263 2021 2309 eos,
2076 2248 2167 2316 qui
2199 2263 2257 2301 es
2296 2258 2536 2314 sumunt,
2570 2250 2745 2318 qualis
2777 2264 2898 2303 esse
2932 2250 3126 2303 debeat
3162 2250 3323 2302 animi
3357 2261 3464 2302 sta-

1909 2348 1994 2392 tus
2023 2339 2179 2403 ineo,
2198 2339 2287 2407 qui
2310 2340 2575 2407 jejunium
2605 2341 2878 2401 observat,
2906 2341 3063 2408 quale
3088 2341 3459 2393 holocaustum

1909 2429 2273 2495 pmnitentiae,
2336 2439 2388 2482 et
2445 2430 2772 2497 precationis
2829 2432 3130 2484 incensum.
3204 2432 3279 2483 Ac
3334 2439 3459 2484 tunc

1908 2517 2125 2584 quidem
2186 2518 2255 2568 ita
2313 2518 2501 2584 jejnnii
2536 2516 2869 2569 curri:'ulttm
2925 2517 3184 2585 dirigunt.
3216 2517 3281 2570 At
3329 2533 3452 2568 vero

1909 2608 2025 2659 laeta
2061 2607 2146 2660 illa
2171 2607 2258 2660 die
2287 2606 2563 2661 Dominiea
2596 2608 2840 2661 baiarum
2874 2610 3213 2677 gestationis,
3269 2623 3326 2661 sc
3348 2610 3460 2659 len-

1910 2704 1992 2748 tes
2023 2711 2122 2762 pro
2157 2712 2307 2749 more
2332 2697 2773 2749 distribuentium
2834 2697 3050 2765 prremia
3084 2699 3301 2766 (quippe
3332 2712 3459 2750 con-

1908 2786 2064 2847 sedit,
2082 2786 2331 2853 inquiunt
2350 2786 2561 2840 Littcraa
2590 2800 2777 2849 sacrae,
2807 2788 2893 2853 qui
2914 2786 3121 2852 jndicat
3141 2787 3456 2853 justitiam),

1910 2874 2151 2927 victores
2212 2874 2264 2925 in
2314 2875 2609 2927 certamine
2631 2874 2820 2942 jejunii
2854 2876 3209 2943 pretiosarum
3245 2886 3458 2930 sancta-

1910 2978 2140 3030 rumque
2218 2964 2462 3017 crucium
2554 2966 2991 3028 lustrationibus,
3052 2974 3106 3020 et
3178 2980 3455 3019 cereorum

1910 3054 2202 3108 lucentium
2234 3054 2395 3107 donis
2422 3055 2723 3123 excipiunt.
2747 3054 2955 3123 Quippe
2978 3070 3084 3107 non
3114 3070 3232 3106 cum
3251 3056 3456 3107 umbris

1910 3144 2175 3199 dimicare
2210 3143 2395 3197 ﬁdeles
2427 3143 2635 3206 volunt,
2670 3143 2940 3197 fatuorum
2994 3159 3139 3197 more
3162 3182 3181 3209 ,
3224 3145 3315 3198 setl
3363 3159 3458 3197 eos

1911 3233 2075 3287 veluti
2100 3234 2210 3301 jam
2264 3232 2593 3298 aspicientes
2621 3233 2848 3301 justitite
2904 3234 3094 3296 solem,
3128 3234 3219 3299 qui
3265 3248 3455 3285 novam

1913 3320 2131 3375 Sionem
2166 3338 2261 3390 per
2288 3324 2489 3390 pullum
2510 3322 2799 3383 illuminat,
2834 3337 2925 3389 per
2951 3322 3061 3375 haec
3085 3324 3457 3381 exhortantur,

1907 3422 1963 3465 ut
1997 3412 2247 3465 absoluto
2280 3410 2561 3464 Dominico
2589 3411 2795 3463 dierum
2823 3410 3176 3478 quadraginta
3230 3410 3459 3477 jejunio,

1906 3512 1957 3555 et
1989 3502 2225 3556 nubibus
2254 3502 2507 3555 vitiorum
2542 3500 2803 3567 expulsis.
2832 3515 2935 3551 una
2960 3514 3081 3551 cum
3118 3500 3217 3551 hoc
3248 3500 3459 3567 gigante

1907 3589 2074 3655 (dicto
2111 3591 2367 3642 nimirum
2402 3589 2535 3657 sole)
2568 3589 2903 3641 exoriuntur.
2965 3585 3027 3637 Et
3063 3588 3182 3639 baia
3239 3588 3455 3655 quidem

1906 3680 2159 3731 manibus
2185 3689 2474 3747 propterea
2532 3686 2735 3741 tenent,
2791 3677 2933 3744 quod
2999 3677 3233 3730 traducti
3289 3678 3456 3730 sinta

1906 3767 2095 3821 vitiosa
2125 3768 2457 3835 profanaque
2484 3767 2716 3821 fortasse
2746 3766 2875 3826 vita,
2906 3766 2969 3819 ad
2998 3767 3371 3820 sublimiorem
3404 3781 3455 3819 et

1904 3860 2163 3912 vitiorum
2219 3867 2534 3927 expertem:
2587 3873 2776 3913 cereos
2827 3872 2953 3912 vero
3006 3872 3127 3912 cum
3178 3862 3457 3918 crucibus,

1904 3947 2048 4017 quod
2087 3964 2209 4003 cum
2240 3949 2444 4003 lumine
2466 3949 2713 4003 veritatis
2738 3956 3010 4002 auctorem
3052 3949 3228 4001 omnis
3260 3950 3384 4001 mali
3406 3962 3459 4002 ct

1906 4042 2285 4094 adversarium
2346 4055 2504 4094 suum
2588 4039 2841 4092 Satanam
2904 4039 3336 4107 prostraverint.
3398 4041 3461 4092 Et

1906 4133 2174 4201 quodnam
2209 4132 2350 4185 aliud
2384 4134 2583 4185 donum
2613 4132 2700 4194 iis,
2724 4132 2815 4199 qui
2852 4145 2945 4199 per
2995 4132 3378 4185 continentiam
3406 4134 3455 4183 in

1906 4221 1998 4273 illo
2036 4234 2226 4288 magno
2252 4220 2442 4287 jejunii
2504 4219 2799 4273 certamine
2848 4220 3078 4273 victores
3134 4222 3457 4282 exstiterim,

1906 4309 2023 4362 dari
2080 4310 2369 4377 pretiosius
2448 4310 2620 4377 possit
2673 4310 3007 4376 Optatissima
3062 4323 3217 4362 sacra
3276 4325 3456 4368 cruce.

1905 4413 2026 4465 qua:
2048 4399 2229 4450 omnia
2256 4398 2568 4451 devorantis
2596 4396 2792 4450 inferni
2822 4398 3089 4465 genuinos
3115 4398 3454 4459 comminuit,

243 4482 594 4549 σχεδιασαντα
636 4480 839 4548 Ἰησοῦν
869 4482 1101 4549 Χριστὸν
1134 4484 1225 4534 καὶ
1266 4482 1395 4534 Θεὸν
1426 4483 1599 4550 ἡμῶν.
1648 4484 1798 4535 Ἐπεὶ
1833 4489 1873 4542 D
1903 4510 1907 4532 ι

1792 4489 1873 4542 .D
1903 4496 1956 4540 et
2012 4487 2249 4539 humano
2313 4488 2491 4554 generi
2543 4486 2667 4539 vita:
2700 4496 2882 4553 portas
2929 4486 3188 4554 aperuit?
3238 4488 3456 4539 omnino

240 4572 300 4622 δὲ
329 4572 421 4621 καὶ
450 4571 673 4637 βασιλέα
707 4572 926 4631 πολλαῖς
952 4571 1419 4640 δορυφορούμενον
1450 4573 1680 4641 κυριότη
1697 4590 1797 4637 σιν,

239 4661 462 4728 ἀμέσως
496 4660 528 4728 ἢ
563 4663 702 4711 κατὰ
730 4662 975 4729 ῥυπαροῦ
1008 4664 1433 4731 καταστήματος
1460 4663 1558 4714 ούκ
1592 4663 1800 4725 ἔξεστιν

243 4750 627 4812 ὑποδέξασθαι,
662 4752 775 4802 Νῦν
811 4753 932 4820 μὲν,
975 4752 1137 4820 φησιν
1186 4754 1213 4803 ὀ
1270 4752 1439 4820 μέγας
1492 4752 1796 4821 ἀρχιερεὺς,

237 4842 354 4900 τοῖς
386 4843 716 4909 ἀγχεμάχοις
747 4841 1209 4911 συναριθμήθητε,
1264 4845 1374 4903 τοῖς
1425 4842 1801 4908 σφενδονήταις

242 4931 716 4999 συστοιχειώθητε,
748 4934 863 4992 τοῖς
897 4934 1238 4993 ἀκοντισταῖς
1302 4932 1659 5000 συνανάϐητε,
1710 4930 1803 4981 καὶ

243 5021 359 5080 τοῖς
392 5022 810 5087 τροπαιο’ρόροις
844 5022 1285 5089 συνανακλίθητε.
1327 5021 1479 5073 Μετὰ
1519 5022 1573 5071 δὲ
1608 5021 1803 5090 μικρὸν

239 5111 657 5179 ἀνοιχθησονται
688 5114 814 5178 ὑμῖν
847 5113 915 5164 τὰ
947 5113 1243 5179 ἀνάκτορα,
1290 5116 1382 5163 καὶ
1406 5112 1551 5179 ἴδητε
1596 5112 1682 5163 τὸν
1714 5114 1802 5163 ού-

244 5204 410 5273 ρανοῦ
452 5205 543 5253 καὶ
573 5203 674 5269 γῆς
724 5202 1075 5269 βασιλεύοντα
1125 5200 1536 5269 ἀπερίγραπτον
1598 5202 1799 5270 Κύριον

243 5292 341 5344 καὶ
373 5290 505 5343 Θεὸν
528 5290 681 5359 ήμῶν
707 5289 979 5358 σαρκικῶς
1010 5290 1164 5356 χερσί
1197 5288 1423 5340 δικαίων
1470 5291 1802 5356 περιγραφό-

245 5398 427 5451 μενον,
462 5384 553 5432 καὶ
577 5380 719 5449 ζωὴν
750 5380 1103 5449 ἀτελεύτητον
1133 5380 1251 5431 ἀντὶ
1288 5379 1455 5447 βαῖων
1498 5379 1804 5446 φιλοτιμού-

245 5487 429 5539 μενον.
476 5471 581 5522 Καὶ
622 5471 760 5522 κατὰ
793 5470 889 5538 μὲν
937 5469 1033 5536 τὴν
1069 5471 1410 5539 χαρμόσυνον
1459 5468 1800 5536 κυριώνυμον

240 5561 339 5625 τῆς
395 5560 501 5611 τῶν
558 5559 725 5627 βαῖων
783 5560 981 5626 σεπτῆς
1032 5558 1409 5627 πανηγύρεως,
1488 5558 1653 5625 κηρία
1712 5559 1803 5608 καὶ

241 5649 510 5716 σταυροὺς
537 5648 900 5713 λαμϐάνοντες
927 5650 975 5699 οί
998 5650 1135 5707 λαοὶ,
1168 5650 1263 5715 τὴν
1292 5648 1430 5700 κατὰ
1451 5647 1541 5698 τοῦ
1571 5646 1800 5699 θανάτου

243 5739 399 5805 νίκην
432 5740 638 5799 ἑαυτοῖς
675 5739 1193 5807 προμνήστεύονται,
1226 5740 1315 5790 καὶ
1348 5740 1418 5798 ὡς
1446 5738 1671 5805 ἀστέρες
1705 5755 1800 5787 κα-

1906 4576 2139 4635 nullum,
2168 4574 2272 4627 nisi
2296 4574 2417 4643 quis
2441 4572 2621 4628 dicere
2638 4575 2764 4627 velit
2784 4574 2967 4629 Jesum
2992 4575 3262 4627 Christum
3288 4572 3455 4627 Deum

1906 4673 2169 4722 nostrum,
2205 4664 2296 4731 qui
2331 4678 2427 4731 per
2462 4678 2679 4717 crucem
2710 4665 2864 4718 nobis
2888 4664 3111 4717 salutem
3144 4664 3454 4731 acquisivit.

1905 4752 1962 4804 Et
1997 4755 2251 4815 quoniam
2308 4769 2483 4820 regem
2520 4755 2813 4807 multorum
2841 4754 3214 4806 dominatuum
3256 4758 3459 4807 satelli-

1907 4846 1981 4896 tio
2023 4848 2281 4911 stipatum
2319 4846 2437 4899 sine
2470 4845 2673 4905 medio,
2726 4844 2807 4895 vel
2864 4858 2986 4896 cum
3044 4852 3183 4895 statu
3242 4845 3461 4897 sordido

1907 4950 2013 4987 non
2048 4935 2170 4986 licet
2202 4936 2449 4997 excipere
2479 4951 2492 4997 ;
2523 4932 2675 4985 Nunc
2727 4934 2964 4999 Quidam,
3014 4934 3186 4999 inquit
3238 4950 3460 5001 inriguus

1908 5024 1997 5077 ille
2043 5021 2305 5091 pontifex,
2332 5024 2471 5075 inter
2507 5022 2691 5089 pedem
2712 5022 3052 5076 conferentes
3080 5022 3456 5081 numeremini,

1910 5112 2248 5165 funditorum
2280 5110 2471 5163 ordine
2501 5112 2807 5175 consistite,
2842 5126 2963 5164 cum
3001 5111 3296 5180 sagittariis
3340 5126 3458 5178 per-

1906 5202 2036 5268 gite,
2068 5214 2191 5252 cum
2242 5200 2580 5269 gestantibus
2616 5208 2817 5269 tropaea
2848 5201 3205 5268 procumbite.
3258 5198 3457 5252 Verum

1908 5299 2030 5359 post
2060 5292 2314 5361 exiguum
2344 5291 2605 5359 temporis
2628 5292 2965 5345 intervallum
2990 5291 3103 5358 ipsa
3132 5292 3274 5359 regia
3308 5292 3459 5343 \‘0bis

1906 5382 2197 5447 aperietur,
2233 5395 2293 5433 ac
2325 5381 2572 5434 videbitis
2598 5381 2719 5434 coeli
2745 5388 3007 5447 terraeque
3045 5379 3263 5448 Regem.
3297 5381 3459 5433 nullis

1906 5471 2379 5539 circumscriptum
2412 5472 2658 5525 terminis
2689 5471 2973 5523 Dominum
3017 5469 3292 5538 Deumque
3334 5485 3461 5521 nos-

1907 5571 2049 5614 trum
2094 5561 2384 5614 carnaliter
2420 5562 2691 5627 justorum
2748 5560 2999 5612 manibus
3056 5560 3455 5619 circutnscrib‘.

1909 5653 2182 5718 vitamque
2214 5649 2363 5703 vobis
2397 5651 2500 5703 [ine
2536 5658 2809 5703 carentem
2832 5649 3076 5702 baiorum
3107 5649 3223 5701 loco
3259 5647 3458 5714 largiri.

1909 5742 1980 5791 At:
2009 5743 2123 5791 lmta
2156 5740 2370 5807 quidem
2401 5740 2487 5791 illa
2526 5740 2611 5793 die
2654 5738 2928 5792 Dominira
2968 5738 3286 5793 venerabilis
3312 5736 3460 5789 ί)θὶοο
