4214 6450
227 412 364 480 1073

1663 422 2065 482 MEDi'l'ATA.

3306 422 3436 486 1074

238 544 347 613 ρῶς
378 543 803 606 κατασπάζεται,
836 548 926 599 καὶ
958 547 1172 613 ἀνοίξας
1198 550 1323 613 τοὺς
1351 549 1655 619 θησαυροὺς
1685 551 1779 618 τῆς
1811 555 1853 609 Α
1882 550 1899 616 j

1763 572 1779 612 ;
1811 555 1853 609 Α
1882 550 1990 616 jam
2026 547 2260 614 primum
2286 544 2424 598 filios
2456 545 2597 598 videt
2627 557 2691 597 ex
2738 543 2989 611 loginqua
3026 555 3075 596 et
3131 544 3427 611 periculosa

233 635 482 701 εὐλογίας
513 635 697 695 αὐτοῦ,
729 637 1017 701 δεξιοῦνται
1047 638 1266 702 τούτους
1297 642 1643 709 νομίσμασιν,
1674 642 1782 692 ολί-

229 738 352 789 γοις
408 726 507 791 μὲν
572 726 712 776 κατὰ
740 726 801 777 τὸ
858 729 1442 796 φαινόμενονρπολλοῖς
1470 730 1524 783 δὲ
1552 730 1687 781 κατὰ
1725 729 1784 780 τὸ

230 812 540 879 νοούμενον.
578 814 822 883 Ἀφορῶν
855 816 960 883 γὰρ
996 818 1074 877 είς
1097 817 1189 868 τὸν
1219 819 1318 885 τῆς
1358 819 1592 879 πίστεως
1617 820 1785 886 ἀρχη-

228 901 327 965 γδν
354 902 447 952 καὶ
467 902 752 971 τελειωτὴν
790 903 991 969 Ἰησοῦν
1014 906 1246 972 Χριστὸν
1271 906 1360 959 τὸν
1389 906 1635 974 ἀληθινὸν
1654 906 1785 957 Θεὸν

230 988 407 1055 ἡμῶν,
439 989 871 1058 sesumam;
891 992 978 1043 δια
1005 992 1210 1045 τούτων
1235 995 1417 1055 αὐτοῖς
1453 996 1545 1047 καὶ
1572 995 1667 1063 τὴν
1692 992 1786 1045 τοῦ

230 1078 390 1139 ἁγίου
429 1078 737 1145 Πνεῦματος
777 1080 1141 1149 ἐπιφοίτησιν.

228 1168 532 1232 Christum,
590 1185 777 1223 verum
834 1172 985 1225 illum
1059 1174 1227 1229 Deum
1298 1186 1582 1241 nostrum;
1636 1179 1780 1232 velut

230 1255 474 1325 Spiritus
535 1270 763 1315 sanctus
795 1278 958 1330 super
1005 1279 1100 1318 eos
1132 1268 1333 1320 veniat.

298 1346 483 1401 Ταῦτα
520 1350 679 1417 ἡμεῖς
711 1353 784 1413 ὡς
811 1354 1184 1421 ἀρχιτέκτονες
1213 1358 1468 1425 γέροντες
1497 1358 1781 1425 γεγράφα-

229 1438 331 1503 μέν
363 1455 466 1501 σοι,
492 1440 792 1506 σοφώτατε,
829 1442 921 1494 καὶ
952 1444 1308 1513 ὑπεδείξαμεν
1363 1462 1445 1498 σοι
1492 1447 1785 1513 ἀπολογίας

228 1530 501 1597 θεμέλιον.
530 1532 601 1583 Σὺ
633 1532 689 1584 δὲ
722 1532 796 1595 ὡς
824 1532 979 1595 ἄλλος
1012 1536 1297 1605 Βεσελεὴλ,
1334 1539 1785 1607 ἐποικοδομήσας

224 1621 287 1671 τὸ
309 1620 527 1685 ἀληθές.
552 1622 814 1690 Θεμέλιον
836 1624 943 1693 γὰρ
972 1625 1128 1678 ἄλλον
1156 1627 1350 1691 οὐδεὶς,
1379 1628 1534 1697 φησὶ,
1561 1628 1784 1681 δύναται

226 1707 404 1761 θεῖναι
436 1712 586 1779 παρὰ
630 1713 720 1763 τὸν
772 1714 1039 1782 κείμενον,
1112 1718 1320 1785 Ἰησοῦν
1371 1720 1625 1789 Χριστὸν,
1660 1715 1704 1787 ᾧ
1752 1724 1785 1792 ἡ

222 1797 353 1863 δόξα
385 1801 477 1850 καὶ
514 1801 575 1853 τδ
602 1802 799 1871 κράτος
831 1805 911 1866 είς
942 1805 1070 1868 τοὺς
1113 1807 1333 1870 αίῶνας.
1381 1812 1573 1881 Ἀμήν.

778 2004 913 2059 ΤΟΥ
969 2010 1201 2063 ΑΥΤΟΥ

220 2112 479 2177 Μελέτη.
523 2113 695 2187 χάριν
744 2115 853 2181 τῆς
910 2120 1001 2187 εἰς
1050 2120 1192 2184 τοὺς
1234 2122 1431 2185 θείους
1458 2123 1641 2187 ναοὺς
1667 2123 1785 2177 τῶν

294 2185 709 2261 μοναστηρίιυγ
800 2186 1117 2261 γιῖομένης
1192 2185 1632 2257 μετακλήσεως.
1686 2192 1784 2245 διὰ

296 2252 717 2316 σημοντηρίων
752 2252 945 2319 τριῶν.

298 2338 518 2391 Βλέπων
548 2342 943 2409 ἀπειροκάλους
990 2345 1163 2406 τινὰς,
1196 2347 1290 2398 καὶ
1329 2349 1463 2417 πρὸς
1496 2351 1660 2417 μηδὲν
1691 2354 1781 2404 εὑ-

229 2428 551 2497 καιροῦντας
581 2433 875 2499 ἐπωφελὶς,
909 2433 1022 2485 ἀλλ’
1051 2435 1083 2503 ἢ
1120 2435 1297 2502 λέγειν
1328 2454 1380 2489 τι
1429 2443 1521 2491 καὶ
1565 2440 1785 2493 ἀκούειν

224 2519 558 2587 καινότερον,
613 2522 847 2587 ματαίαν
885 2523 1290 2586 ἀποκαλοῦντας
1348 2528 1439 2578 καὶ
1495 2530 1785 2582 σκανδαλο-

223 2609 381 2661 ποιὸν
409 2611 506 2678 τὴν
556 2611 640 2662 διὰ
692 2613 1073 2680 σημαντηρίων
1104 2616 1270 2681 τριῶν
1328 2618 1406 2678 είς
1454 2621 1577 2680 τοὺς
1625 2622 1782 2681 ναοὺς

224 2702 519 2770 γινομένην
550 2702 656 2753 τῶν
682 2703 1023 2771 μοναζόντων
1085 2707 1439 2774 μετάκλησιν,
1478 2710 1638 2777 χάριν
1684 2710 1784 2778 τῆς

222 2790 337 2841 τῶν
360 2790 516 2842 Θείων
533 2792 846 2859 δοξολογιῶν
873 2796 1206 2864 ἀκροάσεωςο
1228 2797 1451 2867 (Ἤρκει
1474 2801 1603 2866 γὰρ,
1630 2804 1781 2868 φησι,

221 2877 292 2928 δι’
348 2879 464 2939 ἑνὸς
526 2880 721 2940 αὐτοὺς
770 2883 1241 2947 μεταστέλλεσθαι,
1276 2886 1369 2936 καὶ
1429 2888 1505 2955 μὴ
1543 2889 1784 2954 γίνεσθαι

224 2969 368 3018 κατὰ
401 2969 506 3019 τῶν
532 2970 700 3035 ἁγίων
745 2971 1079 3041 Ἐκκλησιῶν
1102 2975 1195 3025 τοῦ
1234 2975 1367 3029 Θεοῦ
1409 2980 1785 3048 μυκτηρισμδν

227 3062 324 3110 καὶ
354 3062 656 3129 χλευασμὸν
682 3064 829 3131 παρὰ
856 3065 961 3115 τῶν
995 3067 1343 3119 κυκλούντων
1383 3071 1527 3137 ἡμᾶς
1551 3071 1785 3136 ἀσεϐῶν,

228 3152 518 3200 κάντεῦθεν
549 3153 641 3203 καὶ
660 3153 971 3221 παραδολὴν
992 3156 1046 3205 ὲν
1072 3159 1182 3216 τοῖς
1210 3158 1405 3222 ἔθνεσι,
1440 3160 1571 3227 μηδὲ
1591 3161 1789 3229 θριαμ-

1888 635 2322 704 peregriuatione
2373 632 2591 685 domum
2680 632 2875 685 illaesos
2932 632 3240 694 redeuntes.
3289 634 3437 687 lteta-

1889 727 2107 779 bundus
2138 738 2233 777 eos
2292 738 2414 776 cum
2446 722 2634 773 osculo
2669 730 2857 773 sancto
2893 721 3112 783 salutat,
3151 729 3203 775 et
3233 722 3435 791 apertis

1894 816 2173 869 thesauris
2202 811 2598 867 benedictionis
2633 825 2766 873 sua,
2794 810 3133 862 numismatis
3164 824 3257 863 eos
3290 812 3438 863 exci-

1890 908 1986 973 pit,
2024 905 2234 970 exiguis
2284 902 2498 970 quidem
2531 902 2638 955 illis
2670 901 2724 952 in
2777 900 3045 967 speciem;
3098 900 3192 955 sed
3220 901 3429 969 magnis

1892 996 2013 1064 ejus
2044 996 2282 1055 ratione,
2324 992 2469 1061 quod
2502 988 2843 1058 intelligitur.
2892 990 3099 1058 Quippe
3146 990 3441 1059 respiciens

1893 1086 1947 1137 in
2020 1093 2299 1135 auctorem
2381 1090 2434 1134 et
2498 1086 2992 1133 consunzmaturem
3054 1080 3199 1139 ﬁdei.
3258 1080 3442 1136 Jesum

1869 1178 2031 1231 arrha
2082 1179 2206 1231 data
2260 1189 2356 1244 per
2406 1174 2519 1227 hac
2570 1174 2650 1227 eis
2720 1172 3006 1241 pollicetur
3068 1172 3331 1238 futurum,
3386 1177 3447 1229 ut

1964 1354 2213 1410 Hzcnos
2267 1356 2431 1408 veluti
2486 1354 2859 1422 provectiores
2892 1351 3178 1407 architecti
3224 1351 3448 1421 scripsi-

1892 1461 2012 1499 mus
2039 1446 2157 1509 tibi,
2191 1446 2273 1499 vir
2303 1445 2689 1507 eruditissime,
2728 1459 2791 1499 ac
2846 1444 3257 1497 fundamentum
3291 1444 3451 1497 satis-

1894 1536 2150 1591 factionis
2189 1537 2343 1605 quasi
2380 1536 2549 1604 digito
2579 1536 3154 1589 commonstravimus.
3184 1532 3263 1586 Tu
3302 1535 3448 1586 velut

1893 1624 2028 1678 alter
2062 1625 2326 1689 Beseleel,
2360 1640 2548 1678 verum
2581 1636 2951 1693 superstrues.
2991 1622 3203 1689 Quippe
3247 1621 3445 1674 funda-

1894 1723 2135 1769 mentum
2166 1715 2335 1778 aliud,
2370 1723 2428 1767 ut
2455 1716 2544 1767 ille
2573 1715 2772 1781 inquit,
2808 1728 2965 1766 nemo
3028 1726 3229 1781 ponere
3277 1718 3449 1779 potest

1891 1816 2086 1877 prater
2112 1806 2187 1866 id,
2213 1805 2355 1873 quod
2386 1805 2627 1872 positum
2661 1812 2765 1866 est,
2788 1802 2973 1857 Jesum
3008 1804 3213 1856 scilicet
3257 1802 3448 1854 Chris-

1890 1905 2005 1951 tum
2029 1934 2043 1960 ,
2077 1895 2168 1949 cui
2199 1895 2369 1965 gloria
2396 1901 2451 1947 et
2482 1893 2766 1961 imperium
2802 1894 2853 1945 in
2882 1894 3312 1947 saecula.,Amen.

2519 2003 2829 2059 EIUSDEM

1954 2118 2293 2182 Hedilatum,
2341 2116 2404 2170 de
2435 2118 2821 2176 convocatinne.
2857 2132 2970 2183 qua
3035 2115 3099 2180 ﬁt
3149 2119 3218 2167 ad
3267 2127 3446 2167 sacras

2161 2187 2593 2239 monasteriorum
2624 2186 3002 2252 a'des,pertria
3032 2185 3199 2250 signa.

1952 2342 2225 2408 Quoniam
2255 2340 2412 2395 video
2442 2341 2706 2407 quosdam
2738 2338 3041 2406 imperitos.
3067 2347 3117 2390 et
3146 2338 3358 2391 nullam
3382 2341 3444 2391 ad

1884 2448 2000 2487 rem
2040 2433 2231 2486 utilem
2271 2432 2517 2492 idoneos,
2547 2444 2709 2497 quam
2752 2436 2812 2480 ut
2862 2427 3064 2496 aliquid
3120 2428 3240 2481 novi
3265 2428 3449 2482 dicant

1891 2532 1941 2575 et
1968 2523 2192 2575 audiant
2224 2522 2445 2576 stultam
2483 2536 2546 2573 ac
2580 2517 2820 2574 scandali
2847 2518 3055 2586 plenam
3092 2532 3286 2571 vocare
3318 2532 3445 2571 con-

1886 2614 2229 2665 vocationem
2296 2611 2684 2664 monachorum
2742 2608 2806 2659 ad
2874 2622 3062 2660 sacras
3113 2606 3275 2672 aedes,
3330 2622 3447 2675 qua:

1884 2701 2059 2755 trilius
2118 2701 2174 2753 ﬁt
2236 2701 2429 2767 sign’s,
2482 2698 2871 2751 celebrationes
2925 2697 3137 2749 divinas
3193 2698 3446 2751 audiendi

1884 2806 2050 2845 causa
2104 2789 2630 2858 (Suﬂlciebatenim,
2693 2787 2976 2854 inquiunt,
3039 2802 3148 2839 uno
3189 2786 3449 2840 duntaxat

1891 2895 1985 2934 eos
2018 2881 2177 2949 signo
2239 2877 2579 2947 congregari,
2638 2891 2738 2929 nec
2790 2876 3014 2944 praeberi
3072 2891 3289 2930 causam
3322 2879 3449 2929 sub-

1889 2964 2157 3025 sannandi
2181 2977 2235 3023 et
2263 2967 2524 3021 irridendi
2552 2954 2887 3021 sanctas'Dei
2919 2964 3189 3020 Ecclesias
3218 2968 3450 3019 circum-

1890 3062 2149 3115 dantibus
2201 3074 2301 3112 nos
2337 3057 2540 3125 impiis,
2588 3064 2645 3109 ut
2674 3055 2931 3125 parobola
2966 3056 3091 3109 ﬁant
3121 3055 3259 3110 inter
3288 3072 3421 3124 paga

1894 3165 2017 3213 nos,
2088 3164 2187 3204 nec
2223 3157 2422 3203 statum
2474 3147 2835 3200 monasticum
2868 3148 3011 3198 velut
3075 3148 3127 3198 in
3181 3147 3450 3211 lrilttttplm

227 3240 479 3331 ξευεσθαι
515 3242 574 3292 τὸ
638 3244 949 3314 μοναχικδν,
1002 3246 1077 3307 ὡς
1106 3247 1265 3314 δῆθεν
1306 3252 1383 3311 είς
1418 3250 1544 3316 μίαν
1596 3250 1783 3302 sum-
1814 3275 1856 3331 ο

1782 3282 1783 3289 η
1814 3275 1856 3331 c
1892 3242 2248 3309 spectandum
2279 3238 2548 3297 exhiberi,
2580 3239 2739 3305 quasi
2778 3237 2840 3288 ad
2877 3250 3035 3288 unam
3064 3236 3446 3287 commonitio-

228 3328 348 3378 λιὰν
386 3331 457 3396 μὴ
503 3331 904 3399 εὐσυνθετοῦψ)
942 3337 1189 3402 παριστῶ
1234 3338 1322 3391 διὰ
1368 3339 1467 3406 τῆς
1508 3343 1785 3409 παρούσης

229 3434 331 3483 μου
363 3422 598 3485 γραφῆς,
640 3422 715 3481 ὡς
749 3422 870 3473 οὔτε
902 3424 987 3474 διὰ
1013 3426 1109 3485 τὰς
1152 3426 1459 3493 φληναφίας
1517 3430 1625 3480 τῶν
1656 3432 1785 3481 das-

226 3506 359 3566 δῶν,
386 3508 508 3559 οὗτε
528 3510 613 3560 διὰ
631 3511 728 3571 τὰς
750 3512 1032 3573 δυσκολίας
1054 3513 1161 3564 τῶν
1190 3518 1467 3580 μοναστῶν
1491 3520 1781 3587 ἐπενοήθη,

222 3598 312 3648 διὰ
340 3600 721 3666 σημαντηρίων
749 3601 913 3669 τριῶν
936 3602 1031 3664 τὰς
1066 3602 1219 3665 θείας
1252 3604 1557 3670 δοξολογίας
1589 3609 1784 3676 ἐπικη-

226 3687 520 3757 ρύττεσθαι
550 3706 561 3717 ·
597 3688 732 3742 ἀλλὰ
772 3690 859 3743 διὰ
914 3691 1068 3758 λόγον
1099 3693 1595 3761 ἁρχαιοπαοάδοτον
1622 3715 1779 3752 σπου-

224 3777 525 3829 δαιότατον.

297 3949 418 4001 Τῶν
448 3949 556 4019 γὰρ
588 3949 671 4001 ἐπ’
718 3950 1043 4019 Ἐκκλησίας
1071 3954 1667 4028 γινομένωνήμερινῶν
1690 3969 1785 4015 καὶ

224 4040 555 4105 νυκτερινῶν
591 4040 925 4106 δοξολογιῶν,
959 4044 1095 4093 κατᾶ
1121 4044 1180 4094 τὸ
1202 4044 1293 4095 τοῦ
1315 4049 1591 4116 προφήτου
1624 4053 1786 4105 Δασιδ

226 4126 607 4193 Θεσπιῶδημα,
640 4129 698 4177 τὸ
733 4128 886 4188 λέγον
919 4142 932 4155 '
980 4128 1065 4179 Ἐν
1108 4130 1333 4201 ἑσπέρᾳ,
1366 4136 1456 4186 καὶ
1506 4139 1668 4205 πρωῒ,
1693 4142 1785 4192 καὶ

227 4216 546 4285 μεσημϐρίᾳ
596 4217 944 4284 διηγήσομαι,
999 4218 1093 4269 καὶ
1156 4222 1470 4287 ἀπαγγελῶ,
1524 4228 1617 4277 καὶ
1671 4231 1783 4280 εἰσ-

222 4304 515 4359 ωούσεται
541 4306 639 4370 τῆς
667 4306 845 4371 φωνῆς
875 4324 973 4373 μου
996 4310 1021 4357 ὁ
1045 4309 1268 4374 Κύριος
1292 4312 1398 4362 ἀπὸ
1420 4314 1523 4364 τῶν
1544 4316 1634 4367 δύο
1664 4335 1784 4369 συν-

220 4394 559 4461 τελουμένων
580 4396 881 4462 Διαθηκῶν,
914 4397 1019 4447 ἀπὸ
1053 4401 1146 4465 τῆς
1172 4400 1313 4463 Νέας
1343 4402 1537 4473 δηλαδὴ
1572 4408 1664 4457 καὶ
1688 4409 1784 4476 τῆς

224 4483 490 4545 [Ιαλαιᾶς,
524 4484 663 4534 κατὰ
704 4483 809 4533 τῶν
839 4484 1011 4548 ἁγίων
1054 4486 1146 4536 καὶ
1203 4486 1474 4557 θεοφόρων
1528 4494 1783 4563 Πατέρων

1893 3344 2017 3382 nem
2053 3343 2112 3382 se
2154 3337 2303 3380 recte
2330 3340 2435 3379 non
2464 3323 2799 3391 componat);
2831 3324 3076 3389 equidem
3118 3322 3216 3373 hoc
3247 3322 3449 3388 scripto

1891 3418 2277 3488 probabo,nec
2313 3428 2527 3483 propter
2581 3415 2701 3466 illas
2748 3412 3037 3478 inpiorum
3095 3424 3288 3478 nugas,
3349 3424 3448 3461 nec

1889 3516 2121 3576 pr0pler
2210 3506 2603 3557 monachorum
2666 3500 3014 3553 morositates
3088 3500 3448 3567 excogitatum

1886 3611 2028 3659 esse,
2060 3602 2119 3647 ut
2170 3594 2345 3646 tribus
2376 3592 2544 3660 signis
2573 3589 2995 3658 gloriﬁcationcs
3026 3588 3222 3641 divina:
3240 3590 3450 3642 denun-

1888 3686 2139 3739 ticntur:
2209 3681 2302 3735 sed
2372 3689 2591 3749 propter
2623 3680 2805 3746 magni
2862 3678 3119 3731 momenti
3187 3678 3447 3731 rationem

1896 3771 2215 3843 quamdam,
2252 3771 2319 3825 ab
2344 3770 2585 3840 antiquis
2648 3768 2861 3824 seculis
2896 3783 2993 3837 per
3044 3782 3237 3822 manus
3277 3767 3447 3820 tradi-

1888 3873 1997 3917 tam
2010 3902 2024 3917 .

1956 3953 2166 4022 Quippe
2190 3968 2311 4007 cum
2356 3951 2446 4005 Del
2494 3951 2911 4015 celebrationes,
2943 3965 3065 4018 quae
3102 3949 3335 4003 interdiu
3386 3958 3440 4000 et

1890 4052 2052 4097 noctu
2093 4046 2227 4096 liunt
2278 4044 2331 4096 in
2380 4042 2641 4105 Ecclesia,
2688 4044 2857 4108 juxta
2896 4039 3111 4091 Daviilis
3170 4038 3446 4104 propheta:

1887 4134 2195 4196 oraculum,
2228 4132 2386 4197 cujus
2424 4130 2583 4181 verba
2627 4138 2792 4181 sunt:
2829 4126 3072 4194 Vesperi,
3107 4136 3159 4178 et
3195 4140 3369 4189 mane,
3397 4134 3449 4176 et

1888 4224 1941 4277 in
2015 4224 2237 4275 meridie
2315 4220 2567 4279 narrabo,
2637 4227 2690 4272 et
2752 4217 3092 4274 renuntiabo.
3157 4232 3451 4284 vocemque

1888 4327 2060 4365 meam
2104 4311 2367 4362 Dominus
2410 4308 2592 4361 audiet
2627 4329 2636 4361 :
2671 4322 2795 4359 cum
2850 4309 3013 4375 igitur
3052 4307 3132 4359 hac
3170 4306 3452 4372 perﬁcian-

1889 4410 1974 4451 tur
2005 4416 2068 4453 ex
2094 4400 2306 4452 duobus
2334 4398 2721 4459 Testamentis,
2749 4395 2895 4448 Novo
2922 4397 3127 4448 scilicet
3155 4411 3214 4447 ac
3249 4394 3448 4456 Veteri,

1882 4490 2033 4555 juxta
2090 4498 2405 4540 sanctorum
2460 4495 2513 4540 et
2563 4486 2821 4539 divinitus
2873 4484 3171 4538 amatorum
3228 4483 3447 4535 Patrum

224 4572 547 4639 παράδοσιν,
580 4571 786 4640 ὡρίσθη
808 4573 911 4639 πρὸ
946 4575 1163 4625 πάντων
1194 4576 1508 4640 δοξάζεσθαι
1532 4583 1621 4633 τὸν
1654 4585 1782 4634 Θεὸν
1813 4580 1861 4639 D
1887 4592 1888 4598 ‘

1813 4580 1861 4639 υ
1887 4576 2230 4641 traditionem
2267 4595 2279 4628 :
2315 4584 2439 4629 ante
2462 4576 2639 4627 omnia
2670 4575 2935 4627 sancitum
2966 4581 3047 4626 est
3096 4584 3147 4624 ut
3180 4573 3446 4640 gloriﬁce-

222 4664 334 4715 ἀπὸ
360 4662 457 4727 τῆς
476 4662 621 4722 Θείας
644 4664 895 4729 κιννύρας
925 4664 1013 4714 τοῦ
1037 4664 1360 4733 θεοπὰτορος
1385 4667 1637 4737 (“Λνοίξω
1657 4674 1783 4743 γὰρ,

223 4753 413 4820 φησὶν,
452 4751 508 4801 ὲν
528 4751 806 4818 ψαλτηρίῳ
838 4753 895 4802 τὸ
921 4754 1213 4822 πρόϐλημά
1248 4758 1371 4827 μου)
1396 4760 1488 4808 καὶ
1525 4761 1661 4827 μετὰ
1692 4764 1785 4832 τὴν

220 4841 415 4891 τούτου
445 4839 758 4901 ἀνάπτυξιν,
782 4842 871 4891 τὸν
915 4841 1055 4893 θεῖον
1090 4843 1395 4910 μελισσῶνα
1426 4846 1524 4913 τῆς
1563 4850 1787 4919 Ἐκκλη-

222 4932 347 4991 aia;
372 4930 810 4994 ἐξαγωνίζεσθαι.
839 4930 921 4981 διὰ
945 4934 1139 4997 κηρίου
1170 4933 1530 4987 διδασκαλιῶν
1561 4939 1786 5005 εὐαγγε-

219 5020 411 5081 λικῶν,
437 5020 529 5070 τοῦ
553 5021 773 5087 κέντρου
802 5020 1119 5085 φωτίζοντος
1140 5022 1237 5089 τὴν
1259 5026 1627 5090 σκοτόμαιναν
1649 5046 1659 5056 ·
1697 5029 1782 5080 διὰ

226 5109 444 5179 μέλιτος
460 5110 683 5174 γραφῶν
696 5110 1084 5173 ἀποστολικῶν,
1102 5111 1478 5176 γλυκαίνοντος
1493 5115 1589 5181 τῆς
1606 5118 1781 5167 οἰκου-

225 5202 393 5271 μένης
422 5201 486 5249 τὰ
509 5200 720 5267 πέρατα
747 5215 759 5226 ⁸
797 5202 887 5251 καὶ
922 5202 1007 5253 διὰ
1044 5204 1393 5271 μαρτυρικῶν
1427 5208 1777 5275 ἀφηγήσεων,

226 5290 643 5359 μεγαλυνουσῶν
675 5290 763 5341 τὸν
783 5292 1042 5360 ἕνσαρκον
1065 5294 1371 5361 οἰκονομίαν
1415 5295 1507 5347 τοῦ
1546 5299 1778 5365 Χριστοῦ

222 5382 319 5433 καὶ
360 5380 491 5431 Θεοῦ
528 5380 703 5448 ἡμῶν.
740 5383 827 5434 Διὸ
868 5384 961 5433 καὶ
995 5388 1152 5451 χάριν
1184 5386 1281 5452 μὲν
1321 5388 1429 5438 τῶν
1541 5389 1772 5456 ψαλμῶν

218 5470 317 5525 τοῦ
344 5470 685 5538 θεοπάτορος,
717 5471 810 5521 καὶ
864 5472 1084 5535 λοιπῶν,
1120 5475 1227 5524 τῶν
1262 5476 1318 5525 ὲν
1350 5480 1411 5543 τῇ
1438 5478 1658 5545 ὀρθρινῇ
1693 5482 1773 5529 δο-

222 5558 440 5627 ξολογίᾳ
486 5560 587 5627 πρὸ
616 5561 708 5611 τοῦ
740 5562 1083 5627 ἁγιοπολίτου
1116 5563 1465 5630 ψαλλομένων
1494 5568 1773 5629 έκαστοτε,

219 5648 446 5707 animi;
476 5648 824 5715 ψαλλομένων
858 5650 1100 5717 συνήθως
1152 5654 1208 5703 ὲν
1259 5657 1375 5714 ταῖς
1422 5655 1589 5715 θείαις
1640 5657 1776 5722 ίερο-

222 5740 516 5789 τελεττέαι·
573 5743 662 5790 καὶ
720 5741 834 5801 ταῖς
878 5743 1189 5809 ὲσπεριναϊς
1260 5748 1604 5812 προσευχαῖς,
1674 5746 1776 5815 πρὸ

1889 4674 1979 4718 tur
2010 4665 2149 4718 Deus
2182 4680 2276 4733 per
2324 4680 2533 4718 sacram
2583 4664 2799 4717 Davidis
2848 4666 3134 4725 citharam,
3176 4665 3447 4728 (Aperiaui

1889 4757 2056 4819 enim,
2102 4756 2298 4819 inquit,
2337 4755 2389 4806 in
2455 4756 2709 4821 psalterio
2748 4755 3097 4821 quaestionem
3157 4753 3352 4819 meam)
3401 4762 3449 4805 (τι

1892 4854 2010 4914 post
2047 4847 2462 4914 explicationem
2505 4845 2645 4911 ejus,
2699 4854 2755 4895 ut
2808 4860 3020 4897 sacrum
3069 4858 3291 4897 exauzen
3348 4843 3451 4895 Ec-

1888 4936 2069 4989 clesia:
2100 4946 2271 4988 semet
2297 4944 2547 4987 exerceat
2577 4948 2670 5001 per
2699 4935 3133 5000 evangeliearuiu
3164 4932 3447 4985 doctrina-

1892 5042 2009 5078 rum
2091 5025 2314 5087 fat'iim,
2400 5026 2623 5079 stimulo
2695 5024 2978 5092 caliginem
3065 5024 3448 5086 illuminanle;

1888 5134 2091 5187 perque
2125 5120 2227 5171 mel
2262 5120 2683 5186 apostolicorum
2714 5120 3062 5185 scriptorum,
3096 5116 3237 5183 quod
3265 5116 3447 5167 dulcem

1888 5212 2067 5262 dinem
2106 5211 2303 5263 ﬁnibus
2355 5210 2509 5263 orbis
2552 5221 2815 5262 terrarum
2850 5207 3042 5269 olTert;
3079 5220 3138 5258 ac
3192 5221 3283 5274 per
3322 5220 3444 5255 nar.

1890 5300 2130 5352 rationes
2178 5300 2409 5365 denique
2455 5298 2519 5349 de
2570 5298 2896 5365 martyribus
2931 5311 3050 5363 qua:
3100 5294 3432 5345 administra-

1888 5392 2087 5456 tigneui
2141 5390 2194 5441 in
2227 5404 2390 5441 carne
2419 5390 2619 5442 Christi
2662 5388 2864 5455 Deique
2894 5386 3063 5438 nostri
3097 5383 3436 5451 ainpliﬁcant.

1889 5478 2121 5544 Ideoque
2195 5486 2414 5545 propter
2471 5494 2558 5529 sex
2617 5476 2735 5529 illus
2800 5475 3019 5527 Davidis
3081 5475 3337 5540 psalmos,
3394 5481 3446 5523 et

1885 5569 2147 5636 reliquos,
2210 5571 2301 5636 qui
2358 5570 2579 5621 assidue
2631 5569 2683 5619 in
2741 5565 3127 5633 gloriﬁeutione
3186 5564 3445 5617 matutina

1882 5667 2150 5709 canuntur
2198 5668 2323 5709 ante
2378 5656 2801 5724 hagiopolitam;
2855 5663 2907 5705 et
2946 5661 3165 5719 propter
3194 5666 3311 5712 eos,
3352 5653 3443 5716 qui

1884 5762 1981 5813 pro
2013 5762 2157 5801 more
2214 5756 2501 5809 canuntur,
2549 5762 2668 5798 cum
2705 5760 2790 5796 res
2836 5743 3015 5794 divina
3057 5746 3342 5813 peragitur,
3393 5753 3443 5791 ιιι
