4214 6450
254 421 389 483 1085

1302 429 1619 491 CONSTIT
1680 434 1978 494 ECCLES.
2007 437 2439 503 COLLEC’l‘lO.

3361 453 3497 517 1085

241 546 335 582 τιν
363 529 647 599 ὁμοούσιον
682 530 794 584 (sev
834 532 909 601 τῷ
941 534 1112 601 Πιτρὶ
1138 536 1278 588 κατὰ
1313 538 1409 607 τὴν
1439 539 1691 608 θεότητα,
1728 543 1807 594 κα¹

1927 543 2091 597 Mar’a
2146 546 2371 613 Deipara
2426 548 2721 615 iullciatur,
2770 553 2872 608 hoc
2925 564 3029 620 est,
3062 556 3234 627 ipsam
3284 561 3513 617 salutem

231 621 523 688 ἑμοούσιον
573 623 704 691 ἡμῖν
739 625 831 677 τὸν
867 628 1027 677 αὐτὸν
1082 630 1220 681 κατὰ
1267 632 1361 699 τὴν
1397 633 1815 701 ἁνθρωπότητα.

232 712 340 767 Τὸν
366 714 527 767 αὑτὸν
570 714 627 768 δέ
648 716 847 785 τρόπον
873 718 967 768 καὶ
1007 718 1417 789 Ἀπολλινάριον
1438 723 1529 775 τὸν
1550 723 1819 793 ψυχοφθό-

233 821 352 873 ρον,
398 804 492 857 τὸν
542 806 705 858 ἁνουν
750 807 976 873 λέγοντα
1023 810 1114 859 τὸν
1160 809 1361 878 Κύριον
1402 813 1557 881 ἡμῶν
1618 814 1822 884 Ἰησοῦν

232 897 492 965 Χριστὸν,
547 898 638 950 τὸν
684 899 809 950 Υἱὸν
860 900 953 951 τοῦ
1004 900 1137 953 Θεοῦ
1185 902 1279 953 καὶ
1323 903 1455 957 Θεὸν
1496 906 1685 973 ἡμῶν·
1732 910 1825 961 καὶ

235 990 503 1059 σύγχυσιν
544 991 661 1059 ἢτοι
710 993 924 1060 φυρμὸν
959 994 1249 1060 εἰσάγοντα
1303 997 1367 1063 τῇ
1412 997 1825 1067 ἐνανθρωπήσει

233 1082 334 1133 τοῦ
375 1081 696 1149 μονογενοῦς
727 1082 851 1134 Υἱοῦ
890 1082 983 1134 τοῦ
1019 1083 1175 1138 Θεοῦ.
1215 1086 1324 1137 Καὶ
1361 1086 1569 1150 πάντας
1599 1090 1724 1149 τοὺς
1756 1091 1825 1141 τά

233 1171 381 1222 αὑτὰ
415 1172 791 1239 φρονήσαντας
822 1172 853 1242 ἢ
884 1174 1238 1242 φρονοῦντας.
1268 1178 1329 1229 El
1364 1177 1471 1247 γάρ
1499 1196 1642 1240 τινες
1680 1182 1818 1248 μετὰ

233 1262 443 1330 ταύτην
478 1263 574 1315 καὶ⁸
601 1265 757 1333 ἡμῶν
787 1266 1191 1334 προαγόρευσιν
1228 1269 1322 1319 καὶ
1351 1269 1445 1337 τὴν
1483 1273 1622 1321 κατὰ
1654 1271 1822 1326 τόπον

234 1353 670 1421 Θεοςιλεστὰτων
703 1356 859 1425 ήμῶν
897 1360 1216 1413 ἐπισκόπων
1251 1363 1626 1430 πληροφορίαν
1657 1363 1819 1430 εὑρε-

230 1446 368 1498 οῶσι
402 1446 494 1499 τοῦ
523 1448 713 1500 λοιποῦ
750 1448 974 1519 γνώμης
1000 1452 1233 1504 ἐναντίοι
1267 1454 1441 1512 ὄντες,
1473 1453 1549 1521 μὴ
1588 1455 1815 1519 προσδο-

235 1535 453 1604 κήσωσι
493 1537 825 1608 συγγνώμης
852 1541 1170 1609 ἀξιωθῆναι.
1209 1542 1524 1610 Κελεύομεν
1556 1545 1664 1612 γὰρ
1690 1546 1816 1603 τοὺς

230 1628 510 1692 τοιούτους
540 1629 1008 1701 ὁμολογουμένους
1040 1635 1351 1705 αἱρετικοῦς
1380 1636 1457 1704 τῷ
1489 1638 1819 1706 πρῖησήκοντι

234 1717 650 1774 ὑποϐάλλεσοαι
691 1724 1081 1791 σωφρονισμῷ.

225 1824 289 1867 ut
343 1816 557 1869 veniam
600 1818 909 1887 impetrent.
944 1817 1204 1874 Jubemus
1250 1820 1397 1875 enim
1454 1822 1613 1886 tales,
1651 1823 1812 1879 veluti
1855 1826 2137 1884 confessos
2207 1830 2536 1897 hereticos,
2620 1836 3074 1889 animadversioui

224 1909 443 1977 subjici.

315 2006 547 2074 Ὁμοίως
580 2009 675 2061 καὶ
713 2009 827 2078 ἔχει
862 2010 919 2062 τὸ
955 2012 1118 2079 ῥητὸν
1155 2012 1352 2076 οὓτως.

328 2098 391 2154 Ὀ
419 2101 604 2166 αὐτὸς
625 2101 927 2169 ,βασιλεὺς
955 2108 1719 2174 Κωνσταντινουπολίταις.

300 2193 408 2245 Τὸν
467 2194 694 2264 Σωτῆρα
756 2198 851 2249 καὶ
902 2200 1182 2268 Δεσπότην
1233 2202 1339 2253 τῶν
1399 2202 1538 2255 ὅλων
1610 2202 1818 2271 Ἰησοῦν

228 2286 488 2356 Χριστὸν,
532 2288 623 2340 τὸν
657 2290 909 2359 ἀληθινὸν
942 2292 1076 2344 Θεὸν
1106 2295 1263 2361 ἡμῶν
1297 2296 1696 2365 Θεραπεύοντες
1729 2298 1818 2351 διὰ

224 2380 444 2431 πάντων
461 2380 862 2449 σπουδάζομεν,
885 2384 1007 2435 ὅσον
1028 2385 1297 2454 ἐνδέχεται
1319 2388 1444 2438 νοῦν
1465 2388 1818 2457 καταλαμϐά-

220 2485 335 2519 νειν
362 2467 718 2536 ἀνθρώπινον,
749 2473 1032 2539 μιμεῖσθαι
1061 2474 1157 2543 τὴν
1182 2474 1346 2527 αὑτοῦ
1374 2478 1809 2543 συγκατάόασιν.

228 2563 347 2615 Καὶ
376 2563 629 2633 εὑρόντες
658 2565 807 2626 τινάς
847 2568 913 2633 τῇ
944 2567 1240 2635 νοσομανίᾳ
1272 2571 1683 2637 κρατουμένους
1706 2571 1815 2625 τῶν

223 2651 444 2705 ἀσεϐῶν
496 2652 792 2721 Νεστορξου
841 2656 934 2706 καὶ
970 2655 1266 2724 Εὐτυχοῦς,
1300 2657 1409 2708 τῶν
1459 2661 1670 2729 ἐχθρῶν
1720 2660 1814 2713 τοῦ

226 2744 369 2796 Θεοῦ
421 2745 517 2797 καὶ
570 2746 670 2813 τῆς
723 2746 885 2812 ἁγίας
946 2746 1243 2815 καθολικῆς
1296 2751 1388 2801 καὶ
1446 2752 1815 2820 ἁποστολικῆς

243 2835 596 2903 Ἐκκλησίας,
627 2836 994 2905 ἀρνουμένους
1020 2840 1119 2905 τὴν
1151 2838 1314 2905 ἁγίαν
1348 2841 1556 2905 ἔνδοξον
1585 2844 1815 2911 ἁειπαρ-

230 2926 386 2977 θένον
416 2927 634 2994 Μαρίαν
661 2927 919 2981 Θεοτόκον
949 2932 1123 2982 εἰπεῖν
1151 2932 1356 2999 κυρίως
1386 2937 1479 2984 καὶ
1508 2942 1646 2986 κατὰ
1679 2936 1814 3003 ἁλή-

225 3018 416 3071 θειαν·
451 3020 801 3089 ἐσπεύσαμεν
824 3022 1044 3086 τούτους
1083 3027 1181 3091 τὴν
1210 3026 1376 3094 ὀρθὴν
1406 3028 1514 3079 τῶν
1545 3029 1813 3097 Χριστια-

223 3106 334 3159 νῶν
361 3106 673 3177 διδαχθῆναι
711 3110 914 3166 πίστιν.
964 3115 1025 3165 Οἱ
1054 3114 1110 3165 δέ
1133 3155 1146 3177 ,
1180 3117 1417 3178 ἀνιάτως
1442 3117 1678 3185 ἔχοντες,
1716 3137 1814 3173 πε-

224 3196 537 3267 ριέρχονται
565 3244 577 3266 ,
607 3202 746 3253 καθὰ
784 3206 1183 3275 μεμαθήκαμεν
1205 3250 1219 3273 ,
1254 3210 1351 3271 τὰς
1377 3211 1487 3263 τῶν
1522 3211 1818 3264 ἁπλουστέ-

223 3304 343 3355 ρων
390 3288 567 3358 ψυχὰς
620 3293 1052 3361 ἐκταράσσον-τές
1098 3314 1157 3350 τε
1208 3302 1303 3351 καὶ
1345 3302 1811 3371 σκανδαλίζοντες,

1930 646 2203 704 nostram;
2239 654 2410 706 neque
2438 645 2729 697 conlitetur
2757 648 3002 701 eumdem
3032 664 3126 716 per
3152 652 3331 704 omnia
3356 652 3501 707 Patri

1932 730 2447 785 consubstantialem
2505 737 2803 802 secundum
2855 738 3215 805 divinitatem,
3261 754 3316 797 et
3356 748 3510 800 nobis

1934 822 2453 877 consubsrantiulem
2501 830 2793 881 secundum
2845 830 3260 889 humanitatem.
3310 836 3508 891 Eodem

1936 912 2095 964 modo
2129 922 2182 964 et
2227 915 2591 980 Apollinarem
2642 919 2835 972 anima}
2875 923 3376 990 extermiuatorem,
3420 928 3509 994 qui

1932 1004 2092 1055 tradit
2145 1004 2425 1059 Dominum
2489 1021 2733 1061 nostrum
2794 1010 2981 1065 Jesum
3034 1014 3352 1080 Christum,
3415 1018 3508 1071 Dei

1932 1093 2150 1159 Filium,
2197 1112 2258 1150 ac
2307 1099 2472 1153 Deum
2523 1113 2785 1164 nostrum,
2842 1115 3021 1159 mente
3056 1123 3279 1174 carere;
3326 1110 3509 1163 confu-

1930 1190 2249 1258 sionemque
2284 1193 2399 1247 sive
2428 1195 2866 1250 commistionem
2898 1200 3192 1253 introducit
3227 1203 3278 1254 in
3332 1205 3514 1270 unige—

1927 1283 2023 1334 niti
2079 1280 2200 1335 Filii
2240 1285 2327 1338 Dei
2380 1286 2849 1342 inlmmauatione.
2910 1288 3202 1345 Universos
3250 1295 3510 1361 denique,

1929 1373 2019 1438 qui
2070 1374 2260 1425 horum
2298 1376 2580 1441 Opinioues
2631 1380 2801 1430 secuti
2845 1390 2990 1441 sunt,
3046 1382 3124 1433 vel
3182 1396 3505 1448 sequuntur.

1927 1459 2133 1529 Quippe
2180 1463 2225 1514 si
2274 1464 2364 1530 qui
2393 1472 2511 1530 post
2543 1466 2678 1519 hanc
2725 1476 2963 1521 nostram
3016 1473 3506 1535 prmnmuitiouem.

1930 1562 1985 1605 et
2038 1553 2570 1623 religiosissimorum
2605 1560 2832 1627 singulis
2866 1562 2916 1612 in
2955 1563 3084 1615 locis
3135 1564 3505 1629 episcoporum

1934 1655 2250 1696 nostrorum
2290 1644 2730 1711 allirmationem,
2779 1652 2972 1717 reperti
3017 1652 3277 1722 deinceps
3312 1654 3510 1708 fuerint

1928 1746 2053 1786 esse
2082 1737 2373 1789 contraria:
2409 1740 2716 1803 sententiae,
2751 1757 2854 1793 non
2893 1753 3205 1809 etspectent
3242 1743 3503 1811 futurum,

3174 1850 3500 1919 competenti

1849 2023 1891 2078 Β
1989 2016 2053 2069 Et
2080 2016 2334 2070 similiter
2365 2032 2425 2070 se
2464 2018 2623 2070 habet
2652 2019 2794 2086 quod
2827 2019 3030 2072 dictum
3063 2030 3149 2073 est
3181 2022 3281 2075 hoc
3321 2023 3501 2078 modo.

2220 2106 2369 2162 Idem
2398 2108 2534 2177 Imp.
2566 2108 3199 2176 Constantinoiiolilanis.

1998 2198 2343 2251 Servatorem
2385 2213 2449 2249 ac
2504 2198 2789 2251 Dominum
2819 2200 2977 2267 hujus
3014 2201 3253 2254 universi
3309 2199 3502 2255 Jesum

1920 2290 2194 2344 Christum
2233 2304 2420 2342 verum
2449 2288 2619 2343 Deum
2646 2300 2889 2344 nostrum
2915 2290 3153 2345 colentes
3185 2307 3277 2357 per
3297 2293 3501 2357 omnia,

1917 2382 2158 2436 Studiose
2217 2384 2408 2436 damus
2449 2396 2704 2448 operam,
2762 2394 3024 2449 quantum
3079 2383 3195 2449 ejus
3258 2386 3494 2437 humana

1919 2484 2071 2523 meus
2119 2470 2335 2537 assequi
2390 2478 2583 2537 potest,
2633 2475 2691 2519 ut
2739 2469 3121 2522 demissionem
3157 2470 3273 2534 ejus
3320 2471 3499 2523 imite-

1920 2576 2063 2613 mur.
2107 2560 2351 2628 Cunupie
2402 2560 2689 2613 nonnullos
2740 2560 3128 2623 invenerimus,
3161 2562 3251 2629 qui
3312 2566 3501 2616 morbo

1916 2666 1979 2704 ac
2006 2650 2187 2704 lurore
2214 2650 2503 2717 impiorqu
2548 2648 2782 2703 Nestorii
2832 2660 2886 2704 et
2939 2650 3218 2720 Eutychis,
3267 2653 3499 2705 hostium

1919 2740 2032 2800 Dei,
2066 2750 2119 2791 et
2150 2752 2354 2793 sanctsc
2389 2739 2671 2792 catholica.-
2703 2753 2864 2805 atque
2888 2740 3195 2808 apostolica:
3219 2740 3498 2803 Ecclesiae,

1916 2830 2267 2884 detinentur:
2303 2830 2603 2881 inliciuntes
2636 2844 2692 2881 se
2718 2839 2959 2881 sanctam
2986 2830 3159 2895 illam,
3184 2831 3497 2899 alar-losum,

1916 2932 2236 2990 perpetuam
2266 2919 2545 2990 Virginem
2581 2920 2827 2984 Mariam,
2864 2922 3081 2989 prOprie
3110 2937 3172 2975 ac
3196 2923 3489 2975 secundum

1915 3015 2201 3067 veritatem
2239 3013 2423 3067 dicere
2474 3012 2798 3080 Deiparam;
2849 3016 2900 3066 id
2959 3029 3179 3081 Operam
3229 3015 3497 3081 dedimus,

1916 3116 1971 3157 ut
2006 3106 2057 3157 hi
2092 3115 2293 3159 rectum
2324 3104 2754 3158 Christianorum
2790 3105 2949 3158 tidem
2980 3106 3355 3160 edocerentur.
3387 3106 3490 3159 Alii

1918 3216 2036 3252 cum
2069 3200 2397 3253 incurabiles
2444 3201 2574 3264 siut,
2626 3215 2868 3254 errorem
2912 3216 3064 3253 suum
3115 3211 3355 3269 tegentes
3389 3198 3497 3254 cir—

1918 3301 2214 3354 cumeunt,
2272 3293 2347 3343 uti
2424 3291 2643 3359 quidem
2711 3294 3039 3360 accepimus,
3106 3294 3492 3356 simpliciorum

218 3380 317 3432 καὶ
353 3382 573 3437 ἐναντία
622 3386 717 3451 τῆς
766 3387 926 3453 ἁγίας
968 3389 1262 3460 καθολικῆς
1312 3394 1405 3445 καὶ
1447 3395 1807 3465 ἀποστολικῇς

1916 3388 2123 3437 animos
2156 3377 2542 3436 conlttrbaules
2563 3394 2613 3435 et
2650 3385 3007 3447 oll'endettles,
3042 3399 3104 3437 uc
3150 3382 3490 3453 prolerentes

237 3474 563 3541 Ἐκκὶησίας
596 3476 865 3545 λέγοντες.
908 3479 1231 3546 Ἀναγκαῖον
1264 3486 1443 3537 τοίνυν
1477 3487 1807 3555 ἐνομίσαμεν

215 3561 524 3615 καταλῦσαι
565 3566 665 3633 μὲν
697 3567 791 3629 τὰς
826 3570 933 3620 τῶν
968 3572 1263 3637 αἱρετικῶν
1294 3572 1669 3641 ψευδολογίας,
1708 3593 1806 3628 σα-

213 3654 443 3722 φηνίσαι
482 3656 539 3706 δὲ
582 3660 747 3710 πᾶσιν
789 3660 936 3720 ὅπως
971 3678 1029 3712 τε
1065 3662 1279 3725 δοξάζει
1312 3665 1343 3732 ἡ
1386 3666 1517 3731 ἁγία
1547 3667 1639 3717 τοῦ
1669 3666 1805 3719 θεοῦ

210 3746 554 3817 ἁποστολικὴ
591 3751 682 3800 καὶ
718 3750 978 3818 καθολικὴ
1026 3752 1320 3821 Ἐκκλησία
1343 3794 1358 3818 ,
1390 3756 1718 3824 κηρύττουσι
1749 3757 1806 3810 δὲ

208 3838 263 3887 οἱ
295 3836 501 3907 ταύτης
539 3840 824 3894 ὁσιώτατοι
866 3843 1065 3913 ἱερεῖς,
1109 3840 1188 3907 οἷς
1223 3848 1317 3896 καὶ
1343 3847 1500 3916 ἡμεῖς
1543 3848 1806 3914 ἑπόμενοι

212 3931 431 4000 φανερὰ
464 3932 811 4002 καθιστῶμεν
840 3936 907 3987 τὰ
932 3937 1060 4005 περὶ
1089 3936 1186 4005 τῆς
1219 3938 1274 3991 ἐν
1308 3940 1445 4006 ἡμῖν
1479 3939 1712 4003 ἐλπίδος,
1745 3940 1805 3993 οὐ

210 4022 552 4084 καινίζοντες
579 4025 784 4088 πίστιν,
826 4026 901 4096 μὴ
929 4029 1164 4093 γένοιτο,
1208 4028 1321 4081 ἀλλ’
1352 4030 1667 4097 ἐλέγχοντες
1706 4032 1806 4102 τὴν

210 4114 418 4182 μανίαν
455 4116 563 4166 τῶν
605 4117 944 4186 φρονούντων
977 4119 1047 4171 τὰ
1081 4121 1187 4172 τῶν
1218 4120 1431 4172 ἀσεϐῶν
1463 4122 1755 4190 αίρετικῶν
1785 4139 1799 4154 ο

208 4209 355 4275 οπερ
384 4207 481 4277 ἥδη
520 4207 613 4260 καὶ
647 4211 705 4261 ἐν
739 4212 1050 4279 προοιμίοις
1077 4215 1173 4281 τῆς
1212 4213 1488 4282 ἡμετέρας
1526 4213 1804 4282 βασιλείας

205 4297 541 4363 πράξαντες,
574 4301 709 4351 πᾶσι
731 4302 1034 4371 κατάδηλον
1064 4304 1425 4372 ἐποιήσαμεν.
1460 4304 1799 4373 Πιστεύομεν

202 4391 320 4459 γάρ
358 4390 436 4452 είς
464 4390 561 4444 ἕνα
586 4391 719 4444 Θεὸν
752 4393 971 4462 Πατέρα
1006 4394 1443 4464 παντοκράτορα,
1476 4398 1569 4448 καὶ
1596 4399 1673 4457 εἰς
1708 4397 1801 4449 ἕνα

208 4482 421 4553 Κύριον
469 4484 677 4551 Ἰησοῦν
709 4486 943 4554 Χριστὸν
974 4485 1065 4537 τὸν
1100 4486 1225 4538 Υἱὸν
1260 4486 1354 4539 τοῦ
1386 4487 1522 4541 Θεοῦ
1554 4528 1568 4552 ,
1602 4491 1697 4541 καὶ
1726 4493 1804 4553 εις

204 4578 368 4641 ἆγον
419 4576 667 4646 Πνευμα,
709 4577 837 4646 μίαν
878 4576 1066 4630 οὐσίαν
1120 4580 1179 4629 ἐν
1232 4581 1410 4647 τρισὶν
1470 4581 1802 4633 ὑποστάσεσι

208 4667 674 4735 προσκυνοῦντες,
708 4668 835 4738 μίαν
866 4671 1115 4741 Θεότητα,
1153 4672 1281 4740 μίαν
1307 4673 1556 4743 δύναμιν,
1592 4676 1797 4744 Τριάδπι

202 4757 516 4825 όμοούσιον.
557 4761 675 4813 Ἐπ’
696 4762 939 4831 ἐσχάτων
959 4762 1013 4813 δὲ
1040 4762 1150 4815 τῶν
1176 4765 1398 4834 ἡμερῶν
1425 4765 1798 4836 ὁμολογοῦμεν

201 4852 302 4901 τὸν
342 4852 547 4922 Κύριον
570 4854 727 4923 ἡμῶν
770 4854 977 4924 Ἰησοῦν
1004 4856 1261 4925 Χριστὸν,
1293 4859 1381 4909 τὸν
1412 4859 1676 4928 μονογενῆ
1708 4860 1797 4912 τὸν

206 4945 343 4997 Υἱὸν
370 4945 462 4998 τοῦ
498 4945 656 5011 Θεοῦ,
693 4947 781 4998 τὸν
817 4950 879 5000 ἐκ
906 4947 1041 4999 Θεοῦ
1073 4948 1331 5018 ἀληθινοῦ
1361 4949 1493 5002 Θεὸν
1520 4950 1796 5019 ἀληθινὸν,

198 5038 301 5089 τὸν
330 5038 433 5107 πρὸ
461 5038 674 5091 αἰώνων
696 5041 789 5091 καὶ
812 5040 1054 5108 ἁχρόνως
1080 5044 1140 5094 ἐκ
1156 5041 1248 5094 τοῦ
1273 5043 1486 5112 Πατρὸς
1510 5042 1800 5112 γεννηθέν-

201 5146 302 5193 τα,
326 5132 418 5181 τὸν
442 5132 715 5183 συναῖδιον
746 5129 824 5201 τῷ
850 5133 1044 5201 Πατρὶ,
1076 5135 1165 5185 τὸν
1199 5134 1256 5199 ἐξ
1278 5132 1339 5185 οὒ
1373 5136 1439 5186 τὰ
1474 5138 1674 5200 πάντα,
1702 5136 1796 5187 καὶ

200 5225 273 5277 it'
295 5215 356 5274 οὗ
372 5223 438 5275 τὰ
463 5224 662 5287 πάντα,
683 5224 1009 5277 κατελθόντα
1032 5230 1093 5278 ἐκ
1117 5227 1223 5279 τῶν
1240 5228 1485 5297 οὐρανῶν
1510 5228 1795 5296 σαρκωθῆ-

201 5335 296 5370 ναι
326 5318 391 5368 ἐκ
422 5316 739 5385 Πνεύματος
775 5318 954 5385 ἁγίου,
990 5321 1085 5373 καὶ
1115 5321 1211 5388 τῆς
1249 5321 1407 5387 ἁγίας
1435 5320 1648 5385 ἐνδόξου
1679 5323 1795 5374 ἀει·

200 5409 482 5477 παρθένου
522 5411 742 5481 Μαρίας
773 5430 785 5443 ’

202 5507 501 5574 ὑπομεῖναι
516 5504 653 5573 ὑπὲρ
672 5505 832 5574 ἡμῶν
853 5508 943 5557 ἐπί
960 5507 1183 5559 Ποντίου
1204 5506 1460 5571 Πιλάτου,
1478 5507 1715 5576 ταφῆναί
1732 5523 1791 5559 τε

201 5600 303 5651 καί
342 5600 639 5667 ἀναστῆναι
679 5602 742 5668 τῇ
775 5600 935 5670 τρίτῃ
974 5600 1180 5669 ἡμέρᾳ,
1218 5600 1333 5662 ἐνὸς
1373 5604 1464 5652 καὶ
1494 5601 1589 5652 τοῦ
1625 5599 1790 5651 αὐτοῦ

200 5690 275 5740 τά
322 5706 379 5741 τε
408 5688 558 5759 πάθη
590 5691 682 5741 κεί
719 5690 785 5742 τὰ
827 5692 1083 5760 θαύματα
1126 5690 1270 5760 ἆπέρ
1305 5692 1597 5760 ὑπέμεινεν
1638 5691 1793 5742 ἐκουο

828 5412 922 5463 καὶ
962 5412 1411 5483 ἐνανθρωπῆσαι,
1458 5430 1691 5483 σταυριιν
1730 5429 1786 5463 τε

201 5786 336 5843 aito;
370 5784 427 5835 ἐν
460 5786 645 5851 σαρκὶ,
680 5784 1060 5851 γινώσκοντες.
1095 5786 1169 5837 Οῦ
1204 5786 1312 5855 γάρ
1347 5784 1503 5837 ἄλλον
1536 5785 1628 5837 τὸν
1660 5785 1794 5835 Θεὸν

200 5876 402 5942 Λόγον,
444 5877 538 5929 καὶ
574 5876 731 5931 ἄλλον
760 5878 847 5930 τὸν
880 5879 1114 5950 Χριστὸν
1153 5878 1515 5947 ἐπιστάμεθα,
1549 5878 1663 5930 ἀλλ’
1700 5879 1797 5931 ἕνα.

1913 3486 2113 3526 sancta:
2144 3475 2424 3528 catholica"
2448 3484 2503 3528 et
2542 3475 2851 3543 apostolica:
2890 3474 3146 3528 Ecclesia:
3196 3478 3490 3531 contraria.

1910 3564 2276 3628 Quamobrem
2310 3567 2682 3618 necessarium
2726 3564 3002 3628 duximus,
3048 3574 3155 3616 tam
3206 3566 3492 3621 haeretico-

1911 3669 2028 3707 rum
2071 3653 2346 3707 mendaeia
2374 3654 2657 3719 dissipare,
2689 3670 2850 3720 quam
2885 3656 3151 3708 universis
3175 3658 3491 3724 explanare,

1908 3746 2179 3814 quamodo
2230 3746 2432 3797 sentiat
2478 3756 2663 3797 sancta
2713 3746 2804 3798 Dei
2877 3756 2929 3798 et
2996 3748 3265 3801 catholica
3318 3759 3485 3817 atque

1910 3837 2205 3903 apostolica
2252 3835 2516 3899 Ecclesia,
2560 3848 2613 3890 et
2661 3837 2901 3905 ejusdem
2951 3840 3282 3892 sanctissimi
3315 3856 3495 3895 sacer.

1910 3931 2063 3981 dotes
2112 3929 2419 3996 praedicent.
2471 3926 2709 3993 Quorum
2763 3930 2991 3999 vestigia
3038 3947 3135 3986 nos
3188 3931 3347 3984 etiam
3396 3934 3491 3986 ‘se-

1908 4032 2161 4091 quentes,
2199 4020 2615 4075 manifestamus
2668 4036 2754 4086 ea,
2806 4038 2926 4091 quae
2988 4022 3055 4076 de
3108 4038 3225 4089 spe,
3276 4040 3395 4091 qua:
3442 4027 3493 4077 in

1909 4114 2064 4166 nobis
2096 4122 2201 4177 est,
2236 4114 2504 4166 sentimus
2535 4129 2549 4165 :
2592 4128 2695 4166 non
2736 4114 2895 4165 iidem
2935 4114 3279 4178 innovantes,
3315 4114 3491 4181 (absit

1908 4205 2048 4273 hoc)
2081 4204 2172 4257 sed
2203 4214 2561 4270 coarguentes
2595 4203 2803 4253 illorum
2852 4202 3137 4264 insaniam,
3173 4204 3260 4269 qui
3300 4208 3491 4256 eadem

1907 4311 2029 4351 Cum
2080 4295 2260 4363 impiis
2295 4296 2411 4348 istis
2449 4294 2719 4347 haereticis
2757 4294 3000 4346 sentiunt
3037 4311 3051 4347 :
3083 4296 3226 4361 quod
3265 4296 3481 4364 quidem

1904 4395 1959 4440 et
2022 4387 2071 4438 in
2105 4383 2420 4452 primordiis
2478 4384 2688 4451 imperii
2754 4384 2927 4436 nostri
2988 4398 3110 4437 cum
3161 4386 3488 4447 iaceremus,

1906 4477 2041 4530 satis
2099 4465 2356 4529 omnibus
2431 4475 2672 4526 animum
2750 4484 2998 4527 nostrum
3068 4478 3488 4531 declaravintus.

1907 4570 2114 4638 Quippe
2157 4568 2430 4622 credimus
2464 4568 2515 4619 in
2543 4581 2707 4619 unum
2756 4566 2922 4618 Deum
2972 4565 3185 4620 Patrem
3235 4569 3485 4636 omnipo-

1909 4672 2129 4725 tentem,
2188 4668 2241 4713 et
2297 4658 2350 4711 in
2414 4674 2576 4712 unum
2630 4656 2919 4710 Dominum
2969 4654 3155 4710 Jesum
3188 4657 3489 4723 Christum,

1830 4718 1875 4774 υ
1906 4753 2101 4809 Filium
2137 4753 2245 4814 Dei,
2278 4760 2330 4804 et
2373 4751 2425 4803 in
2462 4749 2724 4818 Spiritum
2762 4759 3030 4814 sanctum,
3079 4766 3237 4803 unum
3298 4766 3488 4805 essen-

1908 4846 2036 4900 tiam
2072 4845 2121 4897 in
2157 4844 2330 4896 trihus
2367 4843 2610 4911 personis
2642 4841 2953 4903 adorantes,
2989 4857 3153 4895 unam
3206 4844 3489 4910 deitatem,

1907 4954 2070 4992 unum
2125 4946 2490 5002 potestatem,
2529 4934 2853 4986 Trinitatem
2908 4934 3065 4987 unius
3107 4938 3375 4988 essentia.
3430 4935 3485 4987 lu

1896 5030 2155 5083 extremis
2172 5035 2353 5079 autem
2376 5024 2563 5077 diebus
2586 5022 2908 5075 confitemur
2930 5022 3215 5076 Dominum
3240 5034 3482 5078 nostrum

1893 5120 2079 5175 Jcsum
2127 5117 2429 5179 Christum,
2474 5116 2807 5184 unigenitum
2863 5112 2955 5165 Dei
3018 5113 3256 5178 Filium,
3307 5115 3471 5168 Deum

1903 5224 2086 5263 verum
2119 5223 2183 5262 ex
2216 5208 2322 5260 Deo
2346 5213 2635 5267 vero,ante
2664 5202 2859 5256 stecula
2895 5211 2950 5256 et
2977 5201 3095 5255 sine
3119 5211 3359 5269 tempore
3393 5217 3482 5270 ge-

1903 5304 2074 5358 nitum
2103 5317 2167 5355 ex
2198 5299 2379 5361 Putre,
2406 5299 2547 5351 Patri
2588 5309 2944 5362 conetertium,
2978 5311 3101 5349 eum
3154 5296 3354 5364 ipsum,
3415 5313 3479 5348 ex

1899 5411 2006 5463 quo
2038 5392 2238 5455 omnia,
2276 5400 2329 5445 et
2360 5404 2452 5458 per
2483 5404 2642 5457 quem
2673 5390 2878 5452 omnia,
2905 5388 3215 5457 degressum
3244 5402 3273 5439 e
3302 5388 3479 5447 C(Blis,

1902 5487 2243 5537 ittCul‘ttultttn
2289 5495 2411 5534 esse
2452 5487 2517 5533 de
2548 5479 2753 5545 Spiritu
2780 5492 2991 5543 sanczo,
3025 5488 3078 5531 et
3110 5488 3325 5543 sancta,
3364 5479 3481 5545 glo-

1904 5583 2069 5638 riosa,
2098 5586 2467 5643 perpetuaque
2495 5571 2713 5641 Virgine
2748 5569 2938 5632 Maria,
2973 5579 3027 5623 et
3060 5570 3333 5623 hominem
3366 5586 3485 5623 esse

1908 5669 2133 5731 fartum,
2157 5679 2480 5733 crucunque
2512 5679 2609 5733 pro
2636 5663 2792 5715 nobis
2828 5661 3114 5731 pertulisse
3158 5662 3259 5714 sul)
3294 5662 3485 5715 Pontio

1908 5759 2097 5825 pilJlO,
2164 5759 2431 5827 sepultum
2482 5769 2622 5821 esse,
2686 5755 3051 5808 resurrexisse
3104 5754 3189 5807 die
3245 5752 3406 5807 tertio
3464 5773 3475 5807 :

1910 5856 2067 5909 unius
2127 5864 2177 5907 et
2239 5852 2477 5919 rjusuem
2545 5851 2803 5903 πείσειςωά
2861 5859 2917 5902 et
2968 5848 3282 5911 cruciatus,
3343 5860 3482 5916 quos
