  <div class='ocr_page' id='page_1' title='image "/cluster/home/n/w/nwhite01/storage/ocr_20150623/138/nnc1.0046980083/564.png"; bbox 0 0 4214 6450; ppageno 0'>
   <div class='ocr_carea' id='block_1_1' title="bbox 224 401 371 466">
    <p class='ocr_par' dir='ltr' id='par_1_1' title="bbox 224 401 371 466">
     <span class='ocr_line' id='line_1_1' title="bbox 224 401 371 466; baseline -0.02 0"><span class='ocrx_word' id='word_1_1' title='bbox 224 401 371 466; x_wconf 70' lang='grc'>1033</span> 
     </span>
    </p>
   </div>
   <div class='ocr_carea' id='block_1_2' title="bbox 1245 422 2409 503">
    <p class='ocr_par' dir='ltr' id='par_1_2' title="bbox 1245 422 2409 503">
     <span class='ocr_line' id='line_1_2' title="bbox 1245 422 2409 503; baseline 0.02 -23"><span class='ocrx_word' id='word_1_2' title='bbox 1245 422 1586 483; x_wconf 73' lang='grc' dir='ltr'><strong>ΟΟΝΒΤΙΤ.</strong></span> <span class='ocrx_word' id='word_1_3' title='bbox 1618 428 1919 491; x_wconf 84' lang='lat' dir='ltr'><strong>ECCLES.</strong></span> <span class='ocrx_word' id='word_1_4' title='bbox 1970 434 2409 503; x_wconf 82' lang='lat' dir='ltr'><strong>COLLECTIO.</strong></span> 
     </span>
    </p>
   </div>
   <div class='ocr_carea' id='block_1_3' title="bbox 3340 455 3479 521">
    <p class='ocr_par' dir='ltr' id='par_1_3' title="bbox 3340 455 3479 521">
     <span class='ocr_line' id='line_1_3' title="bbox 3340 455 3479 521; baseline 0.029 -5"><span class='ocrx_word' id='word_1_5' title='bbox 3340 455 3479 521; x_wconf 70' lang='grc'>1094</span> 
     </span>
    </p>
   </div>
   <div class='ocr_carea' id='block_1_4' title="bbox 226 520 1794 633">
    <p class='ocr_par' dir='ltr' id='par_1_4' title="bbox 226 520 1794 606">
     <span class='ocr_line' id='line_1_4' title="bbox 226 520 1794 606; baseline 0.013 -35"><span class='ocrx_word' id='word_1_6' title='bbox 226 520 401 586; x_wconf 61' lang='grc' dir='ltr'>Χόγου</span> <span class='ocrx_word' id='word_1_7' title='bbox 426 522 754 591; x_wconf 73' lang='grc' dir='ltr'>ἠρνήσαντο.</span> <span class='ocrx_word' id='word_1_8' title='bbox 797 523 894 577; x_wconf 76' lang='grc' dir='ltr'>Διὰ</span> <span class='ocrx_word' id='word_1_9' title='bbox 933 528 1093 582; x_wconf 88' lang='grc' dir='ltr'>τοῦτο</span> <span class='ocrx_word' id='word_1_10' title='bbox 1119 538 1424 599; x_wconf 77' lang='grc' dir='ltr'>γραφικαϊς</span> <span class='ocrx_word' id='word_1_11' title='bbox 1464 539 1794 606; x_wconf 68' lang='grc' dir='ltr'><strong>μαρτυρίαις</strong></span> 
     </span>
    </p>
   </div>
   <div class='ocr_carea' id='block_1_5' title="bbox 1896 520 3481 633">
    <p class='ocr_par' dir='ltr' id='par_1_5' title="bbox 1902 549 3481 633">
     <span class='ocr_line' id='line_1_5' title="bbox 1902 549 3481 633; baseline 0.017 -37"><span class='ocrx_word' id='word_1_12' title='bbox 1902 556 2215 613; x_wconf 87' lang='lat' dir='ltr'><strong>perpetuam</strong></span> <span class='ocrx_word' id='word_1_13' title='bbox 2249 549 2524 620; x_wconf 80' lang='lat' dir='ltr'><strong>Virginem</strong></span> <span class='ocrx_word' id='word_1_14' title='bbox 2576 555 2841 623; x_wconf 76' lang='lat' dir='ltr'><strong>Mariam,</strong></span> <span class='ocrx_word' id='word_1_15' title='bbox 2884 558 3166 629; x_wconf 83' lang='lat' dir='ltr'><strong>Dciparam</strong></span> <span class='ocrx_word' id='word_1_16' title='bbox 3218 568 3481 633; x_wconf 72' lang='lat' dir='ltr'><strong>pra-dica-</strong></span> 
     </span>
    </p>
   </div>
   <div class='ocr_carea' id='block_1_6' title="bbox 213 613 1799 698">
    <p class='ocr_par' dir='ltr' id='par_1_6' title="bbox 213 613 1799 698">
     <span class='ocr_line' id='line_1_6' title="bbox 213 613 1799 698; baseline 0.013 -35"><span class='ocrx_word' id='word_1_17' title='bbox 213 613 283 664; x_wconf 80' lang='grc' dir='ltr'>τὸ</span> <span class='ocrx_word' id='word_1_18' title='bbox 310 615 447 667; x_wconf 75' lang='grc' dir='ltr'>αὐτὸ</span> <span class='ocrx_word' id='word_1_19' title='bbox 481 617 637 683; x_wconf 72' lang='grc' dir='ltr'>ἅγιον</span> <span class='ocrx_word' id='word_1_20' title='bbox 692 620 922 689; x_wconf 78' lang='grc' dir='ltr'>μάθημα</span> <span class='ocrx_word' id='word_1_21' title='bbox 979 623 1026 673; x_wconf 81' lang='grc' dir='ltr'>οι</span> <span class='ocrx_word' id='word_1_22' title='bbox 1065 623 1346 693; x_wconf 70' lang='grc' dir='ltr'><strong>εἰρημένοι</strong></span> <span class='ocrx_word' id='word_1_23' title='bbox 1375 626 1519 693; x_wconf 57' lang='lat' dir='ltr'><strong>om;</strong></span> <span class='ocrx_word' id='word_1_24' title='bbox 1572 628 1647 698; x_wconf 86' lang='grc' dir='ltr'>ρν¹</span> <span class='ocrx_word' id='word_1_25' title='bbox 1688 631 1799 683; x_wconf 87' lang='lat' dir='ltr'><strong>lla-</strong></span> 
     </span>
    </p>
   </div>
   <div class='ocr_carea' id='block_1_7' title="bbox 213 704 1795 784">
    <p class='ocr_par' dir='ltr' id='par_1_7' title="bbox 213 704 1795 784">
     <span class='ocr_line' id='line_1_7' title="bbox 213 704 1795 784; baseline 0.013 -30"><span class='ocrx_word' id='word_1_26' title='bbox 213 704 388 771; x_wconf 80' lang='grc' dir='ltr'>τὲρες</span> <span class='ocrx_word' id='word_1_27' title='bbox 409 706 542 759; x_wconf 77' lang='grc' dir='ltr'>Θεὸν</span> <span class='ocrx_word' id='word_1_28' title='bbox 572 711 978 776; x_wconf 86' lang='grc' dir='ltr'>σαφηνίσαντες</span> <span class='ocrx_word' id='word_1_29' title='bbox 1006 714 1346 784; x_wconf 74' lang='grc' dir='ltr'>ὲτράνωσαν.</span> <span class='ocrx_word' id='word_1_30' title='bbox 1407 721 1579 773; x_wconf 86' lang='grc' dir='ltr'>Τοῦτο</span> <span class='ocrx_word' id='word_1_31' title='bbox 1618 724 1710 773; x_wconf 75' lang='grc' dir='ltr'>καὶ</span> <span class='ocrx_word' id='word_1_32' title='bbox 1739 723 1795 775; x_wconf 83' lang='lat' dir='ltr'><strong>al</strong></span> 
     </span>
    </p>
   </div>
   <div class='ocr_carea' id='block_1_8' title="bbox 215 793 1799 883">
    <p class='ocr_par' dir='ltr' id='par_1_8' title="bbox 215 793 1799 883">
     <span class='ocr_line' id='line_1_8' title="bbox 215 793 1799 883; baseline 0.013 -37"><span class='ocrx_word' id='word_1_33' title='bbox 215 793 385 847; x_wconf 72' lang='grc' dir='ltr'>ἄλλαι</span> <span class='ocrx_word' id='word_1_34' title='bbox 416 796 626 851; x_wconf 75' lang='grc' dir='ltr'>ἅπασαι</span> <span class='ocrx_word' id='word_1_35' title='bbox 660 802 812 867; x_wconf 82' lang='grc' dir='ltr'>ἆγιαι</span> <span class='ocrx_word' id='word_1_36' title='bbox 848 804 1079 867; x_wconf 88' lang='grc' dir='ltr'>σύνοδοι,</span> <span class='ocrx_word' id='word_1_37' title='bbox 1116 810 1392 862; x_wconf 81' lang='grc' dir='ltr'><strong>τουτέστιν</strong></span> <span class='ocrx_word' id='word_1_38' title='bbox 1422 813 1453 880; x_wconf 77' lang='grc' dir='ltr'><strong>ὴ</strong></span> <span class='ocrx_word' id='word_1_39' title='bbox 1485 815 1542 863; x_wconf 82' lang='grc' dir='ltr'>ὲν</span> <span class='ocrx_word' id='word_1_40' title='bbox 1586 812 1799 883; x_wconf 80' lang='grc' dir='ltr'>Ἐφέσῳ</span> 
     </span>
    </p>
   </div>
   <div class='ocr_carea' id='block_1_9' title="bbox 213 889 1799 970">
    <p class='ocr_par' dir='ltr' id='par_1_9' title="bbox 213 889 1799 970">
     <span class='ocr_line' id='line_1_9' title="bbox 213 889 1799 970; baseline 0.016 -36"><span class='ocrx_word' id='word_1_41' title='bbox 213 889 467 955; x_wconf 79' lang='grc' dir='ltr'>προτέρα</span> <span class='ocrx_word' id='word_1_42' title='bbox 498 892 590 942; x_wconf 72' lang='grc' dir='ltr'>καὶ</span> <span class='ocrx_word' id='word_1_43' title='bbox 632 894 662 959; x_wconf 81' lang='grc' dir='ltr'><strong>ὴ</strong></span> <span class='ocrx_word' id='word_1_44' title='bbox 700 896 757 944; x_wconf 67' lang='grc' dir='ltr'>ἐν</span> <span class='ocrx_word' id='word_1_45' title='bbox 784 895 1113 965; x_wconf 75' lang='grc' dir='ltr'>Χαλκηδόνι,</span> <span class='ocrx_word' id='word_1_46' title='bbox 1166 902 1233 967; x_wconf 79' lang='grc' dir='ltr'>τῇ</span> <span class='ocrx_word' id='word_1_47' title='bbox 1280 902 1419 970; x_wconf 81' lang='grc' dir='ltr'>αὐτῇ</span> <span class='ocrx_word' id='word_1_48' title='bbox 1449 904 1634 958; x_wconf 84' lang='grc' dir='ltr'>πίστει</span> <span class='ocrx_word' id='word_1_49' title='bbox 1663 908 1799 959; x_wconf 81' lang='grc' dir='ltr'>ἁκο-</span> 
     </span>
    </p>
   </div>
   <div class='ocr_carea' id='block_1_10' title="bbox 221 978 1798 1064">
    <p class='ocr_par' dir='ltr' id='par_1_10' title="bbox 221 978 1798 1064">
     <span class='ocr_line' id='line_1_10' title="bbox 221 978 1798 1064; baseline 0.015 -36"><span class='ocrx_word' id='word_1_50' title='bbox 221 978 590 1047; x_wconf 69' lang='grc' dir='ltr'>ὶουθήσασαι,</span> <span class='ocrx_word' id='word_1_51' title='bbox 627 984 880 1045; x_wconf 72' lang='grc' dir='ltr'>ἐδέξαντο</span> <span class='ocrx_word' id='word_1_52' title='bbox 904 990 997 1039; x_wconf 76' lang='grc' dir='ltr'>καὶ</span> <span class='ocrx_word' id='word_1_53' title='bbox 1029 988 1327 1057; x_wconf 67' lang='grc' dir='ltr'>ἐφύλαξαν,</span> <span class='ocrx_word' id='word_1_54' title='bbox 1361 996 1456 1046; x_wconf 77' lang='grc' dir='ltr'>καὶ</span> <span class='ocrx_word' id='word_1_55' title='bbox 1508 996 1606 1064; x_wconf 77' lang='grc' dir='ltr'>τὴν</span> <span class='ocrx_word' id='word_1_56' title='bbox 1634 1000 1798 1063; x_wconf 76' lang='grc' dir='ltr'>ἁγίαν</span> 
     </span>
    </p>
   </div>
   <div class='ocr_carea' id='block_1_11' title="bbox 219 1069 1795 1157">
    <p class='ocr_par' dir='ltr' id='par_1_11' title="bbox 219 1069 1795 1157">
     <span class='ocr_line' id='line_1_11' title="bbox 219 1069 1795 1157; baseline 0.015 -37"><span class='ocrx_word' id='word_1_57' title='bbox 219 1069 440 1135; x_wconf 69' lang='grc' dir='ltr'>ἔνδοξον</span> <span class='ocrx_word' id='word_1_58' title='bbox 507 1075 869 1143; x_wconf 72' lang='grc' dir='ltr'>ἀειπαρθὲνον</span> <span class='ocrx_word' id='word_1_59' title='bbox 925 1080 1145 1145; x_wconf 83' lang='grc' dir='ltr'>Μαρίαν</span> <span class='ocrx_word' id='word_1_60' title='bbox 1196 1083 1458 1138; x_wconf 81' lang='grc' dir='ltr'>Θεοτόκον</span> <span class='ocrx_word' id='word_1_61' title='bbox 1499 1090 1795 1157; x_wconf 70' lang='grc' dir='ltr'>ἐκήρυξαν,</span> 
     </span>
    </p>
   </div>
   <div class='ocr_carea' id='block_1_12' title="bbox 221 1164 1802 1247">
    <p class='ocr_par' dir='ltr' id='par_1_12' title="bbox 221 1164 1802 1247">
     <span class='ocr_line' id='line_1_12' title="bbox 221 1164 1802 1247; baseline 0.013 -34"><span class='ocrx_word' id='word_1_62' title='bbox 221 1164 324 1214; x_wconf 75' lang='grc' dir='ltr'>καὶ</span> <span class='ocrx_word' id='word_1_63' title='bbox 353 1168 478 1226; x_wconf 72' lang='grc' dir='ltr'>τοὺς</span> <span class='ocrx_word' id='word_1_64' title='bbox 508 1166 580 1235; x_wconf 82' lang='grc' dir='ltr'>μὴ</span> <span class='ocrx_word' id='word_1_65' title='bbox 615 1167 1014 1235; x_wconf 82' lang='grc' dir='ltr'>ὁμολογοῦντας</span> <span class='ocrx_word' id='word_1_66' title='bbox 1042 1173 1212 1242; x_wconf 77' lang='grc' dir='ltr'>αὐτὴν</span> <span class='ocrx_word' id='word_1_67' title='bbox 1238 1177 1504 1230; x_wconf 81' lang='grc' dir='ltr'>Θεοτόκον</span> <span class='ocrx_word' id='word_1_68' title='bbox 1530 1182 1802 1247; x_wconf 77' lang='grc' dir='ltr'><strong>ἀνεθεμά-</strong></span> 
     </span>
    </p>
   </div>
   <div class='ocr_carea' id='block_1_13' title="bbox 214 1258 1797 1342">
    <p class='ocr_par' dir='ltr' id='par_1_13' title="bbox 214 1258 1797 1342">
     <span class='ocr_line' id='line_1_13' title="bbox 214 1258 1797 1342; baseline 0.014 -37"><span class='ocrx_word' id='word_1_69' title='bbox 214 1272 404 1309; x_wconf 70' lang='grc' dir='ltr'>τισαν,</span> <span class='ocrx_word' id='word_1_70' title='bbox 461 1258 698 1323; x_wconf 78' lang='grc' dir='ltr'><strong>Ὁμοίως</strong></span> <span class='ocrx_word' id='word_1_71' title='bbox 730 1261 788 1313; x_wconf 74' lang='lat' dir='ltr'><strong>at</strong></span> <span class='ocrx_word' id='word_1_72' title='bbox 838 1263 1244 1332; x_wconf 73' lang='grc' dir='ltr'><strong>ἀνεθεμάτισαν</strong></span> <span class='ocrx_word' id='word_1_73' title='bbox 1295 1271 1392 1321; x_wconf 77' lang='grc' dir='ltr'>καὶ</span> <span class='ocrx_word' id='word_1_74' title='bbox 1432 1274 1556 1334; x_wconf 68' lang='grc' dir='ltr'>τοὺς</span> <span class='ocrx_word' id='word_1_75' title='bbox 1610 1274 1797 1342; x_wconf 78' lang='grc' dir='ltr'>ἕτερον</span> 
     </span>
    </p>
   </div>
   <div class='ocr_carea' id='block_1_14' title="bbox 218 1346 1797 1429">
    <p class='ocr_par' dir='ltr' id='par_1_14' title="bbox 218 1346 1797 1429">
     <span class='ocr_line' id='line_1_14' title="bbox 218 1346 1797 1429; baseline 0.014 -33"><span class='ocrx_word' id='word_1_76' title='bbox 218 1346 561 1417; x_wconf 79' lang='grc' dir='ltr'>σύμδολονῆ</span> <span class='ocrx_word' id='word_1_77' title='bbox 620 1352 777 1418; x_wconf 78' lang='grc' dir='ltr'>ἅγιον</span> <span class='ocrx_word' id='word_1_78' title='bbox 807 1354 1041 1422; x_wconf 79' lang='grc' dir='ltr'>μάθημα</span> <span class='ocrx_word' id='word_1_79' title='bbox 1073 1359 1472 1426; x_wconf 75' lang='grc' dir='ltr'>παραδιδόντας</span> <span class='ocrx_word' id='word_1_80' title='bbox 1522 1364 1679 1429; x_wconf 70' lang='grc' dir='ltr'>παρὰ</span> <span class='ocrx_word' id='word_1_81' title='bbox 1735 1366 1797 1418; x_wconf 79' lang='grc' dir='ltr'>τὸ</span> 
     </span>
    </p>
   </div>
   <div class='ocr_carea' id='block_1_15' title="bbox 211 1436 1798 1524">
    <p class='ocr_par' dir='ltr' id='par_1_15' title="bbox 211 1436 1798 1524">
     <span class='ocr_line' id='line_1_15' title="bbox 211 1436 1798 1524; baseline 0.015 -39"><span class='ocrx_word' id='word_1_82' title='bbox 211 1437 324 1487; x_wconf 72' lang='grc' dir='ltr'><strong>ὑπὸ</strong></span> <span class='ocrx_word' id='word_1_83' title='bbox 384 1436 484 1505; x_wconf 73' lang='grc' dir='ltr'>μὶν</span> <span class='ocrx_word' id='word_1_84' title='bbox 513 1438 622 1492; x_wconf 83' lang='grc' dir='ltr'><strong>τῶν</strong></span> <span class='ocrx_word' id='word_1_85' title='bbox 656 1443 758 1510; x_wconf 79' lang='grc' dir='ltr'>τιη⁸</span> <span class='ocrx_word' id='word_1_86' title='bbox 789 1444 962 1510; x_wconf 80' lang='grc' dir='ltr'>ἁγίων</span> <span class='ocrx_word' id='word_1_87' title='bbox 989 1446 1247 1517; x_wconf 77' lang='grc' dir='ltr'>Πατέρων</span> <span class='ocrx_word' id='word_1_88' title='bbox 1280 1453 1525 1515; x_wconf 72' lang='grc' dir='ltr'>ἐκτεθὲν,</span> <span class='ocrx_word' id='word_1_89' title='bbox 1561 1472 1798 1524; x_wconf 85' lang='grc' dir='ltr'>σαφηνι-</span> 
     </span>
    </p>
   </div>
   <div class='ocr_carea' id='block_1_16' title="bbox 217 1527 1799 1616">
    <p class='ocr_par' dir='ltr' id='par_1_16' title="bbox 217 1527 1799 1616">
     <span class='ocr_line' id='line_1_16' title="bbox 217 1527 1799 1616; baseline 0.014 -37"><span class='ocrx_word' id='word_1_90' title='bbox 217 1527 352 1581; x_wconf 76' lang='grc' dir='ltr'>σθὲν</span> <span class='ocrx_word' id='word_1_91' title='bbox 386 1529 441 1581; x_wconf 74' lang='grc' dir='ltr'>δὲ</span> <span class='ocrx_word' id='word_1_92' title='bbox 476 1532 569 1582; x_wconf 73' lang='grc' dir='ltr'><strong>καὶ</strong></span> <span class='ocrx_word' id='word_1_93' title='bbox 619 1534 900 1601; x_wconf 67' lang='grc' dir='ltr'>τρανωθὲν</span> <span class='ocrx_word' id='word_1_94' title='bbox 930 1538 1081 1604; x_wconf 80' lang='grc' dir='ltr'>παρὰ</span> <span class='ocrx_word' id='word_1_95' title='bbox 1108 1538 1218 1590; x_wconf 86' lang='grc' dir='ltr'><strong>τῶν</strong></span> <span class='ocrx_word' id='word_1_96' title='bbox 1263 1543 1319 1592; x_wconf 78' lang='grc' dir='ltr'>ὲν</span> <span class='ocrx_word' id='word_1_97' title='bbox 1342 1544 1513 1614; x_wconf 84' lang='grc' dir='ltr'>ταύτῃ</span> <span class='ocrx_word' id='word_1_98' title='bbox 1539 1550 1606 1614; x_wconf 79' lang='grc' dir='ltr'>τῇ</span> <span class='ocrx_word' id='word_1_99' title='bbox 1644 1548 1799 1616; x_wconf 85' lang='grc' dir='ltr'>βασι-</span> 
     </span>
    </p>
   </div>
   <div class='ocr_carea' id='block_1_17' title="bbox 207 1616 1799 1706">
    <p class='ocr_par' dir='ltr' id='par_1_17' title="bbox 207 1616 1799 1706">
     <span class='ocr_line' id='line_1_17' title="bbox 207 1616 1799 1706; baseline 0.014 -39"><span class='ocrx_word' id='word_1_100' title='bbox 207 1616 452 1691; x_wconf 75' lang='grc' dir='ltr'>λευούσῃ</span> <span class='ocrx_word' id='word_1_101' title='bbox 480 1621 635 1673; x_wconf 83' lang='grc' dir='ltr'>πόλει</span> <span class='ocrx_word' id='word_1_102' title='bbox 678 1623 787 1675; x_wconf 83' lang='grc' dir='ltr'><strong>τῶν</strong></span> <span class='ocrx_word' id='word_1_103' title='bbox 831 1633 907 1695; x_wconf 85' lang='grc' dir='ltr'>ρν¹</span> <span class='ocrx_word' id='word_1_104' title='bbox 956 1627 1125 1693; x_wconf 84' lang='grc' dir='ltr'>ἁγίων</span> <span class='ocrx_word' id='word_1_105' title='bbox 1172 1630 1453 1701; x_wconf 80' lang='grc' dir='ltr'>Πατέρων.</span> <span class='ocrx_word' id='word_1_106' title='bbox 1485 1637 1650 1705; x_wconf 74' lang='grc' dir='ltr'><strong>Καὶή</strong></span> <span class='ocrx_word' id='word_1_107' title='bbox 1698 1639 1799 1706; x_wconf 83' lang='grc' dir='ltr'>μὲν</span> 
     </span>
    </p>
   </div>
   <div class='ocr_carea' id='block_1_18' title="bbox 212 1707 1799 1795">
    <p class='ocr_par' dir='ltr' id='par_1_18' title="bbox 212 1707 1799 1795">
     <span class='ocr_line' id='line_1_18' title="bbox 212 1707 1799 1795; baseline 0.016 -38"><span class='ocrx_word' id='word_1_108' title='bbox 212 1708 276 1758; x_wconf 75' lang='grc' dir='ltr'>ἐν</span> <span class='ocrx_word' id='word_1_109' title='bbox 334 1707 545 1778; x_wconf 68' lang='grc' dir='ltr'>Ἐφέσῳ</span> <span class='ocrx_word' id='word_1_110' title='bbox 606 1715 848 1782; x_wconf 78' lang='grc' dir='ltr'>προτέρα</span> <span class='ocrx_word' id='word_1_111' title='bbox 894 1716 987 1769; x_wconf 86' lang='grc' dir='ltr'><strong>τόν</strong></span> <span class='ocrx_word' id='word_1_112' title='bbox 1020 1735 1079 1771; x_wconf 83' lang='grc' dir='ltr'><strong>τε</strong></span> <span class='ocrx_word' id='word_1_113' title='bbox 1137 1722 1311 1791; x_wconf 79' lang='grc' dir='ltr'>ἀσεσῆ</span> <span class='ocrx_word' id='word_1_114' title='bbox 1356 1724 1655 1795; x_wconf 81' lang='grc' dir='ltr'>Νεστόριον</span> <span class='ocrx_word' id='word_1_115' title='bbox 1704 1731 1799 1781; x_wconf 77' lang='grc' dir='ltr'>καὶ</span> 
     </span>
    </p>
   </div>
   <div class='ocr_carea' id='block_1_19' title="bbox 210 1800 1795 1888">
    <p class='ocr_par' dir='ltr' id='par_1_19' title="bbox 210 1800 1795 1888">
     <span class='ocr_line' id='line_1_19' title="bbox 210 1800 1795 1888; baseline 0.016 -38"><span class='ocrx_word' id='word_1_116' title='bbox 210 1800 285 1853; x_wconf 78' lang='grc' dir='ltr'>τὰ</span> <span class='ocrx_word' id='word_1_117' title='bbox 333 1801 516 1855; x_wconf 86' lang='grc' dir='ltr'>αὐτῶν</span> <span class='ocrx_word' id='word_1_118' title='bbox 575 1804 823 1873; x_wconf 82' lang='grc' dir='ltr'><strong>δόγματα</strong></span> <span class='ocrx_word' id='word_1_119' title='bbox 874 1811 1092 1864; x_wconf 66' lang='lat' dir='ltr'><strong>tandem</strong></span> <span class='ocrx_word' id='word_1_120' title='bbox 1146 1832 1204 1866; x_wconf 74' lang='grc' dir='ltr'>τε</span> <span class='ocrx_word' id='word_1_121' title='bbox 1258 1818 1353 1869; x_wconf 59' lang='grc' dir='ltr'><strong>καὶ⁵</strong></span> <span class='ocrx_word' id='word_1_122' title='bbox 1410 1819 1795 1888; x_wconf 82' lang='grc' dir='ltr'>ἀνεθεμάτισε,</span> 
     </span>
    </p>
   </div>
   <div class='ocr_carea' id='block_1_20' title="bbox 1904 641 3477 716">
    <p class='ocr_par' dir='ltr' id='par_1_20' title="bbox 1904 641 3477 716">
     <span class='ocr_line' id='line_1_20' title="bbox 1904 641 3477 716; baseline 0.017 -32"><span class='ocrx_word' id='word_1_123' title='bbox 1904 644 2051 698; x_wconf 87' lang='lat' dir='ltr'><strong>runt,</strong></span> <span class='ocrx_word' id='word_1_124' title='bbox 2079 648 2131 689; x_wconf 91' lang='lat' dir='ltr'><strong>et</strong></span> <span class='ocrx_word' id='word_1_125' title='bbox 2162 641 2504 696; x_wconf 86' lang='lat' dir='ltr'><strong>anathemate</strong></span> <span class='ocrx_word' id='word_1_126' title='bbox 2550 647 2895 706; x_wconf 84' lang='lat' dir='ltr'><strong>damnarunt,</strong></span> <span class='ocrx_word' id='word_1_127' title='bbox 2931 653 3019 716; x_wconf 89' lang='lat' dir='ltr'><strong>qui</strong></span> <span class='ocrx_word' id='word_1_128' title='bbox 3058 669 3174 707; x_wconf 90' lang='lat' dir='ltr'><strong>eam</strong></span> <span class='ocrx_word' id='word_1_129' title='bbox 3206 670 3312 709; x_wconf 91' lang='lat' dir='ltr'><strong>non</strong></span> <span class='ocrx_word' id='word_1_130' title='bbox 3347 672 3477 710; x_wconf 87' lang='lat' dir='ltr'><strong>cou-</strong></span> 
     </span>
    </p>
   </div>
   <div class='ocr_carea' id='block_1_21' title="bbox 1903 726 3476 801">
    <p class='ocr_par' dir='ltr' id='par_1_21' title="bbox 1903 726 3476 801">
     <span class='ocr_line' id='line_1_21' title="bbox 1903 726 3476 801; baseline 0.013 -21"><span class='ocrx_word' id='word_1_131' title='bbox 1903 726 2185 783; x_wconf 80' lang='lat' dir='ltr'><strong>ﬁterentur</strong></span> <span class='ocrx_word' id='word_1_132' title='bbox 2213 747 2332 785; x_wconf 88' lang='lat' dir='ltr'><strong>esse</strong></span> <span class='ocrx_word' id='word_1_133' title='bbox 2366 734 2669 799; x_wconf 85' lang='lat' dir='ltr'><strong>Deiparam.</strong></span> <span class='ocrx_word' id='word_1_134' title='bbox 2703 739 3075 795; x_wconf 83' lang='lat' dir='ltr'><strong>Consimiliter</strong></span> <span class='ocrx_word' id='word_1_135' title='bbox 3103 754 3154 797; x_wconf 88' lang='lat' dir='ltr'><strong>ct</strong></span> <span class='ocrx_word' id='word_1_136' title='bbox 3186 745 3306 798; x_wconf 88' lang='lat' dir='ltr'><strong>illos</strong></span> <span class='ocrx_word' id='word_1_137' title='bbox 3345 763 3476 801; x_wconf 75' lang='lat' dir='ltr'><strong>ana-</strong></span> 
     </span>
    </p>
   </div>
   <div class='ocr_carea' id='block_1_22' title="bbox 1903 817 3468 902">
    <p class='ocr_par' dir='ltr' id='par_1_22' title="bbox 1903 817 3468 902">
     <span class='ocr_line' id='line_1_22' title="bbox 1903 817 3468 902; baseline 0.015 -32"><span class='ocrx_word' id='word_1_138' title='bbox 1903 817 2125 873; x_wconf 86' lang='lat' dir='ltr'><strong>themati</strong></span> <span class='ocrx_word' id='word_1_139' title='bbox 2160 823 2527 890; x_wconf 87' lang='lat' dir='ltr'><strong>subjecernnt,</strong></span> <span class='ocrx_word' id='word_1_140' title='bbox 2562 832 2650 891; x_wconf 98' lang='lat' dir='ltr'><strong>qui</strong></span> <span class='ocrx_word' id='word_1_141' title='bbox 2676 832 2817 883; x_wconf 92' lang='lat' dir='ltr'><strong>aliud</strong></span> <span class='ocrx_word' id='word_1_142' title='bbox 2849 837 3148 902; x_wconf 78' lang='lat' dir='ltr'><strong>symbolum</strong></span> <span class='ocrx_word' id='word_1_143' title='bbox 3183 855 3468 901; x_wconf 80' lang='lat' dir='ltr'><strong>sacruinve</strong></span> 
     </span>
    </p>
   </div>
   <div class='ocr_carea' id='block_1_23' title="bbox 1900 911 3482 995">
    <p class='ocr_par' dir='ltr' id='par_1_23' title="bbox 1900 911 3482 995">
     <span class='ocr_line' id='line_1_23' title="bbox 1900 911 3482 995; baseline 0.013 -32"><span class='ocrx_word' id='word_1_144' title='bbox 1900 911 2279 966; x_wconf 87' lang='lat' dir='ltr'><strong>documentum</strong></span> <span class='ocrx_word' id='word_1_145' title='bbox 2319 918 2615 980; x_wconf 87' lang='lat' dir='ltr'><strong>traderent,</strong></span> <span class='ocrx_word' id='word_1_146' title='bbox 2666 936 2860 987; x_wconf 56' lang='lat' dir='ltr'><strong>puriter</strong></span> <span class='ocrx_word' id='word_1_147' title='bbox 2898 928 2989 989; x_wconf 88' lang='lat' dir='ltr'><strong>id,</strong></span> <span class='ocrx_word' id='word_1_148' title='bbox 3025 931 3166 995; x_wconf 76' lang='lat' dir='ltr'><strong>quod</strong></span> <span class='ocrx_word' id='word_1_149' title='bbox 3205 946 3231 981; x_wconf 88' lang='lat' dir='ltr'><strong>a</strong></span> <span class='ocrx_word' id='word_1_150' title='bbox 3280 934 3482 985; x_wconf 87' lang='lat' dir='ltr'><strong>sanctis</strong></span> 
     </span>
    </p>
   </div>
   <div class='ocr_carea' id='block_1_24' title="bbox 1901 1003 3481 1092">
    <p class='ocr_par' dir='ltr' id='par_1_24' title="bbox 1901 1003 3481 1092">
     <span class='ocr_line' id='line_1_24' title="bbox 1901 1003 3481 1092; baseline 0.015 -37"><span class='ocrx_word' id='word_1_151' title='bbox 1901 1003 2003 1057; x_wconf 84' lang='grc'><strong>518</strong></span> <span class='ocrx_word' id='word_1_152' title='bbox 2028 1007 2284 1060; x_wconf 78' lang='lat' dir='ltr'><strong>Patribus</strong></span> <span class='ocrx_word' id='word_1_153' title='bbox 2316 1012 2639 1073; x_wconf 84' lang='lat' dir='ltr'><strong>expositum,</strong></span> <span class='ocrx_word' id='word_1_154' title='bbox 2670 1019 3010 1083; x_wconf 83' lang='lat' dir='ltr'><strong>explanatum</strong></span> <span class='ocrx_word' id='word_1_155' title='bbox 3045 1023 3481 1092; x_wconf 86' lang='lat' dir='ltr'><strong>declaratumque</strong></span> 
     </span>
    </p>
   </div>
   <div class='ocr_carea' id='block_1_25' title="bbox 1903 1093 3477 1182">
    <p class='ocr_par' dir='ltr' id='par_1_25' title="bbox 1903 1093 3477 1182">
     <span class='ocr_line' id='line_1_25' title="bbox 1903 1093 3477 1182; baseline 0.012 -36"><span class='ocrx_word' id='word_1_156' title='bbox 1903 1093 2005 1147; x_wconf 82' lang='lat' dir='ltr'><strong>fuit</strong></span> <span class='ocrx_word' id='word_1_157' title='bbox 2034 1112 2061 1147; x_wconf 86' lang='lat' dir='ltr'><strong>a</strong></span> <span class='ocrx_word' id='word_1_158' title='bbox 2095 1096 2191 1149; x_wconf 87' lang='lat' dir='ltr'><strong>l50</strong></span> <span class='ocrx_word' id='word_1_159' title='bbox 2222 1102 2420 1151; x_wconf 67' lang='lat' dir='ltr'><strong>sanctis</strong></span> <span class='ocrx_word' id='word_1_160' title='bbox 2450 1101 2721 1157; x_wconf 82' lang='lat' dir='ltr'><strong>Patribus.</strong></span> <span class='ocrx_word' id='word_1_161' title='bbox 2745 1109 2833 1174; x_wconf 85' lang='lat' dir='ltr'><strong>qui</strong></span> <span class='ocrx_word' id='word_1_162' title='bbox 2862 1109 2963 1159; x_wconf 84' lang='lat' dir='ltr'><strong>hac</strong></span> <span class='ocrx_word' id='word_1_163' title='bbox 2996 1110 3047 1162; x_wconf 89' lang='lat' dir='ltr'><strong>in</strong></span> <span class='ocrx_word' id='word_1_164' title='bbox 3082 1114 3210 1165; x_wconf 84' lang='lat' dir='ltr'><strong>urbe</strong></span> <span class='ocrx_word' id='word_1_165' title='bbox 3245 1117 3477 1182; x_wconf 85' lang='lat' dir='ltr'><strong>impera-</strong></span> 
     </span>
    </p>
   </div>
   <div class='ocr_carea' id='block_1_26' title="bbox 1900 1188 3477 1275">
    <p class='ocr_par' dir='ltr' id='par_1_26' title="bbox 1900 1188 3477 1275">
     <span class='ocr_line' id='line_1_26' title="bbox 1900 1188 3477 1275; baseline 0.013 -38"><span class='ocrx_word' id='word_1_166' title='bbox 1900 1188 2037 1238; x_wconf 87' lang='lat' dir='ltr'><strong>toria</strong></span> <span class='ocrx_word' id='word_1_167' title='bbox 2071 1201 2457 1245; x_wconf 84' lang='lat' dir='ltr'><strong>convenerunt.</strong></span> <span class='ocrx_word' id='word_1_168' title='bbox 2493 1192 2555 1245; x_wconf 85' lang='lat' dir='ltr'><strong>Et</strong></span> <span class='ocrx_word' id='word_1_169' title='bbox 2595 1197 2764 1261; x_wconf 80' lang='lat' dir='ltr'><strong>prima</strong></span> <span class='ocrx_word' id='word_1_170' title='bbox 2815 1199 3029 1262; x_wconf 88' lang='lat' dir='ltr'><strong>quidem</strong></span> <span class='ocrx_word' id='word_1_171' title='bbox 3086 1200 3351 1267; x_wconf 82' lang='lat' dir='ltr'><strong>Ephesina</strong></span> <span class='ocrx_word' id='word_1_172' title='bbox 3386 1220 3477 1275; x_wconf 82' lang='lat' dir='ltr'><strong>sy-</strong></span> 
     </span>
    </p>
   </div>
   <div class='ocr_carea' id='block_1_27' title="bbox 1901 1276 3479 1361">
    <p class='ocr_par' dir='ltr' id='par_1_27' title="bbox 1901 1276 3479 1361">
     <span class='ocr_line' id='line_1_27' title="bbox 1901 1276 3479 1361; baseline 0.011 -33"><span class='ocrx_word' id='word_1_173' title='bbox 1901 1276 2072 1329; x_wconf 82' lang='lat' dir='ltr'><strong>nodus</strong></span> <span class='ocrx_word' id='word_1_174' title='bbox 2119 1278 2339 1345; x_wconf 85' lang='lat' dir='ltr'><strong>impium</strong></span> <span class='ocrx_word' id='word_1_175' title='bbox 2398 1284 2543 1335; x_wconf 90' lang='lat' dir='ltr'><strong>illum</strong></span> <span class='ocrx_word' id='word_1_176' title='bbox 2602 1285 2932 1349; x_wconf 83' lang='lat' dir='ltr'><strong>Nestorium,</strong></span> <span class='ocrx_word' id='word_1_177' title='bbox 2968 1289 3191 1357; x_wconf 80' lang='lat' dir='ltr'><strong>ejusque</strong></span> <span class='ocrx_word' id='word_1_178' title='bbox 3229 1295 3479 1361; x_wconf 75' lang='lat' dir='ltr'><strong>dogmata</strong></span> 
     </span>
    </p>
   </div>
   <div class='ocr_carea' id='block_1_28' title="bbox 1900 1374 3479 1455">
    <p class='ocr_par' dir='ltr' id='par_1_28' title="bbox 1900 1374 3479 1455">
     <span class='ocr_line' id='line_1_28' title="bbox 1900 1374 3479 1455; baseline 0.013 -32"><span class='ocrx_word' id='word_1_179' title='bbox 1900 1374 2177 1438; x_wconf 67' lang='lat' dir='ltr'><strong>abrogavit</strong></span> <span class='ocrx_word' id='word_1_180' title='bbox 2222 1387 2269 1427; x_wconf 92' lang='lat' dir='ltr'><strong>et</strong></span> <span class='ocrx_word' id='word_1_181' title='bbox 2320 1377 2660 1434; x_wconf 73' lang='lat' dir='ltr'><strong>anathemate</strong></span> <span class='ocrx_word' id='word_1_182' title='bbox 2692 1383 2999 1447; x_wconf 67' lang='lat' dir='ltr'><strong>damnavit;</strong></span> <span class='ocrx_word' id='word_1_183' title='bbox 3049 1388 3343 1455; x_wconf 80' lang='lat' dir='ltr'><strong>eodemque</strong></span> <span class='ocrx_word' id='word_1_184' title='bbox 3382 1388 3479 1442; x_wconf 84' lang='lat' dir='ltr'><strong>da-</strong></span> 
     </span>
    </p>
   </div>
   <div class='ocr_carea' id='block_1_29' title="bbox 1901 1465 3479 1543">
    <p class='ocr_par' dir='ltr' id='par_1_29' title="bbox 1901 1465 3479 1543">
     <span class='ocr_line' id='line_1_29' title="bbox 1901 1465 3479 1543; baseline 0.01 -28"><span class='ocrx_word' id='word_1_185' title='bbox 1901 1465 2111 1516; x_wconf 86' lang='lat' dir='ltr'><strong>mnavit</strong></span> <span class='ocrx_word' id='word_1_186' title='bbox 2146 1476 2194 1519; x_wconf 87' lang='lat' dir='ltr'><strong>et</strong></span> <span class='ocrx_word' id='word_1_187' title='bbox 2247 1468 2365 1521; x_wconf 88' lang='lat' dir='ltr'><strong>illos</strong></span> <span class='ocrx_word' id='word_1_188' title='bbox 2396 1472 2757 1535; x_wconf 69' lang='lat' dir='ltr'><strong>anathemate,</strong></span> <span class='ocrx_word' id='word_1_189' title='bbox 2788 1476 2883 1540; x_wconf 85' lang='lat' dir='ltr'><strong>qni.</strong></span> <span class='ocrx_word' id='word_1_190' title='bbox 2924 1478 3038 1541; x_wconf 84' lang='lat' dir='ltr'><strong>ejus</strong></span> <span class='ocrx_word' id='word_1_191' title='bbox 3067 1478 3348 1543; x_wconf 85' lang='lat' dir='ltr'><strong>opiniones</strong></span> <span class='ocrx_word' id='word_1_192' title='bbox 3398 1479 3479 1531; x_wconf 91' lang='lat' dir='ltr'><strong>vel</strong></span> 
     </span>
    </p>
   </div>
   <div class='ocr_carea' id='block_1_30' title="bbox 1900 1557 3479 1634">
    <p class='ocr_par' dir='ltr' id='par_1_30' title="bbox 1900 1557 3479 1634">
     <span class='ocr_line' id='line_1_30' title="bbox 1900 1557 3479 1634; baseline 0.012 -27"><span class='ocrx_word' id='word_1_193' title='bbox 1900 1557 2070 1607; x_wconf 85' lang='lat' dir='ltr'><strong>secuti</strong></span> <span class='ocrx_word' id='word_1_194' title='bbox 2098 1570 2299 1617; x_wconf 86' lang='lat' dir='ltr'><strong>essent,</strong></span> <span class='ocrx_word' id='word_1_195' title='bbox 2334 1562 2416 1613; x_wconf 75' lang='lat' dir='ltr'><strong>vel</strong></span> <span class='ocrx_word' id='word_1_196' title='bbox 2458 1578 2853 1631; x_wconf 76' lang='lat' dir='ltr'><strong>sequerentur;</strong></span> <span class='ocrx_word' id='word_1_197' title='bbox 2893 1570 3048 1634; x_wconf 87' lang='lat' dir='ltr'><strong>quive</strong></span> <span class='ocrx_word' id='word_1_198' title='bbox 3083 1586 3206 1624; x_wconf 91' lang='lat' dir='ltr'><strong>cum</strong></span> <span class='ocrx_word' id='word_1_199' title='bbox 3258 1590 3321 1626; x_wconf 91' lang='lat' dir='ltr'><strong>eo</strong></span> <span class='ocrx_word' id='word_1_200' title='bbox 3352 1591 3479 1625; x_wconf 89' lang='lat' dir='ltr'><strong>con-</strong></span> 
     </span>
    </p>
   </div>
   <div class='ocr_carea' id='block_1_31' title="bbox 1901 1648 3478 1717">
    <p class='ocr_par' dir='ltr' id='par_1_31' title="bbox 1901 1648 3478 1717">
     <span class='ocr_line' id='line_1_31' title="bbox 1901 1648 3478 1717; baseline 0.01 -17"><span class='ocrx_word' id='word_1_201' title='bbox 1901 1648 2227 1713; x_wconf 87' lang='lat' dir='ltr'><strong>sensissent,</strong></span> <span class='ocrx_word' id='word_1_202' title='bbox 2262 1662 2349 1701; x_wconf 80' lang='lat' dir='ltr'><strong>ant</strong></span> <span class='ocrx_word' id='word_1_203' title='bbox 2382 1660 2774 1709; x_wconf 76' lang='lat' dir='ltr'><strong>consentit-riu.</strong></span> <span class='ocrx_word' id='word_1_204' title='bbox 2810 1659 3069 1712; x_wconf 79' lang='lat' dir='ltr'><strong>Sanctum</strong></span> <span class='ocrx_word' id='word_1_205' title='bbox 3102 1678 3230 1715; x_wconf 86' lang='lat' dir='ltr'><strong>vero</strong></span> <span class='ocrx_word' id='word_1_206' title='bbox 3255 1663 3478 1717; x_wconf 85' lang='lat' dir='ltr'><strong>Chalce-</strong></span> 
     </span>
    </p>
   </div>
   <div class='ocr_carea' id='block_1_32' title="bbox 1900 1737 3479 1816">
    <p class='ocr_par' dir='ltr' id='par_1_32' title="bbox 1900 1737 3479 1816">
     <span class='ocr_line' id='line_1_32' title="bbox 1900 1737 3479 1816; baseline 0.013 -29"><span class='ocrx_word' id='word_1_207' title='bbox 1900 1737 2135 1793; x_wconf 82' lang='lat' dir='ltr'><strong>donense</strong></span> <span class='ocrx_word' id='word_1_208' title='bbox 2183 1742 2466 1795; x_wconf 76' lang='lat' dir='ltr'><strong>concilium</strong></span> <span class='ocrx_word' id='word_1_209' title='bbox 2519 1750 2815 1816; x_wconf 71' lang='lat' dir='ltr'><strong>altrogivit,</strong></span> <span class='ocrx_word' id='word_1_210' title='bbox 2856 1759 2907 1802; x_wconf 91' lang='lat' dir='ltr'><strong>et</strong></span> <span class='ocrx_word' id='word_1_211' title='bbox 2951 1754 3151 1806; x_wconf 80' lang='lat' dir='ltr'><strong>sanctis</strong></span> <span class='ocrx_word' id='word_1_212' title='bbox 3187 1752 3273 1805; x_wconf 85' lang='lat' dir='ltr'><strong>Dei</strong></span> <span class='ocrx_word' id='word_1_213' title='bbox 3310 1756 3479 1807; x_wconf 82' lang='lat' dir='ltr'><strong>eccle-</strong></span> 
     </span>
    </p>
   </div>
   <div class='ocr_carea' id='block_1_33' title="bbox 1899 1829 3475 1909">
    <p class='ocr_par' dir='ltr' id='par_1_33' title="bbox 1899 1829 3475 1909">
     <span class='ocr_line' id='line_1_33' title="bbox 1899 1829 3475 1909; baseline 0.01 -30"><span class='ocrx_word' id='word_1_214' title='bbox 1899 1829 1993 1880; x_wconf 86' lang='lat' dir='ltr'><strong>siis</strong></span> <span class='ocrx_word' id='word_1_215' title='bbox 2022 1831 2199 1896; x_wconf 72' lang='lat' dir='ltr'><strong>ejeitit,</strong></span> <span class='ocrx_word' id='word_1_216' title='bbox 2226 1843 2387 1900; x_wconf 83' lang='lat' dir='ltr'><strong>atque</strong></span> <span class='ocrx_word' id='word_1_217' title='bbox 2412 1837 2754 1890; x_wconf 72' lang='lat' dir='ltr'><strong>anathemate</strong></span> <span class='ocrx_word' id='word_1_218' title='bbox 2785 1839 3081 1899; x_wconf 81' lang='lat' dir='ltr'><strong>damnavit.</strong></span> <span class='ocrx_word' id='word_1_219' title='bbox 3110 1854 3220 1895; x_wconf 68' lang='lat' dir='ltr'><strong>tuin</strong></span> <span class='ocrx_word' id='word_1_220' title='bbox 3253 1845 3475 1909; x_wconf 65' lang='lat' dir='ltr'><strong>impiuin</strong></span> 
     </span>
    </p>
   </div>
   <div class='ocr_carea' id='block_1_34' title="bbox 216 1886 1794 2001">
    <p class='ocr_par' dir='ltr' id='par_1_34' title="bbox 216 1886 1794 1978">
     <span class='ocr_line' id='line_1_34' title="bbox 216 1886 1794 1978; baseline 0.014 -34"><span class='ocrx_word' id='word_1_221' title='bbox 216 1894 320 1946; x_wconf 75' lang='grc' dir='ltr'>καὶ</span> <span class='ocrx_word' id='word_1_222' title='bbox 355 1897 478 1958; x_wconf 84' lang='grc' dir='ltr'>τοὺς</span> <span class='ocrx_word' id='word_1_223' title='bbox 504 1897 573 1949; x_wconf 79' lang='grc' dir='ltr'>τὰ</span> <span class='ocrx_word' id='word_1_224' title='bbox 599 1898 765 1952; x_wconf 86' lang='grc' dir='ltr'>αὐτοῦ</span> <span class='ocrx_word' id='word_1_225' title='bbox 800 1905 1181 1970; x_wconf 80' lang='grc' dir='ltr'>φρονήσαντας</span> <span class='ocrx_word' id='word_1_226' title='bbox 1212 1908 1244 1978; x_wconf 74' lang='grc' dir='ltr'>ἢ</span> <span class='ocrx_word' id='word_1_227' title='bbox 1280 1886 1644 1978; x_wconf 72' lang='grc' dir='ltr'>φρονοῦντας,</span> <span class='ocrx_word' id='word_1_228' title='bbox 1697 1916 1794 1966; x_wconf 76' lang='grc' dir='ltr'>καὶ</span> 
     </span>
    </p>
   </div>
   <div class='ocr_carea' id='block_1_35' title="bbox 1896 1886 3479 2001">
    <p class='ocr_par' dir='ltr' id='par_1_35' title="bbox 1901 1918 3479 2001">
     <span class='ocr_line' id='line_1_35' title="bbox 1901 1918 3479 2001; baseline 0.011 -31"><span class='ocrx_word' id='word_1_229' title='bbox 1901 1918 2046 1971; x_wconf 89' lang='lat' dir='ltr'><strong>illum</strong></span> <span class='ocrx_word' id='word_1_230' title='bbox 2082 1920 2396 1988; x_wconf 80' lang='lat' dir='ltr'><strong>Eutyclicm,</strong></span> <span class='ocrx_word' id='word_1_231' title='bbox 2428 1926 2654 1991; x_wconf 85' lang='lat' dir='ltr'><strong>eiusque</strong></span> <span class='ocrx_word' id='word_1_232' title='bbox 2682 1929 2950 1995; x_wconf 75' lang='lat' dir='ltr'><strong>dogmata,</strong></span> <span class='ocrx_word' id='word_1_233' title='bbox 2985 1941 3094 1984; x_wconf 87' lang='lat' dir='ltr'><strong>tum</strong></span> <span class='ocrx_word' id='word_1_234' title='bbox 3126 1930 3242 2001; x_wconf 81' lang='lat' dir='ltr'><strong>ejus</strong></span> <span class='ocrx_word' id='word_1_235' title='bbox 3271 1936 3479 2000; x_wconf 88' lang='lat' dir='ltr'><strong>opinio-</strong></span> 
     </span>
    </p>
   </div>
   <div class='ocr_carea' id='block_1_36' title="bbox 215 1984 1795 2072">
    <p class='ocr_par' dir='ltr' id='par_1_36' title="bbox 215 1984 1795 2072">
     <span class='ocr_line' id='line_1_36' title="bbox 215 1984 1795 2072; baseline 0.014 -37"><span class='ocrx_word' id='word_1_236' title='bbox 215 1984 344 2045; x_wconf 78' lang='grc' dir='ltr'>τοὺς</span> <span class='ocrx_word' id='word_1_237' title='bbox 380 1988 810 2053; x_wconf 77' lang='grc' dir='ltr'>συναινέσαντας</span> <span class='ocrx_word' id='word_1_238' title='bbox 842 1994 991 2061; x_wconf 71' lang='grc' dir='ltr'>αὐτῷ</span> <span class='ocrx_word' id='word_1_239' title='bbox 1022 1995 1053 2062; x_wconf 84' lang='grc' dir='ltr'>ἢ</span> <span class='ocrx_word' id='word_1_240' title='bbox 1101 2002 1489 2065; x_wconf 79' lang='grc' dir='ltr'>συναινοῦντας</span> <span class='ocrx_word' id='word_1_241' title='bbox 1522 2004 1795 2072; x_wconf 82' lang='grc' dir='ltr'>ἀνεθεμά-</span> 
     </span>
    </p>
   </div>
   <div class='ocr_carea' id='block_1_37' title="bbox 209 2075 1792 2152">
    <p class='ocr_par' dir='ltr' id='par_1_37' title="bbox 209 2075 1792 2152">
     <span class='ocr_line' id='line_1_37' title="bbox 209 2075 1792 2152; baseline 0.016 -31"><span class='ocrx_word' id='word_1_242' title='bbox 209 2088 367 2125; x_wconf 86' lang='grc' dir='ltr'>τισεν</span> <span class='ocrx_word' id='word_1_243' title='bbox 396 2088 410 2102; x_wconf 84' lang='lat'><strong><em>°</em></strong></span> <span class='ocrx_word' id='word_1_244' title='bbox 449 2076 484 2141; x_wconf 81' lang='grc' dir='ltr'>ἡ</span> <span class='ocrx_word' id='word_1_245' title='bbox 512 2075 571 2127; x_wconf 75' lang='lat' dir='ltr'><strong>at</strong></span> <span class='ocrx_word' id='word_1_246' title='bbox 612 2077 669 2129; x_wconf 72' lang='grc' dir='ltr'>ἑν</span> <span class='ocrx_word' id='word_1_247' title='bbox 694 2078 998 2148; x_wconf 70' lang='grc' dir='ltr'>Χαλκηδόνι</span> <span class='ocrx_word' id='word_1_248' title='bbox 1028 2084 1161 2151; x_wconf 81' lang='grc' dir='ltr'>ἁγία</span> <span class='ocrx_word' id='word_1_249' title='bbox 1195 2088 1415 2152; x_wconf 78' lang='grc' dir='ltr'>σύνοδος</span> <span class='ocrx_word' id='word_1_250' title='bbox 1453 2092 1673 2146; x_wconf 84' lang='grc' dir='ltr'>καθείλέ</span> <span class='ocrx_word' id='word_1_251' title='bbox 1732 2112 1792 2147; x_wconf 88' lang='grc' dir='ltr'><strong>τε</strong></span> 
     </span>
    </p>
   </div>
   <div class='ocr_carea' id='block_1_38' title="bbox 214 2163 1794 2252">
    <p class='ocr_par' dir='ltr' id='par_1_38' title="bbox 214 2163 1794 2252">
     <span class='ocr_line' id='line_1_38' title="bbox 214 2163 1794 2252; baseline 0.013 -36"><span class='ocrx_word' id='word_1_252' title='bbox 214 2163 320 2216; x_wconf 76' lang='grc' dir='ltr'>καὶ</span> <span class='ocrx_word' id='word_1_253' title='bbox 377 2165 602 2229; x_wconf 70' lang='grc' dir='ltr'>ὲξέϐαλε</span> <span class='ocrx_word' id='word_1_254' title='bbox 654 2170 763 2225; x_wconf 84' lang='grc' dir='ltr'><strong>τῶν</strong></span> <span class='ocrx_word' id='word_1_255' title='bbox 796 2173 968 2240; x_wconf 81' lang='grc' dir='ltr'>ἁγίων</span> <span class='ocrx_word' id='word_1_256' title='bbox 1012 2176 1105 2228; x_wconf 89' lang='grc' dir='ltr'><strong>τοῦ</strong></span> <span class='ocrx_word' id='word_1_257' title='bbox 1161 2178 1296 2233; x_wconf 82' lang='grc' dir='ltr'><strong>Θεοῦ</strong></span> <span class='ocrx_word' id='word_1_258' title='bbox 1336 2183 1664 2252; x_wconf 75' lang='grc' dir='ltr'>ἐκκλησιῶν,</span> <span class='ocrx_word' id='word_1_259' title='bbox 1699 2187 1794 2239; x_wconf 71' lang='grc' dir='ltr'>καὶ</span> 
     </span>
    </p>
   </div>
   <div class='ocr_carea' id='block_1_39' title="bbox 210 2256 1792 2340">
    <p class='ocr_par' dir='ltr' id='par_1_39' title="bbox 210 2256 1792 2340">
     <span class='ocr_line' id='line_1_39' title="bbox 210 2256 1792 2340; baseline 0.015 -32"><span class='ocrx_word' id='word_1_260' title='bbox 210 2256 577 2326; x_wconf 80' lang='grc' dir='ltr'>ἁνεθεμάτισε</span> <span class='ocrx_word' id='word_1_261' title='bbox 609 2262 701 2313; x_wconf 80' lang='grc' dir='ltr'>καὶ</span> <span class='ocrx_word' id='word_1_262' title='bbox 733 2263 825 2315; x_wconf 80' lang='grc' dir='ltr'><strong>τὸν</strong></span> <span class='ocrx_word' id='word_1_263' title='bbox 856 2265 1028 2337; x_wconf 79' lang='grc' dir='ltr'>ἀσεσῆ</span> <span class='ocrx_word' id='word_1_264' title='bbox 1060 2270 1330 2340; x_wconf 76' lang='grc' dir='ltr'>Εύτυχέα,</span> <span class='ocrx_word' id='word_1_265' title='bbox 1385 2275 1477 2327; x_wconf 77' lang='grc' dir='ltr'>καὶ</span> <span class='ocrx_word' id='word_1_266' title='bbox 1519 2275 1585 2328; x_wconf 81' lang='grc' dir='ltr'>τὰ</span> <span class='ocrx_word' id='word_1_267' title='bbox 1625 2276 1792 2331; x_wconf 82' lang='grc' dir='ltr'>αὑτοῦ</span> 
     </span>
    </p>
   </div>
   <div class='ocr_carea' id='block_1_40' title="bbox 207 2349 1793 2434">
    <p class='ocr_par' dir='ltr' id='par_1_40' title="bbox 207 2349 1793 2434">
     <span class='ocr_line' id='line_1_40' title="bbox 207 2349 1793 2434; baseline 0.013 -34"><span class='ocrx_word' id='word_1_268' title='bbox 207 2349 486 2420; x_wconf 74' lang='grc' dir='ltr'>δόγματα,</span> <span class='ocrx_word' id='word_1_269' title='bbox 520 2354 613 2405; x_wconf 87' lang='grc' dir='ltr'>καὶ</span> <span class='ocrx_word' id='word_1_270' title='bbox 634 2354 763 2416; x_wconf 78' lang='grc' dir='ltr'>τοὺς</span> <span class='ocrx_word' id='word_1_271' title='bbox 794 2356 860 2408; x_wconf 74' lang='grc' dir='ltr'>τὰ</span> <span class='ocrx_word' id='word_1_272' title='bbox 883 2357 1049 2410; x_wconf 83' lang='grc' dir='ltr'>αὐτοῦ</span> <span class='ocrx_word' id='word_1_273' title='bbox 1068 2363 1445 2429; x_wconf 79' lang='grc' dir='ltr'>φρονήσαντας</span> <span class='ocrx_word' id='word_1_274' title='bbox 1471 2366 1503 2434; x_wconf 77' lang='grc' dir='ltr'><strong>ἢ</strong></span> <span class='ocrx_word' id='word_1_275' title='bbox 1530 2367 1793 2434; x_wconf 82' lang='grc' dir='ltr'>φρονοῦν-</span> 
     </span>
    </p>
   </div>
   <div class='ocr_carea' id='block_1_41' title="bbox 206 2448 1795 2523">
    <p class='ocr_par' dir='ltr' id='par_1_41' title="bbox 206 2448 1795 2523">
     <span class='ocr_line' id='line_1_41' title="bbox 206 2448 1795 2523; baseline 0.012 -29"><span class='ocrx_word' id='word_1_276' title='bbox 206 2458 340 2508; x_wconf 77' lang='grc' dir='ltr'>τας,</span> <span class='ocrx_word' id='word_1_277' title='bbox 384 2448 636 2507; x_wconf 72' lang='grc' dir='ltr'>καὶτοὺς</span> <span class='ocrx_word' id='word_1_278' title='bbox 682 2449 1175 2522; x_wconf 78' lang='grc' dir='ltr'>συναινέσανταςῆ</span> <span class='ocrx_word' id='word_1_279' title='bbox 1237 2456 1646 2523; x_wconf 71' lang='grc' dir='ltr'>ωναινοῦντας,</span> <span class='ocrx_word' id='word_1_280' title='bbox 1697 2461 1795 2513; x_wconf 74' lang='grc' dir='ltr'>καὶ</span> 
     </span>
    </p>
   </div>
   <div class='ocr_carea' id='block_1_42' title="bbox 211 2539 1790 2619">
    <p class='ocr_par' dir='ltr' id='par_1_42' title="bbox 211 2539 1790 2619">
     <span class='ocr_line' id='line_1_42' title="bbox 211 2539 1790 2619; baseline 0.01 -31"><span class='ocrx_word' id='word_1_281' title='bbox 211 2539 429 2601; x_wconf 70' lang='grc' dir='ltr'>πάντας</span> <span class='ocrx_word' id='word_1_282' title='bbox 453 2540 510 2593; x_wconf 64' lang='grc' dir='ltr'>δὲ</span> <span class='ocrx_word' id='word_1_283' title='bbox 545 2541 673 2603; x_wconf 81' lang='grc' dir='ltr'>τοὺς</span> <span class='ocrx_word' id='word_1_284' title='bbox 712 2544 1054 2613; x_wconf 73' lang='grc' dir='ltr'>αίρετικοῦς,</span> <span class='ocrx_word' id='word_1_285' title='bbox 1088 2546 1277 2600; x_wconf 77' lang='grc' dir='ltr'>καὶτὰ</span> <span class='ocrx_word' id='word_1_286' title='bbox 1314 2549 1496 2601; x_wconf 83' lang='grc' dir='ltr'>αὐτῶν</span> <span class='ocrx_word' id='word_1_287' title='bbox 1516 2548 1790 2619; x_wconf 81' lang='grc' dir='ltr'>δόγματα,</span> 
     </span>
    </p>
   </div>
   <div class='ocr_carea' id='block_1_43' title="bbox 210 2631 1790 2711">
    <p class='ocr_par' dir='ltr' id='par_1_43' title="bbox 210 2631 1790 2711">
     <span class='ocr_line' id='line_1_43' title="bbox 210 2631 1790 2711; baseline 0.011 -30"><span class='ocrx_word' id='word_1_288' title='bbox 210 2631 312 2685; x_wconf 74' lang='grc' dir='ltr'>καὶ</span> <span class='ocrx_word' id='word_1_289' title='bbox 346 2632 474 2694; x_wconf 76' lang='grc' dir='ltr'>τοὺς</span> <span class='ocrx_word' id='word_1_290' title='bbox 509 2635 577 2687; x_wconf 84' lang='grc' dir='ltr'>τὰ</span> <span class='ocrx_word' id='word_1_291' title='bbox 604 2634 782 2695; x_wconf 79' lang='grc' dir='ltr'>αὐτῶν</span> <span class='ocrx_word' id='word_1_292' title='bbox 812 2640 1198 2708; x_wconf 79' lang='grc' dir='ltr'>φρονήσαντας</span> <span class='ocrx_word' id='word_1_293' title='bbox 1228 2640 1261 2710; x_wconf 78' lang='grc' dir='ltr'>ἦ</span> <span class='ocrx_word' id='word_1_294' title='bbox 1301 2643 1634 2711; x_wconf 81' lang='grc' dir='ltr'>φρονοῦντας</span> <span class='ocrx_word' id='word_1_295' title='bbox 1660 2646 1790 2698; x_wconf 82' lang='grc' dir='ltr'>ἀνε-</span> 
     </span>
    </p>
   </div>
   <div class='ocr_carea' id='block_1_44' title="bbox 212 2726 1793 2809">
    <p class='ocr_par' dir='ltr' id='par_1_44' title="bbox 212 2726 1793 2809">
     <span class='ocr_line' id='line_1_44' title="bbox 212 2726 1793 2809; baseline 0.01 -33"><span class='ocrx_word' id='word_1_296' title='bbox 212 2726 534 2793; x_wconf 82' lang='grc' dir='ltr'>Θεμάτισεν.</span> <span class='ocrx_word' id='word_1_297' title='bbox 576 2726 812 2795; x_wconf 84' lang='grc' dir='ltr'>Ὁμοίως</span> <span class='ocrx_word' id='word_1_298' title='bbox 852 2731 907 2784; x_wconf 83' lang='grc' dir='ltr'>δὲ</span> <span class='ocrx_word' id='word_1_299' title='bbox 940 2732 1303 2802; x_wconf 79' lang='grc' dir='ltr'>ἀνεθεμάτισε</span> <span class='ocrx_word' id='word_1_300' title='bbox 1353 2736 1446 2789; x_wconf 69' lang='grc' dir='ltr'>καὶ</span> <span class='ocrx_word' id='word_1_301' title='bbox 1495 2738 1793 2809; x_wconf 84' lang='grc' dir='ltr'>Νεστόριον</span> 
     </span>
    </p>
   </div>
   <div class='ocr_carea' id='block_1_45' title="bbox 212 2817 1793 2902">
    <p class='ocr_par' dir='ltr' id='par_1_45' title="bbox 212 2817 1793 2902">
     <span class='ocr_line' id='line_1_45' title="bbox 212 2817 1793 2902; baseline 0.006 -33"><span class='ocrx_word' id='word_1_302' title='bbox 212 2817 320 2872; x_wconf 66' lang='lat' dir='ltr'><strong>zeal.</strong></span> <span class='ocrx_word' id='word_1_303' title='bbox 350 2819 419 2872; x_wconf 79' lang='grc' dir='ltr'><strong>τὰ</strong></span> <span class='ocrx_word' id='word_1_304' title='bbox 454 2820 620 2874; x_wconf 81' lang='grc' dir='ltr'>αὑτοῦ</span> <span class='ocrx_word' id='word_1_305' title='bbox 656 2822 926 2893; x_wconf 87' lang='grc' dir='ltr'>δόγματα,</span> <span class='ocrx_word' id='word_1_306' title='bbox 968 2828 1064 2880; x_wconf 82' lang='grc' dir='ltr'>καὶ</span> <span class='ocrx_word' id='word_1_307' title='bbox 1093 2829 1221 2891; x_wconf 80' lang='grc' dir='ltr'>τοὺς</span> <span class='ocrx_word' id='word_1_308' title='bbox 1254 2830 1322 2881; x_wconf 77' lang='grc' dir='ltr'>τὰ</span> <span class='ocrx_word' id='word_1_309' title='bbox 1354 2830 1523 2882; x_wconf 77' lang='grc' dir='ltr'>αὐτοῦ</span> <span class='ocrx_word' id='word_1_310' title='bbox 1586 2834 1793 2902; x_wconf 84' lang='grc' dir='ltr'>φρονή-</span> 
     </span>
    </p>
   </div>
   <div class='ocr_carea' id='block_1_46' title="bbox 216 2914 1794 2993">
    <p class='ocr_par' dir='ltr' id='par_1_46' title="bbox 216 2914 1794 2993">
     <span class='ocr_line' id='line_1_46' title="bbox 216 2914 1794 2993; baseline 0.008 -29"><span class='ocrx_word' id='word_1_311' title='bbox 216 2928 424 2974; x_wconf 87' lang='grc' dir='ltr'>σαντας</span> <span class='ocrx_word' id='word_1_312' title='bbox 450 2914 481 2983; x_wconf 75' lang='grc' dir='ltr'><strong>ἢ</strong></span> <span class='ocrx_word' id='word_1_313' title='bbox 516 2916 870 2985; x_wconf 74' lang='grc' dir='ltr'>φρονοῦντας,</span> <span class='ocrx_word' id='word_1_314' title='bbox 914 2920 1007 2971; x_wconf 72' lang='grc' dir='ltr'>καὶ</span> <span class='ocrx_word' id='word_1_315' title='bbox 1037 2921 1161 2979; x_wconf 72' lang='grc' dir='ltr'>τοὺς</span> <span class='ocrx_word' id='word_1_316' title='bbox 1190 2922 1619 2984; x_wconf 85' lang='grc' dir='ltr'>συναινέσαντας</span> <span class='ocrx_word' id='word_1_317' title='bbox 1643 2925 1794 2993; x_wconf 78' lang='grc' dir='ltr'>αὐτῷ</span> 
     </span>
    </p>
   </div>
   <div class='ocr_carea' id='block_1_47' title="bbox 214 3006 1795 3084">
    <p class='ocr_par' dir='ltr' id='par_1_47' title="bbox 214 3006 1795 3084">
     <span class='ocr_line' id='line_1_47' title="bbox 214 3006 1795 3084; baseline 0.008 -27"><span class='ocrx_word' id='word_1_318' title='bbox 214 3006 251 3066; x_wconf 76' lang='grc' dir='ltr'>ἢ</span> <span class='ocrx_word' id='word_1_319' title='bbox 287 3008 695 3069; x_wconf 87' lang='grc' dir='ltr'>συναινοῦντας.</span> <span class='ocrx_word' id='word_1_320' title='bbox 741 3010 808 3062; x_wconf 82' lang='grc' dir='ltr'><strong><em>Ἥ</em></strong></span> <span class='ocrx_word' id='word_1_321' title='bbox 840 3010 979 3081; x_wconf 79' lang='grc' dir='ltr'>αὑτὴ</span> <span class='ocrx_word' id='word_1_322' title='bbox 1005 3012 1060 3065; x_wconf 72' lang='grc' dir='ltr'>δι</span> <span class='ocrx_word' id='word_1_323' title='bbox 1092 3014 1149 3064; x_wconf 70' lang='grc' dir='ltr'>ὲν</span> <span class='ocrx_word' id='word_1_324' title='bbox 1180 3012 1490 3084; x_wconf 81' lang='grc' dir='ltr'>Χαλκηδόνι</span> <span class='ocrx_word' id='word_1_325' title='bbox 1510 3016 1639 3083; x_wconf 81' lang='grc' dir='ltr'>ἁγία</span> <span class='ocrx_word' id='word_1_326' title='bbox 1667 3017 1795 3069; x_wconf 85' lang='grc' dir='ltr'>σύν-</span> 
     </span>
    </p>
   </div>
   <div class='ocr_carea' id='block_1_48' title="bbox 214 3096 1794 3178">
    <p class='ocr_par' dir='ltr' id='par_1_48' title="bbox 214 3096 1794 3178">
     <span class='ocr_line' id='line_1_48' title="bbox 214 3096 1794 3178; baseline 0.009 -30"><span class='ocrx_word' id='word_1_327' title='bbox 214 3096 340 3159; x_wconf 90' lang='grc' dir='ltr'>οδος</span> <span class='ocrx_word' id='word_1_328' title='bbox 366 3098 459 3151; x_wconf 78' lang='grc' dir='ltr'>καὶ</span> <span class='ocrx_word' id='word_1_329' title='bbox 505 3100 605 3169; x_wconf 77' lang='grc' dir='ltr'>τὴν</span> <span class='ocrx_word' id='word_1_330' title='bbox 644 3102 739 3153; x_wconf 88' lang='grc' dir='ltr'><strong>τοῦ</strong></span> <span class='ocrx_word' id='word_1_331' title='bbox 792 3103 1031 3171; x_wconf 84' lang='grc' dir='ltr'>μεγάλου</span> <span class='ocrx_word' id='word_1_332' title='bbox 1093 3104 1344 3173; x_wconf 84' lang='grc' dir='ltr'>Πρόκλου</span> <span class='ocrx_word' id='word_1_333' title='bbox 1402 3108 1539 3177; x_wconf 75' lang='grc' dir='ltr'>πρὸς</span> <span class='ocrx_word' id='word_1_334' title='bbox 1587 3108 1794 3178; x_wconf 76' lang='grc' dir='ltr'>’Λρμε-</span> 
     </span>
    </p>
   </div>
   <div class='ocr_carea' id='block_1_49' title="bbox 1898 2016 3477 2089">
    <p class='ocr_par' dir='ltr' id='par_1_49' title="bbox 1898 2016 3477 2089">
     <span class='ocr_line' id='line_1_49' title="bbox 1898 2016 3477 2089; baseline 0.014 -27"><span class='ocrx_word' id='word_1_335' title='bbox 1898 2026 1993 2063; x_wconf 88' lang='lat' dir='ltr'><strong>nes</strong></span> <span class='ocrx_word' id='word_1_336' title='bbox 2042 2024 2276 2076; x_wconf 90' lang='lat' dir='ltr'><strong>secutos,</strong></span> <span class='ocrx_word' id='word_1_337' title='bbox 2308 2016 2388 2067; x_wconf 89' lang='lat' dir='ltr'><strong>vel</strong></span> <span class='ocrx_word' id='word_1_338' title='bbox 2422 2030 2732 2085; x_wconf 71' lang='lat' dir='ltr'><strong>sequentes.</strong></span> <span class='ocrx_word' id='word_1_339' title='bbox 2767 2032 2818 2074; x_wconf 88' lang='lat' dir='ltr'><strong>et</strong></span> <span class='ocrx_word' id='word_1_340' title='bbox 2859 2024 2947 2089; x_wconf 90' lang='lat' dir='ltr'><strong>qni</strong></span> <span class='ocrx_word' id='word_1_341' title='bbox 2978 2041 3096 2077; x_wconf 89' lang='lat' dir='ltr'><strong>cum</strong></span> <span class='ocrx_word' id='word_1_342' title='bbox 3129 2042 3193 2079; x_wconf 90' lang='lat' dir='ltr'><strong>eo</strong></span> <span class='ocrx_word' id='word_1_343' title='bbox 3228 2030 3308 2079; x_wconf 87' lang='lat' dir='ltr'><strong>vel</strong></span> <span class='ocrx_word' id='word_1_344' title='bbox 3346 2046 3477 2083; x_wconf 91' lang='lat' dir='ltr'><strong>con-</strong></span> 
     </span>
    </p>
   </div>
   <div class='ocr_carea' id='block_1_50' title="bbox 1898 2104 3463 2181">
    <p class='ocr_par' dir='ltr' id='par_1_50' title="bbox 1898 2104 3463 2181">
     <span class='ocr_line' id='line_1_50' title="bbox 1898 2104 3463 2181; baseline 0.01 -25"><span class='ocrx_word' id='word_1_345' title='bbox 1898 2104 2215 2169; x_wconf 84' lang='lat' dir='ltr'><strong>sensissent,</strong></span> <span class='ocrx_word' id='word_1_346' title='bbox 2270 2108 2351 2161; x_wconf 89' lang='lat' dir='ltr'><strong>vel</strong></span> <span class='ocrx_word' id='word_1_347' title='bbox 2404 2113 2805 2175; x_wconf 82' lang='lat' dir='ltr'><strong>consentirent;</strong></span> <span class='ocrx_word' id='word_1_348' title='bbox 2858 2126 3018 2181; x_wconf 85' lang='lat' dir='ltr'><strong>atque</strong></span> <span class='ocrx_word' id='word_1_349' title='bbox 3059 2133 3250 2172; x_wconf 85' lang='lat' dir='ltr'><strong>omnes</strong></span> <span class='ocrx_word' id='word_1_350' title='bbox 3302 2122 3463 2173; x_wconf 86' lang='lat' dir='ltr'><strong>etiam</strong></span> 
     </span>
    </p>
   </div>
   <div class='ocr_carea' id='block_1_51' title="bbox 1901 2195 3475 2277">
    <p class='ocr_par' dir='ltr' id='par_1_51' title="bbox 1901 2195 3475 2277">
     <span class='ocr_line' id='line_1_51' title="bbox 1901 2195 3475 2277; baseline 0.011 -30"><span class='ocrx_word' id='word_1_351' title='bbox 1901 2195 2181 2251; x_wconf 68' lang='lat' dir='ltr'><strong>hmreticos</strong></span> <span class='ocrx_word' id='word_1_352' title='bbox 2208 2212 2502 2268; x_wconf 81' lang='lat' dir='ltr'><strong>earumque</strong></span> <span class='ocrx_word' id='word_1_353' title='bbox 2528 2202 2772 2269; x_wconf 83' lang='lat' dir='ltr'><strong>dogmata</strong></span> <span class='ocrx_word' id='word_1_354' title='bbox 2800 2219 2919 2257; x_wconf 89' lang='lat' dir='ltr'><strong>cum</strong></span> <span class='ocrx_word' id='word_1_355' title='bbox 2954 2206 3038 2271; x_wconf 89' lang='lat' dir='ltr'><strong>iis,</strong></span> <span class='ocrx_word' id='word_1_356' title='bbox 3068 2210 3153 2268; x_wconf 83' lang='lat' dir='ltr'><strong>qui</strong></span> <span class='ocrx_word' id='word_1_357' title='bbox 3192 2210 3475 2277; x_wconf 86' lang='lat' dir='ltr'><strong>opinion--s</strong></span> 
     </span>
    </p>
   </div>
   <div class='ocr_carea' id='block_1_52' title="bbox 1897 2286 3477 2368">
    <p class='ocr_par' dir='ltr' id='par_1_52' title="bbox 1897 2286 3477 2368">
     <span class='ocr_line' id='line_1_52' title="bbox 1897 2286 3477 2368; baseline 0.008 -29"><span class='ocrx_word' id='word_1_358' title='bbox 1897 2286 2135 2355; x_wconf 87' lang='lat' dir='ltr'><strong>ipsorum</strong></span> <span class='ocrx_word' id='word_1_359' title='bbox 2172 2290 2400 2356; x_wconf 86' lang='lat' dir='ltr'><strong>amplexi</strong></span> <span class='ocrx_word' id='word_1_360' title='bbox 2434 2302 2642 2357; x_wconf 86' lang='lat' dir='ltr'><strong>essent,</strong></span> <span class='ocrx_word' id='word_1_361' title='bbox 2672 2295 2756 2347; x_wconf 86' lang='lat' dir='ltr'><strong>vel</strong></span> <span class='ocrx_word' id='word_1_362' title='bbox 2797 2298 3289 2365; x_wconf 80' lang='lat' dir='ltr'><strong>amplecterentur;</strong></span> <span class='ocrx_word' id='word_1_363' title='bbox 3319 2307 3477 2368; x_wconf 81' lang='lat' dir='ltr'><strong>quive</strong></span> 
     </span>
    </p>
   </div>
   <div class='ocr_carea' id='block_1_53' title="bbox 1897 2381 3477 2451">
    <p class='ocr_par' dir='ltr' id='par_1_53' title="bbox 1897 2381 3477 2451">
     <span class='ocr_line' id='line_1_53' title="bbox 1897 2381 3477 2451; baseline 0.006 -18"><span class='ocrx_word' id='word_1_364' title='bbox 1897 2392 2016 2433; x_wconf 89' lang='lat' dir='ltr'><strong>cuin</strong></span> <span class='ocrx_word' id='word_1_365' title='bbox 2059 2381 2137 2433; x_wconf 88' lang='lat' dir='ltr'><strong>eis</strong></span> <span class='ocrx_word' id='word_1_366' title='bbox 2168 2384 2610 2447; x_wconf 76' lang='lat' dir='ltr'><strong>consensi~scnt,</strong></span> <span class='ocrx_word' id='word_1_367' title='bbox 2657 2395 2748 2437; x_wconf 90' lang='lat' dir='ltr'><strong>aut</strong></span> <span class='ocrx_word' id='word_1_368' title='bbox 2801 2389 3194 2451; x_wconf 85' lang='lat' dir='ltr'><strong>consentirent,</strong></span> <span class='ocrx_word' id='word_1_369' title='bbox 3248 2393 3477 2444; x_wconf 79' lang='lat' dir='ltr'><strong>anathe-</strong></span> 
     </span>
    </p>
   </div>
   <div class='ocr_carea' id='block_1_54' title="bbox 1900 2471 3479 2537">
    <p class='ocr_par' dir='ltr' id='par_1_54' title="bbox 1900 2471 3479 2537">
     <span class='ocr_line' id='line_1_54' title="bbox 1900 2471 3479 2537; baseline 0.007 -16"><span class='ocrx_word' id='word_1_370' title='bbox 1900 2477 2041 2521; x_wconf 87' lang='lat' dir='ltr'><strong>mate</strong></span> <span class='ocrx_word' id='word_1_371' title='bbox 2090 2471 2375 2537; x_wconf 82' lang='lat' dir='ltr'><strong>percussit.</strong></span> <span class='ocrx_word' id='word_1_372' title='bbox 2406 2472 2771 2529; x_wconf 81' lang='lat' dir='ltr'><strong>Consimiliter</strong></span> <span class='ocrx_word' id='word_1_373' title='bbox 2800 2486 2852 2529; x_wconf 90' lang='lat' dir='ltr'><strong>et</strong></span> <span class='ocrx_word' id='word_1_374' title='bbox 2893 2476 3199 2533; x_wconf 80' lang='lat' dir='ltr'><strong>Nestorium</strong></span> <span class='ocrx_word' id='word_1_375' title='bbox 3252 2484 3479 2534; x_wconf 80' lang='lat' dir='ltr'><strong>anathe-</strong></span> 
     </span>
    </p>
   </div>
   <div class='ocr_carea' id='block_1_55' title="bbox 1899 2560 3479 2641">
    <p class='ocr_par' dir='ltr' id='par_1_55' title="bbox 1899 2560 3479 2641">
     <span class='ocr_line' id='line_1_55' title="bbox 1899 2560 3479 2641; baseline 0.008 -31"><span class='ocrx_word' id='word_1_376' title='bbox 1899 2560 2029 2613; x_wconf 87' lang='lat' dir='ltr'><strong>mati</strong></span> <span class='ocrx_word' id='word_1_377' title='bbox 2078 2561 2328 2625; x_wconf 80' lang='lat' dir='ltr'><strong>subjecit,</strong></span> <span class='ocrx_word' id='word_1_378' title='bbox 2367 2561 2591 2630; x_wconf 73' lang='lat' dir='ltr'><strong>ejusque</strong></span> <span class='ocrx_word' id='word_1_379' title='bbox 2626 2567 2914 2634; x_wconf 79' lang='lat' dir='ltr'><strong>dogmata;</strong></span> <span class='ocrx_word' id='word_1_380' title='bbox 2950 2584 3069 2621; x_wconf 89' lang='lat' dir='ltr'><strong>cuin</strong></span> <span class='ocrx_word' id='word_1_381' title='bbox 3108 2572 3191 2633; x_wconf 90' lang='lat' dir='ltr'><strong>iis,</strong></span> <span class='ocrx_word' id='word_1_382' title='bbox 3241 2573 3330 2639; x_wconf 91' lang='lat' dir='ltr'><strong>qui</strong></span> <span class='ocrx_word' id='word_1_383' title='bbox 3366 2576 3479 2641; x_wconf 83' lang='lat' dir='ltr'><strong>Opi-</strong></span> 
     </span>
    </p>
   </div>
   <div class='ocr_carea' id='block_1_56' title="bbox 1898 2645 3477 2731">
    <p class='ocr_par' dir='ltr' id='par_1_56' title="bbox 1898 2645 3477 2731">
     <span class='ocr_line' id='line_1_56' title="bbox 1898 2645 3477 2731; baseline 0.008 -26"><span class='ocrx_word' id='word_1_384' title='bbox 1898 2653 2085 2707; x_wconf 89' lang='lat' dir='ltr'><strong>niones</strong></span> <span class='ocrx_word' id='word_1_385' title='bbox 2129 2654 2295 2719; x_wconf 87' lang='lat' dir='ltr'><strong>ipsius</strong></span> <span class='ocrx_word' id='word_1_386' title='bbox 2345 2658 2575 2724; x_wconf 78' lang='lat' dir='ltr'><strong>amplexi</strong></span> <span class='ocrx_word' id='word_1_387' title='bbox 2610 2669 2830 2723; x_wconf 87' lang='lat' dir='ltr'><strong>essent,</strong></span> <span class='ocrx_word' id='word_1_388' title='bbox 2870 2645 2951 2714; x_wconf 81' lang='lat' dir='ltr'><strong>vel</strong></span> <span class='ocrx_word' id='word_1_389' title='bbox 2985 2663 3477 2731; x_wconf 67' lang='lat' dir='ltr'><strong>ampli-cierentur;</strong></span> 
     </span>
    </p>
   </div>
   <div class='ocr_carea' id='block_1_57' title="bbox 1896 2741 3474 2809">
    <p class='ocr_par' dir='ltr' id='par_1_57' title="bbox 1896 2741 3474 2809">
     <span class='ocr_line' id='line_1_57' title="bbox 1896 2741 3474 2809; baseline 0.009 -18"><span class='ocrx_word' id='word_1_390' title='bbox 1896 2741 2055 2809; x_wconf 90' lang='lat' dir='ltr'><strong>quive</strong></span> <span class='ocrx_word' id='word_1_391' title='bbox 2081 2758 2199 2796; x_wconf 90' lang='lat' dir='ltr'><strong>cum</strong></span> <span class='ocrx_word' id='word_1_392' title='bbox 2223 2760 2287 2797; x_wconf 91' lang='lat' dir='ltr'><strong>co</strong></span> <span class='ocrx_word' id='word_1_393' title='bbox 2309 2748 2735 2808; x_wconf 80' lang='lat' dir='ltr'><strong>consensissent.</strong></span> <span class='ocrx_word' id='word_1_394' title='bbox 2759 2760 2851 2803; x_wconf 89' lang='lat' dir='ltr'><strong>ant</strong></span> <span class='ocrx_word' id='word_1_395' title='bbox 2870 2756 3254 2807; x_wconf 74' lang='lat' dir='ltr'><strong>consentirent.</strong></span> <span class='ocrx_word' id='word_1_396' title='bbox 3275 2754 3474 2808; x_wconf 85' lang='lat' dir='ltr'><strong>Eadem</strong></span> 
     </span>
    </p>
   </div>
   <div class='ocr_carea' id='block_1_58' title="bbox 1897 2834 3479 2912">
    <p class='ocr_par' dir='ltr' id='par_1_58' title="bbox 1897 2834 3479 2912">
     <span class='ocr_line' id='line_1_58' title="bbox 1897 2834 3479 2912; baseline 0.007 -27"><span class='ocrx_word' id='word_1_397' title='bbox 1897 2845 2052 2886; x_wconf 84' lang='lat' dir='ltr'><strong>sacra</strong></span> <span class='ocrx_word' id='word_1_398' title='bbox 2079 2834 2910 2909; x_wconf 69' lang='lat' dir='ltr'><strong>ClialcedOiieiisis(l4)synodus</strong></span> <span class='ocrx_word' id='word_1_399' title='bbox 2940 2843 3104 2895; x_wconf 74' lang='lat' dir='ltr'><strong>etiam</strong></span> <span class='ocrx_word' id='word_1_400' title='bbox 3140 2847 3310 2912; x_wconf 76' lang='lat' dir='ltr'><strong>magni</strong></span> <span class='ocrx_word' id='word_1_401' title='bbox 3339 2846 3479 2897; x_wconf 81' lang='lat' dir='ltr'><strong>illius</strong></span> 
     </span>
    </p>
   </div>
   <div class='ocr_carea' id='block_1_59' title="bbox 1898 2921 3481 3002">
    <p class='ocr_par' dir='ltr' id='par_1_59' title="bbox 1898 2921 3481 3002">
     <span class='ocr_line' id='line_1_59' title="bbox 1898 2921 3481 3002; baseline 0.008 -27"><span class='ocrx_word' id='word_1_402' title='bbox 1898 2921 2073 2977; x_wconf 85' lang='lat' dir='ltr'><strong>Procli</strong></span> <span class='ocrx_word' id='word_1_403' title='bbox 2103 2926 2379 2991; x_wconf 79' lang='lat' dir='ltr'><strong>epistolam</strong></span> <span class='ocrx_word' id='word_1_404' title='bbox 2417 2929 2483 2979; x_wconf 88' lang='lat' dir='ltr'><strong>ad</strong></span> <span class='ocrx_word' id='word_1_405' title='bbox 2511 2929 2796 2985; x_wconf 81' lang='lat' dir='ltr'><strong>Armenios</strong></span> <span class='ocrx_word' id='word_1_406' title='bbox 2831 2933 3110 3002; x_wconf 88' lang='lat' dir='ltr'><strong>scriptam,</strong></span> <span class='ocrx_word' id='word_1_407' title='bbox 3148 2951 3251 3002; x_wconf 85' lang='lat' dir='ltr'><strong>qua</strong></span> <span class='ocrx_word' id='word_1_408' title='bbox 3284 2946 3481 2990; x_wconf 87' lang='lat' dir='ltr'><strong>tracta-</strong></span> 
     </span>
    </p>
   </div>
   <div class='ocr_carea' id='block_1_60' title="bbox 1899 3017 3477 3087">
    <p class='ocr_par' dir='ltr' id='par_1_60' title="bbox 1899 3017 3477 3087">
     <span class='ocr_line' id='line_1_60' title="bbox 1899 3017 3477 3087; baseline 0.006 -18"><span class='ocrx_word' id='word_1_409' title='bbox 1899 3023 2011 3079; x_wconf 88' lang='lat' dir='ltr'><strong>tur,</strong></span> <span class='ocrx_word' id='word_1_410' title='bbox 2042 3017 2145 3069; x_wconf 77' lang='lat' dir='ltr'><strong>dici</strong></span> <span class='ocrx_word' id='word_1_411' title='bbox 2183 3017 2401 3082; x_wconf 84' lang='lat' dir='ltr'><strong>deliere,</strong></span> <span class='ocrx_word' id='word_1_412' title='bbox 2440 3021 2582 3087; x_wconf 89' lang='lat' dir='ltr'><strong>quod</strong></span> <span class='ocrx_word' id='word_1_413' title='bbox 2623 3021 2880 3075; x_wconf 88' lang='lat' dir='ltr'><strong>Dominus</strong></span> <span class='ocrx_word' id='word_1_414' title='bbox 2922 3037 3110 3079; x_wconf 85' lang='lat' dir='ltr'><strong>noster</strong></span> <span class='ocrx_word' id='word_1_415' title='bbox 3140 3024 3292 3080; x_wconf 77' lang='lat' dir='ltr'><strong>Jesns</strong></span> <span class='ocrx_word' id='word_1_416' title='bbox 3319 3026 3477 3081; x_wconf 83' lang='lat' dir='ltr'><strong>Chri-</strong></span> 
     </span>
    </p>
   </div>
   <div class='ocr_carea' id='block_1_61' title="bbox 1899 3107 3472 3181">
    <p class='ocr_par' dir='ltr' id='par_1_61' title="bbox 1899 3107 3472 3181">
     <span class='ocr_line' id='line_1_61' title="bbox 1899 3107 3472 3181; baseline 0.004 -19"><span class='ocrx_word' id='word_1_417' title='bbox 1899 3116 2040 3171; x_wconf 83' lang='lat' dir='ltr'><strong>stus,</strong></span> <span class='ocrx_word' id='word_1_418' title='bbox 2078 3107 2247 3161; x_wconf 84' lang='lat' dir='ltr'><strong>Filius</strong></span> <span class='ocrx_word' id='word_1_419' title='bbox 2287 3109 2375 3162; x_wconf 91' lang='lat' dir='ltr'><strong>ille</strong></span> <span class='ocrx_word' id='word_1_420' title='bbox 2423 3109 2537 3175; x_wconf 90' lang='lat' dir='ltr'><strong>Dei,</strong></span> <span class='ocrx_word' id='word_1_421' title='bbox 2586 3110 2836 3181; x_wconf 85' lang='lat' dir='ltr'><strong>Detisqiic</strong></span> <span class='ocrx_word' id='word_1_422' title='bbox 2873 3126 3058 3170; x_wconf 84' lang='lat' dir='ltr'><strong>noster</strong></span> <span class='ocrx_word' id='word_1_423' title='bbox 3087 3157 3101 3180; x_wconf 96' lang='lat'><strong>,</strong></span> <span class='ocrx_word' id='word_1_424' title='bbox 3132 3132 3268 3170; x_wconf 88' lang='lat' dir='ltr'><strong>unus</strong></span> <span class='ocrx_word' id='word_1_425' title='bbox 3304 3119 3374 3171; x_wconf 72' lang='lat' dir='ltr'><strong>sit</strong></span> <span class='ocrx_word' id='word_1_426' title='bbox 3409 3135 3472 3172; x_wconf 78' lang='lat' dir='ltr'><strong>ev</strong></span> 
     </span>
    </p>
   </div>
   <div class='ocr_carea' id='block_1_62' title="bbox 216 3188 1794 3275">
    <p class='ocr_par' dir='ltr' id='par_1_62' title="bbox 216 3188 1791 3269">
     <span class='ocr_line' id='line_1_62' title="bbox 216 3188 1791 3269; baseline 0.009 -29"><span class='ocrx_word' id='word_1_427' title='bbox 216 3188 367 3252; x_wconf 90' lang='grc' dir='ltr'>νίους</span> <span class='ocrx_word' id='word_1_428' title='bbox 400 3193 713 3259; x_wconf 84' lang='grc' dir='ltr'>γραφεῖσαν</span> <span class='ocrx_word' id='word_1_429' title='bbox 741 3192 1036 3265; x_wconf 77' lang='grc' dir='ltr'>ἐπιστολὴν</span> <span class='ocrx_word' id='word_1_430' title='bbox 1065 3199 1195 3266; x_wconf 73' lang='grc' dir='ltr'>περὶ</span> <span class='ocrx_word' id='word_1_431' title='bbox 1236 3197 1332 3250; x_wconf 84' lang='grc' dir='ltr'><strong>τοῦ</strong></span> <span class='ocrx_word' id='word_1_432' title='bbox 1382 3202 1578 3269; x_wconf 82' lang='grc' dir='ltr'>χρῆναι</span> <span class='ocrx_word' id='word_1_433' title='bbox 1608 3199 1791 3267; x_wconf 84' lang='grc' dir='ltr'>λέγειν</span> 
     </span>
    </p>
   </div>
   <div class='ocr_carea' id='block_1_63' title="bbox 1896 3188 3482 3275">
    <p class='ocr_par' dir='ltr' id='par_1_63' title="bbox 1898 3202 3482 3275">
     <span class='ocr_line' id='line_1_63' title="bbox 1898 3202 3482 3275; baseline 0.004 -18"><span class='ocrx_word' id='word_1_434' title='bbox 1898 3213 2083 3257; x_wconf 83' lang='lat' dir='ltr'><strong>sancta</strong></span> <span class='ocrx_word' id='word_1_435' title='bbox 2132 3202 2419 3266; x_wconf 82' lang='lat' dir='ltr'><strong>Trinitate,</strong></span> <span class='ocrx_word' id='word_1_436' title='bbox 2463 3218 2561 3269; x_wconf 87' lang='lat' dir='ltr'><strong>per</strong></span> <span class='ocrx_word' id='word_1_437' title='bbox 2608 3206 2920 3260; x_wconf 85' lang='lat' dir='ltr'><strong>relationem</strong></span> <span class='ocrx_word' id='word_1_438' title='bbox 2973 3222 3124 3261; x_wconf 88' lang='lat' dir='ltr'><strong>suam</strong></span> <span class='ocrx_word' id='word_1_439' title='bbox 3178 3210 3379 3275; x_wconf 86' lang='lat' dir='ltr'><strong>recepit</strong></span> <span class='ocrx_word' id='word_1_440' title='bbox 3428 3221 3482 3263; x_wconf 73' lang='lat' dir='ltr'><strong>et</strong></span> 
     </span>
    </p>
   </div>
   <div class='ocr_carea' id='block_1_64' title="bbox 212 3279 1789 3357">
    <p class='ocr_par' dir='ltr' id='par_1_64' title="bbox 212 3279 1789 3357">
     <span class='ocr_line' id='line_1_64' title="bbox 212 3279 1789 3357; baseline 0.009 -26"><span class='ocrx_word' id='word_1_441' title='bbox 212 3279 309 3332; x_wconf 79' lang='grc' dir='ltr'><strong>τὸν</strong></span> <span class='ocrx_word' id='word_1_442' title='bbox 335 3283 615 3350; x_wconf 80' lang='grc' dir='ltr'>Δεσπότην</span> <span class='ocrx_word' id='word_1_443' title='bbox 652 3283 811 3351; x_wconf 79' lang='grc' dir='ltr'>ἡμῶν</span> <span class='ocrx_word' id='word_1_444' title='bbox 865 3286 1076 3355; x_wconf 81' lang='grc' dir='ltr'>Ἰησοῦν</span> <span class='ocrx_word' id='word_1_445' title='bbox 1125 3289 1363 3357; x_wconf 85' lang='grc' dir='ltr'>Χριστὸν</span> <span class='ocrx_word' id='word_1_446' title='bbox 1406 3291 1498 3343; x_wconf 78' lang='grc' dir='ltr'><strong>τὸν</strong></span> <span class='ocrx_word' id='word_1_447' title='bbox 1533 3292 1659 3345; x_wconf 64' lang='grc' dir='ltr'>Υἱὲν</span> <span class='ocrx_word' id='word_1_448' title='bbox 1695 3292 1789 3345; x_wconf 90' lang='grc' dir='ltr'><strong>τοῦ</strong></span> 
     </span>
    </p>
   </div>
   <div class='ocr_carea' id='block_1_65' title="bbox 216 3370 1792 3450">
    <p class='ocr_par' dir='ltr' id='par_1_65' title="bbox 216 3370 1792 3450">
     <span class='ocr_line' id='line_1_65' title="bbox 216 3370 1792 3450; baseline 0.01 -28"><span class='ocrx_word' id='word_1_449' title='bbox 216 3370 358 3423; x_wconf 81' lang='grc' dir='ltr'>Θεοῦ</span> <span class='ocrx_word' id='word_1_450' title='bbox 405 3373 499 3426; x_wconf 80' lang='grc' dir='ltr'>καὶ</span> <span class='ocrx_word' id='word_1_451' title='bbox 529 3372 663 3426; x_wconf 80' lang='grc' dir='ltr'>Θεὸν</span> <span class='ocrx_word' id='word_1_452' title='bbox 717 3375 877 3444; x_wconf 81' lang='grc' dir='ltr'>ἡμῶν</span> <span class='ocrx_word' id='word_1_453' title='bbox 923 3377 1019 3429; x_wconf 73' lang='grc' dir='ltr'>ἕνα</span> <span class='ocrx_word' id='word_1_454' title='bbox 1066 3378 1167 3447; x_wconf 87' lang='grc' dir='ltr'>τῆς</span> <span class='ocrx_word' id='word_1_455' title='bbox 1216 3381 1381 3447; x_wconf 76' lang='grc' dir='ltr'>ἁγίας</span> <span class='ocrx_word' id='word_1_456' title='bbox 1424 3382 1655 3450; x_wconf 86' lang='grc' dir='ltr'>Τριάδος</span> <span class='ocrx_word' id='word_1_457' title='bbox 1701 3384 1792 3439; x_wconf 76' lang='grc' dir='ltr'>διὰ</span> 
     </span>
    </p>
   </div>
   <div class='ocr_carea' id='block_1_66' title="bbox 218 3462 1789 3537">
    <p class='ocr_par' dir='ltr' id='par_1_66' title="bbox 218 3462 1789 3537">
     <span class='ocr_line' id='line_1_66' title="bbox 218 3462 1789 3537; baseline 0.01 -21"><span class='ocrx_word' id='word_1_458' title='bbox 218 3462 322 3527; x_wconf 69' lang='grc' dir='ltr'><strong>τῆς</strong></span> <span class='ocrx_word' id='word_1_459' title='bbox 355 3466 563 3529; x_wconf 81' lang='grc' dir='ltr'>οἰκείας</span> <span class='ocrx_word' id='word_1_460' title='bbox 614 3469 896 3537; x_wconf 81' lang='grc' dir='ltr'>ἀναφορᾶς</span> <span class='ocrx_word' id='word_1_461' title='bbox 932 3470 1150 3535; x_wconf 71' lang='grc' dir='ltr'>ἐδέξατό</span> <span class='ocrx_word' id='word_1_462' title='bbox 1182 3489 1240 3524; x_wconf 83' lang='grc' dir='ltr'><strong>τε</strong></span> <span class='ocrx_word' id='word_1_463' title='bbox 1286 3473 1379 3526; x_wconf 72' lang='grc' dir='ltr'>καὶ</span> <span class='ocrx_word' id='word_1_464' title='bbox 1430 3475 1789 3532; x_wconf 78' lang='grc' dir='ltr'>ὲὸεόαίωσεν.</span> 
     </span>
    </p>
   </div>
   <div class='ocr_carea' id='block_1_67' title="bbox 212 3557 1792 3638">
    <p class='ocr_par' dir='ltr' id='par_1_67' title="bbox 212 3557 1792 3638">
     <span class='ocr_line' id='line_1_67' title="bbox 212 3557 1792 3638; baseline 0.008 -27"><span class='ocrx_word' id='word_1_465' title='bbox 212 3557 280 3612; x_wconf 81' lang='lat' dir='ltr'><strong>El</strong></span> <span class='ocrx_word' id='word_1_466' title='bbox 301 3560 410 3628; x_wconf 81' lang='grc' dir='ltr'><strong>γὰρ</strong></span> <span class='ocrx_word' id='word_1_467' title='bbox 436 3560 533 3620; x_wconf 84' lang='grc' dir='ltr'>τὰς</span> <span class='ocrx_word' id='word_1_468' title='bbox 559 3561 864 3630; x_wconf 68' lang='grc' dir='ltr'>εἰρημένας</span> <span class='ocrx_word' id='word_1_469' title='bbox 920 3562 983 3631; x_wconf 82' lang='grc' dir='ltr'>δὴ</span> <span class='ocrx_word' id='word_1_470' title='bbox 1033 3564 1198 3631; x_wconf 84' lang='grc' dir='ltr'>ἁγίας</span> <span class='ocrx_word' id='word_1_471' title='bbox 1232 3566 1486 3629; x_wconf 88' lang='grc' dir='ltr'>συνόδους</span> <span class='ocrx_word' id='word_1_472' title='bbox 1528 3570 1792 3638; x_wconf 80' lang='grc' dir='ltr'>παρεξέλ-</span> 
     </span>
    </p>
   </div>
   <div class='ocr_carea' id='block_1_68' title="bbox 213 3647 1791 3728">
    <p class='ocr_par' dir='ltr' id='par_1_68' title="bbox 213 3647 1791 3728">
     <span class='ocr_line' id='line_1_68' title="bbox 213 3647 1791 3728; baseline 0.009 -29"><span class='ocrx_word' id='word_1_473' title='bbox 213 3647 419 3717; x_wconf 80' lang='grc' dir='ltr'>θωμεν,</span> <span class='ocrx_word' id='word_1_474' title='bbox 472 3650 504 3719; x_wconf 74' lang='grc' dir='ltr'>ἢ</span> <span class='ocrx_word' id='word_1_475' title='bbox 568 3652 638 3701; x_wconf 84' lang='grc' dir='ltr'>τὰ</span> <span class='ocrx_word' id='word_1_476' title='bbox 695 3652 827 3719; x_wconf 83' lang='grc' dir='ltr'>παρ’</span> <span class='ocrx_word' id='word_1_477' title='bbox 859 3652 1041 3704; x_wconf 83' lang='grc' dir='ltr'>αὐτῶν</span> <span class='ocrx_word' id='word_1_478' title='bbox 1087 3654 1524 3718; x_wconf 78' lang='grc' dir='ltr'>διατυπωθὲντα,</span> <span class='ocrx_word' id='word_1_479' title='bbox 1576 3659 1791 3728; x_wconf 84' lang='grc' dir='ltr'>δίδομεν</span> 
     </span>
    </p>
   </div>
   <div class='ocr_carea' id='block_1_69' title="bbox 208 3742 1788 3819">
    <p class='ocr_par' dir='ltr' id='par_1_69' title="bbox 208 3742 1788 3819">
     <span class='ocr_line' id='line_1_69' title="bbox 208 3742 1788 3819; baseline 0.007 -24"><span class='ocrx_word' id='word_1_480' title='bbox 208 3742 397 3795; x_wconf 75' lang='grc' dir='ltr'>ἄδειαν</span> <span class='ocrx_word' id='word_1_481' title='bbox 428 3745 538 3804; x_wconf 76' lang='grc' dir='ltr'>τοῖς</span> <span class='ocrx_word' id='word_1_482' title='bbox 564 3743 942 3813; x_wconf 81' lang='grc' dir='ltr'>καθαιρεθείσι</span> <span class='ocrx_word' id='word_1_483' title='bbox 978 3745 1109 3815; x_wconf 78' lang='grc' dir='ltr'>παρ’</span> <span class='ocrx_word' id='word_1_484' title='bbox 1130 3748 1313 3800; x_wconf 86' lang='grc' dir='ltr'>αὐτῶν</span> <span class='ocrx_word' id='word_1_485' title='bbox 1348 3752 1650 3819; x_wconf 82' lang='grc' dir='ltr'>αίρετικοῖς</span> <span class='ocrx_word' id='word_1_486' title='bbox 1692 3753 1788 3806; x_wconf 76' lang='grc' dir='ltr'>καὶ</span> 
     </span>
    </p>
   </div>
   <div class='ocr_carea' id='block_1_70' title="bbox 207 3834 1789 3909">
    <p class='ocr_par' dir='ltr' id='par_1_70' title="bbox 207 3834 1789 3909">
     <span class='ocr_line' id='line_1_70' title="bbox 207 3834 1789 3909; baseline 0.005 -22"><span class='ocrx_word' id='word_1_487' title='bbox 207 3837 326 3897; x_wconf 76' lang='grc' dir='ltr'>τοῖς</span> <span class='ocrx_word' id='word_1_488' title='bbox 347 3834 530 3887; x_wconf 82' lang='grc' dir='ltr'>αὐτῶν</span> <span class='ocrx_word' id='word_1_489' title='bbox 559 3834 797 3902; x_wconf 87' lang='grc' dir='ltr'>δόγμασι</span> <span class='ocrx_word' id='word_1_490' title='bbox 831 3839 932 3904; x_wconf 80' lang='grc' dir='ltr'><strong>τὴν</strong></span> <span class='ocrx_word' id='word_1_491' title='bbox 988 3838 1202 3891; x_wconf 74' lang='grc' dir='ltr'>ἑαυτῶν</span> <span class='ocrx_word' id='word_1_492' title='bbox 1236 3838 1434 3909; x_wconf 86' lang='grc' dir='ltr'>λοίμην</span> <span class='ocrx_word' id='word_1_493' title='bbox 1490 3842 1652 3896; x_wconf 84' lang='grc' dir='ltr'>πάλιν</span> <span class='ocrx_word' id='word_1_494' title='bbox 1708 3844 1789 3907; x_wconf 85' lang='grc' dir='ltr'><strong>εἰς</strong></span> 
     </span>
    </p>
   </div>
   <div class='ocr_carea' id='block_1_71' title="bbox 208 3928 1789 4009">
    <p class='ocr_par' dir='ltr' id='par_1_71' title="bbox 208 3928 1789 4009">
     <span class='ocr_line' id='line_1_71' title="bbox 208 3928 1789 4009; baseline 0.006 -28"><span class='ocrx_word' id='word_1_495' title='bbox 208 3928 310 3991; x_wconf 73' lang='grc' dir='ltr'><strong>τὰς</strong></span> <span class='ocrx_word' id='word_1_496' title='bbox 342 3930 501 3995; x_wconf 79' lang='grc' dir='ltr'>ἁγίας</span> <span class='ocrx_word' id='word_1_497' title='bbox 526 3928 619 3981; x_wconf 87' lang='grc' dir='ltr'><strong>τοῦ</strong></span> <span class='ocrx_word' id='word_1_498' title='bbox 657 3928 792 3981; x_wconf 84' lang='grc' dir='ltr'>Θεοῦ</span> <span class='ocrx_word' id='word_1_499' title='bbox 844 3930 1171 4000; x_wconf 78' lang='grc' dir='ltr'>Ἐκκλησίας</span> <span class='ocrx_word' id='word_1_500' title='bbox 1205 3932 1615 3988; x_wconf 76' lang='grc' dir='ltr'>ἐνδείκνυσθαι·</span> <span class='ocrx_word' id='word_1_501' title='bbox 1652 3939 1789 4009; x_wconf 73' lang='grc' dir='ltr'>ὅπερ</span> 
     </span>
    </p>
   </div>
   <div class='ocr_carea' id='block_1_72' title="bbox 208 4020 1789 4100">
    <p class='ocr_par' dir='ltr' id='par_1_72' title="bbox 208 4020 1789 4100">
     <span class='ocr_line' id='line_1_72' title="bbox 208 4020 1789 4100; baseline 0.005 -27"><span class='ocrx_word' id='word_1_502' title='bbox 208 4021 310 4073; x_wconf 67' lang='grc' dir='ltr'>οὐκ</span> <span class='ocrx_word' id='word_1_503' title='bbox 342 4020 618 4087; x_wconf 74' lang='grc' dir='ltr'>ινδέχεται</span> <span class='ocrx_word' id='word_1_504' title='bbox 656 4021 971 4091; x_wconf 80' lang='grc' dir='ltr'>πραχθῆναί</span> <span class='ocrx_word' id='word_1_505' title='bbox 1004 4040 1155 4075; x_wconf 85' lang='grc' dir='ltr'>ποτε·</span> <span class='ocrx_word' id='word_1_506' title='bbox 1189 4023 1263 4093; x_wconf 81' lang='grc' dir='ltr'>μὴ</span> <span class='ocrx_word' id='word_1_507' title='bbox 1289 4024 1525 4089; x_wconf 80' lang='grc' dir='ltr'>γένοιτο.</span> <span class='ocrx_word' id='word_1_508' title='bbox 1572 4026 1789 4100; x_wconf 83' lang='grc' dir='ltr'>Ἐπειδὴ</span> 
     </span>
    </p>
   </div>
   <div class='ocr_carea' id='block_1_73' title="bbox 206 4112 1790 4182">
    <p class='ocr_par' dir='ltr' id='par_1_73' title="bbox 206 4112 1790 4182">
     <span class='ocr_line' id='line_1_73' title="bbox 206 4112 1790 4182; baseline 0.005 -19"><span class='ocrx_word' id='word_1_509' title='bbox 206 4114 267 4163; x_wconf 81' lang='lat' dir='ltr'><strong>al</strong></span> <span class='ocrx_word' id='word_1_510' title='bbox 295 4112 587 4181; x_wconf 77' lang='grc' dir='ltr'>είρημέναι</span> <span class='ocrx_word' id='word_1_511' title='bbox 616 4112 881 4182; x_wconf 82' lang='grc' dir='ltr'>τέσσαρες</span> <span class='ocrx_word' id='word_1_512' title='bbox 900 4112 1054 4179; x_wconf 80' lang='grc' dir='ltr'>ἆγιαι</span> <span class='ocrx_word' id='word_1_513' title='bbox 1088 4112 1297 4167; x_wconf 82' lang='grc' dir='ltr'>σύνοδοι</span> <span class='ocrx_word' id='word_1_514' title='bbox 1321 4114 1408 4167; x_wconf 79' lang='grc' dir='ltr'>διὰ</span> <span class='ocrx_word' id='word_1_515' title='bbox 1437 4115 1547 4168; x_wconf 84' lang='grc' dir='ltr'><strong>τῶν</strong></span> <span class='ocrx_word' id='word_1_516' title='bbox 1570 4118 1790 4171; x_wconf 71' lang='grc' dir='ltr'>οἰκείων</span> 
     </span>
    </p>
   </div>
   <div class='ocr_carea' id='block_1_74' title="bbox 210 4203 1791 4276">
    <p class='ocr_par' dir='ltr' id='par_1_74' title="bbox 210 4203 1791 4276">
     <span class='ocr_line' id='line_1_74' title="bbox 210 4203 1791 4276; baseline 0.004 -23"><span class='ocrx_word' id='word_1_517' title='bbox 210 4203 502 4269; x_wconf 80' lang='grc' dir='ltr'>δογμάτων</span> <span class='ocrx_word' id='word_1_518' title='bbox 530 4204 655 4264; x_wconf 83' lang='grc' dir='ltr'>τοὺς</span> <span class='ocrx_word' id='word_1_519' title='bbox 687 4205 1023 4271; x_wconf 67' lang='grc' dir='ltr'>αἴρετικοὺς,</span> <span class='ocrx_word' id='word_1_520' title='bbox 1061 4206 1156 4256; x_wconf 72' lang='grc' dir='ltr'>καὶ</span> <span class='ocrx_word' id='word_1_521' title='bbox 1197 4205 1267 4255; x_wconf 77' lang='grc' dir='ltr'><strong>τὰ</strong></span> <span class='ocrx_word' id='word_1_522' title='bbox 1301 4205 1510 4258; x_wconf 87' lang='grc' dir='ltr'>τούτων</span> <span class='ocrx_word' id='word_1_523' title='bbox 1542 4206 1791 4276; x_wconf 85' lang='grc' dir='ltr'>δόγματα</span> 
     </span>
    </p>
   </div>
   <div class='ocr_carea' id='block_1_75' title="bbox 212 4294 1786 4366">
    <p class='ocr_par' dir='ltr' id='par_1_75' title="bbox 212 4294 1786 4366">
     <span class='ocr_line' id='line_1_75' title="bbox 212 4294 1786 4366; baseline 0.003 -20"><span class='ocrx_word' id='word_1_524' title='bbox 212 4294 500 4357; x_wconf 70' lang='grc' dir='ltr'><strong>ὶξέεαλοψ</strong></span> <span class='ocrx_word' id='word_1_525' title='bbox 534 4296 629 4347; x_wconf 73' lang='grc' dir='ltr'>καὶ</span> <span class='ocrx_word' id='word_1_526' title='bbox 664 4294 718 4345; x_wconf 81' lang='grc' dir='ltr'><strong>εί</strong></span> <span class='ocrx_word' id='word_1_527' title='bbox 751 4312 833 4357; x_wconf 90' lang='grc' dir='ltr'><strong>τις</strong></span> <span class='ocrx_word' id='word_1_528' title='bbox 856 4297 993 4363; x_wconf 83' lang='grc' dir='ltr'>πρὸς</span> <span class='ocrx_word' id='word_1_529' title='bbox 1026 4298 1155 4363; x_wconf 86' lang='grc' dir='ltr'>μίαν</span> <span class='ocrx_word' id='word_1_530' title='bbox 1173 4297 1284 4348; x_wconf 86' lang='grc' dir='ltr'><strong>τῶν</strong></span> <span class='ocrx_word' id='word_1_531' title='bbox 1321 4299 1632 4366; x_wconf 78' lang='grc' dir='ltr'>εἰρημένων</span> <span class='ocrx_word' id='word_1_532' title='bbox 1661 4316 1786 4351; x_wconf 84' lang='grc' dir='ltr'>συν-</span> 
     </span>
    </p>
   </div>
   <div class='ocr_carea' id='block_1_76' title="bbox 210 4382 1790 4456">
    <p class='ocr_par' dir='ltr' id='par_1_76' title="bbox 210 4382 1790 4456">
     <span class='ocr_line' id='line_1_76' title="bbox 210 4382 1790 4456; baseline 0.003 -18"><span class='ocrx_word' id='word_1_533' title='bbox 210 4386 349 4438; x_wconf 76' lang='grc' dir='ltr'>όδων</span> <span class='ocrx_word' id='word_1_534' title='bbox 384 4382 747 4453; x_wconf 63' lang='grc' dir='ltr'>ἁμφιὸἁηοι,</span> <span class='ocrx_word' id='word_1_535' title='bbox 784 4385 1053 4453; x_wconf 82' lang='grc' dir='ltr'>πρόδηλός</span> <span class='ocrx_word' id='word_1_536' title='bbox 1084 4387 1231 4438; x_wconf 79' lang='grc' dir='ltr'>ἐστιν</span> <span class='ocrx_word' id='word_1_537' title='bbox 1256 4389 1439 4440; x_wconf 82' lang='grc' dir='ltr'>ὲκείνα</span> <span class='ocrx_word' id='word_1_538' title='bbox 1470 4389 1685 4456; x_wconf 82' lang='grc' dir='ltr'>φρονῶν</span> <span class='ocrx_word' id='word_1_539' title='bbox 1719 4390 1790 4443; x_wconf 82' lang='grc' dir='ltr'>τὰ</span> 
     </span>
    </p>
   </div>
   <div class='ocr_carea' id='block_1_77' title="bbox 208 4477 1789 4547">
    <p class='ocr_par' dir='ltr' id='par_1_77' title="bbox 208 4477 1789 4547">
     <span class='ocr_line' id='line_1_77' title="bbox 208 4477 1789 4547; baseline 0.002 -18"><span class='ocrx_word' id='word_1_540' title='bbox 208 4478 483 4545; x_wconf 82' lang='grc' dir='ltr'>δόγματα,</span> <span class='ocrx_word' id='word_1_541' title='bbox 514 4478 584 4529; x_wconf 71' lang='grc' dir='ltr'>τὰ</span> <span class='ocrx_word' id='word_1_542' title='bbox 624 4477 755 4546; x_wconf 81' lang='grc' dir='ltr'>παρ’</span> <span class='ocrx_word' id='word_1_543' title='bbox 780 4478 959 4530; x_wconf 71' lang='grc' dir='ltr'>αὐτῶν</span> <span class='ocrx_word' id='word_1_544' title='bbox 994 4478 1331 4547; x_wconf 67' lang='grc' dir='ltr'>ἐκϐληθέντα</span> <span class='ocrx_word' id='word_1_545' title='bbox 1366 4498 1424 4532; x_wconf 79' lang='grc' dir='ltr'>τε</span> <span class='ocrx_word' id='word_1_546' title='bbox 1458 4482 1552 4535; x_wconf 74' lang='grc' dir='ltr'>καὶ</span> <span class='ocrx_word' id='word_1_547' title='bbox 1592 4482 1789 4535; x_wconf 75' lang='grc' dir='ltr'><strong>ἀναθε-</strong></span> 
     </span>
    </p>
   </div>
   <div class='ocr_carea' id='block_1_78' title="bbox 212 4568 1781 4639">
    <p class='ocr_par' dir='ltr' id='par_1_78' title="bbox 212 4568 1781 4639">
     <span class='ocr_line' id='line_1_78' title="bbox 212 4568 1781 4639; baseline 0.003 -19"><span class='ocrx_word' id='word_1_548' title='bbox 212 4569 565 4636; x_wconf 71' lang='grc' dir='ltr'>ματισθέντα.</span> <span class='ocrx_word' id='word_1_549' title='bbox 601 4568 809 4637; x_wconf 76' lang='grc' dir='ltr'>Μηδεὶς</span> <span class='ocrx_word' id='word_1_550' title='bbox 841 4569 1019 4621; x_wconf 89' lang='grc' dir='ltr'>τοίνυν</span> <span class='ocrx_word' id='word_1_551' title='bbox 1053 4570 1199 4639; x_wconf 79' lang='grc' dir='ltr'>ὑμᾶς</span> <span class='ocrx_word' id='word_1_552' title='bbox 1251 4572 1548 4637; x_wconf 77' lang='grc' dir='ltr'>ταραξάτω</span> <span class='ocrx_word' id='word_1_553' title='bbox 1610 4574 1781 4625; x_wconf 74' lang='grc' dir='ltr'>ἑλπίδι</span> 
     </span>
    </p>
   </div>
   <div class='ocr_carea' id='block_1_79' title="bbox 214 4655 1787 4733">
    <p class='ocr_par' dir='ltr' id='par_1_79' title="bbox 214 4655 1787 4733">
     <span class='ocr_line' id='line_1_79' title="bbox 214 4655 1787 4733; baseline 0.006 -28"><span class='ocrx_word' id='word_1_554' title='bbox 214 4655 423 4726; x_wconf 74' lang='grc' dir='ltr'>ματαίᾳ</span> <span class='ocrx_word' id='word_1_555' title='bbox 458 4655 858 4724; x_wconf 83' lang='grc' dir='ltr'>κρατούμενος,</span> <span class='ocrx_word' id='word_1_556' title='bbox 884 4658 965 4709; x_wconf 82' lang='grc' dir='ltr'>ὅτι</span> <span class='ocrx_word' id='word_1_557' title='bbox 998 4659 1157 4726; x_wconf 76' lang='grc' dir='ltr'>ἡμεῖς</span> <span class='ocrx_word' id='word_1_558' title='bbox 1188 4658 1434 4711; x_wconf 79' lang='grc' dir='ltr'>ἐναντίον</span> <span class='ocrx_word' id='word_1_559' title='bbox 1488 4661 1597 4713; x_wconf 84' lang='grc' dir='ltr'>τῶν</span> <span class='ocrx_word' id='word_1_560' title='bbox 1636 4664 1787 4733; x_wconf 80' lang='grc' dir='ltr'>εἰρη-</span> 
     </span>
    </p>
   </div>
   <div class='ocr_carea' id='block_1_80' title="bbox 213 4747 1787 4825">
    <p class='ocr_par' dir='ltr' id='par_1_80' title="bbox 213 4747 1787 4825">
     <span class='ocr_line' id='line_1_80' title="bbox 213 4747 1787 4825; baseline 0.006 -28"><span class='ocrx_word' id='word_1_561' title='bbox 213 4747 394 4813; x_wconf 67' lang='grc' dir='ltr'>μένων</span> <span class='ocrx_word' id='word_1_562' title='bbox 428 4748 600 4813; x_wconf 81' lang='grc' dir='ltr'>ἁγίων</span> <span class='ocrx_word' id='word_1_563' title='bbox 648 4747 931 4817; x_wconf 77' lang='grc' dir='ltr'>τεσσάρων</span> <span class='ocrx_word' id='word_1_564' title='bbox 967 4750 1199 4805; x_wconf 81' lang='grc' dir='ltr'>συνόδων</span> <span class='ocrx_word' id='word_1_565' title='bbox 1230 4751 1572 4820; x_wconf 78' lang='grc' dir='ltr'>ἐπράξαμεν,</span> <span class='ocrx_word' id='word_1_566' title='bbox 1599 4753 1787 4825; x_wconf 53' lang='lat' dir='ltr'><strong>{inpii-</strong></span> 
     </span>
    </p>
   </div>
   <div class='ocr_carea' id='block_1_81' title="bbox 210 4836 1781 4910">
    <p class='ocr_par' dir='ltr' id='par_1_81' title="bbox 210 4836 1781 4910">
     <span class='ocr_line' id='line_1_81' title="bbox 210 4836 1781 4910; baseline 0.003 -22"><span class='ocrx_word' id='word_1_567' title='bbox 210 4838 397 4905; x_wconf 76' lang='grc' dir='ltr'>ξομεν,</span> <span class='ocrx_word' id='word_1_568' title='bbox 427 4837 459 4903; x_wconf 82' lang='grc' dir='ltr'><strong>ἢ</strong></span> <span class='ocrx_word' id='word_1_569' title='bbox 490 4836 806 4906; x_wconf 81' lang='grc' dir='ltr'>πραχθῆναι</span> <span class='ocrx_word' id='word_1_570' title='bbox 866 4839 1018 4907; x_wconf 84' lang='grc' dir='ltr'>παρά</span> <span class='ocrx_word' id='word_1_571' title='bbox 1066 4856 1175 4891; x_wconf 84' lang='grc' dir='ltr'>τισι</span> <span class='ocrx_word' id='word_1_572' title='bbox 1225 4842 1682 4910; x_wconf 75' lang='grc' dir='ltr'>συγχωρήσομεν,</span> <span class='ocrx_word' id='word_1_573' title='bbox 1750 4843 1781 4910; x_wconf 81' lang='grc' dir='ltr'>ἦ</span> 
     </span>
    </p>
   </div>
   <div class='ocr_carea' id='block_1_82' title="bbox 210 4927 1786 5000">
    <p class='ocr_par' dir='ltr' id='par_1_82' title="bbox 210 4927 1786 5000">
     <span class='ocr_line' id='line_1_82' title="bbox 210 4927 1786 5000; baseline 0.003 -21"><span class='ocrx_word' id='word_1_574' title='bbox 210 4928 638 4997; x_wconf 73' lang='grc' dir='ltr'>περιαιρεθῆναι</span> <span class='ocrx_word' id='word_1_575' title='bbox 697 4927 796 4998; x_wconf 84' lang='grc' dir='ltr'>τὴν</span> <span class='ocrx_word' id='word_1_576' title='bbox 858 4929 964 4981; x_wconf 81' lang='grc' dir='ltr'><strong>τῶν</strong></span> <span class='ocrx_word' id='word_1_577' title='bbox 1015 4931 1188 4997; x_wconf 83' lang='grc' dir='ltr'>ἁγίων</span> <span class='ocrx_word' id='word_1_578' title='bbox 1241 4931 1423 4983; x_wconf 78' lang='grc' dir='ltr'>αὐτῶν</span> <span class='ocrx_word' id='word_1_579' title='bbox 1497 4935 1786 5000; x_wconf 73' lang='grc' dir='ltr'>τεσσάρων</span> 
     </span>
    </p>
   </div>
   <div class='ocr_carea' id='block_1_83' title="bbox 207 5021 1778 5093">
    <p class='ocr_par' dir='ltr' id='par_1_83' title="bbox 207 5021 1778 5093">
     <span class='ocr_line' id='line_1_83' title="bbox 207 5021 1778 5093; baseline 0.001 -20"><span class='ocrx_word' id='word_1_580' title='bbox 207 5022 365 5073; x_wconf 79' lang='grc' dir='ltr'>ὁσίαν</span> <span class='ocrx_word' id='word_1_581' title='bbox 399 5023 623 5090; x_wconf 86' lang='grc' dir='ltr'>μνήμην</span> <span class='ocrx_word' id='word_1_582' title='bbox 654 5023 717 5074; x_wconf 68' lang='grc' dir='ltr'>ἐκ</span> <span class='ocrx_word' id='word_1_583' title='bbox 767 5021 876 5073; x_wconf 85' lang='grc' dir='ltr'><strong>τῶν</strong></span> <span class='ocrx_word' id='word_1_584' title='bbox 936 5023 1246 5092; x_wconf 83' lang='grc' dir='ltr'>είρημένων</span> <span class='ocrx_word' id='word_1_585' title='bbox 1300 5024 1401 5093; x_wconf 82' lang='grc' dir='ltr'>τῆς</span> <span class='ocrx_word' id='word_1_586' title='bbox 1447 5024 1778 5093; x_wconf 75' lang='grc' dir='ltr'>Ἐκιι).ησίας</span> 
     </span>
    </p>
   </div>
   <div class='ocr_carea' id='block_1_84' title="bbox 209 5111 1788 5185">
    <p class='ocr_par' dir='ltr' id='par_1_84' title="bbox 209 5111 1788 5185">
     <span class='ocr_line' id='line_1_84' title="bbox 209 5111 1788 5185; baseline 0.001 -19"><span class='ocrx_word' id='word_1_587' title='bbox 209 5111 487 5183; x_wconf 82' lang='grc' dir='ltr'>διπτύχων</span> <span class='ocrx_word' id='word_1_588' title='bbox 533 5112 859 5183; x_wconf 78' lang='grc' dir='ltr'>ἀνεξόμεθα.</span> <span class='ocrx_word' id='word_1_589' title='bbox 894 5115 1115 5179; x_wconf 82' lang='grc' dir='ltr'>Πάντας</span> <span class='ocrx_word' id='word_1_590' title='bbox 1146 5115 1257 5185; x_wconf 84' lang='grc' dir='ltr'>γὰρ</span> <span class='ocrx_word' id='word_1_591' title='bbox 1290 5119 1413 5180; x_wconf 74' lang='grc' dir='ltr'>τοὺς</span> <span class='ocrx_word' id='word_1_592' title='bbox 1448 5119 1582 5185; x_wconf 79' lang='grc' dir='ltr'>παρ’</span> <span class='ocrx_word' id='word_1_593' title='bbox 1607 5118 1788 5170; x_wconf 80' lang='grc' dir='ltr'>αὐτῶν</span> 
     </span>
    </p>
   </div>
   <div class='ocr_carea' id='block_1_85' title="bbox 1898 3282 3483 3366">
    <p class='ocr_par' dir='ltr' id='par_1_85' title="bbox 1898 3282 3483 3366">
     <span class='ocr_line' id='line_1_85' title="bbox 1898 3282 3483 3366; baseline 0.004 -18"><span class='ocrx_word' id='word_1_594' title='bbox 1898 3282 2257 3348; x_wconf 67' lang='lat' dir='ltr'><strong>conﬁrmavit.</strong></span> <span class='ocrx_word' id='word_1_595' title='bbox 2317 3292 2582 3348; x_wconf 72' lang='lat' dir='ltr'><strong>Nimirum</strong></span> <span class='ocrx_word' id='word_1_596' title='bbox 2638 3296 2681 3350; x_wconf 89' lang='lat' dir='ltr'><strong>si</strong></span> <span class='ocrx_word' id='word_1_597' title='bbox 2735 3308 2885 3350; x_wconf 87' lang='lat' dir='ltr'><strong>extra</strong></span> <span class='ocrx_word' id='word_1_598' title='bbox 2933 3311 3167 3366; x_wconf 87' lang='lat' dir='ltr'><strong>quatuor</strong></span> <span class='ocrx_word' id='word_1_599' title='bbox 3221 3300 3483 3355; x_wconf 87' lang='lat' dir='ltr'><strong>iudicatas</strong></span> 
     </span>
    </p>
   </div>
   <div class='ocr_carea' id='block_1_86' title="bbox 1897 3386 3473 3471">
    <p class='ocr_par' dir='ltr' id='par_1_86' title="bbox 1897 3386 3473 3471">
     <span class='ocr_line' id='line_1_86' title="bbox 1897 3386 3473 3471; baseline 0.004 -33"><span class='ocrx_word' id='word_1_600' title='bbox 1897 3395 2116 3438; x_wconf 88' lang='lat' dir='ltr'><strong>sanctas</strong></span> <span class='ocrx_word' id='word_1_601' title='bbox 2166 3386 2423 3454; x_wconf 84' lang='lat' dir='ltr'><strong>synodos,</strong></span> <span class='ocrx_word' id='word_1_602' title='bbox 2461 3386 2545 3439; x_wconf 88' lang='lat' dir='ltr'><strong>vel</strong></span> <span class='ocrx_word' id='word_1_603' title='bbox 2599 3387 2665 3440; x_wconf 88' lang='lat' dir='ltr'><strong>ab</strong></span> <span class='ocrx_word' id='word_1_604' title='bbox 2713 3388 2793 3441; x_wconf 90' lang='lat' dir='ltr'><strong>eis</strong></span> <span class='ocrx_word' id='word_1_605' title='bbox 2826 3391 3051 3453; x_wconf 85' lang='lat' dir='ltr'><strong>sancita,</strong></span> <span class='ocrx_word' id='word_1_606' title='bbox 3099 3389 3473 3471; x_wconf 77' lang='lat' dir='ltr'><strong>deﬂectimus,</strong></span> 
     </span>
    </p>
   </div>
   <div class='ocr_carea' id='block_1_87' title="bbox 1897 3476 3483 3549">
    <p class='ocr_par' dir='ltr' id='par_1_87' title="bbox 1897 3476 3483 3549">
     <span class='ocr_line' id='line_1_87' title="bbox 1897 3476 3483 3549; baseline 0.006 -20"><span class='ocrx_word' id='word_1_607' title='bbox 1897 3476 2167 3530; x_wconf 82' lang='lat' dir='ltr'><strong>licentiam</strong></span> <span class='ocrx_word' id='word_1_608' title='bbox 2202 3476 2494 3541; x_wconf 69' lang='lat' dir='ltr'><strong>limreticis,</strong></span> <span class='ocrx_word' id='word_1_609' title='bbox 2526 3492 2659 3544; x_wconf 81' lang='lat' dir='ltr'><strong>quos</strong></span> <span class='ocrx_word' id='word_1_610' title='bbox 2694 3478 2796 3532; x_wconf 69' lang='lat' dir='ltr'><strong>illa:</strong></span> <span class='ocrx_word' id='word_1_611' title='bbox 2822 3479 3227 3545; x_wconf 80' lang='lat' dir='ltr'><strong>destruxerunt,</strong></span> <span class='ocrx_word' id='word_1_612' title='bbox 3270 3492 3319 3535; x_wconf 86' lang='lat' dir='ltr'><strong>et</strong></span> <span class='ocrx_word' id='word_1_613' title='bbox 3352 3484 3483 3549; x_wconf 72' lang='lat' dir='ltr'><strong>dog-</strong></span> 
     </span>
    </p>
   </div>
   <div class='ocr_carea' id='block_1_88' title="bbox 1896 3569 3477 3638">
    <p class='ocr_par' dir='ltr' id='par_1_88' title="bbox 1896 3569 3477 3638">
     <span class='ocr_line' id='line_1_88' title="bbox 1896 3569 3477 3638; baseline 0 -15"><span class='ocrx_word' id='word_1_614' title='bbox 1896 3569 2131 3623; x_wconf 73' lang='lat' dir='ltr'><strong>matibus</strong></span> <span class='ocrx_word' id='word_1_615' title='bbox 2158 3583 2345 3622; x_wconf 91' lang='lat' dir='ltr'><strong>eorum</strong></span> <span class='ocrx_word' id='word_1_616' title='bbox 2383 3569 2727 3624; x_wconf 85' lang='lat' dir='ltr'><strong>concedimus</strong></span> <span class='ocrx_word' id='word_1_617' title='bbox 2752 3609 2766 3633; x_wconf 91' lang='lat'><strong>,</strong></span> <span class='ocrx_word' id='word_1_618' title='bbox 2805 3582 3008 3638; x_wconf 84' lang='lat' dir='ltr'><strong>pestem</strong></span> <span class='ocrx_word' id='word_1_619' title='bbox 3063 3588 3214 3627; x_wconf 76' lang='lat' dir='ltr'><strong>suam</strong></span> <span class='ocrx_word' id='word_1_620' title='bbox 3270 3574 3477 3627; x_wconf 84' lang='lat' dir='ltr'><strong>sanctis</strong></span> 
     </span>
    </p>
   </div>
   <div class='ocr_carea' id='block_1_89' title="bbox 1898 3662 3480 3734">
    <p class='ocr_par' dir='ltr' id='par_1_89' title="bbox 1898 3662 3480 3734">
     <span class='ocr_line' id='line_1_89' title="bbox 1898 3662 3480 3734; baseline 0.001 -19"><span class='ocrx_word' id='word_1_621' title='bbox 1898 3662 1991 3715; x_wconf 87' lang='lat' dir='ltr'><strong>Dei</strong></span> <span class='ocrx_word' id='word_1_622' title='bbox 2051 3662 2305 3715; x_wconf 84' lang='lat' dir='ltr'><strong>Ecclesiis</strong></span> <span class='ocrx_word' id='word_1_623' title='bbox 2333 3664 2662 3715; x_wconf 75' lang='lat' dir='ltr'><strong>ostentandi.</strong></span> <span class='ocrx_word' id='word_1_624' title='bbox 2716 3662 2867 3727; x_wconf 89' lang='lat' dir='ltr'><strong>Quod</strong></span> <span class='ocrx_word' id='word_1_625' title='bbox 2915 3664 3074 3725; x_wconf 89' lang='lat' dir='ltr'><strong>absit,</strong></span> <span class='ocrx_word' id='word_1_626' title='bbox 3132 3676 3189 3717; x_wconf 90' lang='lat' dir='ltr'><strong>ut</strong></span> <span class='ocrx_word' id='word_1_627' title='bbox 3243 3682 3480 3734; x_wconf 87' lang='lat' dir='ltr'><strong>unquam</strong></span> 
     </span>
    </p>
   </div>
   <div class='ocr_carea' id='block_1_90' title="bbox 1901 3751 3481 3827">
    <p class='ocr_par' dir='ltr' id='par_1_90' title="bbox 1901 3751 3481 3827">
     <span class='ocr_line' id='line_1_90' title="bbox 1901 3751 3481 3827; baseline 0.004 -22"><span class='ocrx_word' id='word_1_628' title='bbox 1901 3753 2014 3806; x_wconf 86' lang='lat' dir='ltr'><strong>ﬂeri</strong></span> <span class='ocrx_word' id='word_1_629' title='bbox 2046 3752 2227 3805; x_wconf 87' lang='lat' dir='ltr'><strong>liceat.</strong></span> <span class='ocrx_word' id='word_1_630' title='bbox 2262 3751 2709 3820; x_wconf 85' lang='lat' dir='ltr'><strong>Quandoquidem</strong></span> <span class='ocrx_word' id='word_1_631' title='bbox 2746 3755 2995 3808; x_wconf 73' lang='lat' dir='ltr'><strong>indicata:</strong></span> <span class='ocrx_word' id='word_1_632' title='bbox 3026 3765 3259 3824; x_wconf 90' lang='lat' dir='ltr'><strong>quatuor</strong></span> <span class='ocrx_word' id='word_1_633' title='bbox 3291 3758 3481 3827; x_wconf 75' lang='lat' dir='ltr'><strong>synodi</strong></span> 
     </span>
    </p>
   </div>
   <div class='ocr_carea' id='block_1_91' title="bbox 1896 3842 3485 3912">
    <p class='ocr_par' dir='ltr' id='par_1_91' title="bbox 1896 3842 3485 3912">
     <span class='ocr_line' id='line_1_91' title="bbox 1896 3842 3485 3912; baseline 0.001 -13"><span class='ocrx_word' id='word_1_634' title='bbox 1896 3842 2133 3899; x_wconf 86' lang='lat' dir='ltr'><strong>decretis</strong></span> <span class='ocrx_word' id='word_1_635' title='bbox 2164 3842 2280 3896; x_wconf 89' lang='lat' dir='ltr'><strong>suis</strong></span> <span class='ocrx_word' id='word_1_636' title='bbox 2314 3854 2420 3894; x_wconf 82' lang='lat' dir='ltr'><strong>tam</strong></span> <span class='ocrx_word' id='word_1_637' title='bbox 2468 3844 2613 3910; x_wconf 88' lang='lat' dir='ltr'><strong>ipsos</strong></span> <span class='ocrx_word' id='word_1_638' title='bbox 2645 3843 2949 3907; x_wconf 60' lang='lat' dir='ltr'><strong>haereticos,</strong></span> <span class='ocrx_word' id='word_1_639' title='bbox 2978 3859 3138 3912; x_wconf 87' lang='lat' dir='ltr'><strong>quam</strong></span> <span class='ocrx_word' id='word_1_640' title='bbox 3166 3860 3353 3900; x_wconf 87' lang='lat' dir='ltr'><strong>eorum</strong></span> <span class='ocrx_word' id='word_1_641' title='bbox 3392 3848 3485 3902; x_wconf 89' lang='lat' dir='ltr'><strong>do-</strong></span> 
     </span>
    </p>
   </div>
   <div class='ocr_carea' id='block_1_92' title="bbox 1897 3914 3482 4003">
    <p class='ocr_par' dir='ltr' id='par_1_92' title="bbox 1897 3914 3482 4003">
     <span class='ocr_line' id='line_1_92' title="bbox 1897 3914 3482 4003; baseline 0.005 -20"><span class='ocrx_word' id='word_1_642' title='bbox 1897 3941 2075 4003; x_wconf 74' lang='lat' dir='ltr'><strong>gmata</strong></span> <span class='ocrx_word' id='word_1_643' title='bbox 2106 3932 2429 3998; x_wconf 80' lang='lat' dir='ltr'><strong>expulerunt</strong></span> <span class='ocrx_word' id='word_1_644' title='bbox 2462 3947 2475 3983; x_wconf 89' lang='lat'><strong>:</strong></span> <span class='ocrx_word' id='word_1_645' title='bbox 2518 3914 2581 3987; x_wconf 84' lang='lat' dir='ltr'><strong>ac</strong></span> <span class='ocrx_word' id='word_1_646' title='bbox 2615 3932 2658 3986; x_wconf 84' lang='lat' dir='ltr'><strong>si</strong></span> <span class='ocrx_word' id='word_1_647' title='bbox 2687 3934 2808 4002; x_wconf 84' lang='lat' dir='ltr'><strong>quis</strong></span> <span class='ocrx_word' id='word_1_648' title='bbox 2839 3935 2903 3988; x_wconf 86' lang='lat' dir='ltr'><strong>dc</strong></span> <span class='ocrx_word' id='word_1_649' title='bbox 2939 3950 3045 3988; x_wconf 90' lang='lat' dir='ltr'><strong>uno</strong></span> <span class='ocrx_word' id='word_1_650' title='bbox 3080 3936 3346 3989; x_wconf 81' lang='lat' dir='ltr'><strong>dictarunt</strong></span> <span class='ocrx_word' id='word_1_651' title='bbox 3397 3954 3482 3991; x_wconf 83' lang='lat' dir='ltr'><strong>sa-</strong></span> 
     </span>
    </p>
   </div>
   <div class='ocr_carea' id='block_1_93' title="bbox 1895 4024 3482 4096">
    <p class='ocr_par' dir='ltr' id='par_1_93' title="bbox 1895 4024 3482 4096">
     <span class='ocr_line' id='line_1_93' title="bbox 1895 4024 3482 4096; baseline 0.001 -17"><span class='ocrx_word' id='word_1_652' title='bbox 1895 4039 2122 4079; x_wconf 86' lang='lat' dir='ltr'><strong>crorum</strong></span> <span class='ocrx_word' id='word_1_653' title='bbox 2156 4024 2518 4079; x_wconf 86' lang='lat' dir='ltr'><strong>conciliorum</strong></span> <span class='ocrx_word' id='word_1_654' title='bbox 2552 4024 2787 4086; x_wconf 89' lang='lat' dir='ltr'><strong>duhitet,</strong></span> <span class='ocrx_word' id='word_1_655' title='bbox 2823 4026 2869 4080; x_wconf 91' lang='lat' dir='ltr'><strong>is</strong></span> <span class='ocrx_word' id='word_1_656' title='bbox 2902 4027 3189 4081; x_wconf 81' lang='lat' dir='ltr'><strong>manifesto</strong></span> <span class='ocrx_word' id='word_1_657' title='bbox 3214 4043 3272 4081; x_wconf 87' lang='lat' dir='ltr'><strong>se</strong></span> <span class='ocrx_word' id='word_1_658' title='bbox 3306 4030 3482 4096; x_wconf 83' lang='lat' dir='ltr'><strong>prodit</strong></span> 
     </span>
    </p>
   </div>
   <div class='ocr_carea' id='block_1_94' title="bbox 1895 4116 3483 4187">
    <p class='ocr_par' dir='ltr' id='par_1_94' title="bbox 1895 4116 3483 4187">
     <span class='ocr_line' id='line_1_94' title="bbox 1895 4116 3483 4187; baseline 0.002 -16"><span class='ocrx_word' id='word_1_659' title='bbox 1895 4116 2146 4185; x_wconf 81' lang='lat' dir='ltr'><strong>amplecti</strong></span> <span class='ocrx_word' id='word_1_660' title='bbox 2186 4132 2247 4172; x_wconf 88' lang='lat' dir='ltr'><strong>ea</strong></span> <span class='ocrx_word' id='word_1_661' title='bbox 2281 4117 2553 4187; x_wconf 72' lang='lat' dir='ltr'><strong>dogmata,</strong></span> <span class='ocrx_word' id='word_1_662' title='bbox 2584 4132 2705 4186; x_wconf 63' lang='lat' dir='ltr'><strong>quas</strong></span> <span class='ocrx_word' id='word_1_663' title='bbox 2752 4119 2820 4170; x_wconf 88' lang='lat' dir='ltr'><strong>ah</strong></span> <span class='ocrx_word' id='word_1_664' title='bbox 2868 4119 2971 4172; x_wconf 88' lang='lat' dir='ltr'><strong>illis</strong></span> <span class='ocrx_word' id='word_1_665' title='bbox 3007 4120 3205 4185; x_wconf 75' lang='lat' dir='ltr'><strong>rejecm</strong></span> <span class='ocrx_word' id='word_1_666' title='bbox 3244 4129 3391 4180; x_wconf 88' lang='lat' dir='ltr'><strong>sunt,</strong></span> <span class='ocrx_word' id='word_1_667' title='bbox 3428 4132 3483 4174; x_wconf 84' lang='lat' dir='ltr'><strong>et</strong></span> 
     </span>
    </p>
   </div>
   <div class='ocr_carea' id='block_1_95' title="bbox 1894 4208 3475 4279">
    <p class='ocr_par' dir='ltr' id='par_1_95' title="bbox 1894 4208 3475 4279">
     <span class='ocr_line' id='line_1_95' title="bbox 1894 4208 3475 4279; baseline 0.003 -19"><span class='ocrx_word' id='word_1_668' title='bbox 1894 4209 2239 4261; x_wconf 82' lang='lat' dir='ltr'><strong>anathemate</strong></span> <span class='ocrx_word' id='word_1_669' title='bbox 2290 4208 2559 4260; x_wconf 89' lang='lat' dir='ltr'><strong>damnata.</strong></span> <span class='ocrx_word' id='word_1_670' title='bbox 2615 4209 2783 4263; x_wconf 78' lang='lat' dir='ltr'><strong>Nemo</strong></span> <span class='ocrx_word' id='word_1_671' title='bbox 2833 4210 2994 4279; x_wconf 81' lang='lat' dir='ltr'><strong>igitur</strong></span> <span class='ocrx_word' id='word_1_672' title='bbox 3055 4210 3328 4264; x_wconf 82' lang='lat' dir='ltr'><strong>incassum</strong></span> <span class='ocrx_word' id='word_1_673' title='bbox 3377 4228 3475 4265; x_wconf 84' lang='lat' dir='ltr'><strong>nos</strong></span> 
     </span>
    </p>
   </div>
   <div class='ocr_carea' id='block_1_96' title="bbox 1898 4296 3482 4368">
    <p class='ocr_par' dir='ltr' id='par_1_96' title="bbox 1898 4296 3482 4368">
     <span class='ocr_line' id='line_1_96' title="bbox 1898 4296 3482 4368; baseline 0.003 -17"><span class='ocrx_word' id='word_1_674' title='bbox 1898 4300 2096 4362; x_wconf 86' lang='lat' dir='ltr'><strong>turbet,</strong></span> <span class='ocrx_word' id='word_1_675' title='bbox 2126 4312 2223 4367; x_wconf 86' lang='lat' dir='ltr'><strong>spe</strong></span> <span class='ocrx_word' id='word_1_676' title='bbox 2250 4312 2386 4350; x_wconf 82' lang='lat' dir='ltr'><strong>vana</strong></span> <span class='ocrx_word' id='word_1_677' title='bbox 2419 4296 2703 4361; x_wconf 84' lang='lat' dir='ltr'><strong>subnixus,</strong></span> <span class='ocrx_word' id='word_1_678' title='bbox 2737 4301 2889 4367; x_wconf 83' lang='lat' dir='ltr'><strong>quasi</strong></span> <span class='ocrx_word' id='word_1_679' title='bbox 2925 4315 3025 4353; x_wconf 89' lang='lat' dir='ltr'><strong>nos</strong></span> <span class='ocrx_word' id='word_1_680' title='bbox 3054 4300 3254 4368; x_wconf 88' lang='lat' dir='ltr'><strong>aliquid</strong></span> <span class='ocrx_word' id='word_1_681' title='bbox 3288 4302 3482 4355; x_wconf 80' lang='lat' dir='ltr'><strong>adver-</strong></span> 
     </span>
    </p>
   </div>
   <div class='ocr_carea' id='block_1_97' title="bbox 1895 4390 3481 4460">
    <p class='ocr_par' dir='ltr' id='par_1_97' title="bbox 1895 4390 3481 4460">
     <span class='ocr_line' id='line_1_97' title="bbox 1895 4390 3481 4460; baseline 0.001 -15"><span class='ocrx_word' id='word_1_682' title='bbox 1895 4406 1986 4445; x_wconf 89' lang='lat' dir='ltr'><strong>sus</strong></span> <span class='ocrx_word' id='word_1_683' title='bbox 2018 4390 2286 4444; x_wconf 85' lang='lat' dir='ltr'><strong>iudicatas</strong></span> <span class='ocrx_word' id='word_1_684' title='bbox 2312 4398 2543 4454; x_wconf 86' lang='lat' dir='ltr'><strong>quatuor</strong></span> <span class='ocrx_word' id='word_1_685' title='bbox 2567 4392 2802 4460; x_wconf 85' lang='lat' dir='ltr'><strong>synodos</strong></span> <span class='ocrx_word' id='word_1_686' title='bbox 2836 4391 3240 4458; x_wconf 86' lang='lat' dir='ltr'><strong>admiseriinus,</strong></span> <span class='ocrx_word' id='word_1_687' title='bbox 3274 4395 3355 4447; x_wconf 87' lang='lat' dir='ltr'><strong>vel</strong></span> <span class='ocrx_word' id='word_1_688' title='bbox 3381 4394 3481 4446; x_wconf 86' lang='lat' dir='ltr'><strong>ad-</strong></span> 
     </span>
    </p>
   </div>
   <div class='ocr_carea' id='block_1_98' title="bbox 1894 4482 3479 4549">
    <p class='ocr_par' dir='ltr' id='par_1_98' title="bbox 1894 4482 3479 4549">
     <span class='ocr_line' id='line_1_98' title="bbox 1894 4482 3479 4549; baseline 0.001 -14"><span class='ocrx_word' id='word_1_689' title='bbox 1894 4482 2108 4536; x_wconf 89' lang='lat' dir='ltr'><strong>missnri</strong></span> <span class='ocrx_word' id='word_1_690' title='bbox 2138 4482 2325 4542; x_wconf 89' lang='lat' dir='ltr'><strong>simus,</strong></span> <span class='ocrx_word' id='word_1_691' title='bbox 2366 4482 2452 4535; x_wconf 88' lang='lat' dir='ltr'><strong>vel</strong></span> <span class='ocrx_word' id='word_1_692' title='bbox 2491 4484 2800 4536; x_wconf 88' lang='lat' dir='ltr'><strong>concessuri</strong></span> <span class='ocrx_word' id='word_1_693' title='bbox 2830 4525 2845 4546; x_wconf 90' lang='lat'><strong>,</strong></span> <span class='ocrx_word' id='word_1_694' title='bbox 2890 4492 2948 4537; x_wconf 91' lang='lat' dir='ltr'><strong>ut</strong></span> <span class='ocrx_word' id='word_1_695' title='bbox 2990 4485 3343 4549; x_wconf 84' lang='lat' dir='ltr'><strong>admittatur;</strong></span> <span class='ocrx_word' id='word_1_696' title='bbox 3396 4485 3479 4537; x_wconf 89' lang='lat' dir='ltr'><strong>vel</strong></span> 
     </span>
    </p>
   </div>
   <div class='ocr_carea' id='block_1_99' title="bbox 1899 4573 3477 4645">
    <p class='ocr_par' dir='ltr' id='par_1_99' title="bbox 1899 4573 3477 4645">
     <span class='ocr_line' id='line_1_99' title="bbox 1899 4573 3477 4645; baseline -0.001 -18"><span class='ocrx_word' id='word_1_697' title='bbox 1899 4573 2201 4634; x_wconf 88' lang='lat' dir='ltr'><strong>toleraturi,</strong></span> <span class='ocrx_word' id='word_1_698' title='bbox 2238 4581 2295 4625; x_wconf 92' lang='lat' dir='ltr'><strong>ut</strong></span> <span class='ocrx_word' id='word_1_699' title='bbox 2327 4573 2643 4627; x_wconf 86' lang='lat' dir='ltr'><strong>earumdem</strong></span> <span class='ocrx_word' id='word_1_700' title='bbox 2691 4583 3002 4629; x_wconf 84' lang='lat' dir='ltr'><strong>sanctarum</strong></span> <span class='ocrx_word' id='word_1_701' title='bbox 3035 4586 3271 4643; x_wconf 85' lang='lat' dir='ltr'><strong>quatuor</strong></span> <span class='ocrx_word' id='word_1_702' title='bbox 3314 4590 3477 4645; x_wconf 78' lang='lat' dir='ltr'><strong>syno-</strong></span> 
     </span>
    </p>
   </div>
   <div class='ocr_carea' id='block_1_100' title="bbox 1898 4663 3480 4731">
    <p class='ocr_par' dir='ltr' id='par_1_100' title="bbox 1898 4663 3480 4731">
     <span class='ocr_line' id='line_1_100' title="bbox 1898 4663 3480 4731; baseline 0.001 -13"><span class='ocrx_word' id='word_1_703' title='bbox 1898 4666 2086 4719; x_wconf 92' lang='lat' dir='ltr'><strong>dorum</strong></span> <span class='ocrx_word' id='word_1_704' title='bbox 2122 4663 2372 4731; x_wconf 80' lang='lat' dir='ltr'><strong>religiosa</strong></span> <span class='ocrx_word' id='word_1_705' title='bbox 2410 4664 2667 4716; x_wconf 86' lang='lat' dir='ltr'><strong>memoria</strong></span> <span class='ocrx_word' id='word_1_706' title='bbox 2696 4665 2760 4717; x_wconf 91' lang='lat' dir='ltr'><strong>dc</strong></span> <span class='ocrx_word' id='word_1_707' title='bbox 2794 4665 3045 4719; x_wconf 87' lang='lat' dir='ltr'><strong>indicatis</strong></span> <span class='ocrx_word' id='word_1_708' title='bbox 3091 4664 3340 4719; x_wconf 71' lang='lat' dir='ltr'><strong>Ecclesia:</strong></span> <span class='ocrx_word' id='word_1_709' title='bbox 3386 4681 3480 4720; x_wconf 51' lang='lat' dir='ltr'><strong>co.</strong></span> 
     </span>
    </p>
   </div>
   <div class='ocr_carea' id='block_1_101' title="bbox 1898 4753 3479 4826">
    <p class='ocr_par' dir='ltr' id='par_1_101' title="bbox 1898 4753 3479 4826">
     <span class='ocr_line' id='line_1_101' title="bbox 1898 4753 3479 4826; baseline 0.001 -17"><span class='ocrx_word' id='word_1_710' title='bbox 1898 4753 2786 4824; x_wconf 73' lang='lat' dir='ltr'><strong>dicihnstollatur(15).Universos</strong></span> <span class='ocrx_word' id='word_1_711' title='bbox 2810 4757 2952 4810; x_wconf 89' lang='lat' dir='ltr'><strong>enim</strong></span> <span class='ocrx_word' id='word_1_712' title='bbox 2985 4758 3051 4809; x_wconf 90' lang='lat' dir='ltr'><strong>ab</strong></span> <span class='ocrx_word' id='word_1_713' title='bbox 3078 4758 3155 4810; x_wconf 90' lang='lat' dir='ltr'><strong>eis</strong></span> <span class='ocrx_word' id='word_1_714' title='bbox 3182 4757 3479 4826; x_wconf 76' lang='lat' dir='ltr'><strong>depositos,</strong></span> 
     </span>
    </p>
   </div>
   <div class='ocr_carea' id='block_1_102' title="bbox 1897 4847 3475 4915">
    <p class='ocr_par' dir='ltr' id='par_1_102' title="bbox 1897 4847 3475 4915">
     <span class='ocr_line' id='line_1_102' title="bbox 1897 4847 3475 4915; baseline -0.002 -15"><span class='ocrx_word' id='word_1_715' title='bbox 1897 4856 1951 4900; x_wconf 88' lang='lat' dir='ltr'><strong>et</strong></span> <span class='ocrx_word' id='word_1_716' title='bbox 2004 4847 2351 4900; x_wconf 85' lang='lat' dir='ltr'><strong>anathemate</strong></span> <span class='ocrx_word' id='word_1_717' title='bbox 2409 4848 2713 4911; x_wconf 87' lang='lat' dir='ltr'><strong>damnatos,</strong></span> <span class='ocrx_word' id='word_1_718' title='bbox 2770 4863 2872 4899; x_wconf 91' lang='lat' dir='ltr'><strong>una</strong></span> <span class='ocrx_word' id='word_1_719' title='bbox 2929 4863 3049 4900; x_wconf 91' lang='lat' dir='ltr'><strong>cum</strong></span> <span class='ocrx_word' id='word_1_720' title='bbox 3105 4848 3475 4915; x_wconf 78' lang='lat' dir='ltr'><strong>depositorum</strong></span> 
     </span>
    </p>
   </div>
   <div class='ocr_carea' id='block_1_103' title="bbox 1899 4938 3479 5009">
    <p class='ocr_par' dir='ltr' id='par_1_103' title="bbox 1899 4938 3479 5009">
     <span class='ocr_line' id='line_1_103' title="bbox 1899 4938 3479 5009; baseline -0.001 -16"><span class='ocrx_word' id='word_1_721' title='bbox 1899 4938 2267 5001; x_wconf 70' lang='lat' dir='ltr'><strong>dogmatibus,</strong></span> <span class='ocrx_word' id='word_1_722' title='bbox 2312 4948 2367 4992; x_wconf 90' lang='lat' dir='ltr'><strong>et</strong></span> <span class='ocrx_word' id='word_1_723' title='bbox 2398 4939 2482 5001; x_wconf 89' lang='lat' dir='ltr'><strong>iis,</strong></span> <span class='ocrx_word' id='word_1_724' title='bbox 2516 4939 2605 5006; x_wconf 88' lang='lat' dir='ltr'><strong>qui</strong></span> <span class='ocrx_word' id='word_1_725' title='bbox 2638 4938 2926 5007; x_wconf 88' lang='lat' dir='ltr'><strong>opiniones</strong></span> <span class='ocrx_word' id='word_1_726' title='bbox 2957 4939 3196 5007; x_wconf 89' lang='lat' dir='ltr'><strong>ipsorum</strong></span> <span class='ocrx_word' id='word_1_727' title='bbox 3243 4940 3479 5009; x_wconf 78' lang='lat' dir='ltr'><strong>amplexi</strong></span> 
     </span>
    </p>
   </div>
   <div class='ocr_carea' id='block_1_104' title="bbox 1897 5030 3474 5104">
    <p class='ocr_par' dir='ltr' id='par_1_104' title="bbox 1897 5030 3474 5104">
     <span class='ocr_line' id='line_1_104' title="bbox 1897 5030 3474 5104; baseline -0.003 -17"><span class='ocrx_word' id='word_1_728' title='bbox 1897 5042 2043 5097; x_wconf 81' lang='lat' dir='ltr'><strong>sunt,</strong></span> <span class='ocrx_word' id='word_1_729' title='bbox 2097 5032 2178 5086; x_wconf 88' lang='lat' dir='ltr'><strong>vel</strong></span> <span class='ocrx_word' id='word_1_730' title='bbox 2242 5032 2686 5104; x_wconf 63' lang='lat' dir='ltr'><strong>amplectuntur,</strong></span> <span class='ocrx_word' id='word_1_731' title='bbox 2726 5030 3055 5083; x_wconf 88' lang='lat' dir='ltr'><strong>anathemati</strong></span> <span class='ocrx_word' id='word_1_732' title='bbox 3118 5030 3474 5084; x_wconf 81' lang='lat' dir='ltr'><strong>devovemus.</strong></span> 
     </span>
    </p>
   </div>
   <div class='ocr_carea' id='block_1_105' title="bbox 1900 5118 3477 5190">
    <p class='ocr_par' dir='ltr' id='par_1_105' title="bbox 1900 5118 3477 5190">
     <span class='ocr_line' id='line_1_105' title="bbox 1900 5118 3477 5190; baseline -0.003 -14"><span class='ocrx_word' id='word_1_733' title='bbox 1900 5120 2264 5188; x_wconf 85' lang='lat' dir='ltr'><strong>Quamobrem</strong></span> <span class='ocrx_word' id='word_1_734' title='bbox 2320 5127 2440 5174; x_wconf 87' lang='lat' dir='ltr'><strong>oret</strong></span> <span class='ocrx_word' id='word_1_735' title='bbox 2489 5135 2587 5190; x_wconf 88' lang='lat' dir='ltr'><strong>pro</strong></span> <span class='ocrx_word' id='word_1_736' title='bbox 2635 5120 2816 5185; x_wconf 90' lang='lat' dir='ltr'><strong>nobis,</strong></span> <span class='ocrx_word' id='word_1_737' title='bbox 2851 5128 2905 5173; x_wconf 88' lang='lat' dir='ltr'><strong>et</strong></span> <span class='ocrx_word' id='word_1_738' title='bbox 2944 5118 3217 5188; x_wconf 86' lang='lat' dir='ltr'><strong>republica</strong></span> <span class='ocrx_word' id='word_1_739' title='bbox 3251 5128 3435 5173; x_wconf 85' lang='lat' dir='ltr'><strong>nostra</strong></span> <span class='ocrx_word' id='word_1_740' title='bbox 3460 5156 3477 5180; x_wconf 86' lang='lat'><strong>.</strong></span> 
     </span>
    </p>
   </div>
   <div class='ocr_carea' id='block_1_106' title="bbox 1411 5282 2250 5344">
    <p class='ocr_par' dir='ltr' id='par_1_106' title="bbox 1411 5282 2250 5344">
     <span class='ocr_line' id='line_1_106' title="bbox 1411 5282 2250 5344; baseline 0 -2"><span class='ocrx_word' id='word_1_741' title='bbox 1411 5282 1743 5344; x_wconf 82' lang='lat' dir='ltr'><strong>Annibalis</strong></span> <span class='ocrx_word' id='word_1_742' title='bbox 1779 5282 2030 5344; x_wconf 81' lang='lat' dir='ltr'><strong>Fabroti</strong></span> <span class='ocrx_word' id='word_1_743' title='bbox 2061 5288 2250 5344; x_wconf 63' lang='lat' dir='ltr'><strong>nota).</strong></span> 
     </span>
    </p>
   </div>
   <div class='ocr_carea' id='block_1_107' title="bbox 284 5425 1787 5495">
    <p class='ocr_par' dir='ltr' id='par_1_107' title="bbox 284 5425 1787 5495">
     <span class='ocr_line' id='line_1_107' title="bbox 284 5425 1787 5495; baseline 0.004 -15"><span class='ocrx_word' id='word_1_744' title='bbox 284 5426 395 5495; x_wconf 76' lang='grc' dir='ltr'><strong>(Η)</strong></span> <span class='ocrx_word' id='word_1_745' title='bbox 443 5425 640 5480; x_wconf 80' lang='lat' dir='ltr'><strong>Eadem</strong></span> <span class='ocrx_word' id='word_1_746' title='bbox 669 5446 819 5481; x_wconf 86' lang='lat' dir='ltr'><strong>sacra</strong></span> <span class='ocrx_word' id='word_1_747' title='bbox 853 5429 1103 5484; x_wconf 80' lang='lat' dir='ltr'><strong>Chalced.</strong></span> <span class='ocrx_word' id='word_1_748' title='bbox 1132 5430 1276 5484; x_wconf 87' lang='lat' dir='ltr'><strong>Idem</strong></span> <span class='ocrx_word' id='word_1_749' title='bbox 1314 5432 1555 5485; x_wconf 81' lang='lat' dir='ltr'><strong>Facuiid.</strong></span> <span class='ocrx_word' id='word_1_750' title='bbox 1588 5433 1787 5486; x_wconf 70' lang='lat' dir='ltr'><strong>Eadem</strong></span> 
     </span>
    </p>
   </div>
   <div class='ocr_carea' id='block_1_108' title="bbox 212 5498 1784 5570">
    <p class='ocr_par' dir='ltr' id='par_1_108' title="bbox 212 5498 1784 5570">
     <span class='ocr_line' id='line_1_108' title="bbox 212 5498 1784 5570; baseline 0.003 -20"><span class='ocrx_word' id='word_1_751' title='bbox 212 5510 543 5570; x_wconf 3' lang='lat' dir='ltr'><strong>veroqsancta</strong></span> <span class='ocrx_word' id='word_1_752' title='bbox 581 5498 1012 5553; x_wconf 76' lang='lat' dir='ltr'><strong>Chalcedonensis</strong></span> <span class='ocrx_word' id='word_1_753' title='bbox 1035 5503 1287 5569; x_wconf 78' lang='lat' dir='ltr'><strong>synodus.</strong></span> <span class='ocrx_word' id='word_1_754' title='bbox 1314 5514 1361 5559; x_wconf 83' lang='lat' dir='ltr'><strong>et</strong></span> <span class='ocrx_word' id='word_1_755' title='bbox 1395 5505 1568 5570; x_wconf 76' lang='lat' dir='ltr'><strong>magni</strong></span> <span class='ocrx_word' id='word_1_756' title='bbox 1605 5503 1784 5555; x_wconf 82' lang='lat' dir='ltr'><strong>Prorli</strong></span> 
     </span>
    </p>
   </div>
   <div class='ocr_carea' id='block_1_109' title="bbox 211 5568 1781 5639">
    <p class='ocr_par' dir='ltr' id='par_1_109' title="bbox 211 5568 1781 5639">
     <span class='ocr_line' id='line_1_109' title="bbox 211 5568 1781 5639; baseline 0.004 -20"><span class='ocrx_word' id='word_1_757' title='bbox 211 5568 283 5619; x_wconf 84' lang='lat' dir='ltr'><strong>ad</strong></span> <span class='ocrx_word' id='word_1_758' title='bbox 319 5568 592 5639; x_wconf 62' lang='lat' dir='ltr'><strong>Armenios</strong></span> <span class='ocrx_word' id='word_1_759' title='bbox 621 5570 868 5636; x_wconf 78' lang='lat' dir='ltr'><strong>scriptam</strong></span> <span class='ocrx_word' id='word_1_760' title='bbox 896 5568 1191 5635; x_wconf 76' lang='lat' dir='ltr'><strong>epistolam,</strong></span> <span class='ocrx_word' id='word_1_761' title='bbox 1226 5575 1290 5625; x_wconf 84' lang='lat' dir='ltr'><strong>de</strong></span> <span class='ocrx_word' id='word_1_762' title='bbox 1328 5590 1385 5625; x_wconf 90' lang='lat' dir='ltr'><strong>eo</strong></span> <span class='ocrx_word' id='word_1_763' title='bbox 1409 5568 1553 5639; x_wconf 65' lang='lat' dir='ltr'><strong>quod</strong></span> <span class='ocrx_word' id='word_1_764' title='bbox 1585 5587 1781 5633; x_wconf 81' lang='lat' dir='ltr'><strong>oportet</strong></span> 
     </span>
    </p>
   </div>
   <div class='ocr_carea' id='block_1_110' title="bbox 212 5636 1778 5708">
    <p class='ocr_par' dir='ltr' id='par_1_110' title="bbox 212 5636 1778 5708">
     <span class='ocr_line' id='line_1_110' title="bbox 212 5636 1778 5708; baseline 0.006 -21"><span class='ocrx_word' id='word_1_765' title='bbox 212 5639 385 5708; x_wconf 58' lang='grc' dir='ltr'>αέα-τα</span> <span class='ocrx_word' id='word_1_766' title='bbox 432 5636 709 5692; x_wconf 85' lang='lat' dir='ltr'><strong>Dominum</strong></span> <span class='ocrx_word' id='word_1_767' title='bbox 762 5640 946 5701; x_wconf 80' lang='lat' dir='ltr'><strong>Jesum</strong></span> <span class='ocrx_word' id='word_1_768' title='bbox 994 5642 1260 5695; x_wconf 82' lang='lat' dir='ltr'><strong>Christum</strong></span> <span class='ocrx_word' id='word_1_769' title='bbox 1316 5636 1515 5695; x_wconf 72' lang='lat' dir='ltr'><strong>Filium</strong></span> <span class='ocrx_word' id='word_1_770' title='bbox 1566 5642 1678 5708; x_wconf 83' lang='lat' dir='ltr'><strong>Dei,</strong></span> <span class='ocrx_word' id='word_1_771' title='bbox 1731 5658 1778 5696; x_wconf 75' lang='lat' dir='ltr'><strong>et</strong></span> 
     </span>
    </p>
   </div>
   <div class='ocr_carea' id='block_1_111' title="bbox 212 5706 1775 5781">
    <p class='ocr_par' dir='ltr' id='par_1_111' title="bbox 212 5706 1775 5781">
     <span class='ocr_line' id='line_1_111' title="bbox 212 5706 1775 5781; baseline 0.004 -22"><span class='ocrx_word' id='word_1_772' title='bbox 212 5706 376 5759; x_wconf 72' lang='lat' dir='ltr'><strong>Dauni</strong></span> <span class='ocrx_word' id='word_1_773' title='bbox 413 5718 675 5771; x_wconf 76' lang='lat' dir='ltr'><strong>nostrum,</strong></span> <span class='ocrx_word' id='word_1_774' title='bbox 708 5726 867 5762; x_wconf 79' lang='lat' dir='ltr'><strong>unum</strong></span> <span class='ocrx_word' id='word_1_775' title='bbox 900 5725 1094 5764; x_wconf 70' lang='lat' dir='ltr'><strong>sancta</strong></span> <span class='ocrx_word' id='word_1_776' title='bbox 1150 5712 1443 5773; x_wconf 85' lang='lat' dir='ltr'><strong>Trinitatis,</strong></span> <span class='ocrx_word' id='word_1_777' title='bbox 1485 5730 1576 5781; x_wconf 81' lang='lat' dir='ltr'><strong>per</strong></span> <span class='ocrx_word' id='word_1_778' title='bbox 1624 5706 1775 5767; x_wconf 77' lang='lat' dir='ltr'><strong>suam</strong></span> 
     </span>
    </p>
   </div>
   <div class='ocr_carea' id='block_1_112' title="bbox 211 5777 1777 5848">
    <p class='ocr_par' dir='ltr' id='par_1_112' title="bbox 211 5777 1777 5848">
     <span class='ocr_line' id='line_1_112' title="bbox 211 5777 1777 5848; baseline 0.004 -19"><span class='ocrx_word' id='word_1_779' title='bbox 211 5777 517 5830; x_wconf 63' lang='lat' dir='ltr'><strong>re’ationem</strong></span> <span class='ocrx_word' id='word_1_780' title='bbox 547 5781 762 5839; x_wconf 56' lang='lat' dir='ltr'><strong>suscepit</strong></span> <span class='ocrx_word' id='word_1_781' title='bbox 802 5791 850 5832; x_wconf 85' lang='lat' dir='ltr'><strong>et</strong></span> <span class='ocrx_word' id='word_1_782' title='bbox 896 5782 1243 5845; x_wconf 71' lang='lat' dir='ltr'><strong>conﬁrmavit.</strong></span> <span class='ocrx_word' id='word_1_783' title='bbox 1300 5782 1356 5837; x_wconf 88' lang='lat' dir='ltr'><strong>Si</strong></span> <span class='ocrx_word' id='word_1_784' title='bbox 1392 5777 1527 5835; x_wconf 77' lang='lat' dir='ltr'><strong>enim</strong></span> <span class='ocrx_word' id='word_1_785' title='bbox 1584 5785 1777 5848; x_wconf 69' lang='lat' dir='ltr'><strong>prtrdi-</strong></span> 
     </span>
    </p>
   </div>
   <div class='ocr_carea' id='block_1_113' title="bbox 213 5853 1772 5921">
    <p class='ocr_par' dir='ltr' id='par_1_113' title="bbox 213 5853 1772 5921">
     <span class='ocr_line' id='line_1_113' title="bbox 213 5853 1772 5921; baseline 0.004 -20"><span class='ocrx_word' id='word_1_786' title='bbox 213 5860 324 5901; x_wconf 76' lang='lat' dir='ltr'><strong>stas</strong></span> <span class='ocrx_word' id='word_1_787' title='bbox 349 5857 560 5901; x_wconf 85' lang='lat' dir='ltr'><strong>sanctas</strong></span> <span class='ocrx_word' id='word_1_788' title='bbox 601 5859 828 5909; x_wconf 82' lang='lat' dir='ltr'><strong>quatuor</strong></span> <span class='ocrx_word' id='word_1_789' title='bbox 860 5853 1083 5910; x_wconf 79' lang='lat' dir='ltr'><strong>sunodcs</strong></span> <span class='ocrx_word' id='word_1_790' title='bbox 1106 5854 1569 5921; x_wconf 53' lang='lat' dir='ltr'><strong>egredianturmnt</strong></span> <span class='ocrx_word' id='word_1_791' title='bbox 1601 5856 1663 5908; x_wconf 87' lang='lat' dir='ltr'><strong>ab</strong></span> <span class='ocrx_word' id='word_1_792' title='bbox 1695 5856 1772 5907; x_wconf 80' lang='lat' dir='ltr'><strong>Itis</strong></span> 
     </span>
    </p>
   </div>
   <div class='ocr_carea' id='block_1_114' title="bbox 1897 5432 3475 5499">
    <p class='ocr_par' dir='ltr' id='par_1_114' title="bbox 1897 5432 3475 5499">
     <span class='ocr_line' id='line_1_114' title="bbox 1897 5432 3475 5499; baseline 0.001 -19"><span class='ocrx_word' id='word_1_793' title='bbox 1897 5434 2175 5497; x_wconf 75' lang='lat' dir='ltr'><strong>disposita,</strong></span> <span class='ocrx_word' id='word_1_794' title='bbox 2219 5434 2407 5483; x_wconf 80' lang='lat' dir='ltr'><strong>damus</strong></span> <span class='ocrx_word' id='word_1_795' title='bbox 2447 5432 2756 5499; x_wconf 80' lang='lat' dir='ltr'><strong>facultatem</strong></span> <span class='ocrx_word' id='word_1_796' title='bbox 2797 5432 3081 5495; x_wconf 68' lang='lat' dir='ltr'><strong>ha’retici’s,</strong></span> <span class='ocrx_word' id='word_1_797' title='bbox 3121 5432 3209 5498; x_wconf 83' lang='lat' dir='ltr'><strong>qui</strong></span> <span class='ocrx_word' id='word_1_798' title='bbox 3243 5433 3475 5496; x_wconf 72' lang='lat' dir='ltr'><strong>depositi</strong></span> 
     </span>
    </p>
   </div>
   <div class='ocr_carea' id='block_1_115' title="bbox 1894 5500 3481 5569">
    <p class='ocr_par' dir='ltr' id='par_1_115' title="bbox 1894 5500 3481 5569">
     <span class='ocr_line' id='line_1_115' title="bbox 1894 5500 3481 5569; baseline 0 -16"><span class='ocrx_word' id='word_1_799' title='bbox 1894 5505 1959 5553; x_wconf 79' lang='lat' dir='ltr'><strong>ab</strong></span> <span class='ocrx_word' id='word_1_800' title='bbox 1986 5504 2060 5553; x_wconf 77' lang='lat' dir='ltr'><strong>eis</strong></span> <span class='ocrx_word' id='word_1_801' title='bbox 2108 5513 2251 5560; x_wconf 78' lang='lat' dir='ltr'><strong>sunt,</strong></span> <span class='ocrx_word' id='word_1_802' title='bbox 2293 5512 2341 5552; x_wconf 92' lang='lat' dir='ltr'><strong>et</strong></span> <span class='ocrx_word' id='word_1_803' title='bbox 2369 5519 2548 5554; x_wconf 78' lang='lat' dir='ltr'><strong>eorum</strong></span> <span class='ocrx_word' id='word_1_804' title='bbox 2576 5502 2905 5569; x_wconf 76' lang='lat' dir='ltr'><strong>dogmatibus</strong></span> <span class='ocrx_word' id='word_1_805' title='bbox 2938 5519 3085 5552; x_wconf 82' lang='lat' dir='ltr'><strong>suam</strong></span> <span class='ocrx_word' id='word_1_806' title='bbox 3121 5500 3481 5567; x_wconf 71' lang='lat' dir='ltr'><strong>pestilentiam</strong></span> 
     </span>
    </p>
   </div>
   <div class='ocr_carea' id='block_1_116' title="bbox 1892 5572 3151 5625">
    <p class='ocr_par' dir='ltr' id='par_1_116' title="bbox 1892 5572 3151 5625">
     <span class='ocr_line' id='line_1_116' title="bbox 1892 5572 3151 5625; baseline -0.002 0"><span class='ocrx_word' id='word_1_807' title='bbox 1892 5574 2077 5625; x_wconf 75' lang='lat' dir='ltr'><strong>iterum</strong></span> <span class='ocrx_word' id='word_1_808' title='bbox 2114 5573 2166 5622; x_wconf 84' lang='lat' dir='ltr'><strong>in</strong></span> <span class='ocrx_word' id='word_1_809' title='bbox 2195 5583 2406 5624; x_wconf 82' lang='lat' dir='ltr'><strong>sanctas</strong></span> <span class='ocrx_word' id='word_1_810' title='bbox 2442 5572 2535 5623; x_wconf 76' lang='lat' dir='ltr'><strong>Dei</strong></span> <span class='ocrx_word' id='word_1_811' title='bbox 2569 5572 2826 5623; x_wconf 60' lang='lat' dir='ltr'><strong>ltfrclcsias</strong></span> <span class='ocrx_word' id='word_1_812' title='bbox 2859 5583 3151 5623; x_wconf 73' lang='lat' dir='ltr'><strong>ostentare.</strong></span> 
     </span>
    </p>
   </div>
   <div class='ocr_carea' id='block_1_117' title="bbox 1962 5639 3475 5709">
    <p class='ocr_par' dir='ltr' id='par_1_117' title="bbox 1962 5639 3475 5709">
     <span class='ocr_line' id='line_1_117' title="bbox 1962 5639 3475 5709; baseline -0.003 -15"><span class='ocrx_word' id='word_1_813' title='bbox 1962 5642 2075 5708; x_wconf 76' lang='lat' dir='ltr'><strong>(l5)</strong></span> <span class='ocrx_word' id='word_1_814' title='bbox 2120 5641 2405 5695; x_wconf 82' lang='lat' dir='ltr'><strong>Cudicibus</strong></span> <span class='ocrx_word' id='word_1_815' title='bbox 2440 5642 2679 5693; x_wconf 79' lang='lat' dir='ltr'><strong>tollatur.</strong></span> <span class='ocrx_word' id='word_1_816' title='bbox 2717 5640 2880 5694; x_wconf 66' lang='lat' dir='ltr'><strong>Sexta</strong></span> <span class='ocrx_word' id='word_1_817' title='bbox 2918 5644 3155 5709; x_wconf 81' lang='lat' dir='ltr'><strong>synodus</strong></span> <span class='ocrx_word' id='word_1_818' title='bbox 3183 5640 3363 5709; x_wconf 64' lang='lat' dir='ltr'><strong>colla}.</strong></span> <span class='ocrx_word' id='word_1_819' title='bbox 3394 5639 3427 5691; x_wconf 74' lang='lat'><strong>‘2</strong></span> <span class='ocrx_word' id='word_1_820' title='bbox 3460 5658 3475 5696; x_wconf 74' lang='grc' dir='ltr'>ε</span> 
     </span>
    </p>
   </div>
   <div class='ocr_carea' id='block_1_118' title="bbox 1891 5708 3474 5789">
    <p class='ocr_par' dir='ltr' id='par_1_118' title="bbox 1891 5708 3474 5789">
     <span class='ocr_line' id='line_1_118' title="bbox 1891 5708 3474 5789; baseline -0.004 -25"><span class='ocrx_word' id='word_1_821' title='bbox 1891 5710 2117 5764; x_wconf 72' lang='lat' dir='ltr'><strong>Saurtas</strong></span> <span class='ocrx_word' id='word_1_822' title='bbox 2147 5725 2376 5779; x_wconf 74' lang='lat' dir='ltr'><strong>quatuor</strong></span> <span class='ocrx_word' id='word_1_823' title='bbox 2411 5712 2639 5779; x_wconf 76' lang='lat' dir='ltr'><strong>synodos</strong></span> <span class='ocrx_word' id='word_1_824' title='bbox 2682 5708 2953 5789; x_wconf 71' lang='lat' dir='ltr'><strong>majestas</strong></span> <span class='ocrx_word' id='word_1_825' title='bbox 2979 5712 3138 5789; x_wconf 68' lang='lat' dir='ltr'><strong>ipsius</strong></span> <span class='ocrx_word' id='word_1_826' title='bbox 3174 5709 3259 5789; x_wconf 63' lang='lat' dir='ltr'><strong>(de</strong></span> <span class='ocrx_word' id='word_1_827' title='bbox 3305 5708 3474 5789; x_wconf 39' lang='lat' dir='ltr'><strong>iusti-</strong></span> 
     </span>
    </p>
   </div>
   <div class='ocr_carea' id='block_1_119' title="bbox 1888 5778 3474 5848">
    <p class='ocr_par' dir='ltr' id='par_1_119' title="bbox 1888 5778 3474 5848">
     <span class='ocr_line' id='line_1_119' title="bbox 1888 5778 3474 5848; baseline 0 -15"><span class='ocrx_word' id='word_1_828' title='bbox 1888 5785 2070 5841; x_wconf 84' lang='lat' dir='ltr'><strong>niano)</strong></span> <span class='ocrx_word' id='word_1_829' title='bbox 2110 5778 2275 5833; x_wconf 68' lang='lat' dir='ltr'><strong>sacris</strong></span> <span class='ocrx_word' id='word_1_830' title='bbox 2307 5778 2563 5847; x_wconf 66' lang='lat' dir='ltr'><strong>diplt,tc/ti.\‘</strong></span> <span class='ocrx_word' id='word_1_831' title='bbox 2615 5782 2777 5834; x_wconf 80' lang='lat' dir='ltr'><strong>inseri</strong></span> <span class='ocrx_word' id='word_1_832' title='bbox 2821 5793 2878 5833; x_wconf 81' lang='lat' dir='ltr'><strong>et</strong></span> <span class='ocrx_word' id='word_1_833' title='bbox 2928 5781 3187 5848; x_wconf 65' lang='lat' dir='ltr'><strong>publicari</strong></span> <span class='ocrx_word' id='word_1_834' title='bbox 3222 5779 3363 5845; x_wconf 71' lang='lat' dir='ltr'><strong>fecit.</strong></span> <span class='ocrx_word' id='word_1_835' title='bbox 3412 5778 3474 5833; x_wconf 86' lang='lat' dir='ltr'><strong>V.</strong></span> 
     </span>
    </p>
   </div>
   <div class='ocr_carea' id='block_1_120' title="bbox 1887 5851 2501 5917">
    <p class='ocr_par' dir='ltr' id='par_1_120' title="bbox 1887 5851 2501 5917">
     <span class='ocr_line' id='line_1_120' title="bbox 1887 5851 2501 5917; baseline 0 -12"><span class='ocrx_word' id='word_1_836' title='bbox 1887 5851 2081 5917; x_wconf 66' lang='lat' dir='ltr'><strong>Evagi&#39;.</strong></span> <span class='ocrx_word' id='word_1_837' title='bbox 2108 5852 2198 5907; x_wconf 89' lang='lat' dir='ltr'><strong>lib.</strong></span> <span class='ocrx_word' id='word_1_838' title='bbox 2232 5868 2301 5917; x_wconf 82' lang='lat' dir='ltr'><strong>tv,</strong></span> <span class='ocrx_word' id='word_1_839' title='bbox 2339 5867 2386 5905; x_wconf 92' lang='lat' dir='ltr'><strong>c.</strong></span> <span class='ocrx_word' id='word_1_840' title='bbox 2423 5853 2501 5905; x_wconf 87' lang='lat' dir='ltr'><strong>ll.</strong></span> 
     </span>
    </p>
   </div>
  </div>
