4192 6444
704 378 847 444 1115

1910 377 2191 434 TIlEOD.
2233 373 2721 434 BALSAMONIS

3826 360 3974 423 1116

770 491 884 544 Lib.
914 507 952 555 ι,
979 490 1062 543 tit.
1092 488 1146 552 3,
1182 490 1398 544 conslit.
1438 490 1500 541 10
1534 486 1666 559 (8i),
1710 486 1864 556 cnjus
1923 486 2162 545 initium,
2211 483 2266 538 Si

2444 484 2564 536 Βιδ.
2601 482 2668 547 α’,
2708 483 2812 536 τίτ.
2848 480 2915 547 γ’,
2944 480 3083 532 διάτ.
3115 483 3167 542 ι’,
3195 473 3319 550 ἦςή
3352 474 3514 544 ἀρχὴ,
3539 472 3598 529 Si
3633 474 3778 543 quis.
3822 474 3975 525 Ἐάν

694 586 830 651 quis,
850 566 949 647 Qui
976 583 1051 636 rel
1073 582 1504 647 impressionem,
1524 580 1602 633 vel
1621 592 2004 644 quamcunque
2024 576 2276 643 injuri-am

700 675 951 727 Ecclesiae
971 674 1089 726 loco
1122 672 1321 725 inferre
1347 681 1571 724 conatus
1604 669 1787 732 fuerit,
1822 669 2039 736 capitali
2067 668 2278 735 suppli-

699 768 783 817 cio
813 765 1057 832 punitur.

765 854 883 910 Lib.
912 871 948 917 ι,
989 856 1071 908 tit.
1099 857 1152 916 5.
1179 855 1397 909 constit.
1440 854 1522 916 13,
1566 854 1721 921 cujus
1759 853 1993 914 initium,
2025 851 2085 926 Si
2112 852 2279 904 eccle-

694 947 807 999 sia.
840 945 941 1011 Qui
976 945 1330 1000 ecclesiarum
1360 945 1645 1013 privilegia
1696 944 1878 1007 violat,
1936 944 2174 1012 quinque
2212 943 2277 995 li-

696 1037 910 1089 brarum
935 1037 1053 1089 auri
1095 1036 1316 1089 multam
1358 1046 1598 1105 praestat.

766 1206 883 1260 Lib.
924 1223 963 1271 ι,
1000 1208 1081 1259 tit.
1120 1207 1174 1269 ’5,
1208 1208 1429 1260 constit.
1467 1206 1562 1269 20,
1593 1208 1746 1275 cujus
1772 1205 2009 1270 initium,
2056 1204 2277 1272 Siquis.

700 1296 799 1349 l'hi
834 1297 1087 1362 clericus,
1116 1298 1196 1349 vel
1228 1297 1548 1358 monachus,
1582 1297 1665 1349 vel
1693 1298 2025 1360 diaconissa,
2068 1297 2149 1349 vel
2192 1311 2281 1349 so-

695 1388 911 1449 litaria,
976 1389 1124 1443 nullo
1163 1389 1381 1443 condito
1431 1398 1759 1442 testamento
1804 1388 2122 1451 decesserit,
2183 1401 2282 1440 nec

692 1481 811 1546 ejus
845 1482 1215 1535 hatreditatem
1243 1482 1436 1535 adierit
1459 1482 1717 1547 ecclesia,
1746 1483 1829 1535 vel
1858 1480 2272 1545 monuterium,

694 1581 979 1640 propterea
1014 1573 1156 1641 quod
1186 1584 1327 1626 esset
1368 1574 1727 1641 ascriptitius,
1780 1584 1872 1624 aut
1908 1572 2156 1635 libertus,
2190 1580 2283 1625 aut

694 1664 921 1717 curialis
965 1684 975 1718 :
1021 1666 1063 1717 si
1117 1680 1251 1733 quas
1318 1667 1479 1719 habet
1533 1665 1793 1718 adversus
1848 1680 1971 1718 eum
2037 1665 2281 1717 actiones

694 1756 948 1834 ecclesia,
984 1755 1064 1812 vel
1092 1759 1498 1823 monasterium,
1533 1758 1796 1814 adversus
1840 1757 2083 1810 bmreucs
2117 1771 2279 1826 expe-

699 1860 886 1901 fletur.

771 1940 886 1992 Lib.
909 1957 945 2004 ι,
981 1942 1065 1994 tit.
1094 1942 1145 2004 5,
1173 1943 1398 1995 constit.
1431 1940 1522 2004 ΞΩ,
1560 1940 1717 2009 cujus
1764 1940 2003 2004 initium,
2062 1939 2120 1994 Si
2152 1956 2278 2008 qua.

697 2030 989 2101 Privilegia
1026 2048 1121 2101 per
1156 2034 1410 2102 antiquas
1436 2032 1860 2087 constitutiones
1885 2032 2133 2087 ecclesiis
2160 2048 2285 2085 con-

696 2138 872 2183 cessa,
906 2132 1020 2175 rata
1056 2124 1184 2177 sint.

767 2213 887 2268 Lib.
928 2230 964 2277 ι,
1002 2217 1085 2270 tit.
1120 2217 1173 2279 ὅ,
1200 2217 1425 2271 consul.
1453 2216 1546 2279 26,
1582 2216 1732 2281 cujus
1770 2216 2005 2275 initium,
2038 2215 2285 2268 Decerni-

696 2321 837 2357 mus.
882 2304 993 2360 Nec
1026 2307 1299 2373 publicum
1335 2308 1551 2376 aliquod
1586 2306 1893 2370 aediﬁcium,
1929 2321 2025 2361 nec
2052 2307 2192 2375 quod
2218 2307 2285 2361 ad

694 2397 1149 2449 oblectamentum
1187 2397 1423 2462 civitatis
1454 2397 1790 2450 destinatum
1815 2397 1907 2458 sit,
1940 2410 1971 2449 a
2003 2396 2286 2449 monachis

698 2496 792 2540 aut
822 2488 1037 2543 clericis
1072 2490 1380 2557 surripitor,
1417 2501 1471 2542 ut
1499 2490 1570 2544 sit
1597 2491 1846 2544 ecclesia.

776 2579 892 2633 Lib.
935 2598 972 2638 ι.
1007 2582 1094 2635 tit.
1128 2582 1180 2641 5.
1224 2584 1442 2636 c0nstit.
1483 2584 1574 2647 32,
1608 2584 1762 2649 cujus
1790 2584 2026 2647 initium,
2071 2582 2283 2638 Omnes.

699 2672 891 2729 Omnia
924 2676 1226 2746 privilegia,
1280 2692 1399 2746 qua:
1449 2692 1545 2743 per
1574 2677 1825 2745 antiquas
1872 2677 2289 2733 constitutiones

696 2766 944 2821 ecclesiis
973 2784 1229 2822 concessa
1262 2780 1405 2833 sunt,
1438 2780 1553 2824 rata
1588 2777 1768 2824 sunto.

769 2946 888 3001 Lib.
924 2965 964 3010 ι,
1004 2948 1087 3001 tit.
1115 2949 1167 3012 3,
1208 2949 1427 3003 constit.
1458 2950 1549 3009 54,
1579 2949 1734 3018 cujus
1773 2949 2012 3012 initium,
2066 2948 2285 3005 Omnia.

696 3040 989 3109 Privilcgia
1022 3042 1259 3107 przestita
1282 3042 1553 3101 ecclesiis.
1588 3051 1678 3094 aut
1709 3042 2042 3107 hominibus,
2079 3052 2171 3097 aut
2198 3058 2287 3097 re-

699 3132 803 3185 bus
833 3133 1206 3198 ecclesiarum,
1239 3133 1391 3187 firma
1421 3145 1602 3189 sunto.

770 3311 890 3366 Lib.
928 3330 963 3376 ι,
1003 3314 1084 3367 tit.
1111 3316 1165 3378 5,
1190 3317 1409 3370 c0nstit.
1436 3318 1525 3381 Η,
1548 3318 1700 3386 cujus
1729 3316 1958 3383 initium,
1986 3318 2095 3371 τῶν
2120 3321 2286 3388 ιερῶν

701 3404 967 3459 κανόνων.
1026 3405 1342 3475 Presbyter,
1383 3419 1477 3461 aut
1528 3409 1789 3462 diaconus
1830 3409 1963 3477 (εἳ),
2004 3410 2058 3463 in
2098 3412 2289 3465 matri-

704 3497 885 3549 monio
911 3502 1113 3549 versari
1142 3513 1248 3550 non
1277 3510 1522 3566 possunt.
1560 3499 1925 3565 Quamobrem
1965 3502 2009 3556 si
2041 3501 2162 3569 quis
2189 3502 2291 3555 hoc

703 3585 919 3648 fecerit,
965 3595 1017 3639 et
1050 3588 1203 3640 uxori
1241 3603 1352 3641 sua:
1395 3604 1478 3642 res
1514 3590 1726 3657 aliquas
1756 3590 1992 3653 dederit,
2031 3592 2113 3643 vel
2151 3591 2292 3645 inter

703 3677 857 3730 vivos
916 3679 1224 3742 donatione,
1274 3682 1355 3733 vel
1410 3682 1461 3733 in
1520 3692 1863 3747 testamento,
1911 3683 2163 3745 ecclesia,
2205 3684 2290 3738 cui

705 3770 914 3833 snbcst,
959 3786 1050 3824 eas
1100 3772 1240 3838 ipsas
1281 3772 1381 3826 sibi
1416 3772 1674 3827 vindicat.

781 3862 898 3915 Lib.
926 3879 961 3925 ι,
996 3865 1078 3916 tit.
1114 3864 1167 3925 5,
1194 3865 1413 3919 constit.
1439 3865 1525 3929 53,
1552 3864 1705 3930 cujus
1744 3865 1978 3924 initium,
2011 3865 2289 3933 Raptores.

706 3951 815 4004 Rus
843 3950 978 4019 ejus,
1012 3954 1100 4022 qui
1153 3953 1550 4015 diaconissam,
1602 3962 1695 4007 aut
1746 3955 2007 4021 virginem
2074 3957 2290 4022 rapuit;

703 4045 970 4107 ecclesia,
1028 4046 1113 4098 cui
1169 4046 1389 4111 subest,
1462 4047 1620 4115 pleno
1693 4046 1935 4101 dominio
2004 4048 2291 4117 consequi-

709 4148 813 4187 tur.

782 4226 899 4281 Lib.
945 4245 981 4289 ι,
1019 4229 1100 4281 ιίι.
1142 4230 1194 4291 4,
1238 4231 1461 4285 constit.
1496 4231 1547 4294 3,
1607 4232 1760 4300 cujus
1819 4233 2050 4297 initium,
2102 4236 2290 4289 Nemo.

708 4317 937 4371 Disserit
980 4321 1091 4372 haec
1118 4321 1453 4385 constitutio,
1485 4331 1538 4375 et
1568 4329 1812 4389 exponit,
1847 4326 2098 4392 qualibus
2127 4344 2153 4379 a
2190 4328 2293 4378 cri-

709 4409 952 4464 minibus
1014 4409 1213 4465 festum
1286 4412 1497 4466 dierum
1563 4412 1907 4468 Paschalium
1971 4418 2082 4485 (83)
2152 4418 2291 4473 libe-

708 4510 812 4551 ret.

784 4592 900 4646 Lib.
931 4610 966 4655 ι,
1005 4594 1086 4647 ιῑι.
1120 4595 1171 4659 5,
1206 4596 1427 4648 constit.
1458 4595 1508 4657 l,
1537 4596 1691 4663 cujus
1725 4596 1953 4661 initium,
1988 4597 2291 4668 Privilegia.

711 4684 963 4740 ll.cretici
1058 4686 1302 4741 ecclesiis
1386 4686 1591 4740 indulta
1662 4678 1941 4758 privilegia
2012 4690 2112 4743 sibi
2186 4706 2290 4744 non

2378 594 2487 640 τις.
2533 577 2591 628 Ὀ
2623 575 2811 639 ἔφοδον
2843 574 3163 641 οἱανδήποτε
3208 569 3539 638 παρίσταται
3589 567 3972 635 δπιχειρήσας

2380 668 2603 732 ποιῆσαι
2633 667 2710 735 τῷ
2756 668 2852 735 τῆς
2887 664 3212 731 Ἐκκλησίας
3250 662 3398 729 τόπῳ
3432 657 3750 726 κεφαλιιιῶς
3785 674 3971 723 τιμω-

2381 760 2581 825 ρείται.

2451 847 2571 901 Βιὸ.
2601 854 2670 907 α’,
2706 846 2810 899 τίτ.
2840 851 2906 911 γ’,
2945 844 3086 896 διάτ.
3133 839 3221 905 ιγ’,
3258 836 3375 912 ἦςὴ
3412 841 3574 909 ἁρχὴ,
3610 838 3670 893 Si
3702 837 3969 891 ecclesia.

2393 940 2538 994 Ἐὰν
2565 941 2601 1005 ή
2651 939 2997 1002 Ἐκκλησία.
3041 937 3100 989 ’0
3149 936 3216 987 τὰ
3251 935 3362 987 τῶν
3403 932 3747 1001 Ἐκκλησιῶν
3783 947 3975 996 παρα-

2381 1032 2623 1099 φθειρων
2663 1030 2948 1099 προνόμια,
2984 1028 3275 1094 privilegia,
3313 1027 3475 1079 πέντε
3506 1026 3695 1094 λίτρας
3731 1023 3974 1091 χρυσίου

2382 1126 2739 1193 προτιμᾶται.

2452 1216 2571 1267 Βιό.
2604 1213 2673 1274 α’,
2704 1216 2808 1268 τιτ.
2835 1213 2904 1281 γ’,
2939 1213 3077 1265 διάτ.
3110 1218 3180 1275 κ’,
3207 1207 3322 1281 ἦςή
3346 1210 3511 1278 ἀρχὴ,
3541 1206 3601 1261 Si
3627 1207 3766 1266 quis.
3786 1205 3972 1256 Ἀδιι-

2382 1307 2537 1359 θέτου
2570 1306 3003 1374 τελευτήσαντος
3038 1302 3132 1355 τοῦ
3165 1299 3453 1372 κληρικοῦ,
3498 1300 3529 1367 ἢ
3565 1298 3657 1350 τοῦ
3693 1296 3965 1365 μονα.χοί

2383 1399 2819 1466 ἢδιακονίσσης,
2863 1399 2894 1463 ἢ
2948 1394 3303 1463 μοναστρίας,
3351 1393 3443 1443 καὶ
3486 1391 3559 1458 μὴ
3611 1389 3969 1457 κληρονομη-

2384 1487 2566 1547 Οέντος
2600 1488 2705 1540 ὑπὸ
2736 1490 2831 1553 τῆς
2863 1484 3196 1554 Ἐκκλησίας
3236 1483 3268 1551 ἢ
3315 1481 3410 1533 τοῦ
3445 1479 3839 1549 μοναστηρίου,
3884 1478 3970 1528 διὰ

2382 1579 2442 1629 τὸ
2470 1573 2611 1629 εἶναι
2653 1577 2817 1630 αὑτὸν
2858 1574 3303 1642 ὲναπόγραφονῆ
3337 1570 3731 1637 ἀπελεύθερον,
3772 1570 3803 1636 ἢ
3844 1568 3971 1636 βου-

2383 1668 2612 1735 λευτήν·
2642 1667 2695 1719 εἴ
2718 1684 2864 1728 τινας
2895 1667 3006 1733 ἔχει
3038 1666 3157 1717 κατ’
3190 1662 3354 1717 αὐτοῦ
3387 1662 3635 1727 ἀγωγὰς.
3667 1663 3700 1728 ἡ
3729 1660 3969 1728 Ἐκκληο

2387 1761 2497 1823 σία,
2546 1760 2578 1829 ἢ
2630 1759 2992 1830 μοναθτήριον
3023 1757 3242 1826 κινήσει
3273 1756 3417 1807 κατὰ
3449 1754 3557 1806 τῶν
3602 1753 3799 1805 τούτου
3832 1753 3970 1821 xim-

2390 1852 2653 1919 ρονόμων.

2459 1942 2577 1993 Βισ.
2618 1948 2690 2005 α’,
2744 1941 2848 1993 τιτ.
2894 1939 2964 2006 γ’,
3014 1940 3152 1991 διατ.
3188 1938 3295 2007 ιβ’,
3346 1935 3413 2011 ἧς
3445 1942 3477 2007 ὴ
3512 1938 3677 2007 ἀρχὴ.
3711 1939 3786 1991 El
3814 1954 3971 2000 τινα,

2389 2034 2446 2088 Si
2476 2051 2599 2101 qua.
2639 2033 2917 2103 Προνόμια
2964 2035 3033 2085 τὰ
3065 2035 3186 2094 ταῖς
3219 2031 3574 2098 Ἐκκλησίαις
3608 2033 3673 2082 ἐκ
3719 2030 3971 2082 παλαιῶν

2386 2122 2679 2187 διατάξεων
2712 2123 3185 2190 πεφιλοτιμημένι
3212 2120 3506 2188 κρατείτω.

2424 2215 2577 2268 οΒι6.
2624 2212 2695 2278 α’,
2728 2214 2835 2269 τιτ.
2876 2212 2944 2280 γ’,
2982 2214 3129 2267 διὰτ.
3161 2211 3276 2275 κς’,
3324 2207 3393 2279 ἦς
3438 2213 3470 2281 ὴ
3503 2212 3669 2280 ἀργὴ,
3719 2210 3978 2263 Decerni-

2390 2324 2527 2359 mus.
2578 2307 2714 2358 Ὑπὸ
2771 2305 3027 2373 μοναχῶν
3082 2305 3113 2373 ἢ
3174 2302 3451 2373 κληρικῶν
3508 2305 3647 2371 μήτε
3709 2304 3980 2371 δημόσιον

2388 2398 2758 2465 οἰκονόμημα,
2792 2399 2929 2465 μήτε
2961 2397 3094 2467 πρὸς
3120 2398 3312 2465 τέρψιν
3339 2396 3548 2458 πόλεως
3582 2396 3981 2465 ἀφωρισμένον

2390 2492 2469 2551 sl;
2507 2491 2837 2560 Ἐκκλησίαν
2868 2490 3310 2558 ὑφαρπαζέσοω.

2465 2584 2583 2636 Βιῦ.
2634 2590 2705 2647 α’,
2756 2585 2865 2636 τίτ.
2902 2583 2973 2649 γ’,
3032 2584 3177 2636 διάτ.
3233 2582 3334 2651 λβ’,
3370 2580 3437 2655 ἧς
3475 2585 3507 2652 ἠ
3545 2582 3709 2650 ἀρχὴ.
3760 2581 3980 2634 Omnes.

2397 2676 2581 2728 Πάντα
2633 2677 2700 2726 τὰ
2751 2674 3092 2743 πριὸιλέγια,
3135 2672 3294 2726 ἆτινα
3345 2676 3465 2734 ταῖς
3501 2670 3867 2738 Ἐκκλησίαις
3925 2672 3985 2721 ὲκ

2396 2768 2645 2821 παλαιῶν
2692 2767 2989 2833 διατάξεων
3044 2764 3543 2833 πεφιλοτίμηνται,
3600 2761 3782 2813 ταῦτα.
3848 2778 3981 2828 κρα-

2394 2862 2575 2913 saltu).

2469 2953 2586 3005 Bt6.
2626 2952 2696 3016 α’,
2728 2952 2834 3004 τίτ.
2877 2958 2945 3019 γ’,
2970 2950 3110 3003 διάτ.
3141 2948 3234 3011 λδ’,
3266 2944 3334 3018 ἦς
3365 2950 3398 3015 ὴ
3437 2946 3603 3015 ἁρχὴ,
3636 2943 3869 2997 Omnia.
3906 2941 3986 2993 Τὰ

2398 3046 2817 3114 παρασχεθέντα
2854 3045 3173 3113 πριδι).έγια
3215 3046 3337 3104 ταῖς
3388 3040 3737 3106 ἐκκλησίαις,
3789 3037 3825 3106 ἢ
3879 3038 3986 3094 τοῖς

2315 3153 2357 3210 c
2391 3138 2727 3208 ἀνθρώποις,
2772 3135 2805 3205 ἢ
2865 3139 3172 3205 πράγματα
3218 3134 3329 3186 τῶν
3393 3130 3730 3200 ἐκκλησιῶν,
3788 3128 3986 3197 βέϐαια

2394 3231 2655 3283 ἔστωσαν.

2468 3322 2587 3375 Βιὸ.
2625 3329 2693 3388 α’,
2732 3323 2837 3377 τίτ.
2868 3323 2937 3391 γ’,
2964 3322 3104 3374 διάτ.
3142 3318 3246 3387 μδ’,
3280 3313 3347 3387 ἦς
3382 3318 3413 3383 ἡ
3449 3315 3614 3383 ἀρχὴ.
3656 3310 3785 3364 Τῶν
3821 3309 3988 3378 ιερῶν

2399 3416 2695 3468 κανόνων.
2740 3414 2802 3468 Ὀ
2834 3412 3214 3481 πρεσϐύτερος
3245 3409 3277 3477 ἢ
3312 3410 3339 3459 ὁ
3371 3406 3619 3463 διάκονος
3660 3404 3725 3452 οὐ
3762 3403 3987 3453 δύναται

2400 3507 2601 3575 γάμοις
2655 3503 3037 3570 προσομιλεῖν.
3098 3498 3282 3561 Ὀθεν,
3336 3498 3431 3549 ἐὰν
3493 3512 3574 3555 τις
3632 3492 3892 3545 τοιοῦτόν
3943 3508 3987 3542 τι

2400 3596 2625 3663 ποιήσῃ,
2671 3593 2765 3646 καὶ
2798 3594 3057 3661 παράτχῃ
3091 3593 3157 3658 τῇ
3195 3587 3389 3640 ἑαυτοῦ
3418 3589 3633 3655 γαμετῇ
3665 3603 3793 3635 τινα
3820 3585 3991 3651 πράγ-

2405 3704 2550 3756 ματα
2592 3685 2941 3752 ὲντερόίδως,
3002 3685 3032 3753 ἦ
3088 3687 3143 3735 ὲν
3197 3680 3450 3749 διαθήκῃ,
3509 3681 3541 3748 ή
3589 3677 3866 3745 ἐκκλησία
3907 3676 3989 3743 ὖᾷ

2401 3776 2467 3845 ἢν
2495 3776 2660 3833 τελεῖ.
2692 3777 2869 3828 ταῦτα
2907 3776 3191 3827 διεκδικεῖ.

2476 3869 2591 3921 Β.6.
2636 3869 2703 3931 α’,
2736 3872 2839 3921 τετ.
2875 3876 2943 3936 γ’,
2976 3869 3115 3923 διάτ.
3168 3873 3269 3934 εγ’,
3301 3860 3367 3935 ἧς
3398 3866 3429 3932 ἡ
3473 3862 3636 3930 ἁρχὴ,
3673 3861 3991 3928 Ἀρπατες.

2408 3962 2686 4027 Raptores.
2714 3962 2795 4012 Τὰ
2819 3960 2913 4012 τοῦ
2945 3961 3294 4027 ἁρπάσαντος
3329 3956 3679 4009 διακόνισσαν
3715 3956 3750 4023 ἢ
3790 3954 3989 4022 παρθέ-

2403 4067 2493 4101 νον
2531 4051 2836 4118 πράγματα
2884 4051 2915 4119 ἡ
2972 4050 3241 4119 ἐκκλησία
3277 4050 3369 4117 ὑφ’
3402 4049 3467 4119 ἣν
3500 4047 3665 4109 τελεῖ,
3721 4047 3871 4097 κατὰ
3907 4062 3990 4097 τε·

2404 4143 2552 4195 λείαν
2577 4143 2900 4195 δεσποτείαν
2930 4142 3221 4211 λαμϐάνει.

2478 4236 2596 4289 Βιϐ.
2627 4235 2696 4299 α’,
2724 4236 2830 4290 τίτ.
2885 4234 2953 4302 γ’,
2985 4236 3124 4289 διάτ.
3167 4242 3238 4302 γ’,
3287 4230 3353 4305 ἧς
3391 4236 3425 4303 ή
3470 4231 3637 4301 ἀρχὴ,
3694 4230 3892 4283 Nemo.
3932 4228 3990 4280 Ἡ

2405 4326 2649 4391 διάταξις
2685 4327 3044 4396 διαλαμϐάνει
3071 4329 3165 4381 καὶ
3198 4328 3370 4393 λέγει,
3420 4326 3591 4377 ποίων
3626 4322 3990 4393 ἐγκλημάτων

2403 4420 2680 4486 ἐλευθεροῖ
2706 4422 2740 4488 ἡ
2784 4421 2945 4491 ἑορτὴ
2981 4421 3086 4473 τῶν
3123 4419 3441 4487 πασχαλίων
3476 4416 3722 4484 ἡμερῶν.

2481 4598 2602 4651 Βιό.
2643 4606 2712 4662 α’,
2759 4600 2865 4653 τῐτ.
2913 4606 2971 4661 ι’,
3007 4598 3149 4652 διάτ.
3182 4600 3252 4659 α’,
3294 4592 3361 4667 ἧς
3409 4595 3638 4665 ἡάρχὴ.
3670 4595 3985 4661 Πρυνδμια.

2410 4689 2722 4760 Prlvilegia.
2769 4691 2831 4743 Οἱ
2878 4688 3145 4757 αἱρετικοὶ
3174 4686 3249 4758 μὴ
3280 4687 3675 4739 ὲκδικείτωσαν
3707 4685 3778 4735 τὰ
3811 4700 3987 4753 παρα-

1912 4834 2252 4895 Annibalis
2278 4836 2534 4896 Fabroti
2574 4847 2758 4895 noue.

785 4954 894 5075 (ξι)
960 4954 1279 5009 Constitutio
1328 4972 1381 5011 χ.
1432 4956 1564 5012 Vide
1627 4956 1845 5011 Sarcsb.
1907 4957 2024 5013 Pol.
2066 4960 2161 5013 lib.
2235 4978 2285 5023 ν,

713 5042 763 5079 C.
803 5042 853 5075 ἴ).

788 5096 900 5161 (8-2)
937 5094 1212 5167 Presbyter
1234 5109 1325 5151 aut
1349 5100 1629 5153 diaconus.
1662 5098 2001 5167 Presbyteri,
2047 5099 2292 5159 diaconi,

717 5166 1123 5218 etsnbdiaconi
1189 5170 1600 5222 matrimonium
1651 5169 1985 5226 contrahere
2023 5185 2128 5220 non
2171 5186 2298 5236 pos-

719 5245 867 5295 sunt,
903 5237 1141 5302 alioquin
1207 5239 1274 5289 ab
1307 5239 1485 5291 ofﬁcio
1517 5250 1887 5296 removentur,
1926 5252 2045 5306 cap.
2082 5240 2100 5290 i
2160 5250 2211 5292 et
2240 5240 2294 5300 2,

720 5317 859 5358 extr.
895 5306 1131 5372 quicler.
1176 5310 1253 5359 vel
1290 5319 1547 5362 voventes.
1580 5307 1789 5361 Concil.
1842 5308 2192 5361 Aureliancn.
2232 5324 2293 5374 tt,

722 5394 769 5425 υ.
809 5376 861 5433 8,
903 5385 1122 5443 propter
1166 5388 1349 5431 votum
1407 5380 1800 5433 continentiae:
1844 5379 1974 5444 quia
2038 5388 2145 5429 tam
2180 5380 2297 5431 dia-

723 5446 847 5497 c0ni
883 5462 1041 5511 qttam
1073 5447 1391 5501 subdiacoui
1427 5465 1553 5502 cum
1591 5449 1821 5515 primum
1856 5448 1918 5499 ad
1958 5449 2163 5501 clerum
2201 5449 2290 5502 ad-

727 5516 1061 5577 sciscuntur,
1095 5531 1317 5571 carnem
1350 5534 1504 5572 suam
1540 5518 1592 5570 in
1654 5526 1918 5571 aeternum
1974 5518 2289 5585 obsignant.

730 5585 795 5637 Et
828 5600 891 5637 cx
924 5586 1205 5652 juniornm
1238 5590 1556 5655 pontiﬁcum
1618 5587 2120 5642 Conslitutionibus
2165 5604 2297 5641 con-

727 5655 951 5724 jugalus
984 5672 1091 5709 non
1133 5662 1434 5711 assumitur
1466 5658 1530 5710 ad
1594 5658 1982 5716 sacerdotium,
2034 5660 2298 5711 diacona-

2413 4963 2474 5015 D.
2506 4962 2823 5031 llieronvm.
2862 4965 2914 5016 in
2946 4965 3110 5029 epist.
3147 4963 3235 5025 50,
3268 4960 3333 5013 ad
3372 4958 3790 5031 Pammachiunt
3819 4974 3832 5011 :
3867 4955 3984 5019 Epi-

2404 5036 2567 5101 scopi,
2609 5029 2929 5101 presbyteri,
2986 5034 3199 5085 diaconi
3270 5041 3362 5082 aut
3414 5030 3639 5095 virgines
3689 5029 3977 5094 eiiguntur,

2405 5119 2494 5154 aut
2529 5105 2693 5159 vidui.
2724 5112 2816 5155 aut
2845 5113 2981 5155 certe
3045 5111 3160 5167 post
3226 5102 3583 5153 sacerdotium
3628 5101 3681 5149 in
3733 5108 3983 5149 a'ternsm

2404 5176 2601 5238 pudici.
2638 5174 2773 5227 Vide
2809 5173 2871 5227 P.
2906 5174 3225 5225 Damianum
3255 5174 3416 5236 epist.
3451 5170 3483 5220 5
3519 5168 3614 5219 lib.
3655 5179 3806 5227 tv,ct
3835 5168 3981 5238 epist.

2404 5236 2493 5300 η,
2536 5245 2630 5296 lib.
2674 5261 2726 5295 v.
2764 5246 2821 5297 ln
2860 5243 3166 5297 minoribus
3208 5250 3388 5291 autem
3455 5238 3746 5291 ordinibus
3791 5236 3981 5289 conui-

2410 5316 2567 5373 lutis.
2603 5324 2731 5379 puta
2782 5314 3107 5375 lectoribus,
3169 5310 3514 5368 cantoribus,
3566 5308 3839 5365 ostiariis,
3898 5320 3979 5355 ex-

2408 5378 2695 5437 orcistisct
2722 5383 3015 5453 acolytbis,
3044 5384 3170 5435 licet
3200 5378 3611 5453 matrimo_niu_m
3638 5379 3979 5453 contrahere.

2408 5466 2533 5505 cau.
2560 5455 2631 5506 ‘25
2694 5445 2968 5518 Aposiol.;
3004 5445 3129 5506 ean.
3165 5453 3195 5503 6
3227 5450 3419 5518 synodi
3453 5450 3504 5501 in
3535 5445 3733 5499 Trullo
3769 5453 3979 5503 cost-tr,

2409 5520 2545 5575 Nov.
2582 5540 2634 5581 ν,
2670 5538 2791 5591 cap.
2827 5524 2931 5575 8~et
2967 5538 3100 5585 uti,
3130 5519 3388 5591 cztp._42.

2484 5579 2822 5664 (85)Dieritm
2851 5579 3217 5664 Pascitglium'.
3260 5589 3367 5643 Leo
3410 5588 3676 5664 Magnus,
3714 5598 3902 5664 ferm:
3929 5579 3976 5640 9.

2405 5654 2958 5730 ἀρ’ρυοάηίζεείιηιι.
2996 5660 3134 5719 Vide
3199 5660 3445 5731 Append.
3513 5657 3649 5712 Cod.
3713 5654 3975 5709 Theodos.

736 5735 996 5805 tum,_aut
1026 5727 1509 5805 subdiaconatum,
1538 5729 1650 5805 nisi
1688 5727 1976 5805 conversio
2030 5729 2302 5805 pr0iui_ssa
2406 5750 2458 5805 ρ,
2492 5727 2555 5788 1⁵]
2591 5744 2641 5790 ct
2669 5727 2785 5803 set],

733 5796 826 5861 sit,
868 5796 927 5852 C.
972 5798 1242 5853 assumiet
1274 5816 1377 5858 sm.
1421 5799 1668 5855 distinct.
1703 5797 1786 5860 18,
1824 5812 1872 5853 c.
1902 5799 1998 5854 ult.
2031 5799 2162 5857 dist.
2199 5799 2299 5854 31.
