4192 6444
231 412 372 476 1117

1284 432 1620 497 CONS’I‘IT.
1656 436 1957 497 ECCLES.
1984 440 2414 505 COLLECTIO.

3342 424 3474 490 lil8

230 527 493 598 σχεθέντα
533 530 654 590 ταῖς
692 530 1007 600 ἐκκλησίαις
1073 539 1359 608 προνόμια.
1429 542 1629 605 Μόνοις
1694 544 1803 613 γὰρ

1912 550 2206 602 vindicent.
2272 546 2407 603 Nam
2466 548 2600 603 solis
2656 544 2971 602 orthodoxis
3031 556 3092 595 ea
3166 537 3477 592 concedun-

225 619 407 671 ταῦτα
431 624 542 681 τοῖς
571 620 872 690 όρθοδόξοις
904 627 1280 695 ἐπιτρέπεται.

302 709 425 762 Βισ.
467 707 535 773 α’,
588 709 764 773 τίτλος
816 711 877 774 ε’,
931 716 1171 781 διάταξις
1205 727 1274 789 η’,
1304 718 1370 792 ἦς
1405 725 1435 789 ἠ
1473 724 1637 793 ἁρχὴ,
1682 726 1807 790 Qui-

230 814 455 868 cunque.
503 802 583 854 Τὰ
628 803 739 857 τῶν
773 806 1227 875 Εὑτυγιανιστῶν,
1258 815 1376 883 ήτοι
1423 816 1805 885 Ἀπολλιναρι-

138 934 142 937 .
236 890 383 941 στῶν
427 894 769 964 μοναστήρια
804 900 868 966 τῇ
919 900 1016 966 τῆς
1077 902 1288 972 ἐνορέας
1338 906 1603 976 ἐκκλησίᾳ
1635 924 1805 965 προσ-

230 983 676 1051 κυρωθήσονται.

302 1073 420 1127 Βισ.
452 1074 521 1137 α’,
552 1078 657 1130 τίτ.
691 1086 753 1136 s'.
782 1080 919 1133 διάτ.
956 1083 1011 1146 ι’,
1050 1078 1116 1153 ἧς
1150 1086 1373 1155 ἡάρχὴ,
1423 1086 1483 1142 Si
1510 1090 1648 1156 quis.
1686 1093 1805 1159 Μη-

228 1162 345 1225 δεὶς
388 1166 497 1216 τῶν
530 1167 829 1235 όρθοδόξων
870 1172 1077 1241 κτῆμα,
1115 1178 1173 1227 ἐν
1215 1170 1258 1243 ᾧ
1306 1180 1459 1229 ἐστιν
1500 1180 1802 1245 όρθοδόξων

228 1253 523 1321 ἐκκλησία,
584 1257 615 1326 ἡ
672 1259 984 1329 εὐκτήριον,
1033 1265 1090 1315 ἐν
1131 1264 1365 1335 διαθήκῃ
1398 1266 1428 1335 ἦ
1462 1267 1659 1337 δωρεᾷ,
1687 1271 1719 1339 ἢ
1748 1274 1805 1322 ἐν

223 1343 522 1414 τελευταίᾳ
555 1346 808 1417 βουλήσει
835 1350 866 1420 ἢ
896 1352 1040 1423 ἄλλῳ
1071 1356 1258 1425 τρόπῳ
1296 1357 1609 1421 ἐκποιείτω,
1647 1360 1679 1429 ἢ
1723 1361 1805 1412 δι-

222 1433 367 1487 δότω
392 1438 683 1507 αίρετικῷ.

300 1527 420 1578 Βιϐ.
475 1528 545 1591 α’,
584 1532 689 1585 τίτ.
723 1532 789 1597 θ’,
830 1536 975 1590 διάτ.
1024 1538 1111 1605 ιβ’,
1142 1535 1209 1609 ἧς
1245 1544 1276 1610 ἡ
1326 1544 1491 1614 ἁρχὴ,
1526 1545 1807 1599 σωίίεοία-

224 1631 369 1667 nun.
402 1618 462 1671 Οί
492 1621 649 1674 τόποι
685 1626 733 1675 οί
776 1627 856 1686 είς
879 1628 978 1688 τὰς
1007 1630 1258 1692 συνόδους
1288 1633 1669 1703 ἁφωρισμένοι
1700 1636 1809 1689 τῶν

226 1707 503 1761 σεϐόντων
544 1713 636 1763 τὸν
675 1714 903 1783 οὐρανὸν
944 1718 1060 1779 ταῖς
1103 1720 1426 1790 ἐκκλησίαις
1456 1726 1807 1794 προσκυροῦ-

225 1798 470 1853 σθωσαν.

300 1890 421 1943 Βιό.
459 1899 527 1953 α’,
552 1894 659 1949 τίτ.
704 1895 767 1959 0',
812 1897 951 1953 διάτ.
990 1908 1081 1969 ιη’,
1113 1898 1181 1973 ἧς
1223 1906 1255 1974 ὴ
1303 1906 1469 1975 ἀρχὴ,
1528 1906 1641 1960 Hac
1672 1908 1799 1961 raii-
1832 1864 1879 1922 Β

225 1992 374 2037 tura.
418 1988 561 2039 Νέου
599 1993 1112 2047 κατασκευασθεῖσα
1147 2001 1439 2067 συναγωγὴ
1472 1999 1741 2053 Ἰουδαίων
1773 2003 1805 2072 ἢ

228 2077 592 2143 Σαμαρειτῶν
621 2086 685 2152 τῇ
722 2086 991 2156 ἐκκλησίᾳ
1038 2091 1496 2159 προσκυρούσοω.

304 2166 422 2217 Βισ.
453 2173 522 2229 α’,
555 2170 660 2223 τίτ.
694 2170 785 2233 ια’,
818 2172 960 2226 διάτ.
992 2180 1053 2238 s',
1086 2171 1154 2245 ἦς
1180 2178 1211 2245 ὴ
1240 2178 1404 2247 ἀρχὴ,
1434 2178 1627 2231 Omnia
1670 2180 1803 2233 loca.

224 2257 289 2309 Οί
318 2258 375 2307 ἐν
407 2256 734 2331 Καρθαγένῃ
763 2264 1030 2331 ίερατικοὶ
1055 2268 1238 2333 τόποι,
1267 2270 1314 2321 oi
1343 2270 1494 2338 παρὰ
1532 2270 1625 2322 τοῦ
1656 2270 1809 2337 βασι-

224 2348 365 2409 λέως
419 2354 539 2412 ταῖς
598 2353 923 2421 ἐκκλησίαις
976 2357 1351 2429 δωρηθέντες,
1424 2363 1809 2432 ἀναφαιρέτους

226 2440 544 2507 μενέτωσαν
572 2446 700 2513 παρ’
742 2446 958 2509 αὑταῖς.

300 2532 420 2586 Βιό.
458 2534 529 2598 α’,
571 2538 677 2589 τίτ.
726 2537 811 2606 ιβ’,
843 2540 985 2593 διάτ.
1030 2547 1092 2605 ε’,
1129 2537 1192 2612 ἧς
1224 2544 1256 2611 ἠ
1291 2544 1454 2615 ἀρχὴ,
1519 2546 1810 2601 Dcnunlia—

228 2640 369 2677 mus.
393 2627 600 2695 Μηδεὶς
640 2632 697 2680 ἐν
747 2633 866 2691 ταῖς
902 2632 1240 2699 ἁγιωτάταις
1286 2637 1626 2705 ἐκκλησίαις,
1680 2640 1709 2707 ἢ
1749 2644 1805 2691 ἐν

224 2716 411 2779 ἄλλοις
446 2725 871 2790 προσκυνητοτς,
900 2725 959 2776 ἐν
1008 2722 1088 2788 οἷς
1129 2729 1184 2779 ai
1214 2729 1371 2798 εὐχαὶ
1409 2731 1809 2799 ἐπιτελοῦνται,

223 2810 482 2879 ἐκϐοήσει
506 2814 823 2882 κεχρήσοω,
858 2817 889 2886 ἢ
926 2819 1118 2872 στάσιν
1166 2823 1411 2884 κινείτω,
1449 2827 1689 2896 ἐσχάτην
1723 2827 1809 2877 ἐν-

221 2902 417 2956 τεῦθεν
447 2905 805 2974 ὑφορώμενος
836 2910 1135 2977 τιμωρίαν.

302 2992 418 3045 Βισ.
448 2992 517 3056 α’,
546 2995 650 3050 τίτ.
685 3004 773 3064 ιγ’,
800 3001 939 3056 διάτ.
988 3003 1050 3067 δ’,
1082 2998 1203 3077 ἦςή
1238 3007 1401 3077 ἀρχὴ,
1454 3008 1807 3067 Iamdudum.

236 3083 298 3136 Ὀ
330 3086 385 3136 ἐν
409 3086 680 3157 ἐκκλησίᾳ
716 3088 1102 3160 ἐλευθερωθεὶς
1129 3097 1219 3148 ἐπὶ
1245 3097 1338 3149 τοῦ
1362 3098 1532 3168 δήμου
1568 3102 1661 3153 καὶ
1687 3102 1810 3153 ἐπι-

226 3174 435 3230 σκόπου
474 3178 698 3243 βεϐαίαν
730 3184 926 3235 κτᾶται
958 3185 1053 3254 τὴν
1090 3187 1426 3259 ἐλευθερίαν.

295 3358 415 3412 Bt6.
451 3366 519 3425 α’,
547 3360 652 3414 τίτ.
691 3368 783 3427 ιγ’,
816 3364 956 3419 διὰτ.
988 3364 1053 3433 β’,
1086 3362 1152 3439 ἧς
1184 3370 1216 3436 ἡ
1244 3369 1411 3439 ἀρχὴ,
1470 3370 1574 3435 Qui
1603 3372 1813 3441 religio-

221 3469 307 3508 sa.
339 3453 508 3505 Ὅταν
545 3456 600 3506 ἐν
626 3456 892 3526 ἐκκλησία
922 3476 1027 3521 τις,
1076 3462 1345 3528 παρόντος
1375 3463 1466 3515 τοῦ
1488 3464 1810 3527 ἐπισκόπου,

221 3545 588 3615 ἐλιυθερωΟῇ,
629 3548 774 3600 οὓτω
822 3550 1063 3615 γενέσθω
1116 3554 1438 3625 ἐλεύθερος,
1483 3556 1558 3619 ὡς
1591 3557 1813 3609 πάντων

220 3638 337 3690 τῶν
361 3641 767 3707 νενομισμένων
793 3642 882 3692 ἐπὶ
911 3645 974 3711 τῇ
1010 3643 1297 3713 ἐλευθερία
1331 3647 1664 3715 γενομένων.

302 3729 417 3785 Βισ.
446 3729 515 3797 γ’,
549 3732 654 3784 τίτ.
709 3732 799 3801 ιβ’,
847 3733 989 3786 διατ.
1044 3733 1109 3803 β’,
1142 3730 1259 3807 ἦςή
1290 3738 1457 3808 ἀρχὴ,
1493 3737 1711 3792 Omnes.
1750 3739 1813 3791 Ol

220 3817 497 3881 δικασταὶ,
534 3820 629 3871 καὶ
655 3821 713 3873 τὸ
743 3822 851 3873 τῶν
875 3824 1082 3875 πόλεων
1116 3825 1344 3894 πλῆθος,
1397 3829 1489 3879 καὶ
1518 3829 1584 3881 τὲ
1615 3830 1813 3898 συστή-

230 3925 381 3978 ματα
432 3912 542 3961 τῶν
582 3912 810 3980 τεχνῶν,
855 3916 1035 3966 πᾶσαν
1078 3915 1177 3981 τὴν
1215 3918 1501 3987 Κυριακὴν
1540 3920 1815 3988 άργείτω·

225 4019 369 4056 σαν⁸
428 4008 695 4074 γεωργοῖς
749 4006 804 4058 δέ
838 4007 1042 4071 ἐξέστω
1094 4012 1216 4073 ταῖς
1263 4013 1498 4075 οἰκείαις
1528 4014 1815 4083 ἐργασίαις

226 4100 691 4167 προσκαρτερεῖν.

302 4187 420 4239 Bt6.
456 4196 525 4254 γ’,
583 4190 688 4242 τίτ.
725 4190 812 4259 ιβ’,
869 4192 1009 4246 διάτ.
1064 4192 1129 4260 β’,
1178 4188 1244 4263 ἧς
1293 4196 1324 4264 ἡ
1369 4197 1531 4264 ἀρχὴ,
1569 4195 1812 4262 Quadra-

225 4284 400 4351 ginta.
448 4284 535 4335 Ἐν
585 4287 646 4353 τῇ
681 4290 1093 4355 τεσσαρακοστῇ
1130 4288 1237 4339 τῶν
1269 4290 1536 4357 νηστειῶν
1570 4291 1816 4361 μηδεμία

222 4374 524 4439 διάγνωσις
554 4374 721 4441 ἐγκλη
733 4375 921 4441 μάτων
959 4378 1327 4445 προδαινέτω.

300 4465 419 4518 Βιϐ.
454 4462 522 4532 γ’,
556 4466 661 4518 τίτ.
695 4465 785 4533 ιβ’,
847 4467 985 4521 διάτ.
1041 4474 1115 4531 ς’,
1162 4464 1227 4539 ἧς
1270 4471 1302 4537 ή
1372 4473 1537 4539 ἀρχὴ,
1596 4471 1812 4527 Omnes.

1911 649 2017 693 ΙυΓ.

1981 731 2096 783 Lib.
2127 747 2161 793 ι,
2196 732 2275 785 tit.
2306 732 2361 795 5,
2388 731 2607 785 constit.
2633 730 2685 791 8,
2710 727 2865 794 cujus
2895 725 3129 785 initium,
3157 721 3487 787 Quicunque.

1910 820 2437 891 Eutychianistarum
2462 823 2574 875 sive
2599 819 3103 886 Apollinarislat'um
3160 813 3487 867 monasteria

1908 911 2152 964 ecclesia:
2190 910 2465 963 territorio
2498 911 2842 963 addicentur.

1983 1087 2101 1140 Lib.
2138 1104 2173 1150 l,
2206 1088 2290 1141 tit.
2326 1089 2380 1149 5,
2444 1096 2622 1141 const.
2662 1086 2747 1148 l0,
2790 1085 2945 1151 cujus
2986 1084 3198 1135 initium
3251 1084 3309 1135 Si
3349 1085 3487 1147 quis.

1908 1176 2075 1232 Nemo
2110 1180 2370 1248 prtetlium
2418 1179 2846 1231 orthodoxornm
2883 1178 2934 1229 in
2968 1192 3077 1243 quo
3112 1185 3195 1228 est
3225 1174 3487 1227 orthodo-

1908 1282 2101 1321 xorum
2132 1269 2383 1328 ecclesia.
2430 1270 2511 1322 vel
2558 1268 2879 1328 oratorium,
2916 1267 2967 1317 in
3000 1276 3343 1327 testamento,
3407 1267 3487 1318 vel

1909 1359 2216 1417 donatione,
2245 1358 2323 1410 vel
2362 1361 2411 1409 in
2443 1372 2691 1424 suprema
2739 1356 3035 1417 voluntate,
3073 1353 3153 1405 vel
3194 1354 3299 1406 alio
3334 1354 3493 1405 modo

1911 1450 2127 1510 alienet,
2162 1460 2251 1501 aut
2287 1450 2369 1501 det
2404 1450 2655 1501 lta‘retiro
2694 1447 2825 1511 (81).

1982 1538 2104 1593 Lib.
2136 1554 2171 1599 I,
2207 1540 2288 1591 tit.
2322 1538 2377 1599 9,
2417 1538 2638 1591 constil.
2676 1538 2762 1596 12.
2802 1536 2953 1603 cujus
2993 1536 3228 1595 initium,
3270 1534 3497 1586 leit'o-

1913 1634 2106 1683 larunt.
2136 1630 2272 1682 Loca
2299 1630 2664 1682 cmlicolarnm
2699 1628 3054 1681 cenventibns
3075 1627 3368 1693 assignula,
3403 1639 3494 1677 ec-

1912 1724 2092 1778 clesiis
2121 1724 2458 1776 addicuntur.

1980 1902 2097 1954 Lib.
2125 1918 2169 1962 1.
2208 1904 2289 1956 tit.
2314 1902 2369 1967 9,
2400 1903 2617 1955 constit.
2649 1903 2738 1964 18,
2775 1896 2926 1969 cujus
2950 1902 3187 1961 initium,
3227 1901 3339 1953 Hac
3363 1903 3497 1955 valio

1910 2005 2059 2046 tura.
2085 1993 2369 2048 Exstructa
2397 1993 2705 2048 .Iudzeorum
2737 1995 2817 2047 vel
2852 1996 3321 2047 Samaritanorum
3357 2008 3491 2047 nova

1910 2099 2205 2153 synagoga,
2240 2085 2480 2137 ecclesiae
2514 2086 2805 2142 addicitor.

1985 2175 2102 2230 Lib.
2127 2191 2161 2237 I,
2203 2177 2282 2229 tit.
2312 2176 2397 2239 11,
2430 2178 2649 2230 c0uslit.
2684 2178 2738 2238 5,
2796 2177 2952 2243 cujus
3007 2179 3242 2241 initium,
3300 2176 3495 2231 Omnia

1913 2268 2050 2321 loca.
2085 2267 2249 2321 Sacra
2284 2268 2614 2336 Carthagine
2652 2270 2765 2321 loca
2798 2270 2934 2337 (85),
2971 2271 3218 2323 ecclesiis
3262 2272 3328 2325 ab
3379 2272 3496 2340 ipso

1913 2360 2236 2428 imperatore
2263 2361 2477 2421 donata,
2509 2372 2758 2414 maneant
2789 2362 2865 2416 eis
2893 2363 3221 2432 inadempta.

1983 2542 2102 2596 Lib.
2133 2559 2170 2603 l,
2206 2542 2292 2593 tit.
2337 2541 2424 2605 12,
2464 2542 2684 2595 constit.
2717 2542 2770 2602 5,
2801 2543 2957 2604 cujus
2985 2542 3221 2604 initium,
3279 2542 3492 2596 Damm-

1914 2635 2129 2686 tiamus.
2163 2631 2334 2685 Nemo
2363 2633 2725 2685 sanctissimis
2757 2632 2806 2683 itt
2834 2633 3102 2695 ecclesiis,
3151 2635 3232 2686 vel
3276 2636 3326 2686 in
3378 2635 3498 2688 aliis

1914 2724 2317 2779 venerabilibus
2371 2725 2520 2786 locis,
2555 2725 2608 2776 in
2658 2725 2852 2793 quibus
2907 2734 3030 2777 vota
3090 2727 3496 2791 concipiuntur,

1913 2816 2440 2869 conclamationibus
2481 2817 2667 2878 nIilor,
2730 2816 2809 2868 vel
2860 2816 3180 2869 seditionem
3240 2828 3495 2881 moveto;

1915 2908 2166 2962 ultimum
2203 2908 2329 2960 inde
2361 2906 2684 2974 supplicium
2725 2906 3041 2959 formidans.

1987 3001 2101 3053 Lib.
2132 3018 2168 3063 ι,
2210 2999 2292 3053 tit.
2328 3001 2415 3057 13.
2454 3001 2671 3053 constit.
2706 3000 2760 3062 ι,
2804 3000 2958 3066 cujus
2991 3000 3222 3062 initium,
3271 3000 3500 3053 Iamdu-

1913 3090 2038 3144 dum
2091 3089 2225 3159 (86).
2281 3089 2381 3154 Qui
2441 3087 2804 3140 manumissus
2841 3100 2917 3140 est
2948 3088 2999 3139 in
3026 3090 3278 3152 ecclesia,
3316 3106 3497 3143 coram

1838 3198 1884 3259 ς
1918 3183 2073 3251 plebe
2112 3197 2174 3234 ac
2202 3180 2471 3248 episcopis
2506 3180 2638 3249 (87),
2689 3179 2994 3233 libertatem
3044 3191 3247 3234 certam
3309 3197 3505 3236 conse-

1916 3274 2116 3341 quitur.

1993 3366 2106 3417 Lib.
2149 3381 2185 3427 ι,
2223 3364 2303 3418 tit.
2338 3365 2422 3425 15,
2450 3366 2670 3419 constit.
2702 3362 2757 3428 2,
2793 3363 2949 3430 cujus
2978 3364 3213 3423 initium,
3246 3364 3350 3429 Qui
3383 3366 3503 3417 reli-

1916 3446 2082 3529 giosa.
2149 3461 2281 3514 Cum
2322 3460 2374 3512 in
2432 3461 2658 3511 ecclesia
2710 3459 2851 3528 quis,
2900 3461 3156 3527 episeopo
3214 3469 3499 3527 prtesente,

1919 3553 2279 3604 manumissus
2320 3551 2498 3605 fut-rit.
2538 3552 2609 3603 ita
2643 3551 2778 3603 libt-r
2812 3552 2923 3614 ﬁat,
2954 3560 3113 3620 atque
3148 3551 3190 3602 si
3225 3550 3409 3602 omnia
3446 3551 3500 3603 in

1918 3645 2351 3697 mztttttmissimte
2382 3644 2645 3697 solemnia
2679 3655 2894 3697 servata
2927 3643 3179 3695 fuissent.

1992 3737 2112 3790 Lib.
2144 3752 2224 3793 ttt.
2260 3737 2343 3790 tit.
2391 3736 2472 3795 12,
2504 3735 2726 3789 constit.
2748 3735 2801 3799 2,
2848 3735 3258 3803 enju'sinitium,
3283 3733 3501 3789 Omnes.

1919 3832 2014 3885 Die
2050 3830 2329 3884 Dominico
2363 3829 2473 3900 (88)
2505 3828 2713 3894 judices
2741 3844 2954 3889 omnes,
2987 3839 3039 3880 et
3071 3828 3353 3879 civitatum
3385 3825 3505 3893 ple—

1920 3923 2013 3977 bes
2040 3963 2052 3983 ,
2099 3931 2152 3973 et
2192 3923 2388 3974 artium
2452 3928 2769 3973 cunctarum
2825 3920 3048 3986 collegia
3081 3957 3097 3979 ,
3161 3915 3446 3985 quiescant
3485 3932 3500 3968 :

1919 4014 2171 4086 agricolis
2213 4028 2341 4068 vero
2378 4012 2537 4066 liceat
2564 4021 2621 4063 ut
2655 4010 2836 4079 operis
2862 4009 2974 4063 suis
3008 4008 3198 4063 intenti
3228 4009 3357 4062 sint.

1988 4193 2105 4248 Lib.
2145 4210 2225 4253 ιιι,
2263 4194 2345 4245 tit.
2380 4192 2468 4257 12,
2494 4191 2715 4243 eonstit.
2742 4190 2793 4253 5,
2821 4189 2975 4258 cujus
2995 4188 3228 4251 initium,
3254 4187 3509 4251 Quadra—

1919 4289 2066 4359 ginta
2104 4287 2239 4355 (39).
2268 4286 2319 4338 ltt
2349 4286 2682 4355 jejuniorum
2726 4286 3165 4354 quadragesima,
3222 4282 3365 4335 nulla
3416 4294 3502 4335 co-

1920 4382 2089 4449 gnitio
2122 4379 2421 4432 criminalis
2453 4378 2627 4431 locum
2658 4378 2874 4431 habeat.

1991 4472 2111 4525 Lib.
2144 4471 2337 4535 ttt,til.
2391 4470 2474 4533 12,
2523 4470 2743 4523 c0ttslit.
2792 4469 2844 4533 6,
2900 4468 3013 4534 (90)
3068 4465 3219 4533 cujus
3260 4464 3494 4527 initium,

225 4560 345 4620 Τὰς
400 4559 461 4610 ιε’
489 4558 589 4627 τῆς
627 4560 941 4626 Πασχαλίας
978 4561 1216 4629 ἡμέρας,
1275 4563 1368 4613 καὶ
1418 4562 1516 4633 τὴν
1573 4563 1811 4634 Χριστοῦ

1926 4570 2136 4620 Omnes.
2183 4564 2507 4630 Quindecim
2537 4562 2726 4616 diebus
2751 4558 3114 4629 paschalibus,
3146 4568 3198 4611 et
3228 4558 3313 4611 die
3341 4557 3507 4610 natali

221 4650 452 4713 Γένναν,
491 4651 582 4702 καὶ
612 4651 679 4703 τὰ
711 4653 1035 4716 Θεοφάνεια,
1087 4652 1183 4704 καὶ
1224 4653 1465 4722 ἐκάστης
1519 4656 1818 4726 ἑϐδομάδος

1922 4659 2153 4721 Christi,
2188 4668 2239 4711 et
2273 4656 2677 4725 Theophaniis,
2730 4663 2782 4707 et
2829 4652 3122 4716 cujuslibet
3184 4652 3506 4717 septimana:

222 4744 542 4815 Κυριακὴν,
596 4745 693 4796 καὶ
744 4744 802 4795 ἐν
834 4747 901 4815 τῇ
959 4747 1147 4816 μνήμῃ
1181 4746 1275 4798 τοῦ
1310 4747 1519 4810 πάθους
1547 4748 1656 4801 τῶν
1689 4751 1811 4803 άπο-

1924 4751 2228 4813 Dntninica,
2265 4760 2318 4803 et
2349 4749 2403 4801 in
2465 4748 2729 4801 memoria
2787 4745 3063 4815 passionis
3110 4744 3504 4811 apostolorum,

1393 4846 1731 4908 Annibalis
1771 4848 2030 4911 Fabroti
2064 4857 2249 4909 notua.

301 4950 414 5019 (ει)
476 4948 768 5001 Ηωνειίτο.
835 4946 970 5000 Nam
1036 4948 1480 5019 neephtereticus
1534 4951 1809 5018 ejusmodi

223 5018 494 5094 praedium
528 5033 849 5094 comparare
884 5027 1085 5087 potest.
1115 5018 1406 5088 Theophil.
1434 5023 1500 5075 ad
1533 5021 1636 5093 §2.
1675 5022 1808 5077 Inst.

223 5090 293 5148 de
328 5090 507 5145 inutil.
541 5093 727 5152 stipat.

306 5164 417 5233 (ὃὸ)
444 5158 763 5228 Carthagine
799 5161 934 5215 loca.
984 5160 1324 5218 Constitutio
1386 5162 1553 5217 missa
1609 5174 1693 5215 est
1745 5164 1810 5217 ad

228 5235 490 5307 populum
515 5232 1022 5307 Carthaginiensem.

305 5306 418 5373 (86)
453 5301 961 5373 ΙαιιιιΙιιάιιιιιλυιιιι
1000 5314 1173 5361 estex
1226 5306 1403 5359 tribus
1456 5303 1807 5358 Constantini

229 5371 753 5432 constitutionibus.
789 5371 1078 5433 Nieephor.
1120 5378 1212 5430 lib.
1244 5392 1336 5435 vn.
1362 5389 1411 5428 c.
1450 5373 1535 5427 16.

309 5446 421 5515 (87)
458 5444 531 5495 Ac
560 5445 839 5517 episcopis.
909 5445 1048 5517 Ὑπὸ
1114 5449 1349 5517 μάρτυσι
1383 5447 1497 5517 τοῖς
1554 5443 1807 5517 ίερεῦσιη

232 5514 601 5572 Sumtnenus.
642 5533 679 5576 ι,
723 5530 773 5567 c.
800 5515 881 5568 l9.
945 5514 1124 5572 Addit'
1153 5514 1548 5571 Cbnstantinus
1583 5515 1635 5567 in
1700 5516 1735 5569 1.
1791 5533 1802 5568 ι

230 5589 363 5643 εοτΙ.
410 5585 482 5637 De
513 5585 592 5637 his
624 5588 715 5656 qui
763 5587 818 5639 in
869 5584 1015 5641 Ercl.
1074 5587 1359 5641 manumit.
1413 5593 1468 5656 et
1524 5599 1664 5651 seq.:
1730 5586 1811 5640 Ab

231 5656 515 5725 epierpis
551 5654 768 5725 quoque
810 5664 863 5710 et
913 5658 1132 5713 clericis
1185 5654 1558 5725 manumissos
1608 5656 1810 5721 justam

231 5722 546 5784 libertatem
581 5722 877 5794 consequi;
922 5743 1155 5792 quorum
1224 5728 1411 5780 favore
1462 5722 1811 5781 JuStinianns

233 5813 459 5865 quoque
500 5798 756 5867 pleraque
789 5799 1083 5864 singularia
1114 5799 1492 5860 constituerat,
1527 5806 1585 5848 ut
1615 5796 1808 5850 scribit

234 5872 528 5925 Balsantou
566 5868 631 5923 ad
664 5883 786 5924 catt.
820 5868 909 5932 85,
977 5870 1168 5935 synodi
1214 5868 1471 5935 Catthag.
1514 5883 1619 5934 uno
1682 5867 1803 5934 jure

1915 4968 2036 5008 cum
2076 4953 2223 5004 Italis
2250 4952 2455 5004 dudum
2491 4959 2759 5015 uteretur,
2797 4950 3004 5017 placuit
3074 4946 3349 5000 Africanis
3406 4943 3509 4996 Pa-

1920 5023 2098 5076 tribus
2169 5021 2461 5091 Augustini
2507 5021 2811 5087 suggestio,
2884 5034 2988 5084 qua
3056 5018 3391 5072 Suatlebatur
3446 5025 3503 5068 ut

1918 5094 2060 5145 idem
2092 5093 2239 5157 jusa
2290 5092 2537 5159 principe
2593 5092 2997 5155 postularetur,
3045 5097 3102 5140 ιιι
3161 5095 3379 5139 constat
3435 5102 3503 5139 ex

1919 5178 2126 5218 canon.
2156 5164 2221 5215 64
2256 5173 2304 5213 et
2342 5161 2409 5213 8‘2
2451 5161 2658 5213 Eccles.
2692 5160 2859 5212 Afric.

1990 5232 2209 5297 (88)Die
2241 5233 2536 5284 Dominico.
2566 5232 2699 5283 Vide
2730 5248 2851 5295 sup.
2881 5229 3062 5281 Parat.
3111 5231 3194 5282 tit.
3233 5230 3281 5283 1.

1990 5305 2101 5368 (89)
2131 5303 2518 5369 Quadraginta.
2555 5300 2689 5355 Vide
2720 5316 2839 5365 sup.
2880 5302 3002 5351 eod.
3042 5300 3221 5351 l’arat.

1987 5375 2099 5444 (90)
2162 5374 2281 5427 Lib.
2353 5390 2435 5444 ιιι,
2497 5370 2953 5444 tit.12,_Con_st.
3009 5370 3082 5444 6_.
3126 5370 3497 5444 Theophaniis.

1915 5443 1971 5497 in
1998 5440 2050 5496 Vl.
2085 5440 2166 5508 ’7,
2197 5462 2246 5498 e.
2305 5444 2366 5497 de
2401 5442 2501 5510 fer.
2541 5441 2744 5501 Brod:t:i
2778 5440 2974 5510 codex,
3046 5440 3498 5508 Epipuaniarum,

1920 5514 2149 5580 quidam
2190 5509 2655 5584 Epiphaniorum.
2687 5509 3125 5584 ute._llenagii,
3186 5511 3273 5584 alii
3323 5511 3509 5563 Theo-

1927 5579 2308 5651 phaniurutn.’
2344 5584 2488 5638 Bals.
2559 5582 2626 5634 τὰ
2679 5579 2983 5647 Θεοφάνεια
3010 5581 3341 5651 neutraliter
3380 5622 3405 5651 ,ί
3446 5591 3505 5634 ut

1921 5649 2409 5722 Theopltaniormn
2449 5653 2642 5722 legisse
2678 5653 2951 5703 videatur.
2985 5649 3340 5722 liociestumi
3393 5650 3502 5704 La-

1923 5726 2018 5779 tini
2074 5719 2241 5781 etiam
2296 5734 2512 5779 veteres
2543 5719 2905 5790 Epiphaniam
2969 5720 3257 5783 vocabant,
3317 5721 3499 5775 Amm.

1921 5796 2225 5854 llarccllin.
2268 5792 2466 5851 “LV.
2500 5792 2665 5864 Greg.
2711 5791 2844 5848 Naz.
2879 5805 2961 5847 or.
2998 5790 3090 5858 ‘58,
3117 5790 3241 5845 init.
