4192 6444
698 371 841 437 1115

1905 368 2185 426 TIIEOD.
2227 364 2715 425 BALSAMONIS

3812 350 3961 414 1115

766 483 878 537 Lib.
908 499 947 547 ι,
974 482 1057 535 tit.
1087 480 1141 545 3,
1177 482 1393 535 constit.
1432 482 1494 533 lO
1529 478 1660 551 (8|),
1704 478 1858 548 cujus
1918 478 2156 536 initium,
2205 474 2260 529 Si

2438 475 2558 527 Βισ.
2595 473 2663 537 α’,
2702 474 2806 527 τίτ.
2843 472 2910 538 γ’,
2938 470 3078 523 διάτ.
3110 474 3162 533 ι’,
3191 464 3258 541 ἦς
3282 468 3315 536 ὴ
3348 465 3511 535 ἀρχὴ,
3538 462 3595 519 Si
3630 464 3768 533 quis.
3808 464 3961 515 Ἐάν

689 579 825 644 quis,
844 576 944 640 Qui
970 575 1046 628 vel
1068 575 1499 639 impressiOnem,
1519 571 1596 625 vel
1616 584 1999 636 quamcunque
2018 568 2270 634 injuriam

696 668 946 719 Ecclesia:
966 666 1084 719 loco
1116 664 1315 717 inferre
1342 673 1566 716 conatus
1599 661 1781 724 fuerit,
1816 660 2033 728 capituli
2061 659 2274 726 suppli-

694 761 778 809 cio
807 758 1053 825 punitur.

760 846 879 902 Lib.
908 863 944 910 Ι,
984 848 1066 901 tit.
1094 850 1147 909 5.
1174 848 1392 901 constil.
1434 846 1517 907 13,
1561 845 1715 913 cujus
1754 845 1987 906 initium,
2020 842 2080 918 Si
2106 843 2274 896 eccle-

690 939 803 991 sia.
836 938 936 1003 Qui
972 937 1325 992 ecclesiarum
1355 936 1640 1005 privilegia
1690 936 1873 999 violat,
1931 935 2169 1003 quinque
2206 934 2272 986 li-

692 1030 905 1082 brarum
931 1030 1049 1081 auri
1090 1029 1311 1081 multam
1353 1038 1593 1097 praestat.

762 1199 879 1252 Lib.
919 1216 959 1263 I,
995 1200 1077 1251 tit.
1116 1200 1169 1261 3,
1203 1200 1425 1252 constit.
1463 1198 1557 1262 20,
1589 1199 1741 1267 cujus
1767 1197 2004 1261 initittm,
2051 1195 2272 1264 Siquis.

695 1288 795 1341 lTbi
830 1290 1084 1355 clericus,
1113 1291 1192 1341 vel
1224 1290 1543 1350 monachus,
1577 1289 1659 1340 vel
1688 1290 2019 1351 diacOnissa,
2063 1289 2144 1341 vel
2187 1303 2277 1341 so-

690 1380 907 1440 litaria,
971 1382 1119 1435 nullo
1158 1381 1377 1435 condito
1426 1390 1754 1434 testamento
1800 1380 2117 1443 decesserit,
2178 1392 2277 1432 nec

688 1474 806 1538 ejus
840 1474 1210 1527 Imreilitatem
1238 1474 1431 1527 adierit
1455 1474 1712 1539 ecclesia,
1741 1474 1824 1526 vel
1854 1472 2267 1537 monasterium,

690 1573 974 1632 pr0pterea
1010 1566 1151 1633 quod
1181 1576 1323 1618 esset
1363 1565 1723 1633 ascriptitius,
1770 1576 1868 1617 aut
1902 1563 2151 1627 libertus,
2185 1572 2279 1616 aut

690 1656 917 1710 curialis
960 1675 971 1711 :
1017 1658 1059 1709 si
1113 1672 1246 1725 quas
1313 1658 1476 1711 habet
1528 1657 1788 1710 adversus
1843 1672 1966 1710 eum
2033 1656 2276 1709 actiones

690 1749 944 1826 ecclesia,
979 1748 1059 1803 vel
1088 1751 1494 1816 monasterium,
1528 1750 1792 1806 adversus
1835 1748 2078 1802 bazreucs
2112 1763 2275 1817 expe-

695 1852 882 1893 rtelur.

766 1932 881 1985 Lib.
905 1949 941 1997 I,
977 1935 1060 1986 tit.
1090 1935 1141 1995 3,
1169 1935 1395 1987 constit.
1427 1932 1518 1996 ΞΩ,
1556 1932 1713 2001 cujus
1760 1932 1998 1996 initium,
2058 1930 2116 1985 Si
2148 1947 2273 1999 qua.

693 2023 985 2093 Privilegia
1022 2040 1117 2093 per
1152 2026 1407 2094 antiquas
1432 2024 1856 2079 constitutiones
1881 2023 2128 2078 ecclesiis
2155 2039 2281 2076 cuu-

691 2130 868 2176 cessa.
902 2124 1016 2168 rata
1051 2116 1180 2170 sint.

762 2206 882 2261 Lib.
924 2222 960 2270 I,
998 2209 1081 2262 tit.
1116 2209 1169 2271 3,
1196 2209 1421 2263 constit.
1449 2207 1543 2271 26,
1578 2208 1728 2273 cujus
1766 2208 2001 2266 initium.
2033 2207 2281 2259 Decerni-

693 2314 832 2349 mus.
878 2296 989 2352 Nec
1022 2299 1295 2366 publicum
1331 2300 1548 2368 aliquod
1582 2298 1890 2361 aedilicium,
1924 2313 2021 2353 nec
2048 2298 2188 2367 quod
2214 2299 2280 2352 ad

691 2389 1146 2441 oblectamentum
1183 2388 1419 2455 civitatis
1450 2389 1786 2442 destinatum
1811 2388 1903 2449 sit,
1936 2402 1967 2440 ιι
1998 2388 2283 2441 monachis

694 2489 789 2532 ant
818 2480 1033 2535 clericis
1068 2482 1377 2549 surripitor,
1413 2493 1468 2534 ut
1495 2481 1567 2535 sit
1593 2483 1842 2535 ecclesia.

772 2571 888 2626 Lib.
931 2590 968 2630 ι.
1004 2574 1091 2627 tit.
1125 2574 1177 2634 3.
1220 2576 1438 2628 constit.
1479 2575 1570 2639 32,
1605 2575 1759 2641 cujus
1786 2575 2022 2638 initium,
2067 2573 2279 2629 Omnes.

696 2664 887 2721 Omnia
920 2668 1221 2738 privilegia,
1277 2684 1396 2737 quae
1445 2684 1541 2735 per
1570 2669 1822 2736 antiquas
1869 2668 2285 2724 constitutiones

692 2758 941 2813 ecclesiis
970 2776 1225 2815 concessa
1258 2773 1402 2825 sunt,
1435 2772 1550 2815 rata
1585 2769 1765 2816 sunto.

766 2938 885 2994 Lib.
921 2957 961 3002 ι,
1001 2940 1083 2993 tit.
1112 2940 1164 3003 3,
1205 2941 1424 2995 constit.
1455 2942 1546 3001 34,
1576 2940 1730 3009 cujus
1769 2940 2008 3003 initium,
2062 2939 2281 2996 Omnia.

692 3032 986 3101 Privilegia
1018 3034 1256 3100 praestita
1279 3034 1549 3093 ecclesiis.
1584 3042 1675 3086 aut
1706 3033 2039 3097 hominibus,
2075 3043 2166 3088 aut
2195 3049 2283 3088 re-

695 3125 800 3178 bus
829 3125 1203 3191 ecclesiarum,
1236 3126 1387 3179 ﬁrma
1418 3136 1599 3181 sunto.

768 3304 887 3358 Lib.
924 3322 961 3369 ι,
1000 3306 1081 3359 tit.
1109 3308 1163 3370 3,
1187 3309 1407 3361 constit.
1432 3309 1521 3373 Η,
1544 3310 1696 3378 cujus
1725 3308 1954 3374 initium,
1983 3310 2091 3363 τῶν
2116 3311 2282 3379 ιερῶν

698 3396 964 3451 κανόνων.
1024 3397 1339 3468 Presbyter,
1380 3410 1473 3452 aut
1524 3401 1785 3454 diacoous
1826 3400 1960 3469 (εἳ),
2001 3402 2055 3455 in
2094 3403 2285 3456 matri-

701 3489 883 3541 monio
908 3494 1110 3541 versari
1140 3505 1245 3542 non
1273 3503 1519 3558 possunt.
1556 3490 1921 3557 Quamobrem
1961 3494 2006 3547 si
2037 3493 2159 3561 quis
2186 3493 2287 3546 hoc

700 3577 916 3640 fecerit,
962 3588 1014 3631 et
1046 3579 1201 3632 uxori
1237 3595 1349 3633 sua:
1392 3596 1475 3634 res
1510 3582 1723 3649 aliquas
1753 3581 1989 3644 dederit,
2029 3583 2109 3635 vel
2148 3582 2288 3636 inter

700 3669 853 3722 vivos
912 3671 1221 3734 donatione,
1272 3674 1353 3725 vel
1406 3674 1458 3725 in
1516 3684 1859 3739 testamento,
1908 3674 2159 3736 ecclesia,
2201 3676 2287 3729 cui

702 3762 911 3825 subest,
956 3778 1047 3817 eas
1096 3764 1237 3830 ipsas
1278 3764 1378 3818 sibi
1412 3764 1671 3818 vindicat.

778 3854 895 3908 Lib.
922 3871 958 3917 ι,
993 3857 1074 3908 tit.
1111 3856 1164 3918 3,
1191 3857 1410 3911 constit.
1435 3857 1522 3920 53,
1549 3856 1702 3921 cujus
1740 3857 1975 3916 initium,
2007 3856 2285 3924 Raptores.

702 3943 812 3996 Res
840 3942 975 4011 ejus,
1009 3946 1097 4015 qui
1150 3946 1547 4006 diaconissam.
1599 3954 1692 3999 aut
1743 3946 2004 4013 virginem
2070 3948 2287 4013 rapuit;

700 4037 967 4100 ecclesia,
1025 4038 1111 4091 cui
1165 4038 1385 4103 subest,
1459 4039 1617 4107 pleno
1690 4037 1931 4092 dominio
2001 4040 2288 4108 consequi.

706 4140 810 4179 NH’.

779 4219 896 4274 Lib.
941 4237 978 4282 ι.
1015 4221 1097 4274 tit.
1139 4223 1190 4282 4,
1234 4223 1458 4277 constit.
1493 4222 1544 4286 3,
1604 4224 1757 4291 cujus
1816 4224 2047 4289 initium,
2100 4228 2287 4281 Nemo.

704 4310 933 4365 Disserit
977 4314 1087 4365 haec
1115 4313 1450 4377 constitutio,
1482 4323 1535 4367 et
1565 4320 1809 4381 exponit.
1844 4317 2095 4384 qualibus
2124 4334 2150 4370 a
2187 4320 2290 4369 cri-

706 4402 949 4457 minibus
1011 4402 1210 4457 festum
1283 4405 1494 4458 dierum
1560 4404 1904 4459 Paschalium
1968 4410 2078 4477 (83)
2150 4410 2287 4464 libe-

704 4503 808 4544 ιρι.

781 4584 897 4639 Lib.
928 4602 963 4647 ι.
1002 4586 1083 4639 ιῑι.
1117 4588 1168 4652 5,
1204 4588 1425 4641 constit.
1455 4587 1505 4649 1,
1535 4587 1688 4655 cujus
1722 4588 1950 4652 initium,
1986 4589 2287 4659 Privilegia.

707 4677 959 4732 ILuretici
1055 4679 1299 4733 ecclesiis
1383 4678 1588 4732 indulta
1659 4668 1938 4749 privilegia
2009 4681 2109 4735 sibi
2183 4698 2287 4735 nou

2373 585 2481 631 τις.
2527 568 2585 619 'O
2618 566 2806 631 ἔφοδον
2838 564 3158 632 οἱανδήποτε
3204 559 3537 629 παρίσταται
3586 557 3959 625 ιπιχειρήσας

2374 660 2597 723 ποιῆσαι
2627 658 2705 726 τῷ
2750 659 2847 726 τῆς
2882 654 3208 722 Ἐκκλησιας
3245 652 3395 720 τόπῳ
3428 648 3745 717 κεφαλικῶς
3777 665 3958 713 τιμωυ

2376 751 2577 816 ρεῖται.

2446 838 2566 893 Βισ.
2595 845 2665 899 α’,
2701 838 2805 890 τίτ.
2835 842 2901 902 γ’,
2940 835 3081 887 διάτ.
3128 830 3217 897 ιγ’,
3254 827 3371 903 ἦςὴ
3408 832 3573 900 ἁρχὴ,
3607 828 3667 884 Si
3697 827 3958 881 ecclesia.

2387 932 2533 985 Ἐὰν
2560 932 2596 997 ἡ
2646 930 2992 993 Ἐκκλησία.
3037 927 3096 979 '0
3145 926 3212 977 τὰ
3247 925 3358 978 τῶν
3400 922 3742 991 Ἑκκλησιῶν
3777 937 3964 988 παρα-

2376 1023 2617 1090 φθείρων
2657 1020 2944 1090 προνόμια,
2980 1018 3271 1085 privilegia,
3310 1018 3472 1071 πέντε
3503 1016 3691 1085 λίτρας
3725 1013 3964 1082 χρυσίου

2377 1117 2733 1185 προτιμᾶται.

2448 1207 2567 1259 Βιὸ.
2599 1205 2668 1265 α’,
2699 1206 2803 1259 τίτ.
2829 1204 2899 1272 γ’,
2935 1204 3073 1256 διάτ.
3106 1209 3176 1266 κ’,
3202 1198 3318 1273 ἦςή
3342 1199 3508 1269 ἁρχὴ,
3538 1197 3598 1252 Si
3624 1198 3763 1257 quis.
3784 1195 3964 1247 Ἀδικ-

2378 1299 2532 1351 θέτου
2566 1298 2998 1366 τελευτήσαντος
3033 1294 3128 1346 τοῦ
3160 1290 3450 1362 κληρικοῦ,
3495 1290 3526 1358 ἢ
3563 1288 3655 1341 τοῦ
3691 1287 3958 1356 pculo-3.

2378 1390 2814 1457 ἢδιακονίσσης.
2858 1390 2890 1454 ἢ
2943 1385 3300 1454 μοναστρῑας,
3347 1383 3440 1434 καὶ
3484 1382 3557 1448 μὴ
3609 1380 3963 1448 κληρονομη-

2379 1479 2562 1539 Οέντος
2595 1478 2700 1531 ὑπὸ
2732 1480 2825 1545 τῆς
2858 1476 3191 1545 Ἐκκλησίας
3232 1473 3264 1542 ἢ
3312 1472 3407 1525 τοῦ
3441 1470 3836 1539 μοναστηρίου,
3878 1468 3965 1519 διὰ

2377 1570 2437 1621 τδ
2465 1565 2607 1620 εἶναι
2649 1568 2813 1621 αὑτὸν
2853 1564 3299 1633 ὲναπόγραφονῆ
3334 1561 3727 1628 ἀπελεύθερον,
3769 1561 3803 1627 ἢ
3842 1559 3968 1626 βου-

2378 1659 2607 1726 λευτήν·
2638 1657 2690 1710 εἴ
2712 1675 2860 1719 τινας
2890 1658 3002 1725 ἔχει
3034 1656 3153 1708 κατ’
3186 1653 3351 1708 αὑτοῦ
3384 1652 3631 1719 ἀγωγὰς.
3665 1653 3699 1719 ἠ
3727 1651 3967 1719 Ἐκκλη-

2383 1752 2493 1813 σία,
2541 1751 2574 1819 ἢ
2625 1750 2989 1821 μοναδτήριον
3019 1748 3239 1817 κινήσει
3270 1746 3414 1797 κατὰ
3446 1745 3555 1796 τῶν
3600 1744 3799 1796 τούτου
3832 1743 3968 1813 πλη-

2385 1843 2649 1911 ρονόμων.

2455 1933 2573 1984 Βισ.
2613 1939 2685 1996 α’,
2739 1932 2844 1984 sit.
2890 1929 2961 1997 γ’,
3011 1931 3149 1982 διατ.
3184 1929 3291 1997 ιβ’,
3342 1926 3410 2002 ἧς
3442 1932 3475 1998 ἠ
3509 1929 3674 1998 ἀρχὴ.
3709 1930 3783 1981 ει
3813 1944 3971 1989 τινα,

2385 2025 2442 2079 Si
2471 2042 2595 2093 qua.
2634 2024 2913 2094 Προνόμια
2960 2025 3029 2076 τὰ
3062 2026 3182 2085 ταῖς
3217 2021 3573 2089 Ἐκκλησίαις
3606 2024 3669 2073 ὲκ
3716 2020 3971 2073 παλαιῶν

2381 2113 2674 2178 διατάξεων
2708 2113 3181 2182 πεφιλοτιμημένι
3210 2111 3505 2180 κρατείτω.

2419 2206 2573 2259 οΒιϐ.
2620 2203 2690 2269 α’,
2724 2205 2831 2260 τιτ.
2872 2203 2940 2272 γ’,
2978 2204 3125 2258 διάτ.
3158 2202 3274 2267 κς’,
3322 2198 3389 2271 ἦς
3436 2204 3467 2272 ὴ
3502 2202 3665 2271 ἀρχὴ,
3718 2201 3974 2254 οισι-νηί-

2386 2315 2523 2351 mus.
2574 2298 2710 2349 Ὑπὸ
2767 2296 3023 2365 μοναχῶν
3079 2296 3110 2364 ἢ
3170 2294 3449 2365 κληρικῶν
3507 2296 3643 2362 μήτε
3707 2295 3975 2362 δημόσιον

2384 2389 2754 2457 οἰκονὸμημα,
2789 2389 2925 2457 μήτε
2957 2388 3091 2457 πρὸς
3117 2388 3309 2456 τέρψιν
3336 2386 3546 2449 πόλεως
3580 2387 3977 2456 ἀφωρισμένον

2386 2483 2466 2543 εἰς
2503 2482 2833 2551 Ἐκκλησίαν
2864 2480 3307 2549 ὑφαρπαζέσῦω.

2460 2575 2579 2627 Βιὸ.
2631 2580 2701 2637 α’,
2752 2576 2862 2627 τίτ.
2898 2574 2969 2641 γ’,
3028 2575 3174 2627 διάτ.
3230 2573 3331 2642 λβ’,
3368 2570 3434 2645 ἧς
3473 2576 3505 2643 ὴ
3542 2572 3706 2641 ἀρχὴ.
3756 2572 3977 2625 Omnes.

2392 2667 2577 2719 Πάντα
2628 2668 2697 2717 τὰ
2747 2665 3089 2734 πριειλέγια,
3131 2663 3291 2717 ἆτινα
3343 2666 3463 2724 ταῖς
3500 2661 3863 2729 Ἐκκλησίαις
3920 2664 3982 2711 ὲκ

2392 2759 2641 2813 παλαιῶν
2688 2758 2986 2823 διατάξεων
3041 2754 3542 2824 πεφιλοτίμηνται,
3598 2752 3777 2804 ταῦτα
3842 2767 3977 2819 κρα-

2390 2853 2571 2905 τείτω.

2465 2944 2583 2997 Βιὸ.
2622 2943 2693 3008 α’,
2725 2943 2830 2995 τίτ.
2874 2949 2942 3009 γ’,
2967 2942 3108 2994 διάτ.
3138 2940 3230 3001 λδ’,
3263 2935 3330 3009 ἧς
3362 2941 3396 3007 ἡ
3435 2936 3601 3006 ἀρχὴ,
3636 2934 3861 2988 Omnia.
3900 2931 3983 2983 Τά

2394 3036 2813 3106 παρασχεθέντα
2851 3036 3170 3105 πρι6ι).έγια
3212 3037 3334 3094 ταῖς
3386 3031 3733 3097 ἐκκλησίαις,
3783 3028 3816 3096 ἢ
3871 3028 3982 3085 τοῖς

2312 3144 2354 3202 c
2386 3129 2724 3199 ἀνθρώποις,
2769 3126 2802 3196 ἢ
2861 3130 3169 3197 πράγματα
3216 3125 3327 3177 τῶν
3390 3120 3725 3190 ἐκκλησιῶν,
3782 3118 3982 3187 βέϐαια

2390 3222 2652 3274 ἔστωσαν.

2464 3313 2584 3367 Βιὸ.
2622 3321 2690 3378 α’,
2729 3315 2834 3369 τίτ.
2865 3313 2934 3382 γ’,
2961 3312 3101 3365 διάτ.
3139 3308 3244 3378 μδ.
3278 3304 3344 3377 ἧς
3379 3308 3410 3374 ἡ
3447 3306 3611 3374 ἀρχὴ.
3655 3301 3780 3355 Τῶν
3813 3298 3984 3367 ιερῶν

2396 3407 2692 3459 κανόνων.
2738 3404 2799 3459 Ὀ
2830 3403 3211 3472 πρεσϐύτερος
3243 3401 3275 3468 ἢ
3309 3402 3336 3450 ὁ
3368 3397 3616 3454 διάκονος
3658 3395 3719 3443 οὐ
3757 3393 3985 3443 δύναται

2397 3499 2597 3566 γάμοις
2652 3494 3034 3562 προσομιλεῖν.
3096 3489 3279 3551 Ὀθεν,
3334 3489 3429 3540 ὲάν
3492 3503 3573 3545 τις
3630 3482 3883 3535 τοιοῦτόν
3936 3498 3984 3533 τι

2397 3587 2622 3655 ποιήσῃ,
2668 3584 2761 3637 καὶ
2795 3585 3054 3653 παράσχῃ
3089 3585 3154 3649 τῇ
3192 3578 3387 3632 ἑαυτοῦ
3415 3579 3631 3645 γαμετῇ
3664 3593 3788 3626 τινα
3813 3575 3988 3642 πράγ-

2402 3696 2547 3747 ματα
2589 3676 2938 3743 ἐντερσίϐως,
2998 3676 3029 3743 ἢ
3085 3678 3141 3726 ὲν
3195 3671 3448 3740 διαθήκῃ,
3507 3672 3539 3739 ή
3587 3666 3858 3735 ἐκκλησία
3901 3666 3986 3732 ὑφ’

2398 3766 2465 3836 ἣν
2492 3768 2657 3825 τελεῖ,
2690 3768 2866 3819 ταῦτα
2904 3766 3188 3818 διεκδικεῖ.

2473 3860 2588 3912 Β.6.
2633 3860 2701 3922 α’,
2733 3864 2836 3912 τξτ.
2872 3867 2941 3926 γ’,
2973 3859 3113 3914 διάτ.
3165 3864 3266 3925 ιγ’,
3298 3850 3364 3926 ἦς
3396 3857 3427 3923 ἡ
3472 3853 3634 3921 ἀρχὴ,
3672 3852 3988 3919 Ἅρπαγε-ς,

2403 3953 2683 4019 Raptores.
2710 3952 2792 4004 Τά
2816 3952 2910 4003 τοῦ
2943 3952 3292 4018 ἁρπάσαντος
3327 3947 3679 4000 διακόνισσαν
3711 3947 3743 4014 ἦ
3784 3944 3987 4012 παρῦὲ-

2399 4058 2490 4092 νυν
2528 4043 2833 4109 πράγματα
2881 4042 2913 4110 ἡ
2969 4041 3239 4110 ἐκκλησία
3275 4041 3367 4108 ὑφ’
3400 4040 3466 4110 ἣν
3499 4038 3663 4100 τελεῖ,
3717 4037 3865 4088 κατὰ
3902 4052 3988 4087 τε·

2402 4134 2549 4187 λείαν
2574 4134 2896 4186 δεσποτείαν
2928 4134 3219 4203 λαμόάνει.

2475 4228 2593 4280 Βι6.
2624 4226 2694 4289 α’,
2722 4228 2827 4281 τίτ.
2883 4225 2951 4293 γ’,
2982 4228 3122 4280 διάτ.
3164 4234 3237 4293 γ’,
3284 4221 3351 4297 ἦς
3389 4227 3423 4294 ή
3469 4222 3635 4292 ἁρχὴ,
3694 4221 3887 4274 Nemo.
3929 4220 3988 4271 Ἦ

2402 4318 2646 4383 διάταξις
2683 4319 3042 4387 διαλαμϐάνει
3068 4321 3163 4373 καὶ
3196 4319 3368 4385 λέγει,
3419 4318 3589 4368 ποίων
3624 4314 3987 4383 ἐγκλημάτων

2400 4410 2678 4477 ἐλευθεροῖ
2704 4413 2737 4479 ἡ
2782 4412 2943 4482 ἑορτὴ
2979 4412 3084 4464 τῶν
3120 4410 3439 4479 πασχαλίων
3476 4408 3719 4475 ἡμερῶν.

2478 4589 2599 4643 Βιὸ.
2640 4597 2709 4653 α’,
2756 4592 2862 4645 τίτ.
2910 4597 2969 4653 ε’,
3004 4589 3147 4643 διάτ.
3180 4592 3250 4651 α’,
3292 4583 3359 4658 ἧς
3408 4587 3636 4656 ἡάρχὴ.
3668 4586 3983 4652 Προνόμια.

2407 4681 2719 4751 Privilegia.
2766 4682 2829 4734 Oi
2875 4680 3143 4749 αἱρετικοὶ
3172 4678 3248 4750 μὴ
3277 4678 3674 4730 ὲκδικείτωσαν
3706 4677 3775 4727 τά
3808 4691 3985 4744 παρσ-

1908 4826 2250 4887 Annibalis
2276 4828 2531 4888 Fabroti
2571 4838 2755 4886 noue.

781 4948 891 5069 (ξι)
957 4947 1276 5002 Coustitutio
1325 4965 1379 5003 χ.
1428 4947 1562 5003 Vide
1624 4947 1843 5003 Saresh.
1904 4949 2020 5004 Pol.
2063 4952 2158 5004 lib.
2232 4969 2283 5015 ν,

709 5035 760 5072 C.
800 5035 850 5069 ἴ).

785 5089 896 5154 (8'2)
934 5087 1209 5157 Presbyter
1231 5101 1322 5144 aut
1347 5093 1626 5145 diaconus.
1659 5090 1999 5159 Presbyteri,
2044 5090 2289 5151 diaconi.

713 5158 1119 5213 etsnbdiaconi
1185 5163 1597 5215 matrimonium
1649 5158 1983 5218 contrahere
2020 5176 2125 5213 non
2168 5178 2295 5229 pos-

716 5238 863 5288 sunt,
900 5230 1139 5295 alioquin
1204 5231 1272 5281 ah
1304 5231 1484 5283 ollicio
1515 5242 1885 5287 removentur.
1924 5245 2042 5297 cap.
2079 5232 2097 5282 l
2158 5242 2209 5284 et
2238 5231 2291 5292 2,

716 5311 856 5352 estr.
891 5299 1129 5365 quieter.
1173 5302 1251 5352 vel
1287 5311 1544 5354 voventes.
1578 5299 1787 5353 Concil.
1840 5300 2190 5353 Aurelmncu.
2230 5317 2290 5366 tt,

718 5388 765 5419 υ.
805 5370 857 5427 8,
900 5378 1119 5436 propter
1164 5380 1346 5423 votum
1405 5373 1797 5425 continentizet
1842 5371 1971 5436 quia
2035 5381 2142 5422 tam
2177 5372 2294 5423 dia-

719 5440 843 5491 c0ni
880 5456 1039 5505 quam
1070 5440 1389 5495 subdiaconi
1425 5457 1551 5495 cum
1588 5442 1818 5507 primum
1854 5440 1916 5491 ad
1955 5441 2160 5492 clerum
2198 5440 2288 5494 ad-

723 5510 1058 5570 sciscuntur,
1092 5524 1314 5564 carnem
1348 5527 1501 5565 suam
1537 5510 1590 5563 in
1652 5518 1916 5563 aeternum
1972 5510 2287 5577 obsignant.

726 5579 791 5632 Et
825 5594 888 5631 ex
921 5579 1203 5646 juniornm
1236 5583 1553 5648 pontificum
1616 5579 2118 5634 Constitutionibus
2162 5596 2295 5633 ron-

722 5649 949 5719 jugatus
982 5665 1089 5702 non
1131 5654 1432 5703 assumitur
1464 5651 1527 5702 ad
1592 5650 1980 5709 sacerdotium,
2031 5652 2296 5703 diacona—

2410 4955 2471 5006 D.
2502 4953 2821 5023 llieronvm.
2859 4956 2912 5007 in
2944 4956 3107 5020 epist.
3146 4954 3234 5018 50,
3267 4952 3331 5005 ad
3370 4949 3787 5023 Patnmacbium
3819 4966 3833 5003 :
3869 4947 3984 5013 Epi-

2401 5028 2564 5093 scopi.
2606 5021 2927 5092 presbyteri,
2983 5025 3197 5077 diaconi
3268 5033 3360 5073 aut
3413 5021 3638 5087 virgines
3688 5021 3977 5085 eligantur,

2402 5092 2497 5146 aut
2526 5096 2690 5150 vidui.
2722 5104 2813 5146 aut
2843 5105 2979 5147 certe
3042 5102 3157 5159 post
3224 5094 3582 5145 sacerdotium
3628 5092 3679 5141 in
3734 5099 3985 5141 a'ternam

2400 5167 2599 5230 pudici.
2635 5165 2771 5218 Vide
2808 5164 2869 5219 P.
2904 5166 3224 5217 Damianum
3253 5164 3415 5228 epist.
3449 5161 3482 5211 5
3519 5160 3613 5211 lib.
3653 5170 3805 5219 tv,et
3836 5161 3983 5230 epist.

2402 5228 2490 5291 13.
2533 5237 2627 5288 lib.
2671 5252 2723 5288 ν.
2762 5237 2819 5288 In
2858 5234 3164 5288 minoribus
3206 5242 3387 5283 autem
3454 5229 3747 5282 ordinibus
3792 5228 3983 5281 consti-

2407 5308 2565 5365 tutis.
2601 5316 2729 5371 puta
2779 5305 3104 5366 lectoribus,
3168 5302 3513 5371 cantoribus,
3564 5299 3840 5358 ostiariis,
3899 5313 3981 5348 ex-

2406 5370 2693 5429 orcistisct
2720 5374 3013 5443 acolythis,
3041 5375 3167 5440 licet
3198 5370 3610 5443 matrimonith
3638 5371 3980 5443 contrahere,

2406 5458 2531 5497 can.
2557 5446 2628 5498 ‘25
2691 5437 2966 5509 Aposiol.;
3003 5437 3132 5497 ean.
3162 5445 3193 5494 ti
3225 5441 3418 5509 synodi
3452 5441 3503 5493 in
3534 5437 3734 5491 Trullo
3772 5446 3982 5495 coactat.

2406 5512 2542 5567 Nov.
2581 5531 2632 5571 ν.
2668 5529 2788 5582 cap.
2824 5516 2929 5567 Set
2964 5530 3098 5577 χιιι,
3129 5510 3387 5582 οηρηιῖ.

2482 5572 2819 5655 (85)Ι)ἱετίιιη
2847 5572 3215 5655 Panaetium".
3258 5580 3365 5635 Leo
3408 5580 3673 5655 Magnus.
3714 5591 3905 5655 _s_erm.
3932 5572 3979 5634 9.

2403 5656 2469 5710 de
2501 5647 2955 5721 Qu’adragesima.
2994 5651 3131 5711 Vide
3196 5652 3444 5723 Append.
3512 5649 3650 5703 Cod.
3714 5647 3978 5702 Tbeodos.

731 5730 993 5798 tutnuaut
1024 5720 1506 5798 subtliaconatum,
1536 5721 1647 5798 nisi
1686 5720 1974 5798 conversio
2028 5722 2300 5798 pr0tni_ssa
2404 5742 2455 5798 ρ,
2490 5725 2553 5781 17
2589 5736 2640 5781 ct
2667 5720 2784 5795 seq.

729 5790 823 5855 sit,
865 5790 925 5846 C.
970 5791 1241 5847 assumiet
1271 5808 1375 5850 sea.
1420 5791 1666 5847 distinct.
1700 5790 1784 5853 l8,
1821 5804 1870 5846 ε.
1900 5791 1995 5846 ult.
2028 5791 2159 5849 dist.
2197 5791 2297 5847 3|.
