  <div class='ocr_page' id='page_1' title='image "/cluster/home/n/w/nwhite01/storage/ocr_20150623/138/nnc1.0046980083/586.png"; bbox 0 0 4192 6444; ppageno 0'>
   <div class='ocr_carea' id='block_1_1' title="bbox 244 382 384 447">
    <p class='ocr_par' dir='ltr' id='par_1_1' title="bbox 244 382 384 447">
     <span class='ocr_line' id='line_1_1' title="bbox 244 382 384 447; baseline 0.007 -2"><span class='ocrx_word' id='word_1_1' title='bbox 244 382 384 447; x_wconf 80' lang='grc'>1117</span> 
     </span>
    </p>
   </div>
   <div class='ocr_carea' id='block_1_2' title="bbox 1296 411 2426 492">
    <p class='ocr_par' dir='ltr' id='par_1_2' title="bbox 1296 411 2426 492">
     <span class='ocr_line' id='line_1_2' title="bbox 1296 411 2426 492; baseline 0.019 -24"><span class='ocrx_word' id='word_1_2' title='bbox 1296 411 1633 478; x_wconf 83' lang='lat' dir='ltr'><strong>CONSTIT.</strong></span> <span class='ocrx_word' id='word_1_3' title='bbox 1668 417 1969 480; x_wconf 84' lang='lat' dir='ltr'><strong>ECCLES.</strong></span> <span class='ocrx_word' id='word_1_4' title='bbox 1996 424 2426 492; x_wconf 87' lang='lat' dir='ltr'><strong>COLLECTIO.</strong></span> 
     </span>
    </p>
   </div>
   <div class='ocr_carea' id='block_1_3' title="bbox 3354 418 3486 483">
    <p class='ocr_par' dir='ltr' id='par_1_3' title="bbox 3354 418 3486 483">
     <span class='ocr_line' id='line_1_3' title="bbox 3354 418 3486 483; baseline 0 0"><span class='ocrx_word' id='word_1_5' title='bbox 3354 418 3486 483; x_wconf 82' lang='grc'>1118</span> 
     </span>
    </p>
   </div>
   <div class='ocr_carea' id='block_1_4' title="bbox 243 498 1804 595">
    <p class='ocr_par' dir='ltr' id='par_1_4' title="bbox 243 498 1804 595">
     <span class='ocr_line' id='line_1_4' title="bbox 243 498 1804 595; baseline 0.017 -44"><span class='ocrx_word' id='word_1_6' title='bbox 243 498 504 568; x_wconf 79' lang='grc' dir='ltr'>σχεθέντα</span> <span class='ocrx_word' id='word_1_7' title='bbox 544 503 665 563; x_wconf 79' lang='grc' dir='ltr'>ταῖς</span> <span class='ocrx_word' id='word_1_8' title='bbox 702 504 1019 575; x_wconf 71' lang='grc' dir='ltr'>ἐκκλησίαις</span> <span class='ocrx_word' id='word_1_9' title='bbox 1084 517 1371 586; x_wconf 83' lang='grc' dir='ltr'>προνόμια.</span> <span class='ocrx_word' id='word_1_10' title='bbox 1441 522 1640 585; x_wconf 86' lang='grc' dir='ltr'>Μόνοις</span> <span class='ocrx_word' id='word_1_11' title='bbox 1706 526 1804 595; x_wconf 61' lang='grc' dir='ltr'>γὰρ</span> 
     </span>
    </p>
   </div>
   <div class='ocr_carea' id='block_1_5' title="bbox 1902 498 3488 595">
    <p class='ocr_par' dir='ltr' id='par_1_5' title="bbox 1922 530 3488 591">
     <span class='ocr_line' id='line_1_5' title="bbox 1922 530 3488 591; baseline 0.001 -10"><span class='ocrx_word' id='word_1_12' title='bbox 1922 533 2217 587; x_wconf 85' lang='lat' dir='ltr'><strong>vindicent.</strong></span> <span class='ocrx_word' id='word_1_13' title='bbox 2284 533 2418 589; x_wconf 85' lang='lat' dir='ltr'><strong>Nam</strong></span> <span class='ocrx_word' id='word_1_14' title='bbox 2479 536 2611 591; x_wconf 87' lang='lat' dir='ltr'><strong>solis</strong></span> <span class='ocrx_word' id='word_1_15' title='bbox 2668 535 2983 590; x_wconf 76' lang='lat' dir='ltr'><strong>orthodoxis</strong></span> <span class='ocrx_word' id='word_1_16' title='bbox 3042 548 3103 586; x_wconf 80' lang='lat' dir='ltr'><strong>ea</strong></span> <span class='ocrx_word' id='word_1_17' title='bbox 3178 530 3488 584; x_wconf 83' lang='lat' dir='ltr'><strong>concedun-</strong></span> 
     </span>
    </p>
   </div>
   <div class='ocr_carea' id='block_1_6' title="bbox 238 589 1290 672">
    <p class='ocr_par' dir='ltr' id='par_1_6' title="bbox 238 589 1290 672">
     <span class='ocr_line' id='line_1_6' title="bbox 238 589 1290 672; baseline 0.017 -32"><span class='ocrx_word' id='word_1_18' title='bbox 238 589 418 641; x_wconf 73' lang='grc' dir='ltr'>ταῦτα.</span> <span class='ocrx_word' id='word_1_19' title='bbox 442 596 552 654; x_wconf 80' lang='grc' dir='ltr'>τοῖς</span> <span class='ocrx_word' id='word_1_20' title='bbox 582 593 883 662; x_wconf 77' lang='grc' dir='ltr'>όρθοδόξοις</span> <span class='ocrx_word' id='word_1_21' title='bbox 916 602 1290 672; x_wconf 78' lang='grc' dir='ltr'>ἐπιτρέπεται.</span> 
     </span>
    </p>
   </div>
   <div class='ocr_carea' id='block_1_7' title="bbox 313 679 1817 773">
    <p class='ocr_par' dir='ltr' id='par_1_7' title="bbox 313 679 1817 773">
     <span class='ocr_line' id='line_1_7' title="bbox 313 679 1817 773; baseline 0.021 -44"><span class='ocrx_word' id='word_1_22' title='bbox 313 680 434 733; x_wconf 75' lang='grc' dir='ltr'>Βιδ.</span> <span class='ocrx_word' id='word_1_23' title='bbox 477 679 545 745; x_wconf 90' lang='grc' dir='ltr'><strong>α’,</strong></span> <span class='ocrx_word' id='word_1_24' title='bbox 598 684 774 747; x_wconf 83' lang='grc' dir='ltr'>τίτλος</span> <span class='ocrx_word' id='word_1_25' title='bbox 826 686 888 749; x_wconf 82' lang='grc' dir='ltr'><strong>ι’.</strong></span> <span class='ocrx_word' id='word_1_26' title='bbox 941 691 1182 758; x_wconf 80' lang='grc' dir='ltr'><strong>διάταξις</strong></span> <span class='ocrx_word' id='word_1_27' title='bbox 1215 705 1283 766; x_wconf 89' lang='grc' dir='ltr'><strong>η’,</strong></span> <span class='ocrx_word' id='word_1_28' title='bbox 1314 696 1380 771; x_wconf 80' lang='grc' dir='ltr'>ἦς</span> <span class='ocrx_word' id='word_1_29' title='bbox 1415 704 1445 768; x_wconf 80' lang='grc' dir='ltr'>ἡ</span> <span class='ocrx_word' id='word_1_30' title='bbox 1483 704 1647 773; x_wconf 82' lang='grc' dir='ltr'>ἁρχὴ,</span> <span class='ocrx_word' id='word_1_31' title='bbox 1692 707 1817 771; x_wconf 85' lang='lat' dir='ltr'><strong>Qui-</strong></span> 
     </span>
    </p>
   </div>
   <div class='ocr_carea' id='block_1_8' title="bbox 241 774 1815 867">
    <p class='ocr_par' dir='ltr' id='par_1_8' title="bbox 241 774 1815 867">
     <span class='ocr_line' id='line_1_8' title="bbox 241 774 1815 867; baseline 0.018 -45"><span class='ocrx_word' id='word_1_32' title='bbox 241 785 464 839; x_wconf 75' lang='lat' dir='ltr'><strong>cunque.</strong></span> <span class='ocrx_word' id='word_1_33' title='bbox 512 774 593 827; x_wconf 83' lang='grc' dir='ltr'><strong>Τὰ</strong></span> <span class='ocrx_word' id='word_1_34' title='bbox 638 776 749 831; x_wconf 85' lang='grc' dir='ltr'>τῶν</span> <span class='ocrx_word' id='word_1_35' title='bbox 782 779 1236 851; x_wconf 72' lang='grc' dir='ltr'>Εὑτυγιανιστῶν,</span> <span class='ocrx_word' id='word_1_36' title='bbox 1267 793 1385 861; x_wconf 70' lang='grc' dir='ltr'>ἦτοι</span> <span class='ocrx_word' id='word_1_37' title='bbox 1432 795 1815 867; x_wconf 75' lang='grc' dir='ltr'>Ἀπολλιναρι-</span> 
     </span>
    </p>
   </div>
   <div class='ocr_carea' id='block_1_9' title="bbox 153 860 1814 956">
    <p class='ocr_par' dir='ltr' id='par_1_9' title="bbox 153 860 1814 956">
     <span class='ocr_line' id='line_1_9' title="bbox 153 860 1814 956; baseline 0.021 -49"><span class='ocrx_word' id='word_1_38' title='bbox 153 903 159 906; x_wconf 94' lang='grc'>.</span> <span class='ocrx_word' id='word_1_39' title='bbox 246 860 392 913; x_wconf 88' lang='grc' dir='ltr'>στῶν</span> <span class='ocrx_word' id='word_1_40' title='bbox 436 867 778 937; x_wconf 82' lang='grc' dir='ltr'>μοναστήρια</span> <span class='ocrx_word' id='word_1_41' title='bbox 813 875 876 940; x_wconf 82' lang='grc' dir='ltr'><strong>τῇ</strong></span> <span class='ocrx_word' id='word_1_42' title='bbox 928 875 1025 942; x_wconf 82' lang='grc' dir='ltr'>τῆς</span> <span class='ocrx_word' id='word_1_43' title='bbox 1086 879 1298 949; x_wconf 76' lang='grc' dir='ltr'>ἐνορέας</span> <span class='ocrx_word' id='word_1_44' title='bbox 1346 885 1611 956; x_wconf 77' lang='grc' dir='ltr'><strong>ἐκκλησίᾳ</strong></span> <span class='ocrx_word' id='word_1_45' title='bbox 1644 904 1814 946; x_wconf 83' lang='grc' dir='ltr'>ποοσ-</span> 
     </span>
    </p>
   </div>
   <div class='ocr_carea' id='block_1_10' title="bbox 240 954 684 1022">
    <p class='ocr_par' dir='ltr' id='par_1_10' title="bbox 240 954 684 1022">
     <span class='ocr_line' id='line_1_10' title="bbox 240 954 684 1022; baseline 0.023 -20"><span class='ocrx_word' id='word_1_46' title='bbox 240 954 684 1022; x_wconf 84' lang='grc' dir='ltr'>κυρωθήσονται.</span> 
     </span>
    </p>
   </div>
   <div class='ocr_carea' id='block_1_11' title="bbox 310 1044 1812 1141">
    <p class='ocr_par' dir='ltr' id='par_1_11' title="bbox 310 1044 1812 1141">
     <span class='ocr_line' id='line_1_11' title="bbox 310 1044 1812 1141; baseline 0.021 -46"><span class='ocrx_word' id='word_1_47' title='bbox 310 1044 664 1141; x_wconf 11' lang='grc' dir='ltr'>Βι6.-α’,γτίτ.</span> <span class='ocrx_word' id='word_1_48' title='bbox 698 1059 761 1110; x_wconf 80' lang='grc' dir='ltr'>ι’,</span> <span class='ocrx_word' id='word_1_49' title='bbox 789 1054 926 1109; x_wconf 88' lang='grc' dir='ltr'>διάτ.</span> <span class='ocrx_word' id='word_1_50' title='bbox 964 1058 1018 1121; x_wconf 87' lang='grc' dir='ltr'><strong>ι’,</strong></span> <span class='ocrx_word' id='word_1_51' title='bbox 1058 1054 1123 1130; x_wconf 75' lang='grc' dir='ltr'>ἧς</span> <span class='ocrx_word' id='word_1_52' title='bbox 1157 1063 1380 1134; x_wconf 82' lang='grc' dir='ltr'>ἡάρχὴ,</span> <span class='ocrx_word' id='word_1_53' title='bbox 1430 1066 1655 1136; x_wconf 76' lang='lat' dir='ltr'><strong>Siquis.</strong></span> <span class='ocrx_word' id='word_1_54' title='bbox 1693 1074 1812 1141; x_wconf 73' lang='grc' dir='ltr'><strong>Μη-</strong></span> 
     </span>
    </p>
   </div>
   <div class='ocr_carea' id='block_1_12' title="bbox 236 1132 1809 1225">
    <p class='ocr_par' dir='ltr' id='par_1_12' title="bbox 236 1132 1809 1225">
     <span class='ocr_line' id='line_1_12' title="bbox 236 1132 1809 1225; baseline 0.022 -43"><span class='ocrx_word' id='word_1_55' title='bbox 236 1132 355 1225; x_wconf 79' lang='grc' dir='ltr'>δεὶς</span> <span class='ocrx_word' id='word_1_56' title='bbox 395 1137 504 1187; x_wconf 86' lang='grc' dir='ltr'><strong>τῶν</strong></span> <span class='ocrx_word' id='word_1_57' title='bbox 538 1140 835 1207; x_wconf 81' lang='grc' dir='ltr'>ὀρθοδόξων</span> <span class='ocrx_word' id='word_1_58' title='bbox 876 1147 1083 1217; x_wconf 84' lang='grc' dir='ltr'>κτῆμα,</span> <span class='ocrx_word' id='word_1_59' title='bbox 1122 1155 1179 1204; x_wconf 94' lang='grc' dir='ltr'><strong>ἐν</strong></span> <span class='ocrx_word' id='word_1_60' title='bbox 1221 1148 1265 1221; x_wconf 80' lang='grc' dir='ltr'>ᾧ</span> <span class='ocrx_word' id='word_1_61' title='bbox 1292 1132 1466 1209; x_wconf 5' lang='grc' dir='ltr'>’ἐστιν</span> <span class='ocrx_word' id='word_1_62' title='bbox 1506 1132 1809 1225; x_wconf 73' lang='grc' dir='ltr'>όρθοδόξων</span> 
     </span>
    </p>
   </div>
   <div class='ocr_carea' id='block_1_13' title="bbox 236 1224 1811 1321">
    <p class='ocr_par' dir='ltr' id='par_1_13' title="bbox 236 1224 1811 1321">
     <span class='ocr_line' id='line_1_13' title="bbox 236 1224 1811 1321; baseline 0.018 -47"><span class='ocrx_word' id='word_1_63' title='bbox 236 1224 529 1321; x_wconf 58' lang='grc' dir='ltr'>ἐκκλησία,</span> <span class='ocrx_word' id='word_1_64' title='bbox 678 1233 989 1304; x_wconf 72' lang='grc' dir='ltr'>ιὺκτήριον,</span> <span class='ocrx_word' id='word_1_65' title='bbox 1039 1242 1096 1291; x_wconf 87' lang='grc' dir='ltr'><strong>ἐν</strong></span> <span class='ocrx_word' id='word_1_66' title='bbox 1137 1241 1371 1314; x_wconf 81' lang='grc' dir='ltr'><strong>διαθήκῃ</strong></span> <span class='ocrx_word' id='word_1_67' title='bbox 1403 1246 1434 1314; x_wconf 85' lang='grc' dir='ltr'>ἢ</span> <span class='ocrx_word' id='word_1_68' title='bbox 1468 1246 1664 1318; x_wconf 81' lang='grc' dir='ltr'>δωρεᾷ,</span> <span class='ocrx_word' id='word_1_69' title='bbox 1693 1252 1725 1321; x_wconf 78' lang='grc' dir='ltr'>ἢ</span> <span class='ocrx_word' id='word_1_70' title='bbox 1755 1255 1811 1303; x_wconf 87' lang='grc' dir='ltr'><strong>ἐν</strong></span> 
     </span>
    </p>
   </div>
   <div class='ocr_carea' id='block_1_14' title="bbox 231 1314 1809 1409">
    <p class='ocr_par' dir='ltr' id='par_1_14' title="bbox 231 1314 1809 1409">
     <span class='ocr_line' id='line_1_14' title="bbox 231 1314 1809 1409; baseline 0.02 -47"><span class='ocrx_word' id='word_1_71' title='bbox 231 1314 527 1409; x_wconf 71' lang='grc' dir='ltr'>τελευταίᾳ</span> <span class='ocrx_word' id='word_1_72' title='bbox 560 1318 813 1391; x_wconf 77' lang='grc' dir='ltr'><strong>βουλήσει</strong></span> <span class='ocrx_word' id='word_1_73' title='bbox 839 1325 871 1395; x_wconf 80' lang='grc' dir='ltr'>ἢ</span> <span class='ocrx_word' id='word_1_74' title='bbox 902 1328 1046 1399; x_wconf 84' lang='grc' dir='ltr'>άλλῳ</span> <span class='ocrx_word' id='word_1_75' title='bbox 1076 1334 1263 1403; x_wconf 78' lang='grc' dir='ltr'>τρόπῳ</span> <span class='ocrx_word' id='word_1_76' title='bbox 1301 1314 1684 1409; x_wconf 38' lang='grc' dir='ltr'>ἐκποιείτω,’ἢ</span> <span class='ocrx_word' id='word_1_77' title='bbox 1714 1314 1809 1394; x_wconf 43' lang='grc' dir='ltr'>’δι-</span> 
     </span>
    </p>
   </div>
   <div class='ocr_carea' id='block_1_15' title="bbox 229 1402 687 1480">
    <p class='ocr_par' dir='ltr' id='par_1_15' title="bbox 229 1402 687 1480">
     <span class='ocr_line' id='line_1_15' title="bbox 229 1402 687 1480; baseline 0.022 -25"><span class='ocrx_word' id='word_1_78' title='bbox 229 1402 371 1458; x_wconf 79' lang='grc' dir='ltr'>δότω</span> <span class='ocrx_word' id='word_1_79' title='bbox 396 1409 687 1480; x_wconf 82' lang='grc' dir='ltr'>αίρετικῷ.</span> 
     </span>
    </p>
   </div>
   <div class='ocr_carea' id='block_1_16' title="bbox 305 1498 1811 1593">
    <p class='ocr_par' dir='ltr' id='par_1_16' title="bbox 305 1498 1811 1593">
     <span class='ocr_line' id='line_1_16' title="bbox 305 1498 1811 1593; baseline 0.024 -47"><span class='ocrx_word' id='word_1_80' title='bbox 305 1498 549 1593; x_wconf 11' lang='grc' dir='ltr'>Βισέγαλ</span> <span class='ocrx_word' id='word_1_81' title='bbox 588 1505 693 1559; x_wconf 83' lang='grc' dir='ltr'>τίτ.</span> <span class='ocrx_word' id='word_1_82' title='bbox 726 1506 793 1571; x_wconf 85' lang='grc' dir='ltr'>θ’,</span> <span class='ocrx_word' id='word_1_83' title='bbox 834 1510 978 1565; x_wconf 75' lang='grc' dir='ltr'><strong>διάτ.</strong></span> <span class='ocrx_word' id='word_1_84' title='bbox 1028 1514 1115 1581; x_wconf 83' lang='grc' dir='ltr'>ιβ’,</span> <span class='ocrx_word' id='word_1_85' title='bbox 1146 1512 1213 1586; x_wconf 82' lang='grc' dir='ltr'><strong>ἧς</strong></span> <span class='ocrx_word' id='word_1_86' title='bbox 1249 1522 1280 1588; x_wconf 81' lang='grc' dir='ltr'>ἠ</span> <span class='ocrx_word' id='word_1_87' title='bbox 1329 1522 1495 1593; x_wconf 82' lang='grc' dir='ltr'>ἀρχὴ,</span> <span class='ocrx_word' id='word_1_88' title='bbox 1531 1525 1811 1581; x_wconf 67' lang='lat' dir='ltr'><strong>Calicola-</strong></span> 
     </span>
    </p>
   </div>
   <div class='ocr_carea' id='block_1_17' title="bbox 230 1590 1812 1683">
    <p class='ocr_par' dir='ltr' id='par_1_17' title="bbox 230 1590 1812 1683">
     <span class='ocr_line' id='line_1_17' title="bbox 230 1590 1812 1683; baseline 0.021 -47"><span class='ocrx_word' id='word_1_89' title='bbox 230 1601 371 1638; x_wconf 77' lang='lat' dir='ltr'><strong>rum.</strong></span> <span class='ocrx_word' id='word_1_90' title='bbox 404 1590 465 1643; x_wconf 84' lang='lat' dir='ltr'><strong>Ol</strong></span> <span class='ocrx_word' id='word_1_91' title='bbox 495 1593 653 1647; x_wconf 80' lang='grc' dir='ltr'>τόποι</span> <span class='ocrx_word' id='word_1_92' title='bbox 689 1599 736 1649; x_wconf 81' lang='lat' dir='ltr'><strong>oi</strong></span> <span class='ocrx_word' id='word_1_93' title='bbox 779 1602 859 1661; x_wconf 84' lang='grc' dir='ltr'><strong>είς</strong></span> <span class='ocrx_word' id='word_1_94' title='bbox 882 1603 981 1664; x_wconf 70' lang='grc' dir='ltr'>τὰς</span> <span class='ocrx_word' id='word_1_95' title='bbox 1010 1607 1261 1670; x_wconf 79' lang='grc' dir='ltr'><strong>συνόδους</strong></span> <span class='ocrx_word' id='word_1_96' title='bbox 1291 1590 1672 1683; x_wconf 74' lang='grc' dir='ltr'>ἀφωρισμένοι</span> <span class='ocrx_word' id='word_1_97' title='bbox 1703 1618 1812 1670; x_wconf 84' lang='grc' dir='ltr'>τῶν</span> 
     </span>
    </p>
   </div>
   <div class='ocr_carea' id='block_1_18' title="bbox 230 1678 1809 1775">
    <p class='ocr_par' dir='ltr' id='par_1_18' title="bbox 230 1678 1809 1775">
     <span class='ocr_line' id='line_1_18' title="bbox 230 1678 1809 1775; baseline 0.022 -49"><span class='ocrx_word' id='word_1_98' title='bbox 230 1678 507 1733; x_wconf 78' lang='grc' dir='ltr'>σεϐόντων</span> <span class='ocrx_word' id='word_1_99' title='bbox 547 1685 638 1735; x_wconf 79' lang='grc' dir='ltr'>τὸν</span> <span class='ocrx_word' id='word_1_100' title='bbox 678 1687 906 1757; x_wconf 79' lang='grc' dir='ltr'>οὐρανὸν</span> <span class='ocrx_word' id='word_1_101' title='bbox 946 1694 1063 1755; x_wconf 78' lang='grc' dir='ltr'>ταῖς</span> <span class='ocrx_word' id='word_1_102' title='bbox 1106 1678 1809 1775; x_wconf 24' lang='grc' dir='ltr'>ἐκκλησίαιςνπροσκυρού-</span> 
     </span>
    </p>
   </div>
   <div class='ocr_carea' id='block_1_19' title="bbox 230 1769 471 1825">
    <p class='ocr_par' dir='ltr' id='par_1_19' title="bbox 230 1769 471 1825">
     <span class='ocr_line' id='line_1_19' title="bbox 230 1769 471 1825; baseline 0.017 -4"><span class='ocrx_word' id='word_1_103' title='bbox 230 1769 471 1825; x_wconf 88' lang='grc' dir='ltr'>σθωσαν.</span> 
     </span>
    </p>
   </div>
   <div class='ocr_carea' id='block_1_20' title="bbox 301 1846 1880 1954">
    <p class='ocr_par' dir='ltr' id='par_1_20' title="bbox 301 1846 1880 1954">
     <span class='ocr_line' id='line_1_20' title="bbox 301 1846 1880 1954; baseline 0.021 -43"><span class='ocrx_word' id='word_1_104' title='bbox 301 1860 422 1915; x_wconf 87' lang='grc' dir='ltr'><strong>Βι6.</strong></span> <span class='ocrx_word' id='word_1_105' title='bbox 460 1871 528 1925; x_wconf 86' lang='grc' dir='ltr'><strong>α’,</strong></span> <span class='ocrx_word' id='word_1_106' title='bbox 553 1866 660 1921; x_wconf 84' lang='grc' dir='ltr'>τίτ.</span> <span class='ocrx_word' id='word_1_107' title='bbox 706 1869 768 1933; x_wconf 84' lang='grc' dir='ltr'><strong>θ’,</strong></span> <span class='ocrx_word' id='word_1_108' title='bbox 813 1872 952 1929; x_wconf 87' lang='grc' dir='ltr'>διάτ.</span> <span class='ocrx_word' id='word_1_109' title='bbox 991 1884 1082 1945; x_wconf 87' lang='grc' dir='ltr'>ιη’,</span> <span class='ocrx_word' id='word_1_110' title='bbox 1115 1874 1182 1949; x_wconf 83' lang='grc' dir='ltr'>ἦς</span> <span class='ocrx_word' id='word_1_111' title='bbox 1223 1883 1255 1951; x_wconf 79' lang='grc' dir='ltr'>ἠ</span> <span class='ocrx_word' id='word_1_112' title='bbox 1304 1884 1469 1954; x_wconf 68' lang='grc' dir='ltr'>ἀρχὴ,</span> <span class='ocrx_word' id='word_1_113' title='bbox 1528 1886 1641 1940; x_wconf 81' lang='lat' dir='ltr'><strong>Hac</strong></span> <span class='ocrx_word' id='word_1_114' title='bbox 1673 1890 1800 1942; x_wconf 80' lang='lat' dir='ltr'><strong>rali-</strong></span> <span class='ocrx_word' id='word_1_115' title='bbox 1832 1846 1880 1904; x_wconf 67' lang='grc' dir='ltr'><strong>Β</strong></span> 
     </span>
    </p>
   </div>
   <div class='ocr_carea' id='block_1_21' title="bbox 226 1959 1805 2054">
    <p class='ocr_par' dir='ltr' id='par_1_21' title="bbox 226 1959 1805 2054">
     <span class='ocr_line' id='line_1_21' title="bbox 226 1959 1805 2054; baseline 0.02 -50"><span class='ocrx_word' id='word_1_116' title='bbox 226 1962 375 2008; x_wconf 80' lang='lat' dir='ltr'><strong>tura.</strong></span> <span class='ocrx_word' id='word_1_117' title='bbox 419 1959 562 2012; x_wconf 83' lang='grc' dir='ltr'>Νέου</span> <span class='ocrx_word' id='word_1_118' title='bbox 600 1968 1113 2024; x_wconf 81' lang='grc' dir='ltr'><strong>κατασκευασθεῖσα</strong></span> <span class='ocrx_word' id='word_1_119' title='bbox 1148 1980 1439 2046; x_wconf 76' lang='grc' dir='ltr'>συναγωγὴ</span> <span class='ocrx_word' id='word_1_120' title='bbox 1472 1979 1741 2033; x_wconf 86' lang='grc' dir='ltr'><strong>Ἰουδαίων</strong></span> <span class='ocrx_word' id='word_1_121' title='bbox 1773 1984 1805 2054; x_wconf 76' lang='grc' dir='ltr'>ἢ</span> 
     </span>
    </p>
   </div>
   <div class='ocr_carea' id='block_1_22' title="bbox 228 2047 1495 2136">
    <p class='ocr_par' dir='ltr' id='par_1_22' title="bbox 228 2047 1495 2136">
     <span class='ocr_line' id='line_1_22' title="bbox 228 2047 1495 2136; baseline 0.021 -39"><span class='ocrx_word' id='word_1_122' title='bbox 228 2047 592 2114; x_wconf 71' lang='grc' dir='ltr'><strong>Σαμαρειτῶν</strong></span> <span class='ocrx_word' id='word_1_123' title='bbox 620 2059 684 2125; x_wconf 80' lang='grc' dir='ltr'>τῇ</span> <span class='ocrx_word' id='word_1_124' title='bbox 722 2060 990 2132; x_wconf 70' lang='grc' dir='ltr'>ἐκκλησία</span> <span class='ocrx_word' id='word_1_125' title='bbox 1038 2070 1495 2136; x_wconf 77' lang='grc' dir='ltr'>προσκυρούσθω.</span> 
     </span>
    </p>
   </div>
   <div class='ocr_carea' id='block_1_23' title="bbox 303 2137 1803 2226">
    <p class='ocr_par' dir='ltr' id='par_1_23' title="bbox 303 2137 1803 2226">
     <span class='ocr_line' id='line_1_23' title="bbox 303 2137 1803 2226; baseline 0.019 -39"><span class='ocrx_word' id='word_1_126' title='bbox 303 2137 421 2188; x_wconf 78' lang='grc' dir='ltr'><strong>Βιό.</strong></span> <span class='ocrx_word' id='word_1_127' title='bbox 452 2145 521 2202; x_wconf 88' lang='grc' dir='ltr'><strong>α’,</strong></span> <span class='ocrx_word' id='word_1_128' title='bbox 554 2142 658 2196; x_wconf 87' lang='grc' dir='ltr'>τίτ.</span> <span class='ocrx_word' id='word_1_129' title='bbox 693 2144 785 2207; x_wconf 89' lang='grc' dir='ltr'>ια’,</span> <span class='ocrx_word' id='word_1_130' title='bbox 817 2146 959 2201; x_wconf 87' lang='grc' dir='ltr'>διάτ.</span> <span class='ocrx_word' id='word_1_131' title='bbox 992 2156 1052 2215; x_wconf 81' lang='grc' dir='ltr'><strong>ι’,</strong></span> <span class='ocrx_word' id='word_1_132' title='bbox 1086 2147 1153 2221; x_wconf 81' lang='grc' dir='ltr'><strong>ἧς</strong></span> <span class='ocrx_word' id='word_1_133' title='bbox 1180 2155 1209 2222; x_wconf 81' lang='grc' dir='ltr'><strong>ὴ</strong></span> <span class='ocrx_word' id='word_1_134' title='bbox 1239 2156 1402 2226; x_wconf 79' lang='grc' dir='ltr'>ἀρχὴ,</span> <span class='ocrx_word' id='word_1_135' title='bbox 1433 2157 1625 2211; x_wconf 80' lang='lat' dir='ltr'><strong>Omnia</strong></span> <span class='ocrx_word' id='word_1_136' title='bbox 1670 2160 1803 2215; x_wconf 86' lang='lat' dir='ltr'><strong>loca.</strong></span> 
     </span>
    </p>
   </div>
   <div class='ocr_carea' id='block_1_24' title="bbox 224 2227 1808 2318">
    <p class='ocr_par' dir='ltr' id='par_1_24' title="bbox 224 2227 1808 2318">
     <span class='ocr_line' id='line_1_24' title="bbox 224 2227 1808 2318; baseline 0.016 -39"><span class='ocrx_word' id='word_1_137' title='bbox 224 2227 287 2279; x_wconf 78' lang='grc' dir='ltr'><strong>Οἱ</strong></span> <span class='ocrx_word' id='word_1_138' title='bbox 316 2228 374 2278; x_wconf 81' lang='grc' dir='ltr'><strong>ἐν</strong></span> <span class='ocrx_word' id='word_1_139' title='bbox 405 2229 732 2305; x_wconf 79' lang='grc' dir='ltr'>Καρθαγένῃ</span> <span class='ocrx_word' id='word_1_140' title='bbox 762 2238 1029 2305; x_wconf 72' lang='grc' dir='ltr'>ίερατικοὶ</span> <span class='ocrx_word' id='word_1_141' title='bbox 1053 2244 1236 2309; x_wconf 83' lang='grc' dir='ltr'>τόποι,</span> <span class='ocrx_word' id='word_1_142' title='bbox 1265 2248 1312 2298; x_wconf 78' lang='grc' dir='ltr'><strong>οι</strong></span> <span class='ocrx_word' id='word_1_143' title='bbox 1341 2249 1492 2317; x_wconf 74' lang='grc' dir='ltr'>παρὰ</span> <span class='ocrx_word' id='word_1_144' title='bbox 1531 2250 1623 2302; x_wconf 75' lang='grc' dir='ltr'>τοῦ</span> <span class='ocrx_word' id='word_1_145' title='bbox 1653 2252 1808 2318; x_wconf 81' lang='grc' dir='ltr'>βασι-</span> 
     </span>
    </p>
   </div>
   <div class='ocr_carea' id='block_1_25' title="bbox 222 2318 1807 2413">
    <p class='ocr_par' dir='ltr' id='par_1_25' title="bbox 222 2318 1807 2413">
     <span class='ocr_line' id='line_1_25' title="bbox 222 2318 1807 2413; baseline 0.019 -45"><span class='ocrx_word' id='word_1_146' title='bbox 222 2318 363 2380; x_wconf 81' lang='grc' dir='ltr'>λέως</span> <span class='ocrx_word' id='word_1_147' title='bbox 417 2326 537 2384; x_wconf 85' lang='grc' dir='ltr'>ταῖς</span> <span class='ocrx_word' id='word_1_148' title='bbox 596 2327 920 2396; x_wconf 74' lang='grc' dir='ltr'>ἐκκλησίαις</span> <span class='ocrx_word' id='word_1_149' title='bbox 973 2332 1349 2404; x_wconf 73' lang='grc' dir='ltr'>δωρηθέντες,</span> <span class='ocrx_word' id='word_1_150' title='bbox 1422 2342 1807 2413; x_wconf 78' lang='grc' dir='ltr'>ἀναφαιρέτως</span> 
     </span>
    </p>
   </div>
   <div class='ocr_carea' id='block_1_26' title="bbox 295 2503 1807 2592">
    <p class='ocr_par' dir='ltr' id='par_1_26' title="bbox 295 2503 1807 2592">
     <span class='ocr_line' id='line_1_26' title="bbox 295 2503 1807 2592; baseline 0.021 -39"><span class='ocrx_word' id='word_1_151' title='bbox 295 2503 417 2557; x_wconf 79' lang='grc' dir='ltr'><strong>Βιὸ.</strong></span> <span class='ocrx_word' id='word_1_152' title='bbox 454 2507 525 2571; x_wconf 88' lang='grc' dir='ltr'>α’,</span> <span class='ocrx_word' id='word_1_153' title='bbox 567 2510 673 2563; x_wconf 89' lang='grc' dir='ltr'>τίτ.</span> <span class='ocrx_word' id='word_1_154' title='bbox 723 2510 808 2581; x_wconf 84' lang='grc' dir='ltr'>ιβ’,</span> <span class='ocrx_word' id='word_1_155' title='bbox 839 2515 981 2568; x_wconf 85' lang='grc' dir='ltr'>διάτ.</span> <span class='ocrx_word' id='word_1_156' title='bbox 1027 2524 1087 2582; x_wconf 88' lang='grc' dir='ltr'><strong>ε’,</strong></span> <span class='ocrx_word' id='word_1_157' title='bbox 1125 2514 1188 2589; x_wconf 79' lang='grc' dir='ltr'>ἦς</span> <span class='ocrx_word' id='word_1_158' title='bbox 1220 2522 1252 2589; x_wconf 85' lang='grc' dir='ltr'>ή</span> <span class='ocrx_word' id='word_1_159' title='bbox 1287 2522 1450 2592; x_wconf 76' lang='grc' dir='ltr'>ἀρχὴ,</span> <span class='ocrx_word' id='word_1_160' title='bbox 1515 2526 1807 2583; x_wconf 79' lang='lat' dir='ltr'><strong>Deuuntia-</strong></span> 
     </span>
    </p>
   </div>
   <div class='ocr_carea' id='block_1_27' title="bbox 223 2598 1801 2688">
    <p class='ocr_par' dir='ltr' id='par_1_27' title="bbox 223 2598 1801 2688">
     <span class='ocr_line' id='line_1_27' title="bbox 223 2598 1801 2688; baseline 0.018 -44"><span class='ocrx_word' id='word_1_161' title='bbox 223 2609 364 2648; x_wconf 74' lang='lat' dir='ltr'><strong>mus.</strong></span> <span class='ocrx_word' id='word_1_162' title='bbox 389 2598 595 2666; x_wconf 84' lang='grc' dir='ltr'>Μηδεὶς</span> <span class='ocrx_word' id='word_1_163' title='bbox 635 2604 693 2653; x_wconf 85' lang='grc' dir='ltr'><strong>ἐν</strong></span> <span class='ocrx_word' id='word_1_164' title='bbox 742 2608 861 2666; x_wconf 80' lang='grc' dir='ltr'>ταῖς</span> <span class='ocrx_word' id='word_1_165' title='bbox 898 2608 1235 2674; x_wconf 81' lang='grc' dir='ltr'>ἁγιωτάταις</span> <span class='ocrx_word' id='word_1_166' title='bbox 1282 2615 1621 2684; x_wconf 80' lang='grc' dir='ltr'>ἐκκλησίαις,</span> <span class='ocrx_word' id='word_1_167' title='bbox 1675 2621 1705 2688; x_wconf 81' lang='grc' dir='ltr'>ἢ</span> <span class='ocrx_word' id='word_1_168' title='bbox 1745 2625 1801 2673; x_wconf 83' lang='grc' dir='ltr'><strong>ἐν</strong></span> 
     </span>
    </p>
   </div>
   <div class='ocr_carea' id='block_1_28' title="bbox 219 2686 1803 2781">
    <p class='ocr_par' dir='ltr' id='par_1_28' title="bbox 219 2686 1803 2781">
     <span class='ocr_line' id='line_1_28' title="bbox 219 2686 1803 2781; baseline 0.016 -41"><span class='ocrx_word' id='word_1_169' title='bbox 219 2686 407 2781; x_wconf 74' lang='grc' dir='ltr'>ἄλλοις</span> <span class='ocrx_word' id='word_1_170' title='bbox 440 2699 865 2763; x_wconf 83' lang='grc' dir='ltr'>προσκυνητοτς,</span> <span class='ocrx_word' id='word_1_171' title='bbox 895 2700 953 2752; x_wconf 86' lang='grc' dir='ltr'><strong>ἐν</strong></span> <span class='ocrx_word' id='word_1_172' title='bbox 1002 2698 1083 2764; x_wconf 77' lang='grc' dir='ltr'>οἷς</span> <span class='ocrx_word' id='word_1_173' title='bbox 1123 2706 1179 2757; x_wconf 78' lang='grc' dir='ltr'>αἱ</span> <span class='ocrx_word' id='word_1_174' title='bbox 1208 2707 1366 2775; x_wconf 78' lang='grc' dir='ltr'>εὐχαὶ</span> <span class='ocrx_word' id='word_1_175' title='bbox 1403 2686 1803 2781; x_wconf 76' lang='grc' dir='ltr'>ἐπιτελοῦνται,</span> 
     </span>
    </p>
   </div>
   <div class='ocr_carea' id='block_1_29' title="bbox 218 2780 1803 2877">
    <p class='ocr_par' dir='ltr' id='par_1_29' title="bbox 218 2780 1803 2877">
     <span class='ocr_line' id='line_1_29' title="bbox 218 2780 1803 2877; baseline 0.02 -47"><span class='ocrx_word' id='word_1_176' title='bbox 218 2780 817 2855; x_wconf 75' lang='grc' dir='ltr'>ἐκδοήσεικεχρήσθω,</span> <span class='ocrx_word' id='word_1_177' title='bbox 852 2791 883 2860; x_wconf 81' lang='grc' dir='ltr'>ἢ</span> <span class='ocrx_word' id='word_1_178' title='bbox 921 2795 1112 2848; x_wconf 88' lang='grc' dir='ltr'>στάσιν</span> <span class='ocrx_word' id='word_1_179' title='bbox 1159 2801 1404 2863; x_wconf 77' lang='grc' dir='ltr'>κινείτω,</span> <span class='ocrx_word' id='word_1_180' title='bbox 1442 2807 1682 2877; x_wconf 78' lang='grc' dir='ltr'>ἐσχάτην</span> <span class='ocrx_word' id='word_1_181' title='bbox 1716 2808 1803 2859; x_wconf 85' lang='grc' dir='ltr'>ἐν-</span> 
     </span>
    </p>
   </div>
   <div class='ocr_carea' id='block_1_30' title="bbox 215 2873 1128 2952">
    <p class='ocr_par' dir='ltr' id='par_1_30' title="bbox 215 2873 1128 2952">
     <span class='ocr_line' id='line_1_30' title="bbox 215 2873 1128 2952; baseline 0.018 -26"><span class='ocrx_word' id='word_1_182' title='bbox 215 2873 411 2926; x_wconf 76' lang='grc' dir='ltr'>τεῦθεν</span> <span class='ocrx_word' id='word_1_183' title='bbox 440 2876 799 2947; x_wconf 63' lang='grc' dir='ltr'>ὑφορώμενος</span> <span class='ocrx_word' id='word_1_184' title='bbox 830 2886 1128 2952; x_wconf 84' lang='grc' dir='ltr'>τιμωρίαν.</span> 
     </span>
    </p>
   </div>
   <div class='ocr_carea' id='block_1_31' title="bbox 294 2963 1799 3055">
    <p class='ocr_par' dir='ltr' id='par_1_31' title="bbox 294 2963 1799 3055">
     <span class='ocr_line' id='line_1_31' title="bbox 294 2963 1799 3055; baseline 0.022 -42"><span class='ocrx_word' id='word_1_185' title='bbox 294 2963 410 3017; x_wconf 86' lang='lat' dir='ltr'><strong>Bt6.</strong></span> <span class='ocrx_word' id='word_1_186' title='bbox 440 2964 511 3028; x_wconf 87' lang='grc' dir='ltr'><strong>α’,</strong></span> <span class='ocrx_word' id='word_1_187' title='bbox 539 2968 643 3023; x_wconf 88' lang='grc' dir='ltr'>τίτ.</span> <span class='ocrx_word' id='word_1_188' title='bbox 678 2978 766 3037; x_wconf 87' lang='grc' dir='ltr'>ιγ’,</span> <span class='ocrx_word' id='word_1_189' title='bbox 793 2975 932 3031; x_wconf 84' lang='grc' dir='ltr'>διάτ.</span> <span class='ocrx_word' id='word_1_190' title='bbox 981 2978 1043 3043; x_wconf 90' lang='grc' dir='ltr'><strong>δ’,</strong></span> <span class='ocrx_word' id='word_1_191' title='bbox 1074 2976 1195 3053; x_wconf 80' lang='grc' dir='ltr'><strong>ἦςή</strong></span> <span class='ocrx_word' id='word_1_192' title='bbox 1231 2984 1393 3055; x_wconf 83' lang='grc' dir='ltr'>ἁρχὴ,</span> <span class='ocrx_word' id='word_1_193' title='bbox 1446 2988 1799 3048; x_wconf 81' lang='lat' dir='ltr'><strong>Jamdudum.</strong></span> 
     </span>
    </p>
   </div>
   <div class='ocr_carea' id='block_1_32' title="bbox 228 3053 1801 3147">
    <p class='ocr_par' dir='ltr' id='par_1_32' title="bbox 228 3053 1801 3147">
     <span class='ocr_line' id='line_1_32' title="bbox 228 3053 1801 3147; baseline 0.019 -41"><span class='ocrx_word' id='word_1_194' title='bbox 228 3053 377 3147; x_wconf 29' lang='grc' dir='ltr'>ὈΑέν</span> <span class='ocrx_word' id='word_1_195' title='bbox 401 3058 671 3130; x_wconf 77' lang='grc' dir='ltr'>ἐκκλησὲᾳ</span> <span class='ocrx_word' id='word_1_196' title='bbox 708 3062 1094 3135; x_wconf 72' lang='grc' dir='ltr'><strong>ἐλευθερωθεὶς</strong></span> <span class='ocrx_word' id='word_1_197' title='bbox 1121 3074 1211 3126; x_wconf 82' lang='grc' dir='ltr'>ἐπὶ</span> <span class='ocrx_word' id='word_1_198' title='bbox 1236 3053 1330 3127; x_wconf 70' lang='grc' dir='ltr'><strong>τοῦ</strong></span> <span class='ocrx_word' id='word_1_199' title='bbox 1354 3053 1524 3147; x_wconf 80' lang='grc' dir='ltr'>δήμου</span> <span class='ocrx_word' id='word_1_200' title='bbox 1560 3083 1652 3133; x_wconf 72' lang='grc' dir='ltr'><strong>καὶ</strong></span> <span class='ocrx_word' id='word_1_201' title='bbox 1678 3083 1801 3135; x_wconf 80' lang='grc' dir='ltr'>ἐπι-</span> 
     </span>
    </p>
   </div>
   <div class='ocr_carea' id='block_1_33' title="bbox 218 3144 1417 3237">
    <p class='ocr_par' dir='ltr' id='par_1_33' title="bbox 218 3144 1417 3237">
     <span class='ocr_line' id='line_1_33' title="bbox 218 3144 1417 3237; baseline 0.021 -40"><span class='ocrx_word' id='word_1_202' title='bbox 218 3144 426 3201; x_wconf 81' lang='grc' dir='ltr'>σκόπου</span> <span class='ocrx_word' id='word_1_203' title='bbox 466 3150 689 3214; x_wconf 76' lang='grc' dir='ltr'>βεϐαίαν</span> <span class='ocrx_word' id='word_1_204' title='bbox 721 3158 917 3210; x_wconf 79' lang='grc' dir='ltr'>κτᾶται</span> <span class='ocrx_word' id='word_1_205' title='bbox 949 3160 1045 3230; x_wconf 81' lang='grc' dir='ltr'><strong>τὴν</strong></span> <span class='ocrx_word' id='word_1_206' title='bbox 1082 3144 1417 3237; x_wconf 49' lang='grc' dir='ltr'>ἐλευθερίανξ</span> 
     </span>
    </p>
   </div>
   <div class='ocr_carea' id='block_1_34' title="bbox 286 3328 1802 3423">
    <p class='ocr_par' dir='ltr' id='par_1_34' title="bbox 286 3328 1802 3423">
     <span class='ocr_line' id='line_1_34' title="bbox 286 3328 1802 3423; baseline 0.018 -42"><span class='ocrx_word' id='word_1_207' title='bbox 286 3328 405 3384; x_wconf 77' lang='grc' dir='ltr'><strong>Βιὸ.</strong></span> <span class='ocrx_word' id='word_1_208' title='bbox 441 3338 509 3397; x_wconf 88' lang='grc' dir='ltr'>α’,</span> <span class='ocrx_word' id='word_1_209' title='bbox 536 3332 641 3387; x_wconf 88' lang='grc' dir='ltr'>τίτ.</span> <span class='ocrx_word' id='word_1_210' title='bbox 682 3342 773 3401; x_wconf 76' lang='grc' dir='ltr'>ιγ’,</span> <span class='ocrx_word' id='word_1_211' title='bbox 806 3339 946 3394; x_wconf 88' lang='grc' dir='ltr'>διάτ.</span> <span class='ocrx_word' id='word_1_212' title='bbox 978 3340 1043 3409; x_wconf 84' lang='grc' dir='ltr'><strong>β’,</strong></span> <span class='ocrx_word' id='word_1_213' title='bbox 1076 3339 1141 3415; x_wconf 82' lang='grc' dir='ltr'>ἦς</span> <span class='ocrx_word' id='word_1_214' title='bbox 1174 3348 1206 3413; x_wconf 80' lang='grc' dir='ltr'><strong>ἡ</strong></span> <span class='ocrx_word' id='word_1_215' title='bbox 1234 3347 1400 3417; x_wconf 81' lang='grc' dir='ltr'>ἁρχὴ,</span> <span class='ocrx_word' id='word_1_216' title='bbox 1460 3350 1563 3414; x_wconf 86' lang='lat' dir='ltr'><strong>Qui</strong></span> <span class='ocrx_word' id='word_1_217' title='bbox 1592 3353 1802 3423; x_wconf 82' lang='lat' dir='ltr'><strong>religio-</strong></span> 
     </span>
    </p>
   </div>
   <div class='ocr_carea' id='block_1_35' title="bbox 212 3423 1798 3509">
    <p class='ocr_par' dir='ltr' id='par_1_35' title="bbox 212 3423 1798 3509">
     <span class='ocr_line' id='line_1_35' title="bbox 212 3423 1798 3509; baseline 0.016 -34"><span class='ocrx_word' id='word_1_218' title='bbox 212 3439 296 3478; x_wconf 71' lang='lat' dir='ltr'><strong>sa.</strong></span> <span class='ocrx_word' id='word_1_219' title='bbox 328 3423 497 3477; x_wconf 85' lang='grc' dir='ltr'>Ὅταν</span> <span class='ocrx_word' id='word_1_220' title='bbox 534 3428 590 3478; x_wconf 83' lang='grc' dir='ltr'><strong>ἐν</strong></span> <span class='ocrx_word' id='word_1_221' title='bbox 616 3430 881 3500; x_wconf 75' lang='grc' dir='ltr'>ἐκκλησίᾳ</span> <span class='ocrx_word' id='word_1_222' title='bbox 911 3451 1015 3497; x_wconf 86' lang='grc' dir='ltr'>τις.</span> <span class='ocrx_word' id='word_1_223' title='bbox 1066 3440 1333 3505; x_wconf 79' lang='grc' dir='ltr'>παρόντος</span> <span class='ocrx_word' id='word_1_224' title='bbox 1364 3442 1455 3495; x_wconf 79' lang='grc' dir='ltr'><strong>τοῦ</strong></span> <span class='ocrx_word' id='word_1_225' title='bbox 1477 3445 1798 3509; x_wconf 70' lang='grc' dir='ltr'>ἐπισκόπου,</span> 
     </span>
    </p>
   </div>
   <div class='ocr_carea' id='block_1_36' title="bbox 211 3516 1801 3602">
    <p class='ocr_par' dir='ltr' id='par_1_36' title="bbox 211 3516 1801 3602">
     <span class='ocr_line' id='line_1_36' title="bbox 211 3516 1801 3602; baseline 0.015 -35"><span class='ocrx_word' id='word_1_226' title='bbox 211 3516 576 3587; x_wconf 77' lang='grc' dir='ltr'>ἐλευθερωθῇ,</span> <span class='ocrx_word' id='word_1_227' title='bbox 618 3521 763 3574; x_wconf 79' lang='grc' dir='ltr'>οὕτω</span> <span class='ocrx_word' id='word_1_228' title='bbox 811 3526 1051 3590; x_wconf 76' lang='grc' dir='ltr'>γενέσθω</span> <span class='ocrx_word' id='word_1_229' title='bbox 1104 3532 1426 3602; x_wconf 79' lang='grc' dir='ltr'>ἐλεύθερος,</span> <span class='ocrx_word' id='word_1_230' title='bbox 1471 3536 1547 3598; x_wconf 86' lang='grc' dir='ltr'>ὡς</span> <span class='ocrx_word' id='word_1_231' title='bbox 1579 3537 1801 3591; x_wconf 85' lang='grc' dir='ltr'>πάντων</span> 
     </span>
    </p>
   </div>
   <div class='ocr_carea' id='block_1_37' title="bbox 209 3608 1651 3693">
    <p class='ocr_par' dir='ltr' id='par_1_37' title="bbox 209 3608 1651 3693">
     <span class='ocr_line' id='line_1_37' title="bbox 209 3608 1651 3693; baseline 0.014 -34"><span class='ocrx_word' id='word_1_232' title='bbox 209 3608 324 3660; x_wconf 82' lang='grc' dir='ltr'>τῶν</span> <span class='ocrx_word' id='word_1_233' title='bbox 349 3614 755 3679; x_wconf 79' lang='grc' dir='ltr'>νενομισμένων</span> <span class='ocrx_word' id='word_1_234' title='bbox 781 3617 870 3666; x_wconf 79' lang='grc' dir='ltr'>ἐπὶ</span> <span class='ocrx_word' id='word_1_235' title='bbox 899 3620 962 3686; x_wconf 80' lang='grc' dir='ltr'>τῇ</span> <span class='ocrx_word' id='word_1_236' title='bbox 998 3619 1283 3691; x_wconf 73' lang='grc' dir='ltr'>ἐλευθερία</span> <span class='ocrx_word' id='word_1_237' title='bbox 1318 3626 1651 3693; x_wconf 82' lang='grc' dir='ltr'>γενομένων.</span> 
     </span>
    </p>
   </div>
   <div class='ocr_carea' id='block_1_38' title="bbox 288 3699 1800 3787">
    <p class='ocr_par' dir='ltr' id='par_1_38' title="bbox 288 3699 1800 3787">
     <span class='ocr_line' id='line_1_38' title="bbox 288 3699 1800 3787; baseline 0.015 -36"><span class='ocrx_word' id='word_1_238' title='bbox 288 3699 404 3756; x_wconf 77' lang='grc' dir='ltr'><strong>Βισ.</strong></span> <span class='ocrx_word' id='word_1_239' title='bbox 433 3700 502 3769; x_wconf 83' lang='grc' dir='ltr'>γ’,</span> <span class='ocrx_word' id='word_1_240' title='bbox 536 3704 641 3757; x_wconf 78' lang='grc' dir='ltr'>τίτ.</span> <span class='ocrx_word' id='word_1_241' title='bbox 696 3706 786 3775; x_wconf 89' lang='grc' dir='ltr'>ιβ’,</span> <span class='ocrx_word' id='word_1_242' title='bbox 834 3708 976 3762; x_wconf 74' lang='grc' dir='ltr'>διάτ.</span> <span class='ocrx_word' id='word_1_243' title='bbox 1031 3709 1096 3780; x_wconf 89' lang='grc' dir='ltr'>β’,</span> <span class='ocrx_word' id='word_1_244' title='bbox 1129 3706 1246 3784; x_wconf 76' lang='grc' dir='ltr'>ἦςή</span> <span class='ocrx_word' id='word_1_245' title='bbox 1277 3716 1443 3787; x_wconf 80' lang='grc' dir='ltr'>ἁρχὴ,</span> <span class='ocrx_word' id='word_1_246' title='bbox 1480 3716 1697 3773; x_wconf 78' lang='lat' dir='ltr'><strong>Omnes.</strong></span> <span class='ocrx_word' id='word_1_247' title='bbox 1737 3720 1800 3773; x_wconf 81' lang='grc'>01</span> 
     </span>
    </p>
   </div>
   <div class='ocr_carea' id='block_1_39' title="bbox 208 3787 1799 3880">
    <p class='ocr_par' dir='ltr' id='par_1_39' title="bbox 208 3787 1799 3880">
     <span class='ocr_line' id='line_1_39' title="bbox 208 3787 1799 3880; baseline 0.014 -40"><span class='ocrx_word' id='word_1_248' title='bbox 208 3787 484 3853; x_wconf 77' lang='grc' dir='ltr'>δικασταὶ,</span> <span class='ocrx_word' id='word_1_249' title='bbox 521 3792 615 3844; x_wconf 82' lang='grc' dir='ltr'><strong>καὶ</strong></span> <span class='ocrx_word' id='word_1_250' title='bbox 641 3794 700 3845; x_wconf 73' lang='grc' dir='ltr'><strong>τὶ,</strong></span> <span class='ocrx_word' id='word_1_251' title='bbox 729 3796 837 3847; x_wconf 84' lang='grc' dir='ltr'>τῶν</span> <span class='ocrx_word' id='word_1_252' title='bbox 862 3799 1068 3851; x_wconf 79' lang='grc' dir='ltr'>πόλεων</span> <span class='ocrx_word' id='word_1_253' title='bbox 1102 3802 1330 3871; x_wconf 79' lang='grc' dir='ltr'>πλῆθος,</span> <span class='ocrx_word' id='word_1_254' title='bbox 1383 3809 1475 3858; x_wconf 81' lang='grc' dir='ltr'>καὶ</span> <span class='ocrx_word' id='word_1_255' title='bbox 1503 3808 1570 3861; x_wconf 75' lang='grc' dir='ltr'>τὰ</span> <span class='ocrx_word' id='word_1_256' title='bbox 1600 3812 1799 3880; x_wconf 86' lang='grc' dir='ltr'>συστή-</span> 
     </span>
    </p>
   </div>
   <div class='ocr_carea' id='block_1_40' title="bbox 218 3884 1800 3968">
    <p class='ocr_par' dir='ltr' id='par_1_40' title="bbox 218 3884 1800 3968">
     <span class='ocr_line' id='line_1_40' title="bbox 218 3884 1800 3968; baseline 0.016 -38"><span class='ocrx_word' id='word_1_257' title='bbox 218 3895 366 3948; x_wconf 85' lang='grc' dir='ltr'>ματα</span> <span class='ocrx_word' id='word_1_258' title='bbox 418 3884 528 3933; x_wconf 83' lang='grc' dir='ltr'>τῶν</span> <span class='ocrx_word' id='word_1_259' title='bbox 568 3885 796 3953; x_wconf 74' lang='grc' dir='ltr'>τεχνῶν,</span> <span class='ocrx_word' id='word_1_260' title='bbox 840 3891 1021 3942; x_wconf 83' lang='grc' dir='ltr'>πᾶσαν</span> <span class='ocrx_word' id='word_1_261' title='bbox 1064 3892 1163 3958; x_wconf 85' lang='grc' dir='ltr'>τὴν</span> <span class='ocrx_word' id='word_1_262' title='bbox 1200 3895 1486 3967; x_wconf 77' lang='grc' dir='ltr'>Κυριακὴν</span> <span class='ocrx_word' id='word_1_263' title='bbox 1525 3901 1800 3968; x_wconf 82' lang='grc' dir='ltr'>ἀργείτώ·</span> 
     </span>
    </p>
   </div>
   <div class='ocr_carea' id='block_1_41' title="bbox 212 3979 1799 4063">
    <p class='ocr_par' dir='ltr' id='par_1_41' title="bbox 212 3979 1799 4063">
     <span class='ocr_line' id='line_1_41' title="bbox 212 3979 1799 4063; baseline 0.015 -38"><span class='ocrx_word' id='word_1_264' title='bbox 212 3990 354 4026; x_wconf 89' lang='grc' dir='ltr'>σαν·</span> <span class='ocrx_word' id='word_1_265' title='bbox 413 3981 679 4046; x_wconf 78' lang='grc' dir='ltr'>γεωργοῖς</span> <span class='ocrx_word' id='word_1_266' title='bbox 734 3979 789 4031; x_wconf 78' lang='grc' dir='ltr'><strong>δέ</strong></span> <span class='ocrx_word' id='word_1_267' title='bbox 822 3982 1027 4047; x_wconf 80' lang='grc' dir='ltr'>ἐξέστω</span> <span class='ocrx_word' id='word_1_268' title='bbox 1080 3990 1201 4051; x_wconf 80' lang='grc' dir='ltr'>ταῖς</span> <span class='ocrx_word' id='word_1_269' title='bbox 1248 3991 1483 4055; x_wconf 74' lang='grc' dir='ltr'>οἰκείαις</span> <span class='ocrx_word' id='word_1_270' title='bbox 1514 3995 1799 4063; x_wconf 82' lang='grc' dir='ltr'>ἐργασίαις</span> 
     </span>
    </p>
   </div>
   <div class='ocr_carea' id='block_1_42' title="bbox 212 4073 674 4140">
    <p class='ocr_par' dir='ltr' id='par_1_42' title="bbox 212 4073 674 4140">
     <span class='ocr_line' id='line_1_42' title="bbox 212 4073 674 4140; baseline 0.011 -22"><span class='ocrx_word' id='word_1_271' title='bbox 212 4073 674 4140; x_wconf 84' lang='grc' dir='ltr'>προσκαρτερεῖν.</span> 
     </span>
    </p>
   </div>
   <div class='ocr_carea' id='block_1_43' title="bbox 286 4157 1795 4243">
    <p class='ocr_par' dir='ltr' id='par_1_43' title="bbox 286 4157 1795 4243">
     <span class='ocr_line' id='line_1_43' title="bbox 286 4157 1795 4243; baseline 0.015 -34"><span class='ocrx_word' id='word_1_272' title='bbox 286 4157 404 4211; x_wconf 86' lang='lat' dir='ltr'><strong>Bt6.</strong></span> <span class='ocrx_word' id='word_1_273' title='bbox 439 4167 507 4226; x_wconf 82' lang='grc' dir='ltr'><strong>γ’,</strong></span> <span class='ocrx_word' id='word_1_274' title='bbox 567 4162 671 4214; x_wconf 88' lang='grc' dir='ltr'>τίτ.</span> <span class='ocrx_word' id='word_1_275' title='bbox 709 4164 795 4233; x_wconf 89' lang='grc' dir='ltr'>ιβ’,</span> <span class='ocrx_word' id='word_1_276' title='bbox 853 4167 993 4222; x_wconf 79' lang='grc' dir='ltr'>διάτ.</span> <span class='ocrx_word' id='word_1_277' title='bbox 1048 4168 1112 4236; x_wconf 89' lang='grc' dir='ltr'>β’,</span> <span class='ocrx_word' id='word_1_278' title='bbox 1162 4165 1229 4241; x_wconf 76' lang='grc' dir='ltr'>ἧς</span> <span class='ocrx_word' id='word_1_279' title='bbox 1276 4175 1308 4242; x_wconf 76' lang='grc' dir='ltr'>ἡ</span> <span class='ocrx_word' id='word_1_280' title='bbox 1352 4175 1514 4243; x_wconf 78' lang='grc' dir='ltr'>ἁρχὴ,</span> <span class='ocrx_word' id='word_1_281' title='bbox 1553 4175 1795 4242; x_wconf 80' lang='lat' dir='ltr'><strong>Quadra-</strong></span> 
     </span>
    </p>
   </div>
   <div class='ocr_carea' id='block_1_44' title="bbox 210 4254 1798 4341">
    <p class='ocr_par' dir='ltr' id='par_1_44' title="bbox 210 4254 1798 4341">
     <span class='ocr_line' id='line_1_44' title="bbox 210 4254 1798 4341; baseline 0.014 -39"><span class='ocrx_word' id='word_1_282' title='bbox 210 4254 383 4321; x_wconf 83' lang='lat' dir='ltr'><strong>ginta.</strong></span> <span class='ocrx_word' id='word_1_283' title='bbox 431 4255 517 4306; x_wconf 81' lang='grc' dir='ltr'>Ἑν</span> <span class='ocrx_word' id='word_1_284' title='bbox 568 4260 629 4326; x_wconf 85' lang='grc' dir='ltr'>τῇ</span> <span class='ocrx_word' id='word_1_285' title='bbox 663 4266 1076 4331; x_wconf 73' lang='grc' dir='ltr'>τεσσαρακοστῇ</span> <span class='ocrx_word' id='word_1_286' title='bbox 1113 4265 1220 4316; x_wconf 76' lang='grc' dir='ltr'>τῶν</span> <span class='ocrx_word' id='word_1_287' title='bbox 1252 4269 1519 4335; x_wconf 84' lang='grc' dir='ltr'>νηστειῶν</span> <span class='ocrx_word' id='word_1_288' title='bbox 1553 4272 1798 4341; x_wconf 83' lang='grc' dir='ltr'>μηδεμία</span> 
     </span>
    </p>
   </div>
   <div class='ocr_carea' id='block_1_45' title="bbox 207 4344 1309 4420">
    <p class='ocr_par' dir='ltr' id='par_1_45' title="bbox 207 4344 1309 4420">
     <span class='ocr_line' id='line_1_45' title="bbox 207 4344 1309 4420; baseline 0.012 -25"><span class='ocrx_word' id='word_1_289' title='bbox 207 4344 506 4409; x_wconf 80' lang='grc' dir='ltr'>διάγνωσις</span> <span class='ocrx_word' id='word_1_290' title='bbox 537 4348 703 4415; x_wconf 85' lang='grc' dir='ltr'>ἐγκλη</span> <span class='ocrx_word' id='word_1_291' title='bbox 715 4349 903 4415; x_wconf 81' lang='grc' dir='ltr'>μάτων</span> <span class='ocrx_word' id='word_1_292' title='bbox 941 4354 1309 4420; x_wconf 75' lang='grc' dir='ltr'>προδαινέτω,</span> 
     </span>
    </p>
   </div>
   <div class='ocr_carea' id='block_1_46' title="bbox 282 4433 1792 4519">
    <p class='ocr_par' dir='ltr' id='par_1_46' title="bbox 282 4433 1792 4519">
     <span class='ocr_line' id='line_1_46' title="bbox 282 4433 1792 4519; baseline 0.014 -32"><span class='ocrx_word' id='word_1_293' title='bbox 282 4435 400 4489; x_wconf 81' lang='grc' dir='ltr'><strong>Βιϐ.</strong></span> <span class='ocrx_word' id='word_1_294' title='bbox 436 4433 503 4503; x_wconf 86' lang='grc' dir='ltr'><strong>γ’,</strong></span> <span class='ocrx_word' id='word_1_295' title='bbox 538 4439 642 4491; x_wconf 86' lang='grc' dir='ltr'><strong>τὶτ.</strong></span> <span class='ocrx_word' id='word_1_296' title='bbox 676 4439 766 4507; x_wconf 88' lang='grc' dir='ltr'>ιβ’,</span> <span class='ocrx_word' id='word_1_297' title='bbox 830 4441 967 4497; x_wconf 76' lang='grc' dir='ltr'>διάτ.</span> <span class='ocrx_word' id='word_1_298' title='bbox 1023 4450 1097 4506; x_wconf 83' lang='grc' dir='ltr'><strong>ς’,</strong></span> <span class='ocrx_word' id='word_1_299' title='bbox 1143 4441 1209 4516; x_wconf 81' lang='grc' dir='ltr'><strong>ἧς</strong></span> <span class='ocrx_word' id='word_1_300' title='bbox 1252 4448 1283 4514; x_wconf 82' lang='grc' dir='ltr'>ἡ</span> <span class='ocrx_word' id='word_1_301' title='bbox 1353 4452 1519 4519; x_wconf 80' lang='grc' dir='ltr'>ἁρχὴ,</span> <span class='ocrx_word' id='word_1_302' title='bbox 1577 4451 1792 4508; x_wconf 81' lang='lat' dir='ltr'><strong>Omnes.</strong></span> 
     </span>
    </p>
   </div>
   <div class='ocr_carea' id='block_1_47' title="bbox 1922 632 2029 676">
    <p class='ocr_par' dir='ltr' id='par_1_47' title="bbox 1922 632 2029 676">
     <span class='ocr_line' id='line_1_47' title="bbox 1922 632 2029 676; baseline 0.019 -3"><span class='ocrx_word' id='word_1_303' title='bbox 1922 632 2029 676; x_wconf 87' lang='lat' dir='ltr'><strong>tur.</strong></span> 
     </span>
    </p>
   </div>
   <div class='ocr_carea' id='block_1_48' title="bbox 1991 714 3497 783">
    <p class='ocr_par' dir='ltr' id='par_1_48' title="bbox 1991 714 3497 783">
     <span class='ocr_line' id='line_1_48' title="bbox 1991 714 3497 783; baseline -0.002 -16"><span class='ocrx_word' id='word_1_304' title='bbox 1991 714 2106 768; x_wconf 86' lang='lat' dir='ltr'><strong>Lib.</strong></span> <span class='ocrx_word' id='word_1_305' title='bbox 2136 732 2171 777; x_wconf 88' lang='grc' dir='ltr'><strong>ι,</strong></span> <span class='ocrx_word' id='word_1_306' title='bbox 2206 717 2285 771; x_wconf 91' lang='lat' dir='ltr'><strong>tit.</strong></span> <span class='ocrx_word' id='word_1_307' title='bbox 2317 718 2371 782; x_wconf 87' lang='lat'><strong>5,</strong></span> <span class='ocrx_word' id='word_1_308' title='bbox 2399 719 2617 772; x_wconf 88' lang='lat' dir='ltr'><strong>constit.</strong></span> <span class='ocrx_word' id='word_1_309' title='bbox 2643 718 2696 779; x_wconf 83' lang='lat'><strong>8,</strong></span> <span class='ocrx_word' id='word_1_310' title='bbox 2720 716 2876 783; x_wconf 80' lang='lat' dir='ltr'><strong>Cujus</strong></span> <span class='ocrx_word' id='word_1_311' title='bbox 2906 715 3139 777; x_wconf 90' lang='lat' dir='ltr'><strong>initium,</strong></span> <span class='ocrx_word' id='word_1_312' title='bbox 3167 714 3497 782; x_wconf 79' lang='lat' dir='ltr'><strong>Quicunque.</strong></span> 
     </span>
    </p>
   </div>
   <div class='ocr_carea' id='block_1_49' title="bbox 1920 798 3497 875">
    <p class='ocr_par' dir='ltr' id='par_1_49' title="bbox 1920 798 3497 875">
     <span class='ocr_line' id='line_1_49' title="bbox 1920 798 3497 875; baseline 0.002 -19"><span class='ocrx_word' id='word_1_313' title='bbox 1920 803 2447 875; x_wconf 78' lang='lat' dir='ltr'><strong>Eutychimtistarunt</strong></span> <span class='ocrx_word' id='word_1_314' title='bbox 2471 798 2583 863; x_wconf 84' lang='lat' dir='ltr'><strong>sive</strong></span> <span class='ocrx_word' id='word_1_315' title='bbox 2608 809 3112 874; x_wconf 76' lang='lat' dir='ltr'><strong>Aponium-istarum</strong></span> <span class='ocrx_word' id='word_1_316' title='bbox 3170 808 3497 860; x_wconf 83' lang='lat' dir='ltr'><strong>monasteria</strong></span> 
     </span>
    </p>
   </div>
   <div class='ocr_carea' id='block_1_50' title="bbox 1917 894 2850 950">
    <p class='ocr_par' dir='ltr' id='par_1_50' title="bbox 1917 894 2850 950">
     <span class='ocr_line' id='line_1_50' title="bbox 1917 894 2850 950; baseline 0.003 -4"><span class='ocrx_word' id='word_1_317' title='bbox 1917 894 2161 949; x_wconf 73' lang='lat' dir='ltr'><strong>ecclesia:</strong></span> <span class='ocrx_word' id='word_1_318' title='bbox 2199 896 2474 949; x_wconf 86' lang='lat' dir='ltr'><strong>territorio</strong></span> <span class='ocrx_word' id='word_1_319' title='bbox 2507 899 2850 950; x_wconf 83' lang='lat' dir='ltr'><strong>addiecntur.</strong></span> 
     </span>
    </p>
   </div>
   <div class='ocr_carea' id='block_1_51' title="bbox 1990 1070 3494 1141">
    <p class='ocr_par' dir='ltr' id='par_1_51' title="bbox 1990 1070 3494 1141">
     <span class='ocr_line' id='line_1_51' title="bbox 1990 1070 3494 1141; baseline 0.005 -19"><span class='ocrx_word' id='word_1_320' title='bbox 1990 1070 2108 1124; x_wconf 83' lang='lat' dir='ltr'><strong>Lib.</strong></span> <span class='ocrx_word' id='word_1_321' title='bbox 2144 1089 2181 1135; x_wconf 91' lang='grc' dir='ltr'><strong>ι,</strong></span> <span class='ocrx_word' id='word_1_322' title='bbox 2214 1074 2297 1126; x_wconf 92' lang='lat' dir='ltr'><strong>tit.</strong></span> <span class='ocrx_word' id='word_1_323' title='bbox 2334 1075 2388 1135; x_wconf 87' lang='lat'><strong>5,</strong></span> <span class='ocrx_word' id='word_1_324' title='bbox 2451 1084 2629 1127; x_wconf 88' lang='lat' dir='ltr'><strong>const.</strong></span> <span class='ocrx_word' id='word_1_325' title='bbox 2670 1074 2753 1137; x_wconf 93' lang='grc'><strong>10,</strong></span> <span class='ocrx_word' id='word_1_326' title='bbox 2797 1075 2952 1141; x_wconf 83' lang='lat' dir='ltr'><strong>cujus</strong></span> <span class='ocrx_word' id='word_1_327' title='bbox 2994 1075 3205 1127; x_wconf 89' lang='lat' dir='ltr'><strong>iuitittm</strong></span> <span class='ocrx_word' id='word_1_328' title='bbox 3258 1077 3316 1128; x_wconf 75' lang='lat' dir='ltr'><strong>Si</strong></span> <span class='ocrx_word' id='word_1_329' title='bbox 3356 1078 3494 1141; x_wconf 82' lang='lat' dir='ltr'><strong>quis.</strong></span> 
     </span>
    </p>
   </div>
   <div class='ocr_carea' id='block_1_52' title="bbox 1915 1159 3494 1234">
    <p class='ocr_par' dir='ltr' id='par_1_52' title="bbox 1915 1159 3494 1234">
     <span class='ocr_line' id='line_1_52' title="bbox 1915 1159 3494 1234; baseline 0.004 -21"><span class='ocrx_word' id='word_1_330' title='bbox 1915 1159 2082 1216; x_wconf 87' lang='lat' dir='ltr'><strong>Nemo</strong></span> <span class='ocrx_word' id='word_1_331' title='bbox 2117 1165 2377 1232; x_wconf 75' lang='lat' dir='ltr'><strong>prretlium</strong></span> <span class='ocrx_word' id='word_1_332' title='bbox 2425 1167 2852 1219; x_wconf 79' lang='lat' dir='ltr'><strong>ortlmdoxorum</strong></span> <span class='ocrx_word' id='word_1_333' title='bbox 2889 1168 2940 1219; x_wconf 92' lang='lat' dir='ltr'><strong>in</strong></span> <span class='ocrx_word' id='word_1_334' title='bbox 2974 1183 3083 1234; x_wconf 84' lang='lat' dir='ltr'><strong>quo</strong></span> <span class='ocrx_word' id='word_1_335' title='bbox 3118 1177 3201 1220; x_wconf 81' lang='lat' dir='ltr'><strong>est</strong></span> <span class='ocrx_word' id='word_1_336' title='bbox 3232 1168 3494 1220; x_wconf 79' lang='lat' dir='ltr'><strong>orthodo-</strong></span> 
     </span>
    </p>
   </div>
   <div class='ocr_carea' id='block_1_53' title="bbox 1914 1254 3493 1320">
    <p class='ocr_par' dir='ltr' id='par_1_53' title="bbox 1914 1254 3493 1320">
     <span class='ocr_line' id='line_1_53' title="bbox 1914 1254 3493 1320; baseline 0.006 -17"><span class='ocrx_word' id='word_1_337' title='bbox 1914 1264 2107 1304; x_wconf 77' lang='lat' dir='ltr'><strong>xorum</strong></span> <span class='ocrx_word' id='word_1_338' title='bbox 2138 1254 2389 1313; x_wconf 77' lang='lat' dir='ltr'><strong>ecclesia.</strong></span> <span class='ocrx_word' id='word_1_339' title='bbox 2436 1257 2516 1309; x_wconf 85' lang='lat' dir='ltr'><strong>vel</strong></span> <span class='ocrx_word' id='word_1_340' title='bbox 2564 1258 2884 1317; x_wconf 84' lang='lat' dir='ltr'><strong>oratorium,</strong></span> <span class='ocrx_word' id='word_1_341' title='bbox 2922 1257 2973 1308; x_wconf 92' lang='lat' dir='ltr'><strong>in</strong></span> <span class='ocrx_word' id='word_1_342' title='bbox 3006 1268 3348 1320; x_wconf 81' lang='lat' dir='ltr'><strong>testamento,</strong></span> <span class='ocrx_word' id='word_1_343' title='bbox 3413 1260 3493 1313; x_wconf 80' lang='lat' dir='ltr'><strong>vel</strong></span> 
     </span>
    </p>
   </div>
   <div class='ocr_carea' id='block_1_54' title="bbox 1914 1341 3498 1411">
    <p class='ocr_par' dir='ltr' id='par_1_54' title="bbox 1914 1341 3498 1411">
     <span class='ocr_line' id='line_1_54' title="bbox 1914 1341 3498 1411; baseline 0.004 -19"><span class='ocrx_word' id='word_1_344' title='bbox 1914 1341 2221 1401; x_wconf 84' lang='lat' dir='ltr'><strong>donatione,</strong></span> <span class='ocrx_word' id='word_1_345' title='bbox 2251 1344 2328 1395; x_wconf 81' lang='lat' dir='ltr'><strong>vel</strong></span> <span class='ocrx_word' id='word_1_346' title='bbox 2368 1346 2416 1395; x_wconf 91' lang='lat' dir='ltr'><strong>in</strong></span> <span class='ocrx_word' id='word_1_347' title='bbox 2449 1360 2696 1411; x_wconf 84' lang='lat' dir='ltr'><strong>suprema</strong></span> <span class='ocrx_word' id='word_1_348' title='bbox 2745 1346 3040 1407; x_wconf 73' lang='lat' dir='ltr'><strong>voluntate,</strong></span> <span class='ocrx_word' id='word_1_349' title='bbox 3078 1345 3158 1396; x_wconf 93' lang='lat' dir='ltr'><strong>vel</strong></span> <span class='ocrx_word' id='word_1_350' title='bbox 3199 1346 3305 1398; x_wconf 89' lang='lat' dir='ltr'><strong>alio</strong></span> <span class='ocrx_word' id='word_1_351' title='bbox 3340 1348 3498 1399; x_wconf 81' lang='lat' dir='ltr'><strong>tllotl0</strong></span> 
     </span>
    </p>
   </div>
   <div class='ocr_carea' id='block_1_55' title="bbox 1916 1432 2829 1499">
    <p class='ocr_par' dir='ltr' id='par_1_55' title="bbox 1916 1432 2829 1499">
     <span class='ocr_line' id='line_1_55' title="bbox 1916 1432 2829 1499; baseline 0.004 -16"><span class='ocrx_word' id='word_1_352' title='bbox 1916 1432 2131 1495; x_wconf 85' lang='lat' dir='ltr'><strong>alieuct,</strong></span> <span class='ocrx_word' id='word_1_353' title='bbox 2167 1444 2255 1485; x_wconf 83' lang='lat' dir='ltr'><strong>aut</strong></span> <span class='ocrx_word' id='word_1_354' title='bbox 2292 1436 2373 1487; x_wconf 83' lang='lat' dir='ltr'><strong>tlet</strong></span> <span class='ocrx_word' id='word_1_355' title='bbox 2409 1437 2660 1489; x_wconf 60' lang='lat' dir='ltr'><strong>llﬂ‘fﬁllt‘o</strong></span> <span class='ocrx_word' id='word_1_356' title='bbox 2698 1436 2829 1499; x_wconf 71' lang='grc'>(81).</span> 
     </span>
    </p>
   </div>
   <div class='ocr_carea' id='block_1_56' title="bbox 1986 1522 3501 1592">
    <p class='ocr_par' dir='ltr' id='par_1_56' title="bbox 1986 1522 3501 1592">
     <span class='ocr_line' id='line_1_56' title="bbox 1986 1522 3501 1592; baseline 0.004 -18"><span class='ocrx_word' id='word_1_357' title='bbox 1986 1522 2108 1576; x_wconf 84' lang='lat' dir='ltr'><strong>Lib.</strong></span> <span class='ocrx_word' id='word_1_358' title='bbox 2140 1538 2174 1584; x_wconf 92' lang='lat' dir='ltr'><strong>I,</strong></span> <span class='ocrx_word' id='word_1_359' title='bbox 2211 1526 2291 1576; x_wconf 90' lang='lat' dir='ltr'><strong>tit.</strong></span> <span class='ocrx_word' id='word_1_360' title='bbox 2326 1524 2381 1585; x_wconf 91' lang='lat'><strong>9,</strong></span> <span class='ocrx_word' id='word_1_361' title='bbox 2421 1526 2642 1578; x_wconf 84' lang='lat' dir='ltr'><strong>constit.</strong></span> <span class='ocrx_word' id='word_1_362' title='bbox 2680 1527 2766 1585; x_wconf 73' lang='grc' dir='ltr'><strong>Η..</strong></span> <span class='ocrx_word' id='word_1_363' title='bbox 2807 1525 2957 1592; x_wconf 85' lang='lat' dir='ltr'><strong>cujus</strong></span> <span class='ocrx_word' id='word_1_364' title='bbox 2997 1526 3232 1587; x_wconf 78' lang='lat' dir='ltr'><strong>initium,</strong></span> <span class='ocrx_word' id='word_1_365' title='bbox 3274 1527 3501 1580; x_wconf 65' lang='lat' dir='ltr'><strong>(Io’lit&#39;o-</strong></span> 
     </span>
    </p>
   </div>
   <div class='ocr_carea' id='block_1_57' title="bbox 1917 1614 3497 1685">
    <p class='ocr_par' dir='ltr' id='par_1_57' title="bbox 1917 1614 3497 1685">
     <span class='ocr_line' id='line_1_57' title="bbox 1917 1614 3497 1685; baseline 0.004 -20"><span class='ocrx_word' id='word_1_366' title='bbox 1917 1616 2109 1667; x_wconf 87' lang='lat' dir='ltr'><strong>larum.</strong></span> <span class='ocrx_word' id='word_1_367' title='bbox 2139 1614 2275 1667; x_wconf 84' lang='lat' dir='ltr'><strong>Loca</strong></span> <span class='ocrx_word' id='word_1_368' title='bbox 2302 1616 2667 1669; x_wconf 76' lang='lat' dir='ltr'><strong>ctrlicolarum</strong></span> <span class='ocrx_word' id='word_1_369' title='bbox 2702 1618 3057 1670; x_wconf 74' lang='lat' dir='ltr'><strong>conventibus</strong></span> <span class='ocrx_word' id='word_1_370' title='bbox 3078 1618 3370 1685; x_wconf 80' lang='lat' dir='ltr'><strong>assignata,</strong></span> <span class='ocrx_word' id='word_1_371' title='bbox 3406 1634 3497 1671; x_wconf 78' lang='lat' dir='ltr'><strong>ec-</strong></span> 
     </span>
    </p>
   </div>
   <div class='ocr_carea' id='block_1_58' title="bbox 1914 1707 2460 1761">
    <p class='ocr_par' dir='ltr' id='par_1_58' title="bbox 1914 1707 2460 1761">
     <span class='ocr_line' id='line_1_58' title="bbox 1914 1707 2460 1761; baseline 0.005 -3"><span class='ocrx_word' id='word_1_372' title='bbox 1914 1707 2094 1761; x_wconf 85' lang='lat' dir='ltr'><strong>clesiis</strong></span> <span class='ocrx_word' id='word_1_373' title='bbox 2124 1708 2460 1761; x_wconf 80' lang='lat' dir='ltr'><strong>addicuntur.</strong></span> 
     </span>
    </p>
   </div>
   <div class='ocr_carea' id='block_1_59' title="bbox 1982 1885 3498 1959">
    <p class='ocr_par' dir='ltr' id='par_1_59' title="bbox 1982 1885 3498 1959">
     <span class='ocr_line' id='line_1_59' title="bbox 1982 1885 3498 1959; baseline 0.008 -23"><span class='ocrx_word' id='word_1_374' title='bbox 1982 1885 2098 1937; x_wconf 88' lang='lat' dir='ltr'><strong>Lib.</strong></span> <span class='ocrx_word' id='word_1_375' title='bbox 2127 1902 2170 1947; x_wconf 73' lang='grc' dir='ltr'><strong>ι,</strong></span> <span class='ocrx_word' id='word_1_376' title='bbox 2209 1888 2290 1941; x_wconf 92' lang='lat' dir='ltr'><strong>tit.</strong></span> <span class='ocrx_word' id='word_1_377' title='bbox 2316 1888 2370 1953; x_wconf 88' lang='lat'><strong>9,</strong></span> <span class='ocrx_word' id='word_1_378' title='bbox 2401 1891 2619 1942; x_wconf 81' lang='lat' dir='ltr'><strong>constit.</strong></span> <span class='ocrx_word' id='word_1_379' title='bbox 2651 1891 2739 1953; x_wconf 87' lang='grc'><strong>18,</strong></span> <span class='ocrx_word' id='word_1_380' title='bbox 2776 1887 2927 1959; x_wconf 80' lang='lat' dir='ltr'><strong>cujus</strong></span> <span class='ocrx_word' id='word_1_381' title='bbox 2952 1892 3188 1954; x_wconf 88' lang='lat' dir='ltr'><strong>initium,</strong></span> <span class='ocrx_word' id='word_1_382' title='bbox 3228 1894 3340 1946; x_wconf 80' lang='lat' dir='ltr'><strong>Hac</strong></span> <span class='ocrx_word' id='word_1_383' title='bbox 3364 1896 3498 1949; x_wconf 80' lang='lat' dir='ltr'><strong>vali-</strong></span> 
     </span>
    </p>
   </div>
   <div class='ocr_carea' id='block_1_60' title="bbox 1911 1977 3491 2041">
    <p class='ocr_par' dir='ltr' id='par_1_60' title="bbox 1911 1977 3491 2041">
     <span class='ocr_line' id='line_1_60' title="bbox 1911 1977 3491 2041; baseline 0.009 -14"><span class='ocrx_word' id='word_1_384' title='bbox 1911 1987 2059 2029; x_wconf 87' lang='lat' dir='ltr'><strong>tura.</strong></span> <span class='ocrx_word' id='word_1_385' title='bbox 2085 1977 2369 2032; x_wconf 79' lang='lat' dir='ltr'><strong>Exstructa</strong></span> <span class='ocrx_word' id='word_1_386' title='bbox 2398 1979 2705 2035; x_wconf 74' lang='lat' dir='ltr'><strong>Jtulteorutn</strong></span> <span class='ocrx_word' id='word_1_387' title='bbox 2738 1984 2817 2036; x_wconf 85' lang='lat' dir='ltr'><strong>vel</strong></span> <span class='ocrx_word' id='word_1_388' title='bbox 2853 1985 3321 2039; x_wconf 79' lang='lat' dir='ltr'><strong>Samaritanorum</strong></span> <span class='ocrx_word' id='word_1_389' title='bbox 3358 2002 3491 2041; x_wconf 86' lang='lat' dir='ltr'><strong>nova</strong></span> 
     </span>
    </p>
   </div>
   <div class='ocr_carea' id='block_1_61' title="bbox 1910 2071 2805 2136">
    <p class='ocr_par' dir='ltr' id='par_1_61' title="bbox 1910 2071 2805 2136">
     <span class='ocr_line' id='line_1_61' title="bbox 1910 2071 2805 2136; baseline 0.013 -17"><span class='ocrx_word' id='word_1_390' title='bbox 1910 2082 2205 2136; x_wconf 72' lang='lat' dir='ltr'><strong>synagoga,</strong></span> <span class='ocrx_word' id='word_1_391' title='bbox 2240 2071 2479 2124; x_wconf 73' lang='lat' dir='ltr'><strong>ecclesite</strong></span> <span class='ocrx_word' id='word_1_392' title='bbox 2514 2074 2805 2131; x_wconf 72' lang='lat' dir='ltr'><strong>addicitor.</strong></span> 
     </span>
    </p>
   </div>
   <div class='ocr_carea' id='block_1_62' title="bbox 1984 2158 3494 2233">
    <p class='ocr_par' dir='ltr' id='par_1_62' title="bbox 1984 2158 3494 2233">
     <span class='ocr_line' id='line_1_62' title="bbox 1984 2158 3494 2233; baseline 0.012 -25"><span class='ocrx_word' id='word_1_393' title='bbox 1984 2158 2101 2215; x_wconf 87' lang='lat' dir='ltr'><strong>Lib.</strong></span> <span class='ocrx_word' id='word_1_394' title='bbox 2126 2176 2160 2221; x_wconf 90' lang='lat' dir='ltr'><strong>l,</strong></span> <span class='ocrx_word' id='word_1_395' title='bbox 2202 2163 2281 2215; x_wconf 86' lang='lat' dir='ltr'><strong>til.</strong></span> <span class='ocrx_word' id='word_1_396' title='bbox 2312 2162 2396 2225; x_wconf 84' lang='grc'><strong>11,</strong></span> <span class='ocrx_word' id='word_1_397' title='bbox 2430 2166 2647 2218; x_wconf 84' lang='lat' dir='ltr'><strong>constit.</strong></span> <span class='ocrx_word' id='word_1_398' title='bbox 2683 2166 2737 2226; x_wconf 84' lang='lat'><strong>5,</strong></span> <span class='ocrx_word' id='word_1_399' title='bbox 2795 2167 2951 2233; x_wconf 83' lang='lat' dir='ltr'><strong>cujus</strong></span> <span class='ocrx_word' id='word_1_400' title='bbox 3006 2169 3241 2233; x_wconf 83' lang='lat' dir='ltr'><strong>initium,</strong></span> <span class='ocrx_word' id='word_1_401' title='bbox 3300 2170 3494 2225; x_wconf 58' lang='lat' dir='ltr'><strong>Omnia</strong></span> 
     </span>
    </p>
   </div>
   <div class='ocr_carea' id='block_1_63' title="bbox 1911 2251 3495 2333">
    <p class='ocr_par' dir='ltr' id='par_1_63' title="bbox 1911 2251 3495 2333">
     <span class='ocr_line' id='line_1_63' title="bbox 1911 2251 3495 2333; baseline 0.01 -30"><span class='ocrx_word' id='word_1_402' title='bbox 1911 2251 2048 2304; x_wconf 88' lang='lat' dir='ltr'><strong>loca.</strong></span> <span class='ocrx_word' id='word_1_403' title='bbox 2084 2252 2246 2305; x_wconf 76' lang='lat' dir='ltr'><strong>Sacra</strong></span> <span class='ocrx_word' id='word_1_404' title='bbox 2282 2254 2612 2323; x_wconf 69' lang='lat' dir='ltr'><strong>Carthagine</strong></span> <span class='ocrx_word' id='word_1_405' title='bbox 2651 2258 2763 2310; x_wconf 86' lang='lat' dir='ltr'><strong>loca</strong></span> <span class='ocrx_word' id='word_1_406' title='bbox 2796 2259 2932 2326; x_wconf 72' lang='lat'><strong>(85),</strong></span> <span class='ocrx_word' id='word_1_407' title='bbox 2969 2262 3216 2316; x_wconf 78' lang='lat' dir='ltr'><strong>ecclesiis</strong></span> <span class='ocrx_word' id='word_1_408' title='bbox 3261 2265 3327 2318; x_wconf 90' lang='lat' dir='ltr'><strong>ab</strong></span> <span class='ocrx_word' id='word_1_409' title='bbox 3377 2266 3495 2333; x_wconf 88' lang='lat' dir='ltr'><strong>ipso</strong></span> 
     </span>
    </p>
   </div>
   <div class='ocr_carea' id='block_1_64' title="bbox 1911 2343 3219 2423">
    <p class='ocr_par' dir='ltr' id='par_1_64' title="bbox 1911 2343 3219 2423">
     <span class='ocr_line' id='line_1_64' title="bbox 1911 2343 3219 2423; baseline 0.011 -28"><span class='ocrx_word' id='word_1_410' title='bbox 1911 2343 2234 2412; x_wconf 71' lang='lat' dir='ltr'><strong>imperatore</strong></span> <span class='ocrx_word' id='word_1_411' title='bbox 2260 2347 2475 2409; x_wconf 80' lang='lat' dir='ltr'><strong>donata,</strong></span> <span class='ocrx_word' id='word_1_412' title='bbox 2507 2360 2756 2402; x_wconf 79' lang='lat' dir='ltr'><strong>maneant</strong></span> <span class='ocrx_word' id='word_1_413' title='bbox 2786 2352 2863 2405; x_wconf 88' lang='lat' dir='ltr'><strong>eis</strong></span> <span class='ocrx_word' id='word_1_414' title='bbox 2891 2353 3219 2423; x_wconf 82' lang='lat' dir='ltr'><strong>inatletnpta.</strong></span> 
     </span>
    </p>
   </div>
   <div class='ocr_carea' id='block_1_65' title="bbox 1979 2525 3489 2596">
    <p class='ocr_par' dir='ltr' id='par_1_65' title="bbox 1979 2525 3489 2596">
     <span class='ocr_line' id='line_1_65' title="bbox 1979 2525 3489 2596; baseline 0.008 -19"><span class='ocrx_word' id='word_1_415' title='bbox 1979 2525 2098 2579; x_wconf 88' lang='lat' dir='ltr'><strong>Lib.</strong></span> <span class='ocrx_word' id='word_1_416' title='bbox 2129 2544 2166 2587; x_wconf 85' lang='grc' dir='ltr'><strong>ι,</strong></span> <span class='ocrx_word' id='word_1_417' title='bbox 2203 2528 2288 2578; x_wconf 89' lang='lat' dir='ltr'><strong>tit.</strong></span> <span class='ocrx_word' id='word_1_418' title='bbox 2333 2527 2419 2590; x_wconf 78' lang='grc'><strong>12,</strong></span> <span class='ocrx_word' id='word_1_419' title='bbox 2460 2530 2680 2583; x_wconf 85' lang='lat' dir='ltr'><strong>constit.</strong></span> <span class='ocrx_word' id='word_1_420' title='bbox 2713 2530 2765 2590; x_wconf 84' lang='lat'><strong>5,</strong></span> <span class='ocrx_word' id='word_1_421' title='bbox 2798 2532 2953 2594; x_wconf 86' lang='lat' dir='ltr'><strong>cujus</strong></span> <span class='ocrx_word' id='word_1_422' title='bbox 2982 2533 3217 2596; x_wconf 87' lang='lat' dir='ltr'><strong>initium,</strong></span> <span class='ocrx_word' id='word_1_423' title='bbox 3276 2534 3489 2589; x_wconf 72' lang='lat' dir='ltr'><strong>Danuu-</strong></span> 
     </span>
    </p>
   </div>
   <div class='ocr_carea' id='block_1_66' title="bbox 1910 2616 3493 2687">
    <p class='ocr_par' dir='ltr' id='par_1_66' title="bbox 1910 2616 3493 2687">
     <span class='ocr_line' id='line_1_66' title="bbox 1910 2616 3493 2687; baseline 0.008 -18"><span class='ocrx_word' id='word_1_424' title='bbox 1910 2618 2124 2669; x_wconf 78' lang='lat' dir='ltr'><strong>limum.</strong></span> <span class='ocrx_word' id='word_1_425' title='bbox 2159 2616 2330 2670; x_wconf 83' lang='lat' dir='ltr'><strong>Nemo</strong></span> <span class='ocrx_word' id='word_1_426' title='bbox 2358 2621 2721 2673; x_wconf 76' lang='lat' dir='ltr'><strong>sanctissimis</strong></span> <span class='ocrx_word' id='word_1_427' title='bbox 2753 2621 2802 2672; x_wconf 88' lang='lat' dir='ltr'><strong>itt</strong></span> <span class='ocrx_word' id='word_1_428' title='bbox 2829 2624 3098 2687; x_wconf 89' lang='lat' dir='ltr'><strong>ecclesiis,</strong></span> <span class='ocrx_word' id='word_1_429' title='bbox 3148 2627 3228 2678; x_wconf 89' lang='lat' dir='ltr'><strong>vel</strong></span> <span class='ocrx_word' id='word_1_430' title='bbox 3272 2629 3321 2679; x_wconf 91' lang='lat' dir='ltr'><strong>in</strong></span> <span class='ocrx_word' id='word_1_431' title='bbox 3373 2628 3493 2682; x_wconf 88' lang='lat' dir='ltr'><strong>aliis</strong></span> 
     </span>
    </p>
   </div>
   <div class='ocr_carea' id='block_1_67' title="bbox 1908 2709 3491 2784">
    <p class='ocr_par' dir='ltr' id='par_1_67' title="bbox 1908 2709 3491 2784">
     <span class='ocr_line' id='line_1_67' title="bbox 1908 2709 3491 2784; baseline 0.008 -26"><span class='ocrx_word' id='word_1_432' title='bbox 1908 2709 2312 2763; x_wconf 69' lang='lat' dir='ltr'><strong>VCIICI&#39;tlblilbllS</strong></span> <span class='ocrx_word' id='word_1_433' title='bbox 2366 2712 2515 2773; x_wconf 87' lang='lat' dir='ltr'><strong>locis,</strong></span> <span class='ocrx_word' id='word_1_434' title='bbox 2550 2712 2603 2764; x_wconf 80' lang='lat' dir='ltr'><strong>in</strong></span> <span class='ocrx_word' id='word_1_435' title='bbox 2652 2714 2847 2781; x_wconf 82' lang='lat' dir='ltr'><strong>quibus</strong></span> <span class='ocrx_word' id='word_1_436' title='bbox 2902 2725 3024 2767; x_wconf 82' lang='lat' dir='ltr'><strong>vota</strong></span> <span class='ocrx_word' id='word_1_437' title='bbox 3085 2719 3491 2784; x_wconf 84' lang='lat' dir='ltr'><strong>concipiuntur,</strong></span> 
     </span>
    </p>
   </div>
   <div class='ocr_carea' id='block_1_68' title="bbox 1907 2801 3489 2875">
    <p class='ocr_par' dir='ltr' id='par_1_68' title="bbox 1907 2801 3489 2875">
     <span class='ocr_line' id='line_1_68' title="bbox 1907 2801 3489 2875; baseline 0.008 -24"><span class='ocrx_word' id='word_1_438' title='bbox 1907 2801 2434 2853; x_wconf 69' lang='lat' dir='ltr'><strong>conclamationibus</strong></span> <span class='ocrx_word' id='word_1_439' title='bbox 2475 2806 2662 2866; x_wconf 91' lang='lat' dir='ltr'><strong>utitor,</strong></span> <span class='ocrx_word' id='word_1_440' title='bbox 2724 2805 2803 2857; x_wconf 90' lang='lat' dir='ltr'><strong>vel</strong></span> <span class='ocrx_word' id='word_1_441' title='bbox 2854 2807 3174 2860; x_wconf 74' lang='lat' dir='ltr'><strong>seditionem</strong></span> <span class='ocrx_word' id='word_1_442' title='bbox 3235 2821 3489 2875; x_wconf 84' lang='lat' dir='ltr'><strong>moveto;</strong></span> 
     </span>
    </p>
   </div>
   <div class='ocr_carea' id='block_1_69' title="bbox 1909 2891 3035 2961">
    <p class='ocr_par' dir='ltr' id='par_1_69' title="bbox 1909 2891 3035 2961">
     <span class='ocr_line' id='line_1_69' title="bbox 1909 2891 3035 2961; baseline 0.004 -16"><span class='ocrx_word' id='word_1_443' title='bbox 1909 2891 2159 2945; x_wconf 87' lang='lat' dir='ltr'><strong>ultimum</strong></span> <span class='ocrx_word' id='word_1_444' title='bbox 2197 2893 2322 2945; x_wconf 87' lang='lat' dir='ltr'><strong>inde</strong></span> <span class='ocrx_word' id='word_1_445' title='bbox 2354 2893 2677 2961; x_wconf 72' lang='lat' dir='ltr'><strong>supplicium</strong></span> <span class='ocrx_word' id='word_1_446' title='bbox 2719 2894 3035 2950; x_wconf 77' lang='lat' dir='ltr'><strong>formidans.</strong></span> 
     </span>
    </p>
   </div>
   <div class='ocr_carea' id='block_1_70' title="bbox 1979 2984 3493 3056">
    <p class='ocr_par' dir='ltr' id='par_1_70' title="bbox 1979 2984 3493 3056">
     <span class='ocr_line' id='line_1_70' title="bbox 1979 2984 3493 3056; baseline 0.007 -20"><span class='ocrx_word' id='word_1_447' title='bbox 1979 2984 2093 3037; x_wconf 87' lang='lat' dir='ltr'><strong>Lih.</strong></span> <span class='ocrx_word' id='word_1_448' title='bbox 2125 3002 2160 3047; x_wconf 92' lang='lat' dir='ltr'><strong>t,</strong></span> <span class='ocrx_word' id='word_1_449' title='bbox 2202 2984 2284 3038; x_wconf 91' lang='lat' dir='ltr'><strong>tit.</strong></span> <span class='ocrx_word' id='word_1_450' title='bbox 2322 2987 2407 3044; x_wconf 74' lang='lat' dir='ltr'><strong>l5.</strong></span> <span class='ocrx_word' id='word_1_451' title='bbox 2447 2989 2663 3040; x_wconf 91' lang='lat' dir='ltr'><strong>constit.</strong></span> <span class='ocrx_word' id='word_1_452' title='bbox 2700 2989 2752 3050; x_wconf 78' lang='grc' dir='ltr'><strong>ι,</strong></span> <span class='ocrx_word' id='word_1_453' title='bbox 2796 2990 2950 3056; x_wconf 88' lang='lat' dir='ltr'><strong>cujus</strong></span> <span class='ocrx_word' id='word_1_454' title='bbox 2984 2992 3215 3055; x_wconf 87' lang='lat' dir='ltr'><strong>initium,</strong></span> <span class='ocrx_word' id='word_1_455' title='bbox 3263 2994 3493 3046; x_wconf 77' lang='lat' dir='ltr'><strong>Iamdu-</strong></span> 
     </span>
    </p>
   </div>
   <div class='ocr_carea' id='block_1_71' title="bbox 1904 3072 3490 3144">
    <p class='ocr_par' dir='ltr' id='par_1_71' title="bbox 1904 3072 3490 3144">
     <span class='ocr_line' id='line_1_71' title="bbox 1904 3072 3490 3144; baseline 0.006 -17"><span class='ocrx_word' id='word_1_456' title='bbox 1904 3072 2029 3127; x_wconf 82' lang='lat' dir='ltr'><strong>dum</strong></span> <span class='ocrx_word' id='word_1_457' title='bbox 2083 3074 2216 3142; x_wconf 83' lang='lat'><strong>(86).</strong></span> <span class='ocrx_word' id='word_1_458' title='bbox 2273 3074 2373 3140; x_wconf 80' lang='lat' dir='ltr'><strong>Qui</strong></span> <span class='ocrx_word' id='word_1_459' title='bbox 2433 3076 2795 3128; x_wconf 71' lang='lat' dir='ltr'><strong>manumissus</strong></span> <span class='ocrx_word' id='word_1_460' title='bbox 2833 3089 2909 3130; x_wconf 82' lang='lat' dir='ltr'><strong>est</strong></span> <span class='ocrx_word' id='word_1_461' title='bbox 2941 3078 2990 3129; x_wconf 91' lang='lat' dir='ltr'><strong>in</strong></span> <span class='ocrx_word' id='word_1_462' title='bbox 3018 3082 3269 3144; x_wconf 81' lang='lat' dir='ltr'><strong>ecclesia,</strong></span> <span class='ocrx_word' id='word_1_463' title='bbox 3308 3099 3490 3137; x_wconf 64' lang='lat' dir='ltr'><strong>eoi-ant</strong></span> 
     </span>
    </p>
   </div>
   <div class='ocr_carea' id='block_1_72' title="bbox 1828 3166 3497 3241">
    <p class='ocr_par' dir='ltr' id='par_1_72' title="bbox 1828 3166 3497 3241">
     <span class='ocr_line' id='line_1_72' title="bbox 1828 3166 3497 3241; baseline 0.01 -26"><span class='ocrx_word' id='word_1_464' title='bbox 1828 3180 1875 3241; x_wconf 73' lang='grc' dir='ltr'>ο</span> <span class='ocrx_word' id='word_1_465' title='bbox 1909 3166 2064 3234; x_wconf 77' lang='lat' dir='ltr'><strong>plebe</strong></span> <span class='ocrx_word' id='word_1_466' title='bbox 2103 3181 2165 3218; x_wconf 89' lang='lat' dir='ltr'><strong>ac</strong></span> <span class='ocrx_word' id='word_1_467' title='bbox 2193 3166 2462 3233; x_wconf 76' lang='lat' dir='ltr'><strong>episcopis</strong></span> <span class='ocrx_word' id='word_1_468' title='bbox 2498 3168 2629 3235; x_wconf 87' lang='lat'><strong>(87),</strong></span> <span class='ocrx_word' id='word_1_469' title='bbox 2680 3167 2985 3223; x_wconf 75' lang='lat' dir='ltr'><strong>libertatem</strong></span> <span class='ocrx_word' id='word_1_470' title='bbox 3035 3183 3238 3226; x_wconf 87' lang='lat' dir='ltr'><strong>certam</strong></span> <span class='ocrx_word' id='word_1_471' title='bbox 3300 3190 3497 3231; x_wconf 90' lang='lat' dir='ltr'><strong>conse-</strong></span> 
     </span>
    </p>
   </div>
   <div class='ocr_carea' id='block_1_73' title="bbox 1905 3256 2107 3323">
    <p class='ocr_par' dir='ltr' id='par_1_73' title="bbox 1905 3256 2107 3323">
     <span class='ocr_line' id='line_1_73' title="bbox 1905 3256 2107 3323; baseline 0.01 -16"><span class='ocrx_word' id='word_1_472' title='bbox 1905 3256 2107 3323; x_wconf 87' lang='lat' dir='ltr'><strong>quitur.</strong></span> 
     </span>
    </p>
   </div>
   <div class='ocr_carea' id='block_1_74' title="bbox 1982 3349 3493 3422">
    <p class='ocr_par' dir='ltr' id='par_1_74' title="bbox 1982 3349 3493 3422">
     <span class='ocr_line' id='line_1_74' title="bbox 1982 3349 3493 3422; baseline 0.007 -22"><span class='ocrx_word' id='word_1_473' title='bbox 1982 3349 2095 3401; x_wconf 65' lang='grc' dir='ltr'>ιιι).</span> <span class='ocrx_word' id='word_1_474' title='bbox 2138 3365 2175 3410; x_wconf 88' lang='grc' dir='ltr'><strong>ι,</strong></span> <span class='ocrx_word' id='word_1_475' title='bbox 2214 3349 2293 3403; x_wconf 89' lang='lat' dir='ltr'><strong>tit.</strong></span> <span class='ocrx_word' id='word_1_476' title='bbox 2328 3351 2413 3411; x_wconf 81' lang='grc'><strong>15,</strong></span> <span class='ocrx_word' id='word_1_477' title='bbox 2440 3354 2659 3406; x_wconf 91' lang='lat' dir='ltr'><strong>constit.</strong></span> <span class='ocrx_word' id='word_1_478' title='bbox 2693 3351 2747 3417; x_wconf 77' lang='lat'><strong>2,</strong></span> <span class='ocrx_word' id='word_1_479' title='bbox 2783 3352 2939 3419; x_wconf 80' lang='lat' dir='ltr'><strong>cujus</strong></span> <span class='ocrx_word' id='word_1_480' title='bbox 2968 3355 3203 3415; x_wconf 82' lang='lat' dir='ltr'><strong>initium.</strong></span> <span class='ocrx_word' id='word_1_481' title='bbox 3236 3356 3341 3422; x_wconf 84' lang='lat' dir='ltr'><strong>Qui</strong></span> <span class='ocrx_word' id='word_1_482' title='bbox 3373 3361 3493 3411; x_wconf 84' lang='lat' dir='ltr'><strong>reli-</strong></span> 
     </span>
    </p>
   </div>
   <div class='ocr_carea' id='block_1_75' title="bbox 1904 3444 3488 3519">
    <p class='ocr_par' dir='ltr' id='par_1_75' title="bbox 1904 3444 3488 3519">
     <span class='ocr_line' id='line_1_75' title="bbox 1904 3444 3488 3519; baseline 0.007 -24"><span class='ocrx_word' id='word_1_483' title='bbox 1904 3444 2071 3512; x_wconf 78' lang='lat' dir='ltr'><strong>giosa.</strong></span> <span class='ocrx_word' id='word_1_484' title='bbox 2138 3445 2270 3498; x_wconf 76' lang='lat' dir='ltr'><strong>Cum</strong></span> <span class='ocrx_word' id='word_1_485' title='bbox 2311 3446 2363 3497; x_wconf 93' lang='lat' dir='ltr'><strong>in</strong></span> <span class='ocrx_word' id='word_1_486' title='bbox 2421 3448 2648 3498; x_wconf 77' lang='lat' dir='ltr'><strong>ecclesia</strong></span> <span class='ocrx_word' id='word_1_487' title='bbox 2699 3448 2841 3516; x_wconf 74' lang='lat' dir='ltr'><strong>quis,</strong></span> <span class='ocrx_word' id='word_1_488' title='bbox 2889 3452 3145 3517; x_wconf 83' lang='lat' dir='ltr'><strong>episcopo</strong></span> <span class='ocrx_word' id='word_1_489' title='bbox 3203 3462 3488 3519; x_wconf 63' lang='lat' dir='ltr'><strong>praesente,</strong></span> 
     </span>
    </p>
   </div>
   <div class='ocr_carea' id='block_1_76' title="bbox 1907 3537 3489 3611">
    <p class='ocr_par' dir='ltr' id='par_1_76' title="bbox 1907 3537 3489 3611">
     <span class='ocr_line' id='line_1_76' title="bbox 1907 3537 3489 3611; baseline 0.006 -24"><span class='ocrx_word' id='word_1_490' title='bbox 1907 3537 2267 3588; x_wconf 68' lang='lat' dir='ltr'><strong>manumissus</strong></span> <span class='ocrx_word' id='word_1_491' title='bbox 2308 3537 2486 3592; x_wconf 72' lang='lat' dir='ltr'><strong>fuerit.</strong></span> <span class='ocrx_word' id='word_1_492' title='bbox 2528 3540 2597 3590; x_wconf 84' lang='lat' dir='ltr'><strong>ita</strong></span> <span class='ocrx_word' id='word_1_493' title='bbox 2632 3539 2766 3591; x_wconf 69' lang='lat' dir='ltr'><strong>liber</strong></span> <span class='ocrx_word' id='word_1_494' title='bbox 2801 3542 2911 3603; x_wconf 82' lang='lat' dir='ltr'><strong>ﬁat,</strong></span> <span class='ocrx_word' id='word_1_495' title='bbox 2942 3552 3102 3611; x_wconf 81' lang='lat' dir='ltr'><strong>atque</strong></span> <span class='ocrx_word' id='word_1_496' title='bbox 3136 3543 3179 3593; x_wconf 76' lang='lat' dir='ltr'><strong>si</strong></span> <span class='ocrx_word' id='word_1_497' title='bbox 3214 3543 3398 3595; x_wconf 84' lang='lat' dir='ltr'><strong>omnia</strong></span> <span class='ocrx_word' id='word_1_498' title='bbox 3435 3545 3489 3597; x_wconf 90' lang='lat' dir='ltr'><strong>in</strong></span> 
     </span>
    </p>
   </div>
   <div class='ocr_carea' id='block_1_77' title="bbox 1906 3630 3167 3687">
    <p class='ocr_par' dir='ltr' id='par_1_77' title="bbox 1906 3630 3167 3687">
     <span class='ocr_line' id='line_1_77' title="bbox 1906 3630 3167 3687; baseline 0.006 -8"><span class='ocrx_word' id='word_1_499' title='bbox 1906 3630 2338 3683; x_wconf 74' lang='lat' dir='ltr'><strong>manumissione</strong></span> <span class='ocrx_word' id='word_1_500' title='bbox 2369 3630 2633 3684; x_wconf 88' lang='lat' dir='ltr'><strong>solemnia</strong></span> <span class='ocrx_word' id='word_1_501' title='bbox 2667 3644 2882 3687; x_wconf 86' lang='lat' dir='ltr'><strong>servata</strong></span> <span class='ocrx_word' id='word_1_502' title='bbox 2916 3633 3167 3686; x_wconf 82' lang='lat' dir='ltr'><strong>fuissent.</strong></span> 
     </span>
    </p>
   </div>
   <div class='ocr_carea' id='block_1_78' title="bbox 1980 3720 3488 3793">
    <p class='ocr_par' dir='ltr' id='par_1_78' title="bbox 1980 3720 3488 3793">
     <span class='ocr_line' id='line_1_78' title="bbox 1980 3720 3488 3793; baseline 0.006 -20"><span class='ocrx_word' id='word_1_503' title='bbox 1980 3720 2099 3773; x_wconf 88' lang='lat' dir='ltr'><strong>Lib.</strong></span> <span class='ocrx_word' id='word_1_504' title='bbox 2131 3737 2210 3778; x_wconf 84' lang='lat' dir='ltr'><strong>III.</strong></span> <span class='ocrx_word' id='word_1_505' title='bbox 2247 3722 2329 3775; x_wconf 90' lang='lat' dir='ltr'><strong>tit.</strong></span> <span class='ocrx_word' id='word_1_506' title='bbox 2378 3722 2459 3782; x_wconf 72' lang='lat' dir='ltr'><strong>l2,</strong></span> <span class='ocrx_word' id='word_1_507' title='bbox 2491 3723 2713 3777; x_wconf 85' lang='lat' dir='ltr'><strong>constit.</strong></span> <span class='ocrx_word' id='word_1_508' title='bbox 2735 3725 2788 3788; x_wconf 72' lang='lat'><strong>2,</strong></span> <span class='ocrx_word' id='word_1_509' title='bbox 2836 3725 3245 3793; x_wconf 59' lang='lat' dir='ltr'><strong>antt’sinitium,</strong></span> <span class='ocrx_word' id='word_1_510' title='bbox 3270 3726 3488 3782; x_wconf 75' lang='lat' dir='ltr'><strong>Omnes.</strong></span> 
     </span>
    </p>
   </div>
   <div class='ocr_carea' id='block_1_79' title="bbox 1905 3813 3491 3886">
    <p class='ocr_par' dir='ltr' id='par_1_79' title="bbox 1905 3813 3491 3886">
     <span class='ocr_line' id='line_1_79' title="bbox 1905 3813 3491 3886; baseline 0.003 -18"><span class='ocrx_word' id='word_1_511' title='bbox 1905 3815 1999 3868; x_wconf 89' lang='lat' dir='ltr'><strong>Die</strong></span> <span class='ocrx_word' id='word_1_512' title='bbox 2036 3813 2314 3869; x_wconf 91' lang='lat' dir='ltr'><strong>Dotuinico</strong></span> <span class='ocrx_word' id='word_1_513' title='bbox 2350 3815 2459 3886; x_wconf 82' lang='lat'><strong>(88)</strong></span> <span class='ocrx_word' id='word_1_514' title='bbox 2491 3816 2700 3881; x_wconf 88' lang='lat' dir='ltr'><strong>jtulices</strong></span> <span class='ocrx_word' id='word_1_515' title='bbox 2728 3832 2940 3879; x_wconf 82' lang='lat' dir='ltr'><strong>omnes,</strong></span> <span class='ocrx_word' id='word_1_516' title='bbox 2974 3830 3025 3871; x_wconf 87' lang='lat' dir='ltr'><strong>et</strong></span> <span class='ocrx_word' id='word_1_517' title='bbox 3057 3820 3339 3872; x_wconf 74' lang='lat' dir='ltr'><strong>civitatum</strong></span> <span class='ocrx_word' id='word_1_518' title='bbox 3371 3819 3491 3886; x_wconf 80' lang='lat' dir='ltr'><strong>ple-</strong></span> 
     </span>
    </p>
   </div>
   <div class='ocr_carea' id='block_1_80' title="bbox 1905 3906 3486 3977">
    <p class='ocr_par' dir='ltr' id='par_1_80' title="bbox 1905 3906 3486 3977">
     <span class='ocr_line' id='line_1_80' title="bbox 1905 3906 3486 3977; baseline 0.003 -20"><span class='ocrx_word' id='word_1_519' title='bbox 1905 3906 2037 3967; x_wconf 85' lang='lat' dir='ltr'><strong>bes.</strong></span> <span class='ocrx_word' id='word_1_520' title='bbox 2084 3916 2137 3958; x_wconf 92' lang='lat' dir='ltr'><strong>et</strong></span> <span class='ocrx_word' id='word_1_521' title='bbox 2177 3909 2374 3959; x_wconf 83' lang='lat' dir='ltr'><strong>artium</strong></span> <span class='ocrx_word' id='word_1_522' title='bbox 2437 3916 2755 3960; x_wconf 86' lang='lat' dir='ltr'><strong>cunctarum</strong></span> <span class='ocrx_word' id='word_1_523' title='bbox 2811 3909 3034 3976; x_wconf 65' lang='lat' dir='ltr'><strong>collegia</strong></span> <span class='ocrx_word' id='word_1_524' title='bbox 3068 3948 3083 3970; x_wconf 90' lang='lat'><strong>,</strong></span> <span class='ocrx_word' id='word_1_525' title='bbox 3147 3908 3431 3977; x_wconf 77' lang='lat' dir='ltr'><strong>quiescant</strong></span> <span class='ocrx_word' id='word_1_526' title='bbox 3471 3927 3486 3962; x_wconf 87' lang='lat'>:</span> 
     </span>
    </p>
   </div>
   <div class='ocr_carea' id='block_1_81' title="bbox 1903 3998 3343 4068">
    <p class='ocr_par' dir='ltr' id='par_1_81' title="bbox 1903 3998 3343 4068">
     <span class='ocr_line' id='line_1_81' title="bbox 1903 3998 3343 4068; baseline 0.003 -18"><span class='ocrx_word' id='word_1_527' title='bbox 1903 3998 2155 4068; x_wconf 77' lang='lat' dir='ltr'><strong>agricolis</strong></span> <span class='ocrx_word' id='word_1_528' title='bbox 2197 4014 2326 4053; x_wconf 79' lang='lat' dir='ltr'><strong>vero</strong></span> <span class='ocrx_word' id='word_1_529' title='bbox 2362 3998 2522 4053; x_wconf 87' lang='lat' dir='ltr'><strong>liceat</strong></span> <span class='ocrx_word' id='word_1_530' title='bbox 2549 4009 2606 4052; x_wconf 93' lang='lat' dir='ltr'><strong>ut</strong></span> <span class='ocrx_word' id='word_1_531' title='bbox 2640 3999 2821 4067; x_wconf 87' lang='lat' dir='ltr'><strong>operis</strong></span> <span class='ocrx_word' id='word_1_532' title='bbox 2847 4000 2959 4053; x_wconf 85' lang='lat' dir='ltr'><strong>suis</strong></span> <span class='ocrx_word' id='word_1_533' title='bbox 2993 4000 3183 4054; x_wconf 84' lang='lat' dir='ltr'><strong>intenti</strong></span> <span class='ocrx_word' id='word_1_534' title='bbox 3213 4001 3343 4054; x_wconf 88' lang='lat' dir='ltr'><strong>sint.</strong></span> 
     </span>
    </p>
   </div>
   <div class='ocr_carea' id='block_1_82' title="bbox 1971 4177 3493 4248">
    <p class='ocr_par' dir='ltr' id='par_1_82' title="bbox 1971 4177 3493 4248">
     <span class='ocr_line' id='line_1_82' title="bbox 1971 4177 3493 4248; baseline 0.001 -17"><span class='ocrx_word' id='word_1_535' title='bbox 1971 4177 2089 4231; x_wconf 87' lang='lat' dir='ltr'><strong>Lib.</strong></span> <span class='ocrx_word' id='word_1_536' title='bbox 2129 4195 2208 4239; x_wconf 87' lang='lat' dir='ltr'><strong>tu,</strong></span> <span class='ocrx_word' id='word_1_537' title='bbox 2246 4179 2328 4232; x_wconf 90' lang='lat' dir='ltr'><strong>tit.</strong></span> <span class='ocrx_word' id='word_1_538' title='bbox 2364 4178 2451 4243; x_wconf 73' lang='grc'><strong>12,</strong></span> <span class='ocrx_word' id='word_1_539' title='bbox 2478 4180 2699 4231; x_wconf 81' lang='lat' dir='ltr'><strong>constit.</strong></span> <span class='ocrx_word' id='word_1_540' title='bbox 2726 4179 2776 4242; x_wconf 87' lang='lat'><strong>5,</strong></span> <span class='ocrx_word' id='word_1_541' title='bbox 2805 4178 2959 4248; x_wconf 88' lang='lat' dir='ltr'><strong>cnjus</strong></span> <span class='ocrx_word' id='word_1_542' title='bbox 2979 4180 3212 4243; x_wconf 87' lang='lat' dir='ltr'><strong>initium,</strong></span> <span class='ocrx_word' id='word_1_543' title='bbox 3238 4180 3493 4243; x_wconf 66' lang='lat' dir='ltr'><strong>Quadra—</strong></span> 
     </span>
    </p>
   </div>
   <div class='ocr_carea' id='block_1_83' title="bbox 1902 4271 3485 4345">
    <p class='ocr_par' dir='ltr' id='par_1_83' title="bbox 1902 4271 3485 4345">
     <span class='ocr_line' id='line_1_83' title="bbox 1902 4271 3485 4345; baseline 0.004 -22"><span class='ocrx_word' id='word_1_544' title='bbox 1902 4272 2049 4342; x_wconf 83' lang='lat' dir='ltr'><strong>ginta</strong></span> <span class='ocrx_word' id='word_1_545' title='bbox 2086 4271 2221 4338; x_wconf 85' lang='grc'>(89).</span> <span class='ocrx_word' id='word_1_546' title='bbox 2250 4271 2302 4323; x_wconf 91' lang='lat' dir='ltr'><strong>lu</strong></span> <span class='ocrx_word' id='word_1_547' title='bbox 2332 4272 2665 4341; x_wconf 72' lang='lat' dir='ltr'><strong>jejuniornm</strong></span> <span class='ocrx_word' id='word_1_548' title='bbox 2709 4275 3148 4345; x_wconf 82' lang='lat' dir='ltr'><strong>quadragesima,</strong></span> <span class='ocrx_word' id='word_1_549' title='bbox 3205 4275 3348 4327; x_wconf 85' lang='lat' dir='ltr'><strong>nulla</strong></span> <span class='ocrx_word' id='word_1_550' title='bbox 3399 4288 3485 4329; x_wconf 89' lang='lat' dir='ltr'><strong>co-</strong></span> 
     </span>
    </p>
   </div>
   <div class='ocr_carea' id='block_1_84' title="bbox 1901 4364 2856 4432">
    <p class='ocr_par' dir='ltr' id='par_1_84' title="bbox 1901 4364 2856 4432">
     <span class='ocr_line' id='line_1_84' title="bbox 1901 4364 2856 4432; baseline 0.004 -18"><span class='ocrx_word' id='word_1_551' title='bbox 1901 4365 2071 4432; x_wconf 75' lang='lat' dir='ltr'><strong>gnitio</strong></span> <span class='ocrx_word' id='word_1_552' title='bbox 2104 4364 2403 4417; x_wconf 87' lang='lat' dir='ltr'><strong>critninalis</strong></span> <span class='ocrx_word' id='word_1_553' title='bbox 2435 4364 2608 4418; x_wconf 84' lang='lat' dir='ltr'><strong>locum</strong></span> <span class='ocrx_word' id='word_1_554' title='bbox 2641 4366 2856 4421; x_wconf 83' lang='lat' dir='ltr'><strong>habeat.</strong></span> 
     </span>
    </p>
   </div>
   <div class='ocr_carea' id='block_1_85' title="bbox 1973 4456 3475 4524">
    <p class='ocr_par' dir='ltr' id='par_1_85' title="bbox 1973 4456 3475 4524">
     <span class='ocr_line' id='line_1_85' title="bbox 1973 4456 3475 4524; baseline 0 -16"><span class='ocrx_word' id='word_1_555' title='bbox 1973 4456 2091 4508; x_wconf 82' lang='lat' dir='ltr'><strong>Lih.</strong></span> <span class='ocrx_word' id='word_1_556' title='bbox 2125 4457 2318 4520; x_wconf 89' lang='lat' dir='ltr'><strong>Itt,tit.</strong></span> <span class='ocrx_word' id='word_1_557' title='bbox 2372 4456 2455 4521; x_wconf 67' lang='grc'>12,</span> <span class='ocrx_word' id='word_1_558' title='bbox 2505 4459 2725 4511; x_wconf 91' lang='lat' dir='ltr'><strong>c0ustit.</strong></span> <span class='ocrx_word' id='word_1_559' title='bbox 2774 4459 2826 4523; x_wconf 84' lang='lat'><strong>6,</strong></span> <span class='ocrx_word' id='word_1_560' title='bbox 2882 4458 2995 4523; x_wconf 87' lang='grc'>(90)</span> <span class='ocrx_word' id='word_1_561' title='bbox 3050 4457 3201 4524; x_wconf 89' lang='lat' dir='ltr'><strong>cujus</strong></span> <span class='ocrx_word' id='word_1_562' title='bbox 3241 4457 3475 4521; x_wconf 81' lang='lat' dir='ltr'><strong>initium,</strong></span> 
     </span>
    </p>
   </div>
   <div class='ocr_carea' id='block_1_86' title="bbox 208 4528 1804 4618">
    <p class='ocr_par' dir='ltr' id='par_1_86' title="bbox 208 4530 1793 4614">
     <span class='ocr_line' id='line_1_86' title="bbox 208 4530 1793 4614; baseline 0.014 -36"><span class='ocrx_word' id='word_1_563' title='bbox 208 4530 326 4590; x_wconf 74' lang='grc' dir='ltr'>Τὰς</span> <span class='ocrx_word' id='word_1_564' title='bbox 380 4530 442 4581; x_wconf 81' lang='grc' dir='ltr'><strong>ιε’</strong></span> <span class='ocrx_word' id='word_1_565' title='bbox 470 4530 570 4599; x_wconf 80' lang='grc' dir='ltr'>τῆς</span> <span class='ocrx_word' id='word_1_566' title='bbox 608 4532 922 4599; x_wconf 78' lang='grc' dir='ltr'>Πασχαλέας</span> <span class='ocrx_word' id='word_1_567' title='bbox 959 4536 1196 4605; x_wconf 79' lang='grc' dir='ltr'>ἡμέρας,</span> <span class='ocrx_word' id='word_1_568' title='bbox 1256 4540 1349 4591; x_wconf 79' lang='grc' dir='ltr'>καὶ</span> <span class='ocrx_word' id='word_1_569' title='bbox 1399 4541 1496 4612; x_wconf 78' lang='grc' dir='ltr'><strong>τὴν</strong></span> <span class='ocrx_word' id='word_1_570' title='bbox 1554 4542 1793 4614; x_wconf 80' lang='grc' dir='ltr'>Χριστοῦ</span> 
     </span>
    </p>
   </div>
   <div class='ocr_carea' id='block_1_87' title="bbox 1902 4528 3487 4618">
    <p class='ocr_par' dir='ltr' id='par_1_87' title="bbox 1907 4550 3487 4618">
     <span class='ocr_line' id='line_1_87' title="bbox 1907 4550 3487 4618; baseline 0.001 -16"><span class='ocrx_word' id='word_1_571' title='bbox 1907 4553 2116 4603; x_wconf 73' lang='lat' dir='ltr'><strong>Omnes.</strong></span> <span class='ocrx_word' id='word_1_572' title='bbox 2164 4550 2487 4614; x_wconf 87' lang='lat' dir='ltr'><strong>Quindecim</strong></span> <span class='ocrx_word' id='word_1_573' title='bbox 2518 4550 2706 4603; x_wconf 87' lang='lat' dir='ltr'><strong>diebus</strong></span> <span class='ocrx_word' id='word_1_574' title='bbox 2732 4550 3095 4618; x_wconf 80' lang='lat' dir='ltr'><strong>paschalibus,</strong></span> <span class='ocrx_word' id='word_1_575' title='bbox 3127 4560 3179 4603; x_wconf 91' lang='lat' dir='ltr'><strong>et</strong></span> <span class='ocrx_word' id='word_1_576' title='bbox 3208 4551 3294 4603; x_wconf 81' lang='lat' dir='ltr'><strong>die</strong></span> <span class='ocrx_word' id='word_1_577' title='bbox 3322 4551 3487 4604; x_wconf 78' lang='lat' dir='ltr'><strong>natali</strong></span> 
     </span>
    </p>
   </div>
   <div class='ocr_carea' id='block_1_88' title="bbox 204 4621 1798 4706">
    <p class='ocr_par' dir='ltr' id='par_1_88' title="bbox 204 4621 1798 4706">
     <span class='ocr_line' id='line_1_88' title="bbox 204 4621 1798 4706; baseline 0.012 -33"><span class='ocrx_word' id='word_1_578' title='bbox 204 4621 432 4685; x_wconf 82' lang='grc' dir='ltr'>Γένναν,</span> <span class='ocrx_word' id='word_1_579' title='bbox 472 4623 562 4674; x_wconf 81' lang='grc' dir='ltr'>καὶ</span> <span class='ocrx_word' id='word_1_580' title='bbox 593 4624 659 4675; x_wconf 74' lang='grc' dir='ltr'>τὰ</span> <span class='ocrx_word' id='word_1_581' title='bbox 691 4626 1015 4691; x_wconf 74' lang='grc' dir='ltr'>θεοφάνεια,</span> <span class='ocrx_word' id='word_1_582' title='bbox 1067 4629 1163 4681; x_wconf 77' lang='grc' dir='ltr'>κα).</span> <span class='ocrx_word' id='word_1_583' title='bbox 1205 4630 1445 4701; x_wconf 86' lang='grc' dir='ltr'>ἐκάστης</span> <span class='ocrx_word' id='word_1_584' title='bbox 1499 4636 1798 4706; x_wconf 73' lang='grc' dir='ltr'>ἑϐδομάδος</span> 
     </span>
    </p>
   </div>
   <div class='ocr_carea' id='block_1_89' title="bbox 205 4714 1800 4792">
    <p class='ocr_par' dir='ltr' id='par_1_89' title="bbox 205 4714 1800 4792">
     <span class='ocr_line' id='line_1_89' title="bbox 205 4714 1800 4792; baseline 0.012 -27"><span class='ocrx_word' id='word_1_585' title='bbox 205 4714 521 4787; x_wconf 80' lang='grc' dir='ltr'>Κυριακὴν,</span> <span class='ocrx_word' id='word_1_586' title='bbox 576 4719 673 4769; x_wconf 71' lang='grc' dir='ltr'>καὶ</span> <span class='ocrx_word' id='word_1_587' title='bbox 723 4718 781 4769; x_wconf 91' lang='grc' dir='ltr'><strong>ἐν</strong></span> <span class='ocrx_word' id='word_1_588' title='bbox 814 4721 880 4789; x_wconf 77' lang='grc' dir='ltr'><strong>τῇ</strong></span> <span class='ocrx_word' id='word_1_589' title='bbox 938 4723 1126 4792; x_wconf 81' lang='grc' dir='ltr'>μνήμῃ</span> <span class='ocrx_word' id='word_1_590' title='bbox 1161 4723 1255 4775; x_wconf 84' lang='grc' dir='ltr'>τοῦ</span> <span class='ocrx_word' id='word_1_591' title='bbox 1290 4726 1498 4789; x_wconf 80' lang='grc' dir='ltr'>πάθους</span> <span class='ocrx_word' id='word_1_592' title='bbox 1526 4728 1636 4781; x_wconf 84' lang='grc' dir='ltr'>τῶν</span> <span class='ocrx_word' id='word_1_593' title='bbox 1668 4732 1800 4784; x_wconf 82' lang='grc' dir='ltr'>ἁπο-</span> 
     </span>
    </p>
   </div>
   <div class='ocr_carea' id='block_1_90' title="bbox 1902 4642 3487 4711">
    <p class='ocr_par' dir='ltr' id='par_1_90' title="bbox 1902 4642 3487 4711">
     <span class='ocr_line' id='line_1_90' title="bbox 1902 4642 3487 4711; baseline 0.001 -16"><span class='ocrx_word' id='word_1_594' title='bbox 1902 4642 2133 4705; x_wconf 79' lang='lat' dir='ltr'><strong>Christi,</strong></span> <span class='ocrx_word' id='word_1_595' title='bbox 2168 4653 2219 4696; x_wconf 89' lang='lat' dir='ltr'><strong>et</strong></span> <span class='ocrx_word' id='word_1_596' title='bbox 2252 4642 2657 4711; x_wconf 84' lang='lat' dir='ltr'><strong>Theophaniis,</strong></span> <span class='ocrx_word' id='word_1_597' title='bbox 2710 4652 2762 4695; x_wconf 90' lang='lat' dir='ltr'><strong>et</strong></span> <span class='ocrx_word' id='word_1_598' title='bbox 2810 4643 3102 4705; x_wconf 84' lang='lat' dir='ltr'><strong>cujuslibet</strong></span> <span class='ocrx_word' id='word_1_599' title='bbox 3165 4645 3487 4710; x_wconf 81' lang='lat' dir='ltr'><strong>septimame</strong></span> 
     </span>
    </p>
   </div>
   <div class='ocr_carea' id='block_1_91' title="bbox 1903 4735 3484 4804">
    <p class='ocr_par' dir='ltr' id='par_1_91' title="bbox 1903 4735 3484 4804">
     <span class='ocr_line' id='line_1_91' title="bbox 1903 4735 3484 4804; baseline 0.001 -18"><span class='ocrx_word' id='word_1_600' title='bbox 1903 4735 2207 4797; x_wconf 84' lang='lat' dir='ltr'><strong>Dotninica,</strong></span> <span class='ocrx_word' id='word_1_601' title='bbox 2243 4745 2298 4788; x_wconf 90' lang='lat' dir='ltr'><strong>et</strong></span> <span class='ocrx_word' id='word_1_602' title='bbox 2329 4735 2382 4787; x_wconf 91' lang='lat' dir='ltr'><strong>in</strong></span> <span class='ocrx_word' id='word_1_603' title='bbox 2444 4737 2708 4788; x_wconf 85' lang='lat' dir='ltr'><strong>memoria</strong></span> <span class='ocrx_word' id='word_1_604' title='bbox 2767 4736 3042 4804; x_wconf 80' lang='lat' dir='ltr'><strong>passionis</strong></span> <span class='ocrx_word' id='word_1_605' title='bbox 3090 4736 3484 4803; x_wconf 83' lang='lat' dir='ltr'><strong>apostolorum,</strong></span> 
     </span>
    </p>
   </div>
   <div class='ocr_carea' id='block_1_92' title="bbox 1371 4826 2227 4893">
    <p class='ocr_par' dir='ltr' id='par_1_92' title="bbox 1371 4826 2227 4893">
     <span class='ocr_line' id='line_1_92' title="bbox 1371 4826 2227 4893; baseline 0.009 -8"><span class='ocrx_word' id='word_1_606' title='bbox 1371 4826 1709 4888; x_wconf 84' lang='lat' dir='ltr'><strong>Annibalis</strong></span> <span class='ocrx_word' id='word_1_607' title='bbox 1750 4831 2008 4893; x_wconf 82' lang='lat' dir='ltr'><strong>Fabroti</strong></span> <span class='ocrx_word' id='word_1_608' title='bbox 2042 4841 2227 4893; x_wconf 71' lang='lat' dir='ltr'><strong>notua.</strong></span> 
     </span>
    </p>
   </div>
   <div class='ocr_carea' id='block_1_93' title="bbox 279 4919 3487 5006">
    <p class='ocr_par' dir='ltr' id='par_1_93' title="bbox 279 4919 3487 5006">
     <span class='ocr_line' id='line_1_93' title="bbox 279 4919 3487 5006; baseline 0 -18"><span class='ocrx_word' id='word_1_609' title='bbox 279 4920 392 5006; x_wconf 53' lang='lat'><strong>(3})</strong></span> <span class='ocrx_word' id='word_1_610' title='bbox 454 4919 746 4974; x_wconf 69' lang='grc' dir='ltr'><strong>Παῖτειίτοι</strong></span> <span class='ocrx_word' id='word_1_611' title='bbox 814 4920 948 4975; x_wconf 74' lang='lat' dir='ltr'><strong>Nam</strong></span> <span class='ocrx_word' id='word_1_612' title='bbox 1014 4925 1476 5006; x_wconf 57' lang='lat' dir='ltr'><strong>negmhtereticus</strong></span> <span class='ocrx_word' id='word_1_613' title='bbox 1511 4931 1786 5006; x_wconf 69' lang='lat' dir='ltr'><strong>ejusmodi</strong></span> <span class='ocrx_word' id='word_1_614' title='bbox 1893 4952 2014 4990; x_wconf 91' lang='lat' dir='ltr'><strong>cum</strong></span> <span class='ocrx_word' id='word_1_615' title='bbox 2053 4936 2432 4989; x_wconf 68' lang='lat' dir='ltr'><strong>Italistlntlum</strong></span> <span class='ocrx_word' id='word_1_616' title='bbox 2468 4946 2737 5004; x_wconf 80' lang='lat' dir='ltr'><strong>uteretur,</strong></span> <span class='ocrx_word' id='word_1_617' title='bbox 2775 4938 2982 5006; x_wconf 81' lang='lat' dir='ltr'><strong>placuit</strong></span> <span class='ocrx_word' id='word_1_618' title='bbox 3052 4938 3328 4991; x_wconf 77' lang='lat' dir='ltr'><strong>Africanis</strong></span> <span class='ocrx_word' id='word_1_619' title='bbox 3384 4936 3487 4989; x_wconf 76' lang='lat' dir='ltr'><strong>Pu-</strong></span> 
     </span>
    </p>
   </div>
   <div class='ocr_carea' id='block_1_94' title="bbox 205 4994 1785 5072">
    <p class='ocr_par' dir='ltr' id='par_1_94' title="bbox 205 4994 1785 5072">
     <span class='ocr_line' id='line_1_94' title="bbox 205 4994 1785 5072; baseline 0.011 -30"><span class='ocrx_word' id='word_1_620' title='bbox 205 4994 472 5072; x_wconf 64' lang='lat' dir='ltr'><strong>prretliutn</strong></span> <span class='ocrx_word' id='word_1_621' title='bbox 504 5005 827 5072; x_wconf 77' lang='lat' dir='ltr'><strong>comparare</strong></span> <span class='ocrx_word' id='word_1_622' title='bbox 861 5002 1063 5061; x_wconf 87' lang='lat' dir='ltr'><strong>potest.</strong></span> <span class='ocrx_word' id='word_1_623' title='bbox 1093 4994 1383 5066; x_wconf 85' lang='lat' dir='ltr'><strong>Theophil.</strong></span> <span class='ocrx_word' id='word_1_624' title='bbox 1412 5002 1477 5053; x_wconf 86' lang='lat' dir='ltr'><strong>ad</strong></span> <span class='ocrx_word' id='word_1_625' title='bbox 1510 4994 1613 5072; x_wconf 63' lang='grc' dir='ltr'>δέ.</span> <span class='ocrx_word' id='word_1_626' title='bbox 1652 5003 1785 5059; x_wconf 80' lang='lat' dir='ltr'><strong>Inst.</strong></span> 
     </span>
    </p>
   </div>
   <div class='ocr_carea' id='block_1_95' title="bbox 206 5061 703 5125">
    <p class='ocr_par' dir='ltr' id='par_1_95' title="bbox 206 5061 703 5125">
     <span class='ocr_line' id='line_1_95' title="bbox 206 5061 703 5125; baseline -0.01 -8"><span class='ocrx_word' id='word_1_627' title='bbox 206 5061 270 5116; x_wconf 79' lang='lat' dir='ltr'><strong>de</strong></span> <span class='ocrx_word' id='word_1_628' title='bbox 304 5061 484 5116; x_wconf 82' lang='lat' dir='ltr'><strong>iutttil.</strong></span> <span class='ocrx_word' id='word_1_629' title='bbox 518 5064 703 5125; x_wconf 76' lang='lat' dir='ltr'><strong>stipul.</strong></span> 
     </span>
    </p>
   </div>
   <div class='ocr_carea' id='block_1_96' title="bbox 1898 5006 3481 5076">
    <p class='ocr_par' dir='ltr' id='par_1_96' title="bbox 1898 5006 3481 5076">
     <span class='ocr_line' id='line_1_96' title="bbox 1898 5006 3481 5076; baseline 0.006 -20"><span class='ocrx_word' id='word_1_630' title='bbox 1898 5006 2075 5059; x_wconf 89' lang='lat' dir='ltr'><strong>tribus</strong></span> <span class='ocrx_word' id='word_1_631' title='bbox 2146 5007 2437 5076; x_wconf 75' lang='lat' dir='ltr'><strong>Augustini</strong></span> <span class='ocrx_word' id='word_1_632' title='bbox 2484 5010 2788 5074; x_wconf 71' lang='lat' dir='ltr'><strong>suggestio,</strong></span> <span class='ocrx_word' id='word_1_633' title='bbox 2861 5025 2965 5073; x_wconf 86' lang='lat' dir='ltr'><strong>qua</strong></span> <span class='ocrx_word' id='word_1_634' title='bbox 3034 5010 3369 5063; x_wconf 59' lang='lat' dir='ltr'><strong>sitallehaltlr</strong></span> <span class='ocrx_word' id='word_1_635' title='bbox 3423 5019 3481 5062; x_wconf 89' lang='grc' dir='ltr'><strong>ιιι</strong></span> 
     </span>
    </p>
   </div>
   <div class='ocr_carea' id='block_1_97' title="bbox 1895 5076 3480 5144">
    <p class='ocr_par' dir='ltr' id='par_1_97' title="bbox 1895 5076 3480 5144">
     <span class='ocr_line' id='line_1_97' title="bbox 1895 5076 3480 5144; baseline 0.004 -17"><span class='ocrx_word' id='word_1_636' title='bbox 1895 5076 2036 5127; x_wconf 72' lang='lat' dir='ltr'><strong>itletn</strong></span> <span class='ocrx_word' id='word_1_637' title='bbox 2069 5077 2215 5140; x_wconf 71' lang='lat' dir='ltr'><strong>jusa</strong></span> <span class='ocrx_word' id='word_1_638' title='bbox 2267 5078 2513 5144; x_wconf 75' lang='lat' dir='ltr'><strong>principe</strong></span> <span class='ocrx_word' id='word_1_639' title='bbox 2570 5081 2973 5143; x_wconf 71' lang='lat' dir='ltr'><strong>postularetur,</strong></span> <span class='ocrx_word' id='word_1_640' title='bbox 3022 5089 3079 5131; x_wconf 87' lang='grc' dir='ltr'><strong>ιιι</strong></span> <span class='ocrx_word' id='word_1_641' title='bbox 3138 5088 3355 5132; x_wconf 79' lang='lat' dir='ltr'><strong>constat</strong></span> <span class='ocrx_word' id='word_1_642' title='bbox 3413 5096 3480 5133; x_wconf 75' lang='lat' dir='ltr'><strong>ex</strong></span> 
     </span>
    </p>
   </div>
   <div class='ocr_carea' id='block_1_98' title="bbox 282 5130 2835 5203">
    <p class='ocr_par' dir='ltr' id='par_1_98' title="bbox 282 5130 2835 5203">
     <span class='ocr_line' id='line_1_98' title="bbox 282 5130 2835 5203; baseline 0.005 -17"><span class='ocrx_word' id='word_1_643' title='bbox 282 5130 739 5203; x_wconf 68' lang='lat' dir='ltr'><strong>(851Cnrthaginc</strong></span> <span class='ocrx_word' id='word_1_644' title='bbox 774 5134 911 5189; x_wconf 84' lang='lat' dir='ltr'><strong>loca.</strong></span> <span class='ocrx_word' id='word_1_645' title='bbox 960 5135 1300 5195; x_wconf 88' lang='lat' dir='ltr'><strong>Constitutio</strong></span> <span class='ocrx_word' id='word_1_646' title='bbox 1362 5141 1530 5195; x_wconf 83' lang='lat' dir='ltr'><strong>missa</strong></span> <span class='ocrx_word' id='word_1_647' title='bbox 1585 5154 1669 5195; x_wconf 88' lang='lat' dir='ltr'><strong>est</strong></span> <span class='ocrx_word' id='word_1_648' title='bbox 1721 5145 1787 5198; x_wconf 80' lang='lat' dir='ltr'><strong>at!</strong></span> <span class='ocrx_word' id='word_1_649' title='bbox 1895 5130 2102 5200; x_wconf 55' lang='lat' dir='ltr'><strong>cannn&#39;.</strong></span> <span class='ocrx_word' id='word_1_650' title='bbox 2132 5130 2385 5200; x_wconf 67' lang='grc' dir='ltr'><strong>6λοῖὃῖ</strong></span> <span class='ocrx_word' id='word_1_651' title='bbox 2426 5130 2835 5201; x_wconf 47' lang='grc' dir='ltr'><strong>εξορισῖςίλῐιλίς.</strong></span> 
     </span>
    </p>
   </div>
   <div class='ocr_carea' id='block_1_99' title="bbox 209 5204 998 5276">
    <p class='ocr_par' dir='ltr' id='par_1_99' title="bbox 209 5204 998 5276">
     <span class='ocr_line' id='line_1_99' title="bbox 209 5204 998 5276; baseline 0.008 -19"><span class='ocrx_word' id='word_1_652' title='bbox 209 5205 466 5276; x_wconf 75' lang='lat' dir='ltr'><strong>pupulum</strong></span> <span class='ocrx_word' id='word_1_653' title='bbox 491 5204 998 5276; x_wconf 65' lang='lat' dir='ltr'><strong>Carthaginiensem.</strong></span> 
     </span>
    </p>
   </div>
   <div class='ocr_carea' id='block_1_100' title="bbox 280 5272 1781 5343">
    <p class='ocr_par' dir='ltr' id='par_1_100' title="bbox 280 5272 1781 5343">
     <span class='ocr_line' id='line_1_100' title="bbox 280 5272 1781 5343; baseline 0.007 -16"><span class='ocrx_word' id='word_1_654' title='bbox 280 5276 393 5343; x_wconf 87' lang='grc'>(86)</span> <span class='ocrx_word' id='word_1_655' title='bbox 427 5272 777 5327; x_wconf 75' lang='lat' dir='ltr'><strong>Iamdudum.</strong></span> <span class='ocrx_word' id='word_1_656' title='bbox 824 5276 937 5330; x_wconf 86' lang='lat' dir='ltr'><strong>Una</strong></span> <span class='ocrx_word' id='word_1_657' title='bbox 975 5290 1148 5336; x_wconf 81' lang='lat' dir='ltr'><strong>estex</strong></span> <span class='ocrx_word' id='word_1_658' title='bbox 1202 5282 1378 5337; x_wconf 82' lang='lat' dir='ltr'><strong>tribus</strong></span> <span class='ocrx_word' id='word_1_659' title='bbox 1431 5281 1781 5339; x_wconf 79' lang='lat' dir='ltr'><strong>Constantini</strong></span> 
     </span>
    </p>
   </div>
   <div class='ocr_carea' id='block_1_101' title="bbox 209 5344 1509 5413">
    <p class='ocr_par' dir='ltr' id='par_1_101' title="bbox 209 5344 1509 5413">
     <span class='ocr_line' id='line_1_101' title="bbox 209 5344 1509 5413; baseline 0.005 -15"><span class='ocrx_word' id='word_1_660' title='bbox 209 5345 727 5400; x_wconf 76' lang='lat' dir='ltr'><strong>constitutionibus.</strong></span> <span class='ocrx_word' id='word_1_661' title='bbox 763 5344 1052 5407; x_wconf 79' lang='lat' dir='ltr'><strong>Nicenltor.</strong></span> <span class='ocrx_word' id='word_1_662' title='bbox 1095 5354 1187 5406; x_wconf 87' lang='lat' dir='ltr'><strong>lib.</strong></span> <span class='ocrx_word' id='word_1_663' title='bbox 1219 5368 1311 5413; x_wconf 84' lang='lat' dir='ltr'><strong>vn,</strong></span> <span class='ocrx_word' id='word_1_664' title='bbox 1336 5366 1386 5405; x_wconf 93' lang='lat' dir='ltr'><strong>c.</strong></span> <span class='ocrx_word' id='word_1_665' title='bbox 1425 5352 1509 5405; x_wconf 74' lang='grc'>16.</span> 
     </span>
    </p>
   </div>
   <div class='ocr_carea' id='block_1_102' title="bbox 282 5415 1781 5493">
    <p class='ocr_par' dir='ltr' id='par_1_102' title="bbox 282 5415 1781 5493">
     <span class='ocr_line' id='line_1_102' title="bbox 282 5415 1781 5493; baseline 0.005 -24"><span class='ocrx_word' id='word_1_666' title='bbox 282 5416 394 5486; x_wconf 78' lang='grc'>(87)</span> <span class='ocrx_word' id='word_1_667' title='bbox 432 5415 505 5467; x_wconf 82' lang='lat' dir='ltr'><strong>Ac</strong></span> <span class='ocrx_word' id='word_1_668' title='bbox 534 5417 829 5493; x_wconf 34' lang='lat' dir='ltr'><strong>episcopis.“</strong></span> <span class='ocrx_word' id='word_1_669' title='bbox 884 5419 1022 5493; x_wconf 69' lang='grc' dir='ltr'>Ὑπὸ</span> <span class='ocrx_word' id='word_1_670' title='bbox 1088 5425 1324 5493; x_wconf 88' lang='grc' dir='ltr'>μάρτυσι</span> <span class='ocrx_word' id='word_1_671' title='bbox 1358 5425 1470 5493; x_wconf 85' lang='grc' dir='ltr'>τοῖς</span> <span class='ocrx_word' id='word_1_672' title='bbox 1529 5423 1781 5491; x_wconf 79' lang='grc' dir='ltr'>ἱερεῦσι,,</span> 
     </span>
    </p>
   </div>
   <div class='ocr_carea' id='block_1_103' title="bbox 210 5486 1775 5551">
    <p class='ocr_par' dir='ltr' id='par_1_103' title="bbox 210 5486 1775 5551">
     <span class='ocr_line' id='line_1_103' title="bbox 210 5486 1775 5551; baseline 0.006 -14"><span class='ocrx_word' id='word_1_673' title='bbox 210 5486 575 5544; x_wconf 73' lang='grc' dir='ltr'>διιῑοιιιρῐιιιει,</span> <span class='ocrx_word' id='word_1_674' title='bbox 616 5505 653 5548; x_wconf 89' lang='lat' dir='ltr'><strong>t,</strong></span> <span class='ocrx_word' id='word_1_675' title='bbox 696 5490 855 5542; x_wconf 70' lang='lat'><strong>0.19.</strong></span> <span class='ocrx_word' id='word_1_676' title='bbox 918 5486 1098 5547; x_wconf 61' lang='grc' dir='ltr'>Αιίάί(</span> <span class='ocrx_word' id='word_1_677' title='bbox 1127 5486 1522 5547; x_wconf 76' lang='lat' dir='ltr'><strong>constantinus</strong></span> <span class='ocrx_word' id='word_1_678' title='bbox 1557 5486 1608 5547; x_wconf 78' lang='lat' dir='ltr'><strong>in</strong></span> <span class='ocrx_word' id='word_1_679' title='bbox 1674 5496 1709 5551; x_wconf 88' lang='lat' dir='ltr'><strong>l.</strong></span> <span class='ocrx_word' id='word_1_680' title='bbox 1765 5486 1775 5549; x_wconf 78' lang='grc' dir='ltr'><strong>ι</strong></span> 
     </span>
    </p>
   </div>
   <div class='ocr_carea' id='block_1_104' title="bbox 208 5556 1784 5630">
    <p class='ocr_par' dir='ltr' id='par_1_104' title="bbox 208 5556 1784 5630">
     <span class='ocr_line' id='line_1_104' title="bbox 208 5556 1784 5630; baseline 0.005 -23"><span class='ocrx_word' id='word_1_681' title='bbox 208 5559 337 5612; x_wconf 77' lang='grc' dir='ltr'>εοτΙ.</span> <span class='ocrx_word' id='word_1_682' title='bbox 382 5556 456 5630; x_wconf 76' lang='lat' dir='ltr'><strong>De</strong></span> <span class='ocrx_word' id='word_1_683' title='bbox 486 5557 565 5609; x_wconf 74' lang='lat' dir='ltr'><strong>his</strong></span> <span class='ocrx_word' id='word_1_684' title='bbox 598 5561 688 5629; x_wconf 88' lang='lat' dir='ltr'><strong>qui</strong></span> <span class='ocrx_word' id='word_1_685' title='bbox 736 5560 791 5612; x_wconf 85' lang='lat' dir='ltr'><strong>in</strong></span> <span class='ocrx_word' id='word_1_686' title='bbox 842 5558 989 5616; x_wconf 74' lang='lat' dir='ltr'><strong>Eccl.</strong></span> <span class='ocrx_word' id='word_1_687' title='bbox 1046 5564 1331 5617; x_wconf 83' lang='lat' dir='ltr'><strong>manumit.</strong></span> <span class='ocrx_word' id='word_1_688' title='bbox 1388 5571 1441 5614; x_wconf 90' lang='lat' dir='ltr'><strong>et</strong></span> <span class='ocrx_word' id='word_1_689' title='bbox 1497 5578 1637 5630; x_wconf 84' lang='lat' dir='ltr'><strong>seq.:</strong></span> <span class='ocrx_word' id='word_1_690' title='bbox 1702 5566 1784 5621; x_wconf 81' lang='lat' dir='ltr'><strong>Ab</strong></span> 
     </span>
    </p>
   </div>
   <div class='ocr_carea' id='block_1_105' title="bbox 209 5626 1782 5700">
    <p class='ocr_par' dir='ltr' id='par_1_105' title="bbox 209 5626 1782 5700">
     <span class='ocr_line' id='line_1_105' title="bbox 209 5626 1782 5700; baseline 0.008 -21"><span class='ocrx_word' id='word_1_691' title='bbox 209 5626 487 5700; x_wconf 72' lang='lat' dir='ltr'><strong>episcOpis</strong></span> <span class='ocrx_word' id='word_1_692' title='bbox 523 5626 741 5697; x_wconf 82' lang='lat' dir='ltr'><strong>quoque</strong></span> <span class='ocrx_word' id='word_1_693' title='bbox 782 5639 835 5684; x_wconf 89' lang='lat' dir='ltr'><strong>et</strong></span> <span class='ocrx_word' id='word_1_694' title='bbox 886 5632 1104 5689; x_wconf 83' lang='lat' dir='ltr'><strong>clericis</strong></span> <span class='ocrx_word' id='word_1_695' title='bbox 1158 5632 1531 5687; x_wconf 85' lang='lat' dir='ltr'><strong>manumissos</strong></span> <span class='ocrx_word' id='word_1_696' title='bbox 1579 5626 1782 5700; x_wconf 80' lang='lat' dir='ltr'><strong>justam</strong></span> 
     </span>
    </p>
   </div>
   <div class='ocr_carea' id='block_1_106' title="bbox 208 5697 1783 5767">
    <p class='ocr_par' dir='ltr' id='par_1_106' title="bbox 208 5697 1783 5767">
     <span class='ocr_line' id='line_1_106' title="bbox 208 5697 1783 5767; baseline 0.006 -15"><span class='ocrx_word' id='word_1_697' title='bbox 208 5697 518 5752; x_wconf 83' lang='lat' dir='ltr'><strong>libertatem</strong></span> <span class='ocrx_word' id='word_1_698' title='bbox 552 5701 849 5767; x_wconf 82' lang='lat' dir='ltr'><strong>consequi;</strong></span> <span class='ocrx_word' id='word_1_699' title='bbox 894 5718 1127 5767; x_wconf 86' lang='lat' dir='ltr'><strong>quorum</strong></span> <span class='ocrx_word' id='word_1_700' title='bbox 1196 5704 1384 5757; x_wconf 79' lang='lat' dir='ltr'><strong>favore</strong></span> <span class='ocrx_word' id='word_1_701' title='bbox 1434 5697 1783 5762; x_wconf 77' lang='lat' dir='ltr'><strong>JuStinianus</strong></span> 
     </span>
    </p>
   </div>
   <div class='ocr_carea' id='block_1_107' title="bbox 210 5770 1779 5840">
    <p class='ocr_par' dir='ltr' id='par_1_107' title="bbox 210 5770 1779 5840">
     <span class='ocr_line' id='line_1_107' title="bbox 210 5770 1779 5840; baseline 0.008 -22"><span class='ocrx_word' id='word_1_702' title='bbox 210 5784 431 5835; x_wconf 75' lang='lat' dir='ltr'><strong>quoque</strong></span> <span class='ocrx_word' id='word_1_703' title='bbox 471 5770 727 5840; x_wconf 87' lang='lat' dir='ltr'><strong>pleraque</strong></span> <span class='ocrx_word' id='word_1_704' title='bbox 761 5773 1054 5838; x_wconf 68' lang='lat' dir='ltr'><strong>singularia</strong></span> <span class='ocrx_word' id='word_1_705' title='bbox 1085 5776 1463 5839; x_wconf 84' lang='lat' dir='ltr'><strong>constituerat,</strong></span> <span class='ocrx_word' id='word_1_706' title='bbox 1498 5786 1556 5827; x_wconf 87' lang='lat' dir='ltr'><strong>ut</strong></span> <span class='ocrx_word' id='word_1_707' title='bbox 1586 5777 1779 5830; x_wconf 89' lang='lat' dir='ltr'><strong>scribit</strong></span> 
     </span>
    </p>
   </div>
   <div class='ocr_carea' id='block_1_108' title="bbox 211 5840 1773 5915">
    <p class='ocr_par' dir='ltr' id='par_1_108' title="bbox 211 5840 1773 5915">
     <span class='ocr_line' id='line_1_108' title="bbox 211 5840 1773 5915; baseline 0.008 -24"><span class='ocrx_word' id='word_1_708' title='bbox 211 5840 499 5895; x_wconf 76' lang='lat' dir='ltr'><strong>Baisatnon</strong></span> <span class='ocrx_word' id='word_1_709' title='bbox 536 5840 603 5895; x_wconf 85' lang='lat' dir='ltr'><strong>ad</strong></span> <span class='ocrx_word' id='word_1_710' title='bbox 635 5856 757 5897; x_wconf 88' lang='lat' dir='ltr'><strong>can.</strong></span> <span class='ocrx_word' id='word_1_711' title='bbox 791 5842 879 5906; x_wconf 85' lang='lat'><strong>85,</strong></span> <span class='ocrx_word' id='word_1_712' title='bbox 948 5846 1139 5909; x_wconf 79' lang='lat' dir='ltr'><strong>synodi</strong></span> <span class='ocrx_word' id='word_1_713' title='bbox 1185 5845 1442 5913; x_wconf 79' lang='lat' dir='ltr'><strong>Catthag.</strong></span> <span class='ocrx_word' id='word_1_714' title='bbox 1485 5862 1590 5913; x_wconf 79' lang='lat' dir='ltr'><strong>quo</strong></span> <span class='ocrx_word' id='word_1_715' title='bbox 1652 5847 1773 5915; x_wconf 84' lang='lat' dir='ltr'><strong>jure</strong></span> 
     </span>
    </p>
   </div>
   <div class='ocr_carea' id='block_1_109' title="bbox 1965 5216 3257 5285">
    <p class='ocr_par' dir='ltr' id='par_1_109' title="bbox 1965 5216 3257 5285">
     <span class='ocr_line' id='line_1_109' title="bbox 1965 5216 3257 5285; baseline 0.007 -19"><span class='ocrx_word' id='word_1_716' title='bbox 1965 5216 2184 5281; x_wconf 73' lang='lat' dir='ltr'><strong>(88)!)ie</strong></span> <span class='ocrx_word' id='word_1_717' title='bbox 2217 5218 2511 5270; x_wconf 83' lang='lat' dir='ltr'><strong>Dominico.</strong></span> <span class='ocrx_word' id='word_1_718' title='bbox 2541 5220 2674 5272; x_wconf 77' lang='lat' dir='ltr'><strong>Vitle</strong></span> <span class='ocrx_word' id='word_1_719' title='bbox 2706 5236 2827 5285; x_wconf 88' lang='lat' dir='ltr'><strong>sup.</strong></span> <span class='ocrx_word' id='word_1_720' title='bbox 2857 5220 3037 5271; x_wconf 83' lang='lat' dir='ltr'><strong>Parat.</strong></span> <span class='ocrx_word' id='word_1_721' title='bbox 3087 5223 3169 5274; x_wconf 89' lang='lat' dir='ltr'><strong>tit.</strong></span> <span class='ocrx_word' id='word_1_722' title='bbox 3209 5222 3257 5276; x_wconf 86' lang='grc'>1.</span> 
     </span>
    </p>
   </div>
   <div class='ocr_carea' id='block_1_110' title="bbox 1965 5287 3197 5355">
    <p class='ocr_par' dir='ltr' id='par_1_110' title="bbox 1965 5287 3197 5355">
     <span class='ocr_line' id='line_1_110' title="bbox 1965 5287 3197 5355; baseline 0.004 -16"><span class='ocrx_word' id='word_1_723' title='bbox 1965 5288 2075 5349; x_wconf 88' lang='grc'>(89)</span> <span class='ocrx_word' id='word_1_724' title='bbox 2106 5289 2493 5355; x_wconf 81' lang='lat' dir='ltr'><strong>Quadraginta.</strong></span> <span class='ocrx_word' id='word_1_725' title='bbox 2530 5287 2664 5341; x_wconf 85' lang='lat' dir='ltr'><strong>Vttlc</strong></span> <span class='ocrx_word' id='word_1_726' title='bbox 2696 5304 2815 5354; x_wconf 87' lang='lat' dir='ltr'><strong>sup.</strong></span> <span class='ocrx_word' id='word_1_727' title='bbox 2855 5292 2977 5341; x_wconf 78' lang='lat' dir='ltr'><strong>coJ.</strong></span> <span class='ocrx_word' id='word_1_728' title='bbox 3017 5292 3197 5344; x_wconf 81' lang='lat' dir='ltr'><strong>l’arat.</strong></span> 
     </span>
    </p>
   </div>
   <div class='ocr_carea' id='block_1_111' title="bbox 1962 5358 3471 5430">
    <p class='ocr_par' dir='ltr' id='par_1_111' title="bbox 1962 5358 3471 5430">
     <span class='ocr_line' id='line_1_111' title="bbox 1962 5358 3471 5430; baseline 0.006 -20"><span class='ocrx_word' id='word_1_729' title='bbox 1962 5358 2073 5430; x_wconf 77' lang='lat'><strong>(90)</strong></span> <span class='ocrx_word' id='word_1_730' title='bbox 2137 5358 2256 5411; x_wconf 87' lang='lat' dir='ltr'><strong>Lib.</strong></span> <span class='ocrx_word' id='word_1_731' title='bbox 2304 5375 2409 5430; x_wconf 13' lang='lat' dir='ltr'><strong>rm,</strong></span> <span class='ocrx_word' id='word_1_732' title='bbox 2472 5361 2551 5430; x_wconf 87' lang='lat' dir='ltr'><strong>tit.</strong></span> <span class='ocrx_word' id='word_1_733' title='bbox 2596 5360 2677 5430; x_wconf 72' lang='grc'>12,</span> <span class='ocrx_word' id='word_1_734' title='bbox 2734 5358 2927 5412; x_wconf 81' lang='lat' dir='ltr'><strong>Const.</strong></span> <span class='ocrx_word' id='word_1_735' title='bbox 2984 5361 3052 5416; x_wconf 80' lang='grc' dir='ltr'><strong>ϐ.</strong></span> <span class='ocrx_word' id='word_1_736' title='bbox 3101 5362 3471 5430; x_wconf 73' lang='grc' dir='ltr'>ΤΙιιιορΙιαηὶἰσ.</span> 
     </span>
    </p>
   </div>
   <div class='ocr_carea' id='block_1_112' title="bbox 1889 5425 3472 5499">
    <p class='ocr_par' dir='ltr' id='par_1_112' title="bbox 1889 5425 3472 5499">
     <span class='ocr_line' id='line_1_112' title="bbox 1889 5425 3472 5499; baseline 0.003 -20"><span class='ocrx_word' id='word_1_737' title='bbox 1889 5425 1945 5479; x_wconf 86' lang='lat' dir='ltr'><strong>In</strong></span> <span class='ocrx_word' id='word_1_738' title='bbox 1990 5429 2025 5499; x_wconf 88' lang='lat' dir='ltr'><strong>l.</strong></span> <span class='ocrx_word' id='word_1_739' title='bbox 2059 5425 2140 5492; x_wconf 68' lang='grc'><strong>’7,</strong></span> <span class='ocrx_word' id='word_1_740' title='bbox 2172 5446 2220 5482; x_wconf 82' lang='lat' dir='ltr'><strong>c.</strong></span> <span class='ocrx_word' id='word_1_741' title='bbox 2278 5429 2341 5483; x_wconf 87' lang='lat' dir='ltr'><strong>de</strong></span> <span class='ocrx_word' id='word_1_742' title='bbox 2375 5427 2475 5495; x_wconf 78' lang='lat' dir='ltr'><strong>fer.</strong></span> <span class='ocrx_word' id='word_1_743' title='bbox 2515 5429 2719 5489; x_wconf 65' lang='grc' dir='ltr'>Βινοιιιῑξί</span> <span class='ocrx_word' id='word_1_744' title='bbox 2752 5430 2948 5494; x_wconf 69' lang='lat' dir='ltr'><strong>codex,</strong></span> <span class='ocrx_word' id='word_1_745' title='bbox 3020 5425 3472 5499; x_wconf 79' lang='lat' dir='ltr'><strong>Epipttaniaruut,</strong></span> 
     </span>
    </p>
   </div>
   <div class='ocr_carea' id='block_1_113' title="bbox 1894 5498 3482 5569">
    <p class='ocr_par' dir='ltr' id='par_1_113' title="bbox 1894 5498 3482 5569">
     <span class='ocr_line' id='line_1_113' title="bbox 1894 5498 3482 5569; baseline 0.003 -19"><span class='ocrx_word' id='word_1_746' title='bbox 1894 5498 2123 5562; x_wconf 85' lang='lat' dir='ltr'><strong>quidam</strong></span> <span class='ocrx_word' id='word_1_747' title='bbox 2163 5499 2629 5569; x_wconf 82' lang='lat' dir='ltr'><strong>Epiphaniorum.</strong></span> <span class='ocrx_word' id='word_1_748' title='bbox 2661 5510 2794 5569; x_wconf 80' lang='lat' dir='ltr'><strong>ulc.</strong></span> <span class='ocrx_word' id='word_1_749' title='bbox 2842 5498 3099 5566; x_wconf 61' lang='lat' dir='ltr'><strong>Menapii,</strong></span> <span class='ocrx_word' id='word_1_750' title='bbox 3160 5504 3247 5555; x_wconf 86' lang='lat' dir='ltr'><strong>alii</strong></span> <span class='ocrx_word' id='word_1_751' title='bbox 3297 5503 3482 5557; x_wconf 82' lang='lat' dir='ltr'><strong>Theo-</strong></span> 
     </span>
    </p>
   </div>
   <div class='ocr_carea' id='block_1_114' title="bbox 1900 5568 3478 5636">
    <p class='ocr_par' dir='ltr' id='par_1_114' title="bbox 1900 5568 3478 5636">
     <span class='ocr_line' id='line_1_114' title="bbox 1900 5568 3478 5636; baseline 0.004 -15"><span class='ocrx_word' id='word_1_752' title='bbox 1900 5568 2279 5633; x_wconf 18' lang='lat' dir='ltr'><strong>phaniorum.’</strong></span> <span class='ocrx_word' id='word_1_753' title='bbox 2318 5570 2461 5624; x_wconf 76' lang='lat' dir='ltr'><strong>thls.</strong></span> <span class='ocrx_word' id='word_1_754' title='bbox 2533 5570 2599 5621; x_wconf 84' lang='grc' dir='ltr'><strong>τὰ</strong></span> <span class='ocrx_word' id='word_1_755' title='bbox 2652 5568 2956 5636; x_wconf 78' lang='grc' dir='ltr'>Θεοφάνεια</span> <span class='ocrx_word' id='word_1_756' title='bbox 2992 5574 3314 5624; x_wconf 76' lang='lat' dir='ltr'><strong>neutraliter</strong></span> <span class='ocrx_word' id='word_1_757' title='bbox 3353 5615 3365 5635; x_wconf 95' lang='lat'><strong>,</strong></span> <span class='ocrx_word' id='word_1_758' title='bbox 3420 5585 3478 5628; x_wconf 80' lang='lat' dir='ltr'><strong>ut</strong></span> 
     </span>
    </p>
   </div>
   <div class='ocr_carea' id='block_1_115' title="bbox 1894 5638 3474 5705">
    <p class='ocr_par' dir='ltr' id='par_1_115' title="bbox 1894 5638 3474 5705">
     <span class='ocr_line' id='line_1_115' title="bbox 1894 5638 3474 5705; baseline 0.004 -14"><span class='ocrx_word' id='word_1_759' title='bbox 1894 5638 2382 5705; x_wconf 86' lang='lat' dir='ltr'><strong>Theophaniorutn</strong></span> <span class='ocrx_word' id='word_1_760' title='bbox 2422 5640 2614 5705; x_wconf 74' lang='lat' dir='ltr'><strong>legisse</strong></span> <span class='ocrx_word' id='word_1_761' title='bbox 2651 5641 2923 5693; x_wconf 75' lang='lat' dir='ltr'><strong>videatur.</strong></span> <span class='ocrx_word' id='word_1_762' title='bbox 2958 5640 3069 5694; x_wconf 87' lang='lat' dir='ltr'><strong>Hoc</strong></span> <span class='ocrx_word' id='word_1_763' title='bbox 3100 5641 3299 5695; x_wconf 80' lang='lat' dir='ltr'><strong>festum</strong></span> <span class='ocrx_word' id='word_1_764' title='bbox 3366 5644 3474 5698; x_wconf 82' lang='lat' dir='ltr'><strong>La-</strong></span> 
     </span>
    </p>
   </div>
   <div class='ocr_carea' id='block_1_116' title="bbox 1896 5707 3470 5778">
    <p class='ocr_par' dir='ltr' id='par_1_116' title="bbox 1896 5707 3470 5778">
     <span class='ocr_line' id='line_1_116' title="bbox 1896 5707 3470 5778; baseline 0.006 -18"><span class='ocrx_word' id='word_1_765' title='bbox 1896 5709 1990 5761; x_wconf 92' lang='lat' dir='ltr'><strong>tini</strong></span> <span class='ocrx_word' id='word_1_766' title='bbox 2046 5710 2212 5764; x_wconf 88' lang='lat' dir='ltr'><strong>etiam</strong></span> <span class='ocrx_word' id='word_1_767' title='bbox 2268 5720 2483 5765; x_wconf 78' lang='lat' dir='ltr'><strong>veteres</strong></span> <span class='ocrx_word' id='word_1_768' title='bbox 2515 5707 2878 5778; x_wconf 83' lang='lat' dir='ltr'><strong>Epiphaniam</strong></span> <span class='ocrx_word' id='word_1_769' title='bbox 2942 5711 3229 5775; x_wconf 74' lang='lat' dir='ltr'><strong>vocabant,</strong></span> <span class='ocrx_word' id='word_1_770' title='bbox 3290 5714 3470 5768; x_wconf 80' lang='lat' dir='ltr'><strong>Amm.</strong></span> 
     </span>
    </p>
   </div>
   <div class='ocr_carea' id='block_1_117' title="bbox 1893 5778 3211 5852">
    <p class='ocr_par' dir='ltr' id='par_1_117' title="bbox 1893 5778 3211 5852">
     <span class='ocr_line' id='line_1_117' title="bbox 1893 5778 3211 5852; baseline 0.002 -19"><span class='ocrx_word' id='word_1_771' title='bbox 1893 5778 2197 5837; x_wconf 79' lang='lat' dir='ltr'><strong>llarccllin.</strong></span> <span class='ocrx_word' id='word_1_772' title='bbox 2239 5778 2437 5835; x_wconf 64' lang='lat' dir='ltr'><strong>“LV.</strong></span> <span class='ocrx_word' id='word_1_773' title='bbox 2472 5779 2637 5852; x_wconf 77' lang='lat' dir='ltr'><strong>Greg.</strong></span> <span class='ocrx_word' id='word_1_774' title='bbox 2682 5780 2815 5837; x_wconf 84' lang='lat' dir='ltr'><strong>Naz.</strong></span> <span class='ocrx_word' id='word_1_775' title='bbox 2851 5796 2933 5836; x_wconf 92' lang='lat' dir='ltr'><strong>or.</strong></span> <span class='ocrx_word' id='word_1_776' title='bbox 2970 5780 3061 5849; x_wconf 77' lang='lat'><strong>58,</strong></span> <span class='ocrx_word' id='word_1_777' title='bbox 3089 5782 3211 5837; x_wconf 91' lang='lat' dir='ltr'><strong>init.</strong></span> 
     </span>
    </p>
   </div>
  </div>
