4192 6444
692 390 835 456 1115

1899 389 2179 447 TIlEOD.
2222 386 2709 446 BALSAMONIS

3810 373 3952 437 1116

759 502 872 556 Lib.
902 518 941 567 1,
968 502 1050 555 ιίι.
1081 500 1135 564 3,
1170 501 1387 556 constit.
1426 501 1488 552 10
1523 498 1654 571 (81),
1698 499 1852 569 Cujus
1912 498 2151 557 initium,
2199 496 2254 550 Si

2432 497 2552 548 8t6.
2589 494 2657 559 α’,
2696 496 2801 549 τίτ.
2837 493 2904 560 γ’,
2932 492 3072 545 διάτ.
3103 496 3155 555 ι’,
3184 486 3251 563 ἧς
3274 491 3308 559 ἡ
3340 488 3503 558 ἀρχὴ,
3529 485 3586 542 Si
3620 488 3762 556 quis.
3806 486 3955 539 Ἐάν

682 598 819 663 quis,
839 577 938 659 Qui
964 595 1040 647 vel
1062 594 1493 659 impressionem,
1513 591 1590 645 vel
1610 604 1993 657 quamcunque
2012 588 2264 656 injuriam

689 685 1077 738 Ecclesiaeloco
1110 683 1309 737 inferre
1336 693 1560 736 conatus
1592 681 1775 745 fuerit,
1810 681 2027 749 capitali
2055 680 2267 747 suppli-

688 780 772 828 cio
802 777 1046 844 punitur.

754 865 871 921 Lib.
902 882 937 928 l,
978 868 1059 919 tit.
1087 869 1140 928 5.
1168 868 1385 920 constit.
1428 866 1511 928 13,
1554 866 1709 933 cujus
1747 864 1981 927 initium,
2013 863 2074 938 Si
2100 864 2267 917 eccle-

683 959 796 1009 sia.
829 957 929 1022 Qui
964 956 1319 1011 ecclesiarum
1348 956 1633 1025 privilegia
1684 956 1866 1020 violat,
1924 956 2163 1024 quinque
2200 955 2265 1007 li-

684 1049 899 1101 brarum
924 1048 1041 1101 auri
1084 1048 1305 1101 multam
1346 1058 1585 1117 praestat.

754 1218 871 1271 Lib.
912 1235 951 1282 t,
988 1220 1070 1270 tit.
1108 1219 1162 1281 5,
1196 1219 1418 1271 constit.
1456 1218 1550 1282 20,
1582 1219 1735 1287 cnjus
1760 1218 1997 1283 initium,
2044 1215 2265 1285 Siquis.

689 1308 788 1360 l'bi
823 1310 1076 1374 clericus,
1105 1310 1185 1361 vel
1217 1309 1536 1370 monachus,
1570 1310 1653 1361 vel
1680 1310 2013 1373 diaconissa,
2056 1310 2137 1362 vel
2180 1323 2269 1362 so-

683 1400 900 1461 litaria,
964 1401 1112 1455 nullo
1151 1401 1369 1455 condito
1420 1410 1747 1454 testamento
1792 1400 2110 1464 decesserit,
2171 1413 2270 1453 nec

680 1492 799 1557 ejus
832 1493 1203 1547 Imreditatein
1231 1494 1424 1547 adierit
1448 1495 1705 1559 ecclesia,
1734 1495 1817 1547 vel
1846 1492 2260 1558 monasterium,

683 1592 966 1651 propterea
1003 1585 1144 1652 quod
1174 1596 1315 1637 esset
1356 1585 1715 1653 ascriptitius,
1767 1597 1860 1637 aut
1895 1584 2144 1647 libertus,
2178 1592 2271 1637 aut.

682 1676 908 1729 curialis
952 1694 964 1730 :
1010 1678 1051 1729 si
1105 1692 1239 1745 quas
1306 1678 1468 1731 habet
1521 1677 1780 1730 adversus
1836 1692 1958 1731 eum
2025 1677 2269 1730 actiones

683 1767 935 1845 ecclesia,
971 1767 1052 1823 vel
1080 1771 1486 1836 monasterium,
1521 1770 1784 1826 adversus
1828 1769 2070 1823 litereucs
2104 1784 2267 1839 expe-

687 1871 874 1913 riclur.

759 1951 873 2004 Lib.
897 1968 933 2017 ι,
969 1954 1053 2006 tit.
1082 1954 1133 2015 5,
1161 1954 1386 2007 constit.
1419 1952 1510 2016 22,
1548 1953 1705 2021 cujus
1752 1952 1991 2016 initium,
2050 1951 2108 2006 Si
2140 1968 2265 2021 qua.

685 2041 977 2113 Privilegia
1014 2059 1109 2112 per
1144 2046 1398 2114 antiquas
1424 2044 1848 2099 constitutiones
1873 2044 2120 2099 ecclesiis
2147 2060 2273 2097 con-

684 2150 859 2195 cessa,
893 2143 1008 2187 rata
1043 2135 1172 2189 sint.

754 2225 875 2279 Lib.
915 2242 952 2289 I,
990 2228 1072 2281 tit.
1107 2229 1161 2290 3,
1188 2229 1412 2283 constit.
1440 2227 1534 2291 26,
1570 2228 1719 2294 cujus
1758 2228 1993 2287 initimn.
2024 2228 2273 2281 Decerni-

685 2333 824 2369 mus.
870 2316 980 2371 Nec
1013 2319 1287 2385 publicum
1322 2319 1539 2388 aliquod
1574 2318 1881 2382 aedilicium,
1916 2334 2013 2373 nec
2039 2319 2179 2388 quod
2205 2319 2272 2374 ad

682 2408 1137 2461 oblectamentum
1175 2409 1411 2475 civitatis
1442 2409 1777 2463 destinatum
1803 2409 1894 2469 sit,
1928 2422 1958 2461 a
1990 2409 2273 2462 monachis

685 2508 779 2551 aut
808 2500 1025 2554 clericis
1059 2502 1369 2569 surripitor,
1404 2513 1459 2555 ut
1486 2501 1558 2555 sit
1584 2504 1833 2556 ecclesia.

762 2590 879 2646 Lib.
922 2610 959 2650 ι.
994 2594 1081 2647 tit.
1116 2595 1168 2653 5.
1212 2596 1429 2648 canstit.
1470 2596 1561 2659 32,
1596 2596 1750 2662 cujus
1778 2596 2013 2658 initium,
2058 2595 2270 2651 Omnes.

686 2684 877 2741 Omnia
912 2688 1213 2758 privilegia,
1268 2704 1387 2758 qua:
1436 2704 1532 2755 per
1562 2689 1812 2757 antiquas
1860 2689 2276 2745 constitutiones

683 2778 931 2833 ecclesiis
960 2796 1216 2834 concessa
1249 2792 1393 2845 sunt,
1426 2792 1541 2836 rata
1576 2789 1755 2836 sunto.

757 2958 875 3013 Lib.
911 2976 951 3022 ι,
991 2960 1073 3013 tit.
1102 2960 1154 3024 3,
1196 2961 1415 3015 constit.
1446 2962 1536 3022 54,
1567 2961 1721 3030 cujus
1760 2961 1999 3025 initium,
2053 2960 2272 3017 Omnia.

682 3051 975 3121 Privilegia
1008 3054 1247 3120 praestita
1270 3054 1539 3113 ecclesiis,
1574 3063 1666 3106 ant
1697 3054 2029 3119 hominibus,
2066 3064 2157 3109 aut
2185 3070 2273 3110 re-

685 3145 789 3197 bus
819 3145 1193 3210 eccle~iarum,
1227 3145 1378 3199 firma
1408 3157 1589 3201 sunto.

757 3324 877 3378 Lib.
914 3342 950 3388 t,
990 3326 1071 3379 tit.
1099 3328 1152 3390 5,
1178 3328 1397 3381 canstit.
1422 3329 1511 3393 Η,
1534 3331 1686 3398 cujus
1715 3328 1944 3395 initium,
1973 3331 2081 3384 τῶν
2107 3333 2273 3400 ιερῶν

687 3417 954 3471 κανόνων.
1014 3416 1329 3487 Presbyter,
1370 3430 1463 3473 aut
1514 3421 1776 3475 diaconus
1816 3421 1950 3489 (εἳ),
1991 3423 2044 3476 in
2084 3425 2275 3478 matri-

690 3508 873 3561 monio
897 3514 1100 3561 versari
1130 3525 1234 3562 non
1263 3523 1509 3579 possunt.
1546 3511 1911 3578 Quamobrem
1951 3514 1995 3568 si
2027 3514 2148 3582 quis
2176 3514 2277 3568 hoc

690 3596 905 3660 fecerit,
952 3607 1004 3650 et
1036 3599 1190 3652 uxori
1227 3615 1339 3653 sua:
1382 3616 1465 3654 res
1500 3602 1713 3670 aliquas
1743 3602 1978 3666 dederit,
2018 3604 2099 3656 vel
2137 3604 2278 3657 inter

690 3689 843 3741 vivos
902 3690 1210 3753 donatione,
1261 3694 1342 3745 vel
1396 3694 1448 3745 in
1506 3704 1849 3760 testamento,
1898 3696 2149 3757 ecclesia,
2191 3696 2277 3751 cui

692 3782 900 3845 subest,
946 3797 1036 3836 eas
1086 3783 1226 3850 ipsas
1267 3784 1367 3838 sibi
1402 3784 1661 3839 vindicat.

767 3873 884 3927 Lib.
912 3891 947 3937 l,
982 3876 1064 3927 tit.
1101 3876 1153 3937 ὅ,
1180 3876 1399 3931 constit.
1424 3877 1512 3941 53,
1538 3876 1692 3941 cujus
1730 3878 1965 3937 initium,
1997 3877 2274 3945 Raptores.

692 3962 801 4015 Res
829 3961 964 4030 ejus,
998 3966 1087 4034 qui
1139 3965 1537 4026 diacouissam,
1588 3974 1681 4019 aut
1733 3966 1993 4033 virginem
2060 3969 2276 4035 rapuit;

689 4056 956 4119 ecclesia,
1014 4058 1100 4110 cui
1154 4058 1375 4123 subest,
1448 4059 1606 4127 pleno
1679 4057 1921 4113 dominio
1990 4060 2277 4130 consequi-

695 4159 799 4198 lor.

768 4238 885 4293 Lib.
930 4256 967 4301 ι,
1004 4241 1086 4293 tit.
1127 4242 1179 4302 4,
1223 4243 1447 4297 constit.
1481 4242 1533 4306 3,
1593 4244 1747 4311 cujus
1806 4245 2036 4309 initium,
2088 4248 2276 4301 Nemo.

693 4328 922 4383 Disserit
966 4332 1076 4384 liazc
1104 4333 1439 4397 constitutio,
1470 4343 1523 4387 et
1554 4341 1797 4401 exponit,
1833 4337 2084 4404 qualibus
2113 4355 2139 4391 a
2176 4340 2279 4390 cri-

695 4421 937 4475 minibus
999 4421 1199 4477 festum
1272 4424 1483 4477 dierum
1548 4424 1893 4480 Pascitulium
1956 4431 2067 4497 (83)
2139 4431 2277 4484 libe-

693 4522 797 4562 I‘Cl.

770 4603 886 4658 Lib.
917 4621 951 4667 ι,
990 4605 1071 4659 ιῑι.
1105 4607 1157 4671 5,
1192 4608 1413 4660 constit.
1443 4607 1493 4669 1,
1523 4608 1677 4675 cujus
1710 4608 1939 4672 initium,
1975 4609 2276 4680 Privilegia.

696 4695 948 4751 ll.cretici
1044 4699 1287 4754 ecclesiis
1372 4699 1577 4752 indulta
1647 4699 1927 4769 privilegia
1997 4702 2099 4755 sibi
2172 4718 2277 4756 non

2366 606 2475 652 τις.
2521 589 2579 640 ’0
2612 587 2800 652 ἔφοδον
2832 586 3152 653 οἱανδήποτε
3196 582 3529 651 παρίσταται
3577 580 3951 648 ιπιχειρήσας

2368 681 2591 745 ποιῆσαι
2621 680 2698 747 τῷ
2744 681 2840 747 τῆς
2876 676 3200 744 Ἐκκλησίας
3238 675 3386 742 τόπῳ
3420 671 3736 740 κεφαλικῶς
3769 688 3951 736 τιμωο

2370 772 2570 837 ρεῖται.

2440 860 2559 914 Βι6.
2589 866 2659 920 α’,
2694 858 2798 912 τιτ.
2829 864 2895 923 γ’.
2932 857 3074 909 διάτ.
3122 851 3209 919 ιγ’,
3246 850 3363 925 ἦςὴ
3400 854 3563 923 ἁρχὴ,
3598 851 3657 906 Si
3689 851 3949 904 ecclesia.

2381 952 2526 1006 Ἐὰν
2553 953 2589 1018 ἠ
2639 952 2985 1014 Ἐκκλησία.
3029 949 3088 1001 ’0
3138 949 3203 1000 τὰ
3239 948 3350 1000 τῶν
3392 945 3734 1014 Ἐκκλησιῶν
3767 961 3955 1011 παρά-

2370 1045 2611 1111 φθειρων
2651 1042 2937 1112 προνόμια,
2972 1040 3263 1108 priuilegia,
3301 1040 3463 1092 πέντε
3495 1039 3682 1108 λίτρας
3718 1037 3955 1105 χρυσίου

2370 1139 2727 1206 προτιμᾶται.

2440 1228 2559 1280 Βιό.
2592 1226 2661 1287 α’,
2692 1228 2796 1281 τίτ.
2822 1226 2892 1294 γ’,
2927 1226 3065 1278 διάτ.
3098 1231 3167 1288 κ’,
3193 1220 3259 1295 ἦς
3279 1223 3310 1292 ἡ
3334 1222 3499 1291 ἁρχὴ,
3529 1220 3588 1274 Si
3616 1218 3955 1279 quis.'AEt1-

2370 1320 2525 1372 θέτου
2558 1320 2991 1388 τελευτήσαντος
3025 1315 3120 1368 τοῦ
3152 1312 3441 1384 κληρικοῦ,
3486 1313 3517 1380 ἢ
3554 1311 3645 1363 τοῦ
3681 1310 3950 1379 μονάχοῦ,

2371 1411 2807 1478 ἦδιάκονίσσης,
2851 1412 2882 1477 ἢ
2935 1407 3291 1476 μοναστριας,
3339 1406 3431 1457 καὶ
3475 1405 3547 1471 μὴ
3599 1402 3954 1471 κληρονομη-

2372 1500 2554 1561 Οέντος
2587 1500 2693 1553 ὑπὸ
2724 1502 2818 1567 τῆς
2851 1498 3183 1567 Ἐκκλησίας
3224 1495 3255 1565 ἢ
3303 1494 3398 1547 τοῦ
3433 1493 3826 1561 μοναστηρίου,
3871 1492 3957 1542 διὰ

2370 1591 2430 1643 τδ
2458 1586 2599 1641 εἶναι
2641 1590 2805 1642 αὑτὸν
2845 1587 3290 1655 ὲναπόγραφονῆ
3325 1584 3719 1651 ἀπελεύθερον,
3760 1584 3793 1650 ἢ
3832 1582 3959 1649 βου-

2371 1680 2599 1747 λευτήν·
2630 1679 2682 1732 εἴ
2705 1696 2851 1741 τινας
2882 1680 2993 1747 ἔχει
3025 1679 3144 1731 κατ’
3177 1676 3342 1730 αὐτοῦ
3375 1675 3623 1741 ἀγωγὰς.
3655 1676 3688 1741 ἡ
3718 1674 3957 1742 Ἐκκλη-

2375 1774 2485 1835 σία,
2534 1772 2566 1841 ἢ
2617 1772 2980 1843 μοναδτήριον
3011 1770 3229 1839 κινήσει
3260 1769 3405 1820 κατὰ
3437 1768 3546 1819 τῶν
3590 1766 3789 1818 τούτου
3820 1766 3960 1836 κλη-

2377 1864 2641 1933 ρονόμων.

2446 1954 2565 2006 Βισ.
2605 1961 2677 2018 α’,
2731 1954 2836 2006 τῑτ.
2882 1952 2952 2019 7',
3002 1953 3139 2004 διατ.
3175 1952 3282 2019 κβ⁸,
3333 1948 3400 2025 ἦς
3432 1955 3464 2021 ὴ
3500 1952 3665 2021 ἀρχὴ,
3698 1952 3773 2005 ει
3801 1967 3960 2014 τινα,

2376 2046 2433 2101 Si
2463 2063 2587 2115 qua.
2626 2046 2904 2115 Προνόμιά
2951 2047 3021 2099 τά
3053 2048 3173 2107 ταῖς
3207 2044 3563 2113 Ἐκκλησιάις
3596 2047 3660 2096 ὲκ
3705 2043 3961 2096 παλαιῶν

2373 2135 2666 2199 διατάξεων
2699 2136 3028 2203 πεφιλοτιμη
3039 2136 3172 2202 μένα
3200 2134 3494 2202 κρατείτω.

2410 2228 2565 2281 .8t6.
2612 2225 2682 2291 α’,
2715 2227 2822 2282 τίτ.
2863 2225 2932 2293 γ’,
2970 2227 3117 2280 διάτ.
3149 2224 3263 2289 κς’,
3311 2221 3380 2293 ἦς
3425 2228 3457 2295 ὴ
3491 2226 3657 2295 ἀρχὴ,
3706 2224 3965 2277 Decerni-

2377 2336 2514 2373 mus.
2565 2319 2702 2371 Ὑπὸ
2758 2318 3014 2387 μοναχῶν
3070 2319 3101 2386 ἢ
3161 2316 3439 2387 κληρικῶν
3496 2319 3635 2385 μήτε
3696 2318 3966 2385 δημόσιον

2376 2410 2746 2479 οἱκονόμημα,
2780 2412 2916 2478 μήτε
2948 2410 3082 2480 πρὸς
3107 2410 3299 2478 τέρψιν
3326 2409 3536 2471 πόλεως
3570 2409 3967 2479 ἀφωρισμένον

2378 2504 2457 2564 εἰς
2494 2504 2824 2573 Ἐκκλησίαν
2855 2503 3298 2571 ὑφαρπαζέσοω.

2452 2596 2570 2649 Βιὸ.
2622 2602 2692 2660 α’,
2744 2598 2853 2650 τιτ.
2890 2596 2961 2662 γ’,
3020 2597 3164 2649 διάτ.
3220 2596 3321 2664 λβν,
3357 2592 3423 2668 ἧς
3463 2598 3495 2666 ἡ
3532 2595 3695 2664 ἀρχὴ.
3745 2594 3967 2648 Omnes.

2384 2688 2567 2741 Πάντα
2620 2690 2687 2739 τά
2738 2686 3080 2756 πριδιλέγια,
3122 2685 3281 2739 ἅτινα
3333 2689 3453 2747 ταῖς
3488 2684 3849 2751 Ἐκκλησίάις
3908 2687 3973 2735 ὲκ

2383 2780 2632 2834 παλαιῶν
2679 2780 2977 2845 διατάξεων
3031 2776 3531 2846 πεφιλοτίμηνται,
3588 2774 3765 2827 ταῦτα.
3830 2791 3969 2841 ripae

2381 2875 2561 2926 τείτω.

2456 2965 2573 3018 Βιὸ.
2613 2964 2682 3029 α’,
2715 2964 2821 3016 τίτ.
2864 2971 2932 3032 γ’,
2957 2964 3098 3016 διάτ.
3128 2962 3221 3025 λε,
3253 2958 3320 3031 ἦς
3351 2964 3385 3029 ἠ
3424 2959 3590 3028 ἀρχὴ,
3624 2957 3849 3010 Omnia.
3889 2954 3975 3007 Τὰ

2384 3058 2803 3127 παρασχεθέντα
2842 3058 3160 3126 στριϐιλέγια
3201 3059 3322 3117 ταῖς
3374 3053 3721 3120 ἐκκλησίαις,
3770 3050 3805 3119 ἢ
3859 3052 3975 3108 τοῖς

2302 3166 2344 3223 c
2377 3150 2714 3221 ἀνθρώποις,
2760 3148 2792 3219 ἢ
2852 3152 3159 3219 πράγματα
3206 3148 3316 3199 τῶν
3379 3143 3714 3213 ἐκκλησιῶν,
3769 3141 3977 3210 βέϐαια

2380 3244 2519 3296 ἔστω
2528 3261 2643 3296 σαν.

2455 3335 2573 3388 Βιὸ.
2612 3342 2680 3400 α’,
2720 3337 2824 3390 τῐτ.
2855 3336 2924 3403 γ’,
2951 3334 3091 3387 διάτ.
3129 3330 3233 3400 μδ’,
3266 3325 3332 3399 ἦς
3367 3331 3398 3397 ὴ
3435 3329 3600 3396 ἀρχὴ.
3642 3323 3767 3377 Τῶν
3801 3322 3978 3391 ιερῶν

2386 3430 2682 3480 κανόνων.
2727 3426 2788 3481 Ὀ
2820 3425 3200 3494 πρεσϐύτερος
3231 3423 3263 3491 ἢ
3298 3424 3325 3472 ὁ
3356 3419 3605 3476 διάκονος
3645 3417 3708 3465 οὐ
3744 3416 3977 3466 δύναται

2387 3520 2588 3588 γάμοις
2641 3516 3024 3583 προσομιλεῖν.
3085 3511 3268 3574 ὈΘεν,
3322 3511 3418 3562 ὲάν
3480 3526 3560 3568 τις
3618 3506 3870 3558 τοιοῦτόν
3923 3522 3979 3557 τι

2387 3609 2611 3676 ποιήσῃ,
2658 3606 2751 3659 καὶ
2784 3606 3044 3675 παράσχῃ
3078 3606 3143 3671 τῇ
3181 3601 3375 3654 ἑαυτοῦ
3404 3602 3619 3668 γαμετῇ
3651 3616 3773 3649 τινα
3799 3598 3982 3665 πράγ-

2391 3717 2537 3769 ματα
2578 3698 2927 3765 ὲντερὸίϐως,
2988 3698 3019 3765 ἢ
3075 3700 3130 3748 ὲν
3184 3694 3436 3763 διαθήκῃ,
3495 3694 3528 3761 ἡ
3574 3690 3845 3758 ἐκκλησία
3887 3689 3981 3756 ὑφ’

2387 3788 2454 3857 ἢν
2482 3789 2646 3847 τελεῖ,
2678 3789 2856 3841 ταῐτα
2892 3788 3177 3840 διεκδικεῖ.

2462 3881 2577 3934 Β.6.
2622 3882 2689 3944 α’,
2723 3884 2825 3934 τίτ.
2862 3889 2929 3948 γ’,
2962 3881 3102 3936 διάτ.
3155 3887 3254 3948 57’,
3286 3872 3414 3948 ἦςὴ
3459 3874 3622 3943 ἁρχὴ,
3659 3875 3983 3942 Ἅρπαγε-ς,

2393 3974 2672 4041 Raptores.
2700 3974 2781 4025 Τὰ
2805 3974 2899 4025 τοῦ
2931 3974 3280 4040 ἁρπάσαντος
3315 3970 3666 4022 διακόνισσαν
3699 3970 3732 4037 ἢ
3771 3967 3984 4036 παρῦέ-

2389 4080 2479 4113 νυν
2518 4064 2822 4131 πράγματα
2870 4064 2901 4132 ἡ
2958 4063 3228 4132 ἐκκλησία
3264 4063 3354 4130 ὑφ’
3387 4062 3453 4132 ἢν
3486 4060 3651 4123 τελεῖ,
3704 4060 3853 4111 κατά
3888 4076 3984 4111 τε·

2390 4156 2538 4207 λείαν
2563 4155 2885 4208 δεσποτείαν
2917 4155 3207 4224 λαμϐάνει.

2464 4249 2582 4301 Βιό.
2613 4248 2682 4311 α’,
2710 4249 2815 4303 τιτ.
2872 4247 2940 4315 γ’.
2971 4250 3111 4302 διάτ.
3153 4256 3225 4315 γ’,
3273 4244 3339 4319 ἦς
3377 4250 3410 4316 ἠ
3456 4245 3623 4315 ἀρχὴ,
3680 4243 3878 4296 Nemo.
3921 4243 3984 4295 Ἡ

2390 4339 2635 4404 διάταξις
2671 4340 3031 4409 διαλαμϐάνει
3057 4343 3152 4395 καὶ
3185 4342 3355 4407 λέγει,
3406 4340 3575 4391 ποίων
3611 4336 3985 4405 ἐγκλημάτων

2388 4432 2666 4499 ἐλευθεροῖ
2692 4434 2725 4500 ή
2769 4434 2931 4503 ἑορτὴ
2968 4434 3073 4485 τῶν
3109 4433 3426 4501 πασχάλίων
3462 4430 3705 4497 ἡμερῶν.

2466 4611 2587 4664 Βιὸ.
2628 4619 2697 4675 α’,
2744 4613 2851 4667 τιτ.
2899 4618 2957 4674 ι’,
2992 4611 3136 4665 διάτ.
3169 4614 3239 4673 α’,
3280 4605 3347 4680 ἦς
3394 4611 3425 4677 ὴ
3459 4609 3622 4677 ἁρχὴ,
3654 4609 3980 4674 Προνόμια,

2396 4702 2707 4772 Privilegia.
2754 4704 2817 4755 Οἱ
2864 4702 3132 4770 αἱρετικοὶ
3161 4700 3236 4772 μὴ
3266 4700 3659 4752 ὲκδικείτωσσιν
3690 4699 3761 4749 τά
3795 4714 3982 4767 παρα-

1897 4846 2238 4907 Annibalis
2264 4848 2519 4908 Fabroti
2559 4859 2743 4907 notas.

770 4966 879 5088 (ξι)
945 4966 1264 5021 Constitutio
1313 4984 1367 5023 χ.
1416 4967 1549 5023 Vide
1612 4967 1831 5023 Sarcsb.
1891 4969 2009 5025 Pol.
2051 4972 2146 5025 lib.
2220 4989 2271 5035 v,

698 5053 748 5091 C.
788 5053 838 5088 ἴ).

773 5108 885 5173 (8'2)
910 5106 1197 5179 Presbyter
1219 5121 1310 5163 aut
1334 5112 1614 5165 diaconus.
1647 5110 1987 5179 Presbyteri,
2032 5111 2277 5172 iliac0ni,

702 5178 1107 5231 etsnbdiaconi
1173 5182 1585 5235 matrimonium
1636 5178 1971 5238 contrahere
2008 5197 2113 5233 non
2156 5198 2283 5249 pos-

703 5258 851 5307 sunt,
888 5250 1126 5314 alioq-tin
1192 5251 1259 5301 ab
1292 5250 1471 5303 oﬂicio
1502 5262 1872 5307 removentur,
1911 5266 2030 5318 cap.
2066 5253 2085 5303 l
2146 5263 2196 5304 et
2225 5252 2279 5312 2,

704 5330 843 5370 extr.
879 5318 1116 5383 quiclcr.
1161 5322 1238 5372 vel
1274 5331 1531 5374 voventes.
1565 5320 1773 5373 Concil.
1828 5320 2177 5373 Anrelmncn.
2217 5337 2277 5386 ll,

706 5406 753 5437 ‹·.
793 5389 845 5446 8,
888 5396 1106 5455 propter
1151 5400 1334 5443 votum
1392 5393 1785 5445 continentiae:
1829 5392 1958 5457 quia
2023 5401 2130 5442 tam
2165 5392 2281 5443 dia-

708 5459 831 5510 coni
867 5475 1026 5523 quam
1058 5459 1376 5514 subdiacoui
1412 5476 1537 5515 cum
1576 5462 1805 5527 primum
1841 5461 1903 5512 ad
1942 5462 2147 5513 clerum
2186 5461 2274 5514 ad-

711 5529 1045 5589 sciscuntur,
1079 5543 1301 5583 carnem
1335 5546 1489 5584 suam
1524 5531 1577 5583 in
1638 5538 1903 5583 a:ternnni
1959 5531 2275 5598 obsignant.

713 5598 779 5651 Et
812 5612 876 5649 cx
908 5598 1189 5664 juniornm
1223 5602 1540 5667 pontificum
1603 5599 2105 5654 Constitutionibus
2150 5616 2282 5654 ron-

710 5667 935 5737 jugatus
969 5684 1076 5721 non
1118 5674 1419 5722 assumitur
1451 5671 1514 5722 ad
1578 5670 1967 5729 sacerdotium.
2018 5673 2283 5723 diacona-

719 5748 979 5809 tumtaut
1011 5739 1493 5800 subrliaconatum,
1529 5741 1634 5793 nisi
1673 5740 1961 5794 conversio
2015 5742 2287 5809 promissa

716 5809 810 5874 sit,
852 5808 911 5864 C.
956 5810 1157 5865 assumi
1179 5820 1227 5864 et
1258 5828 1362 5870 seu.
1406 5811 1652 5867 distinct.
1687 5809 1771 5872 18,
1808 5824 1857 5866 c.
1886 5811 1982 5866 ult.
2015 5808 2147 5869 dist.
2183 5812 2284 5867 51.

2398 4976 2459 5027 D.
2490 4974 2809 5044 Ilieronvm.
2847 4977 2899 5028 in
2932 4977 3095 5041 epist.
3133 4976 3221 5039 50,
3255 4974 3318 5026 ad
3358 4970 3774 5044 Pammacbinm
3804 4989 3817 5025 :
3854 4970 3982 5035 Epi-

2389 5048 2553 5114 scopi.
2594 5043 2915 5113 presbyteri,
2971 5046 3185 5098 diaconi
3257 5054 3348 5095 aut
3400 5043 3624 5109 virgines
3673 5043 3974 5107 eliguntur,

2390 5132 2479 5167 aut
2515 5118 2678 5172 vidui.
2709 5125 2801 5167 aut
2830 5126 2966 5168 certe
3030 5124 3146 5180 post
3212 5116 3568 5167 sacerdotium
3612 5114 3664 5162 in
3716 5121 3982 5163 a'termuu

2388 5188 2586 5250 pudici.
2622 5187 2758 5240 Vide
2795 5185 2856 5240 P.
2891 5187 3211 5238 Damianum
3241 5186 3402 5250 epist.
3437 5183 3469 5233 5
3506 5181 3599 5232 lib.
3638 5191 3791 5241 tv,et
3820 5184 3981 5244 epist.

2389 5256 2477 5313 13,
2520 5258 2614 5308 lib.
2660 5273 2711 5308 ν.
2749 5258 2807 5309 In
2846 5256 3151 5309 minoribus
3194 5264 3374 5305 autem
3441 5252 3729 5305 ordinibus
3776 5252 3981 5303 c0n~ti-

2395 5329 2553 5385 tutis,
2588 5338 2717 5392 puta
2766 5326 3091 5389 lectoribus,
3155 5324 3500 5381 cantoribus,
3550 5321 3828 5379 ostiariis.
3889 5336 3980 5371 ex-

2393 5397 2680 5449 orcistisct
2707 5396 2999 5465 acolythis,
3029 5396 3155 5448 licet
3186 5392 3596 5465 matrimonith
3623 5394 3979 5465 contrahere,

2393 5479 2517 5518 can.
2545 5466 2616 5519 25
2678 5459 2953 5531 Aposiol.;
2990 5480 3113 5519 can.
3150 5466 3180 5515 6
3214 5464 3405 5531 synodi
3439 5463 3492 5515 in
3520 5459 3718 5513 Trullu
3756 5470 3980 5521 coactae,

2394 5534 2530 5588 Nov.
2568 5552 2619 5593 v.
2655 5551 2775 5603 cap.
2811 5537 2916 5588 8'et
2951 5552 3084 5599 xm,
3115 5550 3261 5603 cap,
3285 5532 3374 5586 42.

2468 5597 2807 5677 (83)Dieri¢m
2834 5597 3203 5677 Pontianum.
3245 5602 3353 5657 Leo
3396 5602 3661 5677 Magnus,
3701 5615 3898 5677 _s_erm_.
3929 5597 3978 5659 5‘.

2390 5677 2456 5731 de
2489 5669 2942 5743 Qu’adragesima.
2980 5673 3119 5734 Vide
3184 5675 3431 5745 Append.
3499 5672 3634 5726 Cod.
3700 5669 3977 5725 Tbeoilos.

2391 5763 2443 5819 p.
2476 5747 2540 5801 l7
2576 5758 2627 5803 ct
2654 5762 2771 5817 seq.
