4208 6442
271 390 406 455 1265

1308 405 1645 467 CONSTIT.
1674 409 1966 467 ECCLES.
2015 410 2440 468 COLLECTIO.

3346 415 3480 476 1266

268 501 403 555 οἷσα
443 504 549 555 τῶν
591 509 630 554 v'
689 506 945 560 ἐνιαυτῶν
972 526 992 541 '
1022 512 1157 580 πλὴν
1192 518 1237 566 εί
1276 517 1349 583 μὴ
1387 520 1442 568 ἐν
1484 520 1827 586 μοναστηρίῳ
1857 521 1899 576 Λ

1864 521 1901 576 Α
1930 528 1980 571 et
2016 535 2179 587 prope
2203 524 2343 575 absit
2382 525 2449 576 ab
2479 525 2634 578 annis
2663 524 3057 592 quinquaginta
3106 524 3251 589 (70):
3297 538 3480 577 ettra-

268 596 675 659 χειροτσνεῖται.
728 599 970 665 Δεχίσθω
1016 604 1071 653 δὶ
1129 606 1224 657 καὶ
1275 607 1411 675 αὐτὴ
1458 610 1523 659 τὰ
1574 611 1825 660 κανονικὰ

270 685 729 751 παραγγέλματα,
762 690 882 738 καθ’
902 690 1193 760 ὁμοιότητα
1217 696 1321 747 τῶν
1345 701 1827 768 χειροτονουμένων

270 770 567 838 κληρικῶν,
622 779 715 827 καὶ
771 780 959 846 μηδινὶ
1010 782 1251 852 ἐξωτιιιῷ
1307 791 1637 851 συνοικείτω,
1697 790 1828 842 ἀλλὰ

268 861 455 925 pii/ct;
486 866 597 923 τοῖς
637 864 871 929 γονεῦσν,
900 868 991 919 καὶ
1026 870 1233 933 τέκνοις
1257 912 1271 935 ,
1303 876 1394 926 καὶ
1421 876 1661 942 ἀδελφοῖς
1686 917 1699 938 ,
1736 879 1827 929 καὶ

265 948 449 1011 θείοις.
488 953 546 1003 Ei
576 952 630 1004 δὲ
666 956 835 1024 ἑτέρῳ
870 962 1032 1027 χωρὶς
1064 960 1266 1013 τούτων
1302 969 1557 1026 συνοικεῖ,
1592 967 1827 1037 [Ῐσήδιὰ]

264 1039 398 1089 αὐτὸ
425 1039 580 1092 τοῦτο
617 1044 749 1110 μηδὲ
782 1049 1136 1113 προσαγέσθω
1165 1054 1243 1112 εἰς
1272 1056 1618 1121 χειροτονίαν.
1670 1056 1828 1107 Ἀλλὰ

262 1146 334 1179 κα
379 1134 809 1199 χειροτονηϐετσσ
833 1137 1163 1205 ὲκπιπτέτω,
1188 1143 1635 1211 ὑποϐαλλομὲνων
1658 1148 1827 1209 αὐτῆς

258 1235 319 1268 τῖ
380 1223 471 1272 καὶ
521 1223 597 1288 τῷ
647 1229 1053 1298 συνοικήσαντι⁸
1084 1230 1192 1300 [ἷσ.
1238 1233 1330 1285 τοῦ
1386 1237 1824 1307 συνοικήσαντος]

262 1310 401 1376 αὐτῇ
428 1312 500 1377 τῷ
523 1328 577 1364 τε
600 1316 825 1382 παρόντι
852 1318 1018 1386 νόμῳ,
1043 1322 1135 1373 καὶ
1156 1324 1274 1383 ταῖς
1299 1324 1439 1376 κατὰ
1458 1326 1565 1377 τῶν
1589 1328 1829 1397 φθορέων

264 1400 714 1468 διηγορευμέναις
756 1411 987 1469 ποιναῖς.
1023 1410 1083 1461 ΕΙ
1115 1412 1172 1463 δὶ
1209 1414 1347 1478 μετὰ
1376 1414 1471 1481 τὴν
1506 1418 1831 1484 χειροτονίαν

266 1500 514 1563 γαμήσῃ,
542 1495 572 1561 ἢ
602 1495 785 1563 ἕτερον
813 1499 1043 1570 μετέλθῃ
1066 1501 1199 1568 βίον,
1232 1504 1409 1571 ἔνοχός
1437 1506 1550 1557 ἐστι
1578 1506 1827 1572 θανάτου,

266 1586 361 1633 καὶ
406 1586 469 1636 τὰ
516 1591 811 1655 πράγματα
852 1594 1019 1661 αὐτῆς
1067 1601 1130 1665 τῇ
1184 1599 1469 1669 ἐκκλησίᾳ,
1522 1602 1552 1669 ἢ
1608 1603 1685 1669 τῷ
1736 1622 1830 1670 μο-

265 1679 543 1745 ναςτηρίῳ
590 1684 645 1729 ὲν
694 1675 737 1744 ᾧ
787 1685 1187 1757 ἐχειροτονήθη,
1242 1694 1829 1763 προσκυρωθήσονταισ

264 1768 361 1817 τοῦ
400 1770 719 1837 φθείραντος
762 1774 793 1838 ἢ
827 1778 1173 1843 γαμήσαιτος
1218 1783 1384 1848 αὐτὴν
1414 1784 1498 1834 διὰ
1532 1784 1719 1851 ξίφους
1755 1804 1831 1837 τι·

266 1860 645 1929 μωρουμένου,
689 1864 774 1913 καὶ
805 1866 1064 1933 δημεύπει
1105 1870 1668 1941 καθυποὸαλλομέου.

338 2124 452 2183 Πᾶς
490 2124 768 2192 κληριιιδς,
801 2130 846 2177 εἰ
880 2129 969 2180 καὶ
1004 2132 1060 2181 ἐν
1098 2132 1208 2193 τοῖς
1271 2133 1643 2200 ἀναγνώσταις
1684 2138 1837 2191 τέτα-

267 2225 416 2267 κται,
464 2210 558 2277 τῆς
610 2213 762 2281 ἱερᾶς
811 2216 1174 2286 ἀφιστάμενος
1224 2222 1547 2291 ὑπηρεσίας,
1592 2225 1834 2295 ἤὲτερον

268 2302 620 2368 μεταδιώκων
658 2306 771 2372 βίον
796 2348 809 2369 ,
848 2310 1049 2379 ἄπορος
1100 2312 1198 2379 μὲν
1237 2313 1316 2366 ὢν
1351 2316 1503 2369 ἔσται
1534 2318 1830 2386 ταξεὼτης.

266 2393 327 2444 Εἰ
370 2393 425 2445 δὲ
472 2395 703 2463 εΰπορος
728 2401 836 2468 εἴη,
882 2403 1169 2471 βουλευτὴς
1213 2408 1496 2473 γενήσεται
1546 2409 1683 2478 πρὸς
1738 2410 1835 2477 τὴν

265 2488 368 2552 τῆς
396 2489 747 2553 ὑποστάσεως
786 2493 1063 2562 εὐπορίαν.

340 2578 445 2629 Τὸν
468 2580 695 2649 ἀριθμὸν
725 2584 830 2635 τῶν
858 2588 911 2635 ὲν
942 2588 1143 2657 ἑκάστῃ
1175 2588 1434 2660 ἐκκλησίᾳ
1462 2593 1832 2660 λειτουργούν-

267 2687 377 2723 των
409 2671 682 2739 κληρεκῶν
718 2676 747 2741 ἡ
783 2677 1005 2743 ποσό;η;
1037 2679 1133 2746 τῆς
1167 2680 1427 2746 προσόδου
1452 2722 1463 2743 ,
1494 2683 1583 2733 καὶ
1624 2686 1829 2752 κρατή-

1933 622 2094 675 quam
2132 612 2171 662 si
2210 612 2273 663 ad
2311 614 2699 665 monasterium
2727 612 2834 679 (7i)
2869 612 3171 664 ordinetur.
3239 614 3482 680 Accipiat

1932 712 2184 754 autemet
2217 702 2330 768 ipsa
2364 711 2627 769 pracepta
2662 702 2943 760 canonica.
2974 703 3033 752 ad
3070 702 3481 756 similitudinem

1932 793 2281 855 clericorum,
2318 792 2408 859 qui
2444 794 2787 851 ordinantur,
2816 807 2915 844 nec
2944 794 2994 843 in
3037 794 3202 845 uilius
3242 798 3483 846 extranei

1931 883 2289 934 contubernio
2324 883 2392 932 sit
2440 881 2574 948 (ῖῖ),
2614 881 2706 934 sed
2734 883 2998 934 duntaxat
3035 882 3086 933 in
3119 884 3476 939 contubernio

1935 980 2240 1037 parentum,
2266 972 2648 1031 ctliberorum,
2700 979 2752 1023 et
2778 970 3027 1034 fratrum,
3065 983 3117 1025 et
3154 985 3468 1039 patruoruut

1933 1078 1994 1115 ac
2028 1062 2443 1113 avunculornm.
2477 1061 2573 1112 Sin
2607 1064 2745 1126 apud
2788 1062 2952 1114 alium
2990 1065 3297 1130 quempiam
3330 1074 3477 1117 cura

1935 1152 2032 1201 hos
2062 1148 2290 1211 habitat,
2330 1149 2433 1200 hac
2460 1148 2575 1214 ipsa
2602 1148 2668 1200 de
2727 1164 2888 1202 causa
2944 1166 3049 1201 non
3114 1154 3386 1216 perveniat
3422 1155 3483 1205 ad

1934 1238 2512 1301 ordinationem.Quin
2539 1240 2703 1290 etiam
2738 1239 2778 1291 si
2815 1238 3064 1291 ordinata
3100 1238 3276 1293 fuerit.
3310 1258 3485 1296 remo-

1943 1338 2127 1387 vctor,
2165 1335 2270 1378 tam
2300 1328 2441 1395 ipsa,
2502 1343 2665 1395 quam
2726 1330 2815 1395 qui
2873 1332 3202 1383 cohabitavit
3243 1334 3311 1394 ei,
3374 1335 3486 1401 lege

1935 1418 2213 1484 prasenti,
2248 1426 2410 1483 atque
2445 1418 2512 1471 iis
2567 1418 2767 1484 pinnis,
2812 1436 2929 1487 qua;
2967 1423 3229 1475 adversus
3277 1436 3487 1489 stupra-

1937 1516 2082 1561 tores
2113 1508 2333 1561 sancitae
2361 1516 2505 1570 sunt,
2548 1510 2861 1563 damnandi.
2924 1513 3077 1575 Quod
3112 1514 3155 1566 si
3190 1523 3310 1580 post
3340 1516 3485 1566 ordi—

1935 1600 2210 1651 nationem
2247 1598 2659 1652 matrimOnium
2716 1605 3049 1655 contraxerit
3109 1605 3247 1666 (75),
3308 1606 3389 1655 vel
3425 1606 3487 1655 ad

1935 1690 2093 1741 aliam
2122 1690 2285 1741 vitam
2318 1690 2615 1749 transierit.
2666 1706 2752 1742 rea
2815 1694 3003 1746 mortis
3048 1695 3173 1756 erit,
3228 1704 3283 1747 et
3324 1695 3485 1747 facul-

1937 1788 2074 1833 tates
2106 1779 2221 1845 ejus
2247 1780 2319 1831 illi
2346 1780 2608 1840 ecclesiae,
2644 1782 2723 1833 vel
2758 1783 2831 1835 illi
2883 1786 3231 1847 monasterio,
3285 1787 3335 1836 in
3385 1802 3491 1853 quo

1864 1846 1902 1899 Β
1937 1866 2396 1924 Ordinataiuerit.
2433 1866 2790 1920 addicentur:
2843 1884 2927 1931 eo,
2961 1873 3051 1936 qui
3087 1879 3279 1939 stupro
3319 1846 3491 1939 ipsam

1935 1956 2209 2020 polluerit,
2236 1964 2329 2007 aut
2365 1971 2584 2009 uxorem
2616 1957 2853 2021 duxerit,
2895 1960 3073 2027 gladio
3125 1963 3327 2028 pariter
3383 1963 3495 2031 (τι)

1934 2055 1986 2099 et
2029 2048 2291 2098 bonorum
2326 2048 2695 2112 publicatione
2753 2050 3052 2117 puniendo.

2001 2134 2189 2188 Omnis
2222 2136 2470 2197 clericus,
2515 2136 2713 2188 licetin
2781 2139 2974 2192 ordine
3033 2142 3293 2193 lectorum
3326 2142 3417 2204 sit,
3468 2158 3494 2194 a

1934 2228 2240 2281 ministerio
2273 2243 2429 2282 sacro
2456 2230 2734 2291 deficiens,
2759 2242 2853 2284 aut
2892 2234 3053 2284 aliam
3116 2234 3281 2286 vitam
3316 2250 3497 2303 persc-

1940 2332 2129 2386 qucns,
2172 2320 2443 2386 siquidem
2482 2320 2638 2385 inops
2662 2329 2768 2383 est,
2823 2325 3100 2390 apparitor
3124 2325 3265 2379 erit:
3308 2326 3388 2378 sin
3418 2326 3499 2376 lo-

1939 2407 2145 2474 cuples.
2174 2408 2398 2461 curialis
2433 2407 2541 2470 lict,
2583 2425 2680 2477 pro
2711 2411 3037 2466 facultatum
3074 2415 3382 2479 patrimonii
3416 2416 3497 2466 sui

1942 2499 2122 2553 modo.

2018 2590 2309 2643 Numerum
2352 2594 2700 2659 clericorum,
2738 2596 2827 2663 qui
2866 2596 3110 2662 qualibet
3170 2598 3219 2648 in
3268 2597 3499 2649 ecclesia

1943 2684 2113 2735 cultui
2171 2684 2354 2739 divino
2416 2686 2679 2749 serviunt,
2749 2695 2860 2738 tam
2933 2688 3141 2739 reditus
3202 2690 3501 2755 quantitas,

1495 2869 1537 2924 A
1555 2866 1830 2925 nnibalis
1865 2868 2114 2927 Fahroli
2165 2876 2348 2930 noue.

267 3008 515 3067 διάκονος
551 3009 759 3061 insidia
790 3010 956 3072 αὑτάς
980 3028 991 3040 ’
1040 3011 1257 3064 .ilulicre
1299 3014 1601 3068 diaconiua
1625 3017 1826 3079 indige-

270 3094 409 3130 nms.
436 3087 483 3128 et
519 3080 741 3142 primum
778 3082 987 3143 quidem
1034 3097 1148 3132 cum
1187 3084 1527 3141 baptizaretur
1560 3085 1823 3139 mulieres.

275 3148 541 3199 Diaconus
586 3156 736 3210 unqet
785 3157 989 3200 tantum
1026 3150 1247 3210 frontem
1283 3156 1521 3211 ipsarum
1557 3156 1670 3205 oleo
1701 3171 1825 3205 san-

268 3227 381 3276 cto,
414 3217 796 3287 etpostipsum
826 3220 1126 3270 diaronissa
1152 3232 1305 3282 unyet
1333 3237 1421 3270 eas
1453 3223 1716 3287 (vertunt,
1738 3225 1828 3274 ab-
1856 3211 1899 3271 C

274 3296 472 3349 surget
517 3286 651 3355 eas).
706 3288 959 3351 Idemque
1015 3286 1302 3340 confirmat
1360 3286 1714 3355 Hieronymus
1784 3294 1838 3344 in

276 3356 576 3405 Epistulam
614 3353 764 3407 Pauli
799 3355 862 3407 ad
897 3355 1192 3415 Romanos,
1234 3373 1353 3422 cap.
1398 3375 1523 3411 xvr:
1563 3353 1626 3411 In
1657 3361 1841 3411 Orien-

275 3434 291 3475 t
318 3423 487 3480 'libas,
512 3424 1046 3487 inquit,diaconissa:
1073 3427 1315 3479 mulieres
1338 3429 1389 3479 in
1415 3445 1509 3479 suo
1532 3445 1656 3481 seru
1677 3431 1838 3481 mini-

276 3505 450 3562 s'rare
479 3493 725 3562 ridentur
768 3496 819 3545 in
867 3496 1123 3555 baptismo
1155 3497 1258 3548 sive
1286 3498 1336 3548 in
1358 3499 1648 3550 ministerio
1680 3500 1839 3562 verbi,

276 3560 422 3620 quod
469 3561 724 3632 Sedulius
779 3565 1070 3629 presbyter
1102 3566 1451 3632 transcripsit
1492 3568 1544 3618 in
1580 3560 1839 3623 explana;

276 3635 425 3682 tione
461 3629 700 3696 ejusdem
736 3633 1000 3698 epistolae.
1044 3632 1145 3684 Sed
1178 3629 1445 3687 etauctor
1478 3635 1610 3687 Vitae
1655 3636 1712 3690 S.
1749 3638 1843 3689 Pe-

274 3701 454 3761 iagie,
499 3715 621 3766 eap.
657 3700 708 3755 8.
752 3710 978 3754 testatur
1016 3702 1356 3757 diaconissas
1396 3706 1717 3757 mulieribus
1749 3699 1851 3757 ba-'

280 3771 555 3835 piizandis
592 3771 953 3821 ministerium
984 3772 1298 3832 praebuisse.
1337 3770 1633 3826 Videamus
1666 3776 1844 3827 obiter

283 3856 349 3890 an
389 3838 713 3891 diaconissae
754 3842 897 3891 inter
932 3840 1098 3889 laicas
1140 3851 1495 3893 censerentur
1529 3862 1541 3895 :
1578 3852 1630 3894 et
1683 3844 1733 3895 in
1783 3860 1843 3895 ea

281 3908 503 3965 quidem
550 3912 818 3959 sententia
865 3917 990 3959 sunt
1023 3909 1121 3959 viri
1168 3910 1312 3961 docti
1342 3950 1355 3968 ,
1402 3913 1601 3977 quibus
1641 3916 1845 3966 erroris

281 3977 489 4029 inuidus
526 3984 610 4028 est
638 3991 811 4029 eanon
842 3977 905 4029 i9
934 3979 1155 4031 concilii
1181 3979 1404 4042 Niczeni,
1436 3980 1508 4033 ibi
1541 4000 1551 4033 :
1618 3982 1704 4032 Ἐν
1735 3985 1845 4043 τοῖς

276 4048 491 4107 ῗαῖκοῖς
544 4046 711 4106 αὑτὰς
768 4046 1149 4110 ἐξετάξεσθαι.
1184 4048 1332 4101 Inter
1371 4050 1534 4102 laico;
1572 4054 1844 4107 rerenseri.

284 4114 490 4167 Vellem
549 4116 938 4169 observasscnt
981 4117 1223 4183 ejusdem
1268 4121 1496 4172 canonis
1528 4120 1687 4173 verba
1719 4121 1841 4174 illa:

280 4184 543 4244 ὡσαύτως
578 4185 631 4235 δὲ
662 4187 788 4244 καί,
828 4194 973 4244 etc.;
1010 4187 1089 4239 sic
1130 4189 1277 4240 enim
1323 4188 1553 4243 habetur
1585 4190 1636 4241 in
1673 4191 1848 4242 omni-

288 4258 388 4325 bus
436 4254 545 4325 fere
590 4256 907 4318 codicibus;
939 4256 1029 4309 alii
1064 4272 1192 4310 vero
1228 4258 1430 4325 legunt,
1465 4262 1520 4310 ὲν
1549 4258 1626 4325 τῷ
1664 4261 1846 4311 κανόνι

284 4324 428 4387 ἔξετ.
492 4324 678 4387 Itaque
733 4327 880 4377 varia
920 4341 1135 4392 quoque
1187 4324 1573 4381 circumfertur
1601 4324 1847 4381 ’versio:

289 4393 761 4466 DionysiiEvigui
794 4396 871 4447 sic
889 4394 1139 4466 habent:
1179 4394 1283 4458 Qui
1303 4397 1398 4466 sub
1428 4399 1607 4466 regula
1634 4414 1851 4451 versan-

285 4476 415 4523 tur;
452 4464 643 4516 lsidOri
672 4472 851 4514 autem
888 4463 1200 4517 Mercatoris
1227 4483 1237 4517 :
1283 4464 1386 4529 Qui
1410 4468 1463 4518 in
1485 4463 1667 4520 eodem
1703 4468 1842 4519 clero

1936 3018 1999 3066 ad
2028 3016 2282 3081 Optatum
2320 3032 2371 3081 p.
2409 3015 2533 3074 210.
2592 3014 2641 3065 in
2679 3013 2942 3077 quosdam
2977 3027 3213 3066 canone:
3242 3052 3254 3073 ,
3294 3023 3345 3064 et
3376 3030 3501 3066 san-

1933 3095 2076 3137 ctum
2132 3084 2383 3137 Basilium
2436 3087 2487 3134 in
2534 3084 2761 3147 epistola
2818 3098 3015 3135 canon.
3050 3084 3115 3135 ad
3149 3082 3491 3150 Anipbiloch.

1932 3168 2052 3219 cap.
2086 3153 2176 3213 ﬁt,
2206 3162 2259 3203 et
2290 3154 2486 3204 concil.
2524 3151 2728 3217 Epaon.
2771 3167 2817 3203 c.
2849 3152 2939 3203 9.1.

2010 3223 2125 3288 (70)
2164 3223 2235 3274 Ab
2262 3224 2415 3273 annis
2470 3238 2521 3273 ι..
2582 3220 2779 3273 ditatis
2828 3220 3259 3273 diaconissarum
3335 3222 3508 3286 legiti—

1946 3307 2044 3342 ma!
2083 3306 2188 3341 non
2227 3290 2325 3342 fuit
2359 3299 2615 3341 constans
2647 3290 2914 3341 delinitio.
2943 3289 3015 3339 Ne
3040 3290 3218 3338 minor
3250 3292 3409 3342 annis
3437 3292 3503 3341 60

1945 3360 2107 3412 vidua
2145 3360 2441 3423 eligeretur
2482 3358 2679 3410 Paulus
2716 3360 2972 3423 prmcepit
3012 3357 3075 3424 ad
3108 3357 3287 3409 Titum
3328 3359 3503 3424 priore

1945 3444 2061 3493 cap.
2090 3429 2142 3479 5.
2181 3429 2392 3479 Annum
2439 3427 2507 3478 50
2548 3428 2766 3478 circiter
2799 3428 2990 3480 statuit
3018 3423 3360 3479 Justinimins
3409 3446 3505 3479 no-

1946 3498 2070 3549 vell.
2125 3511 2199 3556 VI,
2228 3511 2276 3547 c.
2322 3494 2375 3549 6.
2432 3494 2685 3548 Patrihus
2717 3495 3259 3549 Chalcedonensiluis
3298 3510 3499 3548 annum

1946 3569 2011 3617 bl)
2044 3564 2289 3617 snﬂicere
2331 3565 2504 3616 visum
2552 3576 2672 3623 est,
2724 3579 2934 3615 canone
2970 3564 3052 3619 15,
3102 3564 3297 3615 concil.
3332 3566 3499 3617 Chal-

1945 3635 2063 3687 ccd.
2106 3648 2153 3685 c.
2210 3635 2309 3695 i5;
2354 3644 2407 3685 et
2450 3648 2499 3685 c.
2534 3634 2597 3685 H
2628 3633 2827 3685 concil.
2883 3648 2930 3684 νι
2972 3634 3020 3684 in
3072 3631 3275 3685 Trullo.
3320 3635 3507 3684 “utin-

1950 3718 2071 3755 nem
2102 3703 2436 3755 discriminis
2466 3711 2519 3753 ct
2546 3702 2686 3768 juris
2715 3702 2846 3753 varii
2884 3701 3053 3755 reddit
3091 3701 3331 3753 Zonaras
3364 3704 3502 3753 add.

1948 3787 2070 3825 can.
2098 3773 2163 3824 15
2195 3782 2249 3823 ιιι
2274 3770 2495 3823 Paulus.
2518 3770 2645 3823 Vide
2688 3772 2751 3821 ad
2796 3770 2825 3820 l.
2854 3771 2885 3822 9
2920 3786 3037 3835 sup.
3064 3774 3123 3821 de
3152 3774 3306 3837 episc.
3339 3782 3383 3821 ct
3413 3772 3511 3823 cle-

1949 3844 2041 3893 ric.
2080 3853 2125 3893 et
2164 3841 2543 3906 Hieronymum
2577 3840 2639 3890 ad
2664 3839 2933 3890 Salvinam
2967 3840 3029 3889 de
3065 3841 3149 3891 vid
3181 3842 3329 3892 'itale
3354 3855 3503 3891 serv.

2021 3912 2130 3973 (7|)
2170 3909 2333 3959 Extra
2369 3926 2528 3973 quam
2559 3910 2602 3959 si
2635 3909 2701 3959 ad
2734 3912 3127 3959 monasterium.
3160 3908 3331 3959 Minor
3363 3912 3502 3959 enim

1949 3982 2103 4032 anuis
2134 3978 2531 4045 quinquaginta
2582 3979 2829 4040 exigente
2890 3980 3219 4030 necessitate
3270 3976 3510 4029 mdinari

1952 4058 2128 4115 potest
2177 4065 2189 4099 :
2252 4050 2343 4101 sed
2382 4048 2429 4099 ei
2469 4048 2593 4098 alibi
2624 4048 2817 4109 degere
2865 4061 2969 4098 non
3018 4048 3226 4109 licebit,
3262 4061 3421 4111 quam
3459 4048 3508 4098 in

1951 4117 2214 4171 ascelerio
2247 4116 2765 4171 sanctimonialium.

2023 4186 2134 4253 (7:!)
2179 4185 2287 4238 Nec
2314 4188 2367 4239 in
2409 4187 2570 4239 ullius
2606 4188 2839 4238 extranei
2869 4185 3211 4236 contubernio
3253 4187 3339 4238 sit.
3385 4186 3513 4236 Ilia-

1952 4256 2186 4309 conissis
2216 4265 2602 4308 extraneorum
2636 4258 2912 4307 consortio
2942 4255 3305 4307 interdicitur.
3338 4255 3511 4307 Julia-

1952 4342 2054 4378 nus
2083 4328 2405 4378 Antecessor
2448 4322 2581 4377 Nov.
2621 4339 2695 4381 vi.
2737 4338 2858 4391 cap.
2894 4324 2983 4377 ἓξ).
3018 4320 3173 4374 Nulla
3222 4335 3399 4376 autem
3434 4326 3512 4375 l‘a-

1954 4397 2132 4447 cultas
2161 4394 2495 4447 diaconissis
2536 4396 2735 4445 tributa
2766 4403 2871 4456 est,
2904 4393 3101 4444 habere
3132 4394 3394 4458 quosdam
3429 4410 3513 4444 se-

1953 4480 2075 4516 Cum
2114 4464 2276 4517 veluti
2308 4464 2524 4522 fratres.
2568 4464 2682 4515 sive
2713 4474 2998 4528 cognatos,
3033 4461 3113 4511 vel
3155 4476 3293 4526 quos
3327 4464 3509 4513 direre

288 4534 656 4600 inveniuntur.
710 4532 867 4585 Prior
898 4534 1172 4600 scriptura
1230 4528 1408 4589 verior
1450 4547 1560 4599 est,
1613 4551 1843 4600 eamque
1877 4530 1919 4582 Β
1946 4535 2127 4588 solent
2157 4534 2426 4600 agapitos,
2459 4532 2538 4582 vel
2572 4532 2826 4583 dilectos.
2864 4529 2997 4600 Vide
3028 4528 3301 4600 Callillﬂit
3330 4529 3511 4582 (Ζηνί)ίὶ

286 4611 594 4669 sequuntur
621 4599 941 4655 Theodorus
970 4599 1255 4657 Balsamon
1288 4614 1343 4657 et
1375 4603 1612 4659 Joannes
1647 4599 1845 4659 Zon'ar.

292 4669 365 4743 De
413 4673 683 4723 sententia
725 4672 951 4743 canonis
1008 4672 1309 4728 videamus.
1363 4675 1517 4727 Certe
1564 4688 1665 4727 nec
1732 4675 1847 4743 ipse

290 4740 558 4802 Zonaras,
619 4755 718 4792 nec
768 4740 986 4807 quidem
1042 4743 1375 4797 recentiores
1427 4744 1681 4797 videntur
1724 4740 1847 4797 eum

288 4810 626 4877 percepisse.
668 4809 785 4861 Hoc
819 4810 984 4879 igitur
1015 4814 1379 4863 constitutum
1404 4814 1565 4866 estin
1598 4812 1654 4865 d.
1684 4828 1850 4866 cano-

290 4896 380 4938 ne,
413 4888 471 4928 ut
511 4879 855 4939 diaconissae,
886 4894 1005 4945 qum
1034 4880 1102 4932 ab
1138 4882 1326 4933 haeresi
1359 4881 1745 4935 Paulianorum
1782 4882 1847 4935 ad

291 4947 611 5019 Ecclesi-un
654 4948 935 5011 redierint,
971 4948 1395 5015 rebaptizentur,
1444 4960 1496 5005 et
1532 4952 1599 5004 iis
1632 4967 1752 5019 qua:
1796 4954 1848 5004 in

290 5017 483 5069 eodem
528 5016 712 5068 habitu
743 5032 867 5070 esse
893 5027 1217 5085 noscuntur,
1251 5020 1395 5085 quod
1438 5016 1696 5072 nimirum
1744 5038 1849 5075 ιιιιη

293 5086 529 5138 habeant
557 5100 811 5138 manuum
842 5087 1265 5153 impositionem.
1286 5089 1420 5143 adeo
1450 5097 1505 5140 ut
1522 5092 1747 5143 omnino
1770 5091 1851 5141 in-

292 5167 376 5209 ter
398 5155 566 5206 laicos
600 5154 949 5221 deputentur,
1000 5172 1193 5212 manus
1233 5157 1579 5225 imponantur
1618 5174 1758 5211 anno
1784 5159 1852 5211 40

294 5226 437 5293 (hoc
502 5225 644 5276 enim
688 5232 903 5291 tempus
954 5226 1308 5280 constitutum
1362 5230 1464 5281 fuit
1512 5229 1851 5282 ordinationi

294 5310 507 5352 earum,
532 5302 623 5372 au_t
645 5302 701 5343 ut
719 5293 791 5344 ait
819 5293 1130 5375 Balsamon,
1156 5294 1403 5375 ῂξιοῦντο
1420 5298 1507 5348 καὶ
1524 5297 1853 5378 χειροτονίας

294 5363 672 5416 διακονισσῶν.
708 5378 955 5414 manuum
985 5366 1370 5430 impositionem
1400 5363 1776 5428 merebantur),
1805 5363 1851 5421 si

298 5432 651 5504 inveniantur
674 5432 899 5504 idoneae,
932 5434 1177 5499 alioquin
1211 5450 1402 5488 manus
1439 5450 1543 5487 non
1577 5438 1853 5504 imponan-

295 5513 411 5554 tur.
446 5501 793 5574 Cujusmodi
846 5504 1225 5574 interpretatio
1278 5504 1586 5558 B.ilsantoni
1634 5501 1852 5574 quoque

298 5572 564 5629 Suboluit,
606 5586 711 5624 non
766 5575 928 5624 etiam
974 5570 1217 5633 Zonaraa.
1254 5574 1469 5634 utdixi,
1499 5576 1591 5641 qui
1634 5570 1849 5639 scribit,

298 5644 642 5693 di.u.unissas
678 5657 796 5708 qua:
830 5656 933 5693 non
968 5642 1272 5695 inﬁtiantur
1299 5658 1357 5696 se
1395 5644 1446 5695 in
1478 5644 1849 5711 supradictam

301 5716 381 5762 lue
414 5712 551 5761 e~im
592 5712 1071 5780 prolapsanintcr
1105 5713 1271 5765 Iaieos
1299 5715 1667 5780 adnumerari,
1692 5716 1756 5767 ad
1794 5718 1848 5769 d.

303 5796 568 5833 canonum
618 5782 669 5833 in
725 5783 848 5835 llnc.
882 5779 1011 5836 Vide
1042 5784 1356 5855 episcopum
1406 5779 1849 5838 Attrcliancnscm

1954 4602 2023 4658 M.
2071 4618 2124 4668 p.
2166 4598 2217 4667 7,
2247 4598 2301 4667 Β,
2330 4614 2381 4654 et
2414 4600 2533 4661 107,
2569 4608 2621 4651 et
2658 4600 2804 4663 H7;
2848 4599 3097 4667 Capitula
3147 4598 3512 4668 Caroli_Calvi

1954 4689 2006 4741 p.
2056 4666 2177 4727 M5.
2238 4670 2389 4741 Vide,
2413 4670 2606 4722 concd.
2660 4668 2877 4741 Cartha
2904 4666 2955 4729 ι,
2990 4683 3047 4741 c._
3088 4668 3119 4719 ὅ
3150 4678 3201 4719 ct
3231 4666 3515 4741 4;_Tu_ru-

1953 4736 2107 4797 nens.
2162 4757 2251 4803 nt;
2299 4740 2522 4791 Toletan
2566 4753 2624 4800 ιι,
2654 4754 2703 4793 c.
2740 4740 2811 4801 5;
2855 4738 3104 4789 Arausic.
3164 4752 3212 4787 c.
3268 4736 3365 4793 16;
3403 4737 3515 4788 Tu-

1956 4827 2071 4863 ron.
2111 4826 2167 4868 Il,
2213 4826 2263 4863 c.
2298 4809 2382 4867 12.
2436 4809 2531 4870 i7;
2562 4808 2733 4861 Paris.
2773 4809 2863 4860 lib.
2892 4824 2949 4872 .l.
2996 4821 3045 4857 c.
3078 4805 3179 4867 46;
3212 4804 3514 4858 Troslcian.

1953 4880 2091 4941 c.9;
2122 4880 2305 4942 Aurel,
2349 4892 2426 4935 Ill.
2464 4892 2517 4931 c.
2558 4880 2626 4942 ις
2680 4877 2881 4945 lliSpal.
2932 4889 3084 4945 it,_c.
3124 4875 3225 4936 ii;
3273 4875 3513 4945 Forojnl.

1954 4965 2002 5001 c.
2040 4950 2140 5013 12;
2174 4946 2402 4999 Tarrac.
2431 4962 2481 4999 ε.
2518 4942 2792 5011 ίςτιηιιιιξ
2818 4961 2864 4998 c.
2904 4946 2972 4997 5:
3007 4942 3217 4997 Turon.
3242 4960 3310 5013 ιι,
3348 4959 3396 4996 c.
3424 4944 3514 5009 9.1;

1954 5018 2127 5070 Paris.
2155 5033 2207 5069 c.
2241 5018 2307 5080 5;
2352 5016 2556 5070 Matisc.
2596 5034 2644 5068 c.
2685 5016 2780 5076 12;
2824 5014 3085 5066 Meldens.
3119 5032 3169 5067 c.
3198 5012 3309 5077 67;
3370 5014 3517 5064 Cun—

1954 5088 2046 5139 cil.
2096 5085 2398 5139 Trosleian.
2449 5102 2495 5138 c.
2533 5086 2600 5149 8;
2652 5084 2851 5137 concil.
2893 5084 3221 5151 Aquisgian.
3271 5098 3321 5134 c.
3376 5084 3514 5146 H8;

1955 5156 2366 5224 Aquisgran.n.
2415 5156 2514 5207 sub
2547 5156 2834 5224 Ludovico
2866 5164 3016 5220 parte
3055 5154 3121 5212 5;
3161 5153 3357 5205 concil.
3407 5152 3514 5224 ’[ιι-

1954 5221 2075 5280 roit.
2120 5221 2219 5278 sub
2283 5226 2516 5285 Carolo,
2554 5240 2602 5275 c.
2641 5224 2699 5276 5i
2736 5240 2749 5284 ;
2794 5221 3091 5289 Maguntin.
3146 5238 3195 5274 c.
3251 5224 3355 5283 i9;
3414 5221 3517 5274 Re.-

1956 5311 2160 5356 mense,
2198 5310 2247 5349 c.
2288 5295 2387 5359 27;
2413 5294 2655 5359 Capitula
2688 5296 2813 5346 Car.
2852 5292 2919 5343 Μ.
2964 5308 3015 5359 p.
3057 5292 3192 5354 135;
3236 5292 3494 5345 Clemens

1955 5368 2117 5419 eoist.
2144 5366 2179 5417 2
2209 5365 2274 5418 ad
2297 5362 2558 5417 Jacobunt
2589 5362 2808 5415 lratrcut
2847 5362 3059 5414 Domini
3092 5380 3101 5413 :
3141 5361 3309 5414 Nemo
3345 5369 3518 5413 tamen

1954 5430 2260 5487 clericorum
2290 5449 2405 5485 cum
2435 5443 2687 5485 extranea
2715 5431 2909 5483 habitet
2942 5430 3160 5497 femina,
3198 5432 3301 5483 nisi
3333 5432 3503 5495 proxi-

1956 5523 2039 5557 ma
2063 5514 2152 5556 aut
2184 5521 2334 5557 soror
2365 5503 2543 5569 fuerit.

2025 5574 2138 5643 (73)
2184 5568 2583 5626 Matrimonium
2616 5568 3125 5643 reontraxeriﬂt_._Vide
3162 5568 3294 5639 Cap.
3331 5568 3515 5626 Carol.

1958 5640 2041 5695 M.
2064 5640 2275 5698 et'le.
2308 5646 2483 5710 legum
2514 5642 2789 5709 antiquar.
2826 5657 2876 5707 p.
2905 5640 3032 5710 655ῗ

2026 5714 2136 5781 (Ἠ)
2183 5714 2373 5766 Gladio
2415 5713 2640 5780 pariter.
2677 5712 2806 5765 Vide
2840 5711 2902 5761 ad
2951 5711 2983 5760 I.
3021 5709 3074 5773 5,
3108 5725 3231 5778 sup.
3265 5716 3325 5767 de
3355 5713 3515 5780 epist.

1954 5794 2000 5838 et
2024 5784 2145 5838 cler.
