4208 6442
257 409 378 474 1281

1273 413 1606 475 CONSTlT.
1650 419 1942 478 ECCLES.
1986 419 2411 477 COLLECTiO.

3328 418 3461 478 17.82

247 525 368 589 τικῆ
403 522 670 583 ὑποθέσει,
702 526 728 574 ό
760 524 942 591 ἄρχων
970 523 1168 589 ταύτης
1200 524 1508 591 ἀκροάσθω,
1540 526 1795 589 ἐνυπόθη-

1836 533 1874 584 Α
1907 541 2107 594 praases
2137 542 2253 578 eam
2287 527 2495 587 audiat,
2548 534 2837 592 prmStante
2891 524 3200 577 cautionem
3262 525 3458 576 clerico

247 627 338 664 κον
357 610 821 682 όμολογίανᾟρκου
846 615 1010 682 χωρὶς
1035 613 1383 680 ἐκτιθεμένου
1403 617 1492 665 τοῦ
1519 616 1795 684 κληρικοῦ.

249 703 304 752 l-Li
334 703 385 753 δέ
420 703 842 771 ἐκκλησιαστικὴ
878 704 1023 772 αὑτῴ
1055 703 1280 772 ζήτησις
1314 706 1608 772 ἐπάγεται,
1645 705 1800 772 μόνος

244 798 272 845 ό
299 794 591 855 ἐπίσκοπος
621 797 824 864 ταύτην
857 797 1102 864 κρινέτω.

329 882 643 934 Ἐπίσκοποί
670 900 820 944 τινας
850 885 968 935 κατ’
994 885 1236 953 ἀλλήλων
1264 888 1554 938 κινούντων
1583 883 1692 956 [τσ.
1723 902 1803 934 κι-

245 973 479 1041 νοῦντες]
513 975 689 1034 αἰτίας
725 974 872 1042 παρὰ
903 973 982 1042 τῷ
1019 974 1130 1044 ἰδίῳ
1162 977 1565 1038 δικαζέσθωσαν
1603 990 1804 1042 μητρο-

245 1064 454 1133 πολίτῃ,
485 1063 947 1130 συνακροωμένων
973 1066 1063 1118 δύο
1091 1066 1402 1118 ἐπισκόπων
1428 1063 1528 1131 τῆς
1561 1066 1798 1115 συνόδου.

243 1152 482 1219 Θατέρου
514 1152 567 1203 δὲ
603 1154 678 1220 μὴ
708 1155 1043 1222 ποιχοῦντος
1070 1159 1134 1224 τῇ
1165 1156 1369 1206 τούτων
1401 1156 1612 1224 κρίσει,
1645 1156 1672 1205 ὁ
1703 1157 1806 1222 ἁρ-

248 1242 422 1306 μόδιος
463 1243 800 1311 πατριάρχης
841 1243 1080 1307 ἐξετάσει
1119 1246 1216 1314 τὴν
1251 1244 1451 1312 ψῆφον,
1497 1245 1570 1313 μὴ
1614 1244 1802 1306 δεδιὼς

242 1331 514 1397 ἔκκλητον.

313 1421 720 1490 Μητροπολίτης
764 1423 817 1474 δὲ
857 1424 1179 1490 ἐναγόμενος
1226 1425 1378 1490 παρὰ
1413 1423 1490 1488 τῷ
1534 1424 1646 1490 ἰδίῳ
1689 1439 1806 1485 κρι-

240 1506 410 1557 νέσθω
448 1511 774 1577 πατριάρχῃ.
815 1511 870 1560 '0
905 1510 1064 1570 αὐτὸς
1096 1509 1151 1560 δέ
1185 1509 1535 1573 φυλαττέσθω
1566 1508 1802 1576 τρακτᾶ-

240 1615 325 1657 τος
355 1599 446 1649 καὶ
475 1599 564 1649 ἐπὶ
591 1599 871 1668 κληρικοῦ,
898 1599 974 1667 τῷ
1006 1599 1120 1667 ἰδίῳ
1147 1599 1428 1664 ἐνάγοντος
1458 1600 1739 1665 ἐπισκόπῳ
1769 1598 1799 1664 ἢ

244 1689 629 1757 μητροπολίτῃ.
660 1691 739 1740 Τὰ
765 1690 817 1742 δὲ
850 1689 1108 1758 εἰρημένα
1137 1690 1351 1742 ἅπαντα
1383 1690 1667 1755 πρόσωπα,
1697 1689 1804 1740 εἶτε

240 1779 388 1845 παρὰ
411 1780 518 1838 τοῖς
551 1779 699 1839 ἰδίοις
730 1781 1069 1843 ἐπισκόποις,
1100 1780 1130 1846 ἠ
1166 1779 1610 1848 μητροπολίταις,
1640 1778 1670 1844 ἢ
1714 1794 1806 1828 πα-

237 1869 521 1935 τριάρχαις
553 1868 890 1931 δικάζονται,
926 1869 1036 1920 εἴτε
1074 1869 1204 1937 παρ’
1230 1870 1437 1936 ἑτέροις
1467 1868 1610 1919 τισίν
1637 1885 1649 1898 ·
1685 1867 1805 1917 οὗτε

238 1957 294 2007 δέ
327 1959 550 2024 ἐγγύην,
577 1958 699 2009 οὗτε
732 1959 1034 2026 ἐξωμοσίαν
1061 1959 1200 2027 ὑπὲρ
1228 1960 1325 2027 τῆς
1352 1959 1506 2027 δίκης
1541 1959 1807 2026 παρέχουέ

241 2063 346 2111 σιν,
378 2047 512 2099 ἀλλὰ
545 2050 705 2116 μόνον
736 2049 1008 2117 ὑπόθηκον
1036 2051 1305 2104 cautiona.

311 2221 420 2282 Πᾶς
451 2221 732 2290 κληρικὸς,
766 2222 980 2290 εὐαγῶν
1006 2223 1186 2276 τόπων
1210 2224 1486 2294 διοικητὴς
1512 2224 1609 2288 ὣν,
1641 2226 1806 2277 ἁπαι-

235 2311 436 2364 τείσθω
483 2313 580 2364 ὅσα
626 2313 691 2364 ἂν
737 2312 1193 2379 λογοθετούμενος
1241 2313 1434 2382 φανείη
1484 2315 1807 2382 χρεωστῶν,

240 2403 334 2454 καὶ
386 2404 519 2468 μετὰ
566 2403 893 2472 καταϐολὴν,
942 2405 990 2456 εί
1039 2405 1185 2472 λέγει
1235 2405 1433 2468 ἀδίκως
1481 2407 1807 2475 εὐθυνθῆναι

239 2492 344 2542 ὑπὸ
368 2491 461 2542 τοῦ
492 2492 617 2544 ἰδίου
648 2495 966 2558 ἐπισκόπου,
995 2496 1084 2546 τὸν
1115 2495 1335 2564 μείζονα
1363 2497 1660 2549 ἐπίσκοπον
1690 2501 1809 2550 ἐπι-

236 2579 505 2633 καλεισθω
525 2595 537 2608 ·
568 2582 1030 2654 τούτωναέχόντων
1056 2588 1239 2653 χώραν
1267 2588 1360 2640 καὶ
1395 2587 1488 2639 ἐπὶ
1514 2587 1620 2639 τῶν
1644 2589 1807 2640 αὑτοῦ

237 2671 338 2740 κλη
349 2672 607 2740 ρονόμων.

315 2847 372 2897 '0
402 2845 658 2915 κληρικὶς
686 2847 837 2916 παρὰ
866 2849 1090 2918 γνώμην
1116 2849 1208 2902 τοῦ
1241 2849 1371 2903 ἰδίου
1399 2852 1697 2904 ἐπισκόπου
1731 2852 1803 2920 μὴ

235 2937 603 3005 ἀποδημείτω,
628 2939 722 3000 τὰς
747 2941 1151 3009 προειρημένας
1175 2942 1366 3003 ποινὰς
1388 2942 1803 3011 εὐλαϐούμενος,

233 3025 296 3087 ἃς
326 3026 464 3077 κατὰ
491 3025 595 3077 τῶν
623 3029 936 3081 ἐπισκόπων
968 3031 1248 3100 ἐπήγαγεν
1279 3032 1311 3100 ἡ
1341 3030 1607 3098 διάταξις.

305 3116 414 3177 Πᾶς
477 3115 532 3167 δέ
582 3117 910 3183 ἐπίσκοπος,
963 3120 1348 3190 εὑρισκόμενος
1393 3124 1450 3174 ἐν
1497 3124 1804 3192 Βυζαντίῳ,

233 3208 382 3274 παρᾶ
425 3209 605 3275 μόνοις
640 3212 752 3271 τοῖς
794 3210 1051 3280 ἐπάρχοις
1093 3211 1124 3281 ἢ
1161 3215 1271 3274 τοῖς
1314 3213 1475 3274 θείοις
1516 3213 1795 3277 δικασταῖς

233 3299 506 3365 ἰναγέσθω
528 3339 540 3362 ,
577 3301 632 3350 ἐν
663 3293 705 3366 ᾧ
734 3302 922 3368 γέγονε
956 3304 1329 3372 προκάταρξις
1358 3305 1415 3354 ἐν
1443 3306 1506 3372 τῇ
1544 3305 1762 3372 πατρίδι
1790 3323 1800 3334 ·

228 3391 363 3440 ὅπου
405 3391 513 3460 γὰρ
554 3394 585 3460 ἡ
628 3392 1034 3461 προκάταρξις,
1071 3399 1160 3446 καὶ
1206 3396 1263 3446 τὸ
1305 3397 1478 3464 πέρας
1517 3397 1614 3464 τῆς
1651 3397 1804 3465 δίκης

228 3483 586 3547 γυμνάζεται.

311 3575 369 3626 '0
401 3577 814 3644 ἀποκρισιάριος
844 3576 918 3644 μὴ
949 3577 1226 3642 ἐναγέσθω
1258 3578 1395 3644 ὑπὲρ
1421 3577 1528 3629 τῶν
1557 3579 1803 3630 ἀποστει-

226 3665 432 3718 λάντων
463 3667 643 3717 αὐτόν.
679 3667 739 3718 Εἰ
773 3665 828 3716 δέ
868 3669 962 3718 καὶ
1000 3666 1221 3728 ἐντολὰς
1257 3668 1438 3732 ἐνάγει
1467 3673 1593 3730 τινί,
1623 3671 1804 3721 ἅντενο

225 3757 468 3823 αγέσθω.
512 3758 742 3826 Ὁμοίως
787 3759 843 3809 δὲ
893 3759 990 3810 καὶ
1041 3759 1178 3828 ὑπὲρ
1229 3753 1303 3812 ὧν
1349 3760 1644 3829 συνήλλαξε
1686 3766 1804 3824 ταῖς

225 3850 550 3915 ἀποκρίσεσι
592 3847 875 3902 διακονῶν.
914 3849 1097 3902 Ταῦτα
1139 3854 1232 3904 καὶ
1277 3853 1405 3918 περί
1439 3852 1548 3904 τῶν
1581 3856 1804 3905 ἐπισκό-

225 3952 344 3989 πων
382 3940 605 4006 κρατεῖ,
643 3938 731 3990 διὰ
767 3941 1106 4008 χειροτονίαν
1144 3940 1174 4010 ἦ
1219 3942 1516 4010 πρεσϐείαν
1553 3943 1803 3995 ἀνελθόν-

219 4045 334 4079 των
368 4032 425 4081 ἐν
461 4031 1024 4084 Κωνσταντινουπόλει
1055 4072 1068 4096 ,
1102 4033 1211 4084 τῶν
1246 4035 1473 4103 χρονίων
1515 4051 1801 4103 παραγρα-

221 4119 341 4186 φῶν
372 4124 432 4170 ἐκ
461 4120 559 4186 τῆς
591 4121 773 4173 αὐτῶν
801 4123 1126 4191 ἀπολήψεως
1160 4124 1236 4193 μὴ
1270 4123 1678 4193 βλαπτομένων.

309 4211 367 4260 'U
405 4211 662 4278 κληρικὸς
698 4214 790 4263 καὶ
823 4215 849 4264 ὁ
886 4214 1119 4282 μοναχδς
1157 4217 1247 4266 καὶ
1279 4215 1344 4267 δι’
1371 4215 1578 4268 ἑαυτῶν
1613 4217 1702 4268 καὶ
1736 4218 1802 4270 δι’

218 4301 481 4351 ἐντολέων
516 4302 844 4370 ἐννϐρίστως
881 4306 1246 4370 ἐναγέτωσαν.
1281 4307 1602 4375 Μονάστρια
1634 4307 1689 4358 δὲ
1726 4308 1800 4375 μὴ

216 4393 543 4457 ἀφελκέσθω
575 4395 666 4444 τοῦ
711 4397 1109 4463 μοναστηρίου,
1152 4397 1288 4450 ἀλλὰ
1323 4398 1390 4450 δι’
1423 4400 1677 4462 ἐντολέως
1712 4403 1797 4451 ἐν·

214 4478 441 4544 αγέσθω
466 4517 479 4542 ,
520 4480 613 4531 τοῦ
651 4484 1077 4551 παραϐαίνοντος
1112 4485 1364 4538 δικαστοῦ
1384 4487 1478 4556 τῆς
1515 4489 1688 4559 ζώνης
1708 4509 1796 4557 γυ-

216 4572 524 4639 μνουμένου
541 4587 555 4602 ·
578 4571 668 4624 τοῦ
695 4573 749 4624 δὲ
774 4575 1100 4628 ἐκϐιϐαστοῦ
1127 4579 1258 4647 πρὸς
1281 4576 1354 4648 [in
1375 4581 1482 4632 alio
1501 4599 1602 4634 ms.
1623 4583 1799 4651 παρά]

211 4665 329 4722 τοίς
384 4666 692 4731 εἰρημένοις
747 4665 1174 4736 βασανιζομένου
1227 4673 1321 4723 καὶ
1373 4672 1750 4741 ἐξοριζομένου
1783 4691 1795 4705 ·

208 4754 404 4805 ἄδειαν
439 4754 652 4819 ιἔχοντος
684 4757 776 4808 τοῦ
821 4759 1120 4810 ἐπισκόπου
1161 4762 1388 4829 μηνύειν
1425 4762 1637 4830 βασιλεῖ
1671 4767 1796 4834 περὶ

207 4861 428 4895 τουτου.

287 5120 562 5189 Κληρικὸς
600 5121 865 5182 αἰτιαθεὶς
895 5123 1134 5192 τέσσαρα
1174 5127 1403 5194 κεράτια
1446 5128 1588 5197 λόγῳ
1628 5147 1793 5200 σπορ-

197 5210 417 5260 τοὺλων
464 5212 762 5277 παρεχέτω.
812 5214 869 5262 Εἰ
916 5212 969 5263 δὲ
1018 5216 1074 5265 ἐν
1120 5217 1410 5284 ἐπαρχίαις
1457 5219 1595 5270 κατὰ
1643 5219 1791 5274 θείαν

201 5304 464 5356 law,”
515 5303 545 5370 ἢ
601 5306 1035 5372 πατριαρέικὴνι
1088 5306 1118 5375 ἢ
1176 5307 1434 5376 ἄρχοντος
1492 5313 1792 5380 ἐπιτροπὴν

196 5398 380 5463 σταλῇ
416 5396 548 5463 πρὸς
581 5396 776 5455 αὐτους
810 5396 1160 5466 ἐκϐιϐαστὴς,
1192 5401 1445 5467 χρύσινον
1473 5409 1539 5455 α’.
1578 5405 1789 5457 Πολλῶν

191 5491 254 5542 δὲ
296 5489 441 5556 ὑπὲρ
480 5489 605 5556 μιᾶς
643 5490 816 5549 αἰτίας
854 5491 1330 5559 ὑπομνησθέντων,
1367 5492 1424 5544 ἓν
1461 5497 1789 5564 σπόρτουλον

191 5582 351 5647 ὑπὲρ
385 5582 598 5634 πάντων
627 5582 868 5637 διδόσθω.
905 5584 1231 5645 Ἐπίσκοπος
1261 5586 1314 5636 δὲ
1349 5587 1613 5650 αἰτιαθεὶς
1649 5592 1786 5659 ὑπὲρ

194 5674 346 5731 ἰδίας
387 5675 564 5735 αἰτίας
600 5675 789 5726 διδότω
828 5678 1149 5744 σπᾶρτουλα.
1189 5680 1471 5750 Μηδαμῶς
1507 5683 1561 5734 δὲ
1596 5686 1786 5750 ἐναγέ-

187 5770 316 5820 σθω
354 5768 494 5836 ὑπὲρ
527 5771 620 5836 τῆς
657 5768 785 5830 ἰδίας
819 5771 1142 5839 ἐκκλησίας,
1179 5773 1292 5824 ἀλλ’
1316 5776 1342 5826 ὸ
1374 5777 1652 5844 οἰκονόμος
1687 5781 1783 5832 αὖε

1911 617 2013 668 sub
2045 615 2363 667 facultatum
2420 631 2637 668 suarum
2688 615 3038 682 obligatione,
3094 615 3229 667 citra
3283 614 3464 681 jusju-

1909 707 2160 759 randum.
2188 706 2280 760 Sin
2319 707 2687 760 ecclesiastica
2723 706 2787 759 lis
2841 707 2888 759 ei
2942 706 3261 766 intentatur,
3315 719 3375 757 so
3402 719 3463 753 Its

1908 793 2193 858 episcopus
2227 793 2278 842 in
2317 792 2403 842 illa
2434 793 2595 857 judex
2629 803 2768 846 esto.

1977 879 2111 932 Cutn
2144 882 2384 949 episcopi
2420 883 2543 934 lites
2577 884 2841 937 adversus
2874 897 2932 936 se
2967 884 3194 936 invicem
3226 893 3461 945 movent,

1910 970 2051 1035 apud
2090 975 2566 1040 metropolitanum
2601 989 2758 1026 suum
2793 975 3168 1040 experiantur,
3209 989 3311 1025 ttna
3338 989 3458 1026 cuin

1911 1061 2001 1112 illo
2025 1061 2239 1115 dnolnts
2266 1065 2539 1130 episcopis
2561 1079 2590 1115 e
2621 1064 2853 1116 concilio
2880 1079 3072 1116 causas
3100 1064 3463 1115 audientibus.

1908 1147 2062 1210 Quod
2098 1151 2140 1202 si
2180 1149 2372 1202 horum
2408 1152 2670 1203 alteruter
2728 1167 2832 1202 non
2876 1150 3199 1203 assentiatnr
3253 1149 3464 1200 illorum

1907 1238 2138 1304 judicio,
2173 1239 2475 1304 patriarcha
2508 1250 2821 1306 competens
2877 1240 3206 1292 sententiain
3263 1241 3468 1291 examio

1911 1327 2076 1387 nabit,
2113 1329 2314 1379 nullam
2357 1329 2563 1381 veritus
2597 1329 3045 1395 appellationem.

1980 1416 2133 1478 Quod
2212 1416 2256 1468 si
2316 1419 2765 1482 tnetrOpolitanns
2836 1419 2923 1477 sit,
2984 1419 3075 1485 qui
3129 1420 3463 1474 convenitur.

1911 1506 2055 1572 apud
2091 1506 2460 1572 patriarcham
2503 1522 2660 1558 suum
2688 1507 2984 1575 jndicator.
3021 1507 3165 1560 Idem
3202 1514 3470 1559 tractatus

1911 1603 2156 1644 servator
2182 1594 2344 1646 etiam
2382 1594 2434 1645 in
2467 1593 2687 1655 clerico,
2728 1595 2818 1662 qui
2853 1610 3010 1648 suum
3045 1593 3300 1646 convenit
3352 1595 3472 1660 epi-

1911 1697 2158 1749 scopum,
2233 1694 2326 1738 aut
2394 1686 2894 1752 metroltolitanum.
2950 1685 3217 1738 Ct‘eterum
3281 1700 3469 1738 onmes

1914 1773 2164 1826 indicata:
2196 1789 2464 1840 personae,
2521 1778 2633 1828 sive
2665 1777 2802 1842 apud
2855 1777 3136 1843 episcopos
3188 1789 3340 1838 suos,
3379 1786 3470 1828 aut

1846 1856 1884 1908 ll
1917 1864 2388 1930 ntetropolitanos,
2412 1875 2502 1916 aut
2535 1865 2874 1932 patriarchas
2898 1865 3132 1930 litigant,
3171 1864 3285 1918 sive
3310 1867 3470 1916 etiam

1912 1954 2053 2019 apud
2089 1954 2225 2007 alios
2253 1954 2557 2022 quosdam;
2613 1968 2711 2007 nec
2751 1953 3174 2022 lidejussionetn,
3211 1954 3292 2005 vel
3320 1954 3474 2020 jura-

1911 2040 2102 2092 toriam
2140 2042 2446 2094 cautionem
2481 2041 2590 2094 litis
2642 2041 2864 2094 nomine
2924 2049 3205 2108 praestant,
3253 2044 3347 2094 sed
3389 2057 3475 2094 so-

1913 2132 2018 2184 lam
2063 2132 2412 2184 securitatem
2447 2131 2548 2184 sub
2577 2131 2838 2184 bonorum
2872 2130 3218 2198 obligatione.

1981 2223 2058 2274 Ab
2084 2222 2227 2274 omni
2252 2223 2468 2284 clerico,
2499 2223 2588 2289 qui
2616 2221 2992 2288 religiosorum
3029 2221 3267 2273 locorum
3305 2221 3474 2276 aimi-

1912 2321 2172 2366 ntstrator
2210 2324 2310 2374 est,
2344 2312 2630 2381 exiguntor
2660 2327 2721 2364 ea
2783 2326 3123 2380 quzecunqne
3170 2312 3476 2363 constiterit

1912 2416 2033 2454 eum
2093 2401 2313 2459 debere.
2348 2417 2470 2454 cum
2511 2404 2751 2455 rationes
2790 2402 2856 2454 ad
2905 2403 3024 2466 ipso
3058 2403 3378 2465 redduntur,
3413 2418 3475 2455 ac

1913 2491 2187 2546 solutione
2220 2492 2390 2553 facta,
2425 2494 2470 2546 si
2514 2493 2658 2546 dicat
2694 2493 2896 2560 injuste
2927 2495 3165 2548 rationes
3199 2505 3415 2548 exactas
3448 2511 3474 2546 a

1911 2598 1970 2637 se
2002 2598 2094 2652 per
2126 2586 2442 2654 episcopum
2478 2601 2663 2650 suum,
2708 2586 3023 2654 episcopum
3079 2588 3336 2655 majorem
3378 2590 3476 2641 ian-

1912 2677 2128 2742 ploret:
2169 2677 2252 2729 his
2285 2677 2420 2744 ipsis
2461 2677 2636 2730 locum
2691 2676 3024 2730 habentibus
3075 2679 3237 2731 etiam
3277 2679 3330 2730 in
3363 2680 3470 2731 ha:-

1912 2765 2134 2817 redibus
2165 2765 2309 2833 ejus.

1982 2877 2227 2932 Clericus
2262 2889 2456 2945 praeter
2493 2881 2824 2932 voluntatem
2861 2880 3100 2949 episcopi
3132 2883 3210 2933 sui
3252 2899 3474 2954 peregre

1913 2983 1980 3021 ne
2029 2969 2415 3036 proliciscitor,
2469 2971 2754 3037 praedii-tas
2815 2986 3001 3050 pcenas
3057 2975 3281 3036 veritus,
3340 2991 3476 3042 quas

1913 3059 2174 3115 adversus
2211 3063 2492 3129 episcopos
2534 3062 2646 3114 haec
2680 3065 3008 3116 constitutio
3041 3066 3255 3118 statuit.

1834 3184 1878 3246 ρ
1983 3152 2173 3206 Omnis
2226 3152 2532 3221 cpiscopus,
2575 3154 2664 3222 qui
2701 3154 2940 3224 Byzantii
2995 3157 3281 3222 reperitur.
3334 3160 3472 3226 apud

1911 3243 2056 3297 solos
2091 3244 2372 3312 praefectos
2407 3248 2680 3312 praetorio,
2739 3247 2822 3299 vel
2857 3248 3071 3299 divinos
3097 3246 3310 3311 jndices
3342 3263 3474 3301 con-

1909 3339 2140 3401 venitur,
2195 3338 2262 3391 de
2295 3355 2404 3407 quo
2441 3341 2673 3407 primmn
2710 3341 2851 3392 iacta
2883 3348 2967 3393 cst
3004 3339 3109 3393 litis
3141 3344 3467 3395 contestatio

1907 3429 1963 3481 in
2008 3429 2201 3496 patria.
2239 3427 2338 3482 Ubi
2391 3431 2534 3482 ettitn
2569 3431 2676 3483 litis
2709 3434 3033 3484 contestatio
3084 3431 3220 3485 facta
3257 3441 3360 3497 est,
3402 3434 3472 3486 ίίιί

1909 3519 2031 3571 linis
2066 3519 2224 3571 etiam
2257 3520 2368 3572 litis
2396 3534 2700 3573 exercetur.

1977 3611 2378 3677 Apocrisiarius
2411 3627 2598 3665 eorum
2636 3613 2879 3674 nomine,
2932 3614 3023 3678 qui
3080 3613 3344 3666 miserunt
3387 3615 3472 3680 ip-

1909 3715 2052 3762 sum,
2112 3714 2179 3752 ne
2226 3704 2569 3754 convenitor.
2625 3700 2680 3753 Si
2737 3717 2863 3754 vero
2915 3702 3190 3753 mandatis
3238 3707 3473 3770 acceptis

1907 3791 2138 3858 aliquem
2173 3791 2446 3855 convenit,
2483 3793 2829 3846 reconventio
2862 3793 3036 3844 locum
3065 3792 3280 3843 habeto.
3314 3790 3351 3843 S
3380 3793 3474 3841 liti-

1906 3881 2031 3934 litcr
2098 3890 2152 3934 et
2207 3881 2422 3935 illorum
2500 3882 2718 3936 nmnine
2777 3884 3116 3945 convenitor,
3186 3897 3304 3951 qua:
3343 3887 3468 3936 dum

1905 3973 2250 4039 apocrisiarii
2282 3985 2508 4028 munere
2542 3974 2811 4044 fungitur,
2849 3977 3140 4027 contraxit.
3181 3974 3379 4026 Eadem
3417 3978 3465 4023 in

1905 4063 2178 4131 episc0pis
2231 4079 2444 4132 quoque
2482 4065 2658 4117 locum
2717 4065 2938 4128 habent,
2994 4065 3081 4132 qui
3125 4074 3345 4133 propter
3379 4079 3471 4117 or-

1903 4152 2263 4214 dinationem.
2295 4164 2389 4208 aut
2421 4156 2746 4224 legationem
2779 4156 3044 4222 aliquam,
3086 4155 3474 4208 Constantino-

1905 4243 2071 4311 polim
2103 4245 2392 4298 venerint:
2439 4246 2943 4314 praescriptionibus
2985 4247 3125 4314 longi
3189 4249 3471 4314 temporis,

1905 4349 1971 4386 ex
2009 4334 2253 4400 ipsorum
2287 4333 2560 4398 absentia,
2597 4336 2747 4387 nullo
2783 4349 2944 4386 moon
2974 4334 3255 4388 latdendis.

1973 4420 2214 4475 Clericus
2241 4432 2294 4476 et
2320 4425 2645 4486 monachus,
2670 4432 2778 4475 tam
2811 4424 2861 4474 in
2894 4439 2989 4476 sua
3022 4440 3278 4493 persona,
3306 4440 3466 4492 quam

1829 4521 2002 4580 Dper
2059 4523 2466 4581 procuratores,
2524 4516 2728 4584 absque
2780 4516 2994 4584 injuriis
3051 4519 3469 4571 conveniuntor.

1907 4602 2200 4657 Monastria
2241 4620 2366 4658 vero
2429 4621 2497 4659 ne
2551 4607 2884 4660 abstrahitor
2919 4623 2948 4660 e
2981 4611 3336 4671 monasterio,
3373 4613 3466 4662 sed

1900 4705 1997 4757 per
2049 4703 2461 4760 procuratorem
2521 4696 2863 4758 convenitur,
2928 4697 3130 4764 judice,
3215 4701 3304 4766 qui
3367 4698 3468 4750 ho.:

1901 4783 2323 4848 transgreditur,
2349 4785 2569 4853 cingulo
2596 4787 2918 4854 spoliando;
2957 4800 3275 4841 exsecutore
3312 4804 3458 4850 vero,

1900 4880 2096 4940 praeter
2150 4873 2407 4938 indicata,
2463 4878 2747 4930 tormentis
2803 4880 2966 4931 etiatn
3023 4879 3360 4946 SUbjlt'it‘lldO
3412 4892 3465 4933 et

1899 4961 2188 5031 relegando
2217 4983 2228 5017 :
2261 4966 2518 5033 episcopo
2550 4967 2826 5020 licentiam
2863 4969 3115 5032 liabcntc,
3151 4979 3205 5020 ut
3258 4975 3317 5022 tiC
3365 4970 3466 5022 hac

1900 5071 1957 5108 re
1992 5056 2260 5124 significet
2292 5061 2627 5129 imperatori.

1971 5147 2214 5203 Clericus
2288 5162 2600 5214 accusatus,
2679 5162 2916 5216 quatuor
2973 5155 3200 5222 siliquas
3260 5157 3468 5210 ratione

1899 5241 2268 5306 Sportularum
2302 5243 2538 5310 praebeto
2602 5242 2656 5294 Si
2690 5260 2817 5297 vero
2856 5247 2904 5296 in
2960 5246 3257 5313 provinciis
3309 5246 3467 5311 jussu

1898 5327 2265 5397 imperatorio,
2324 5334 2405 5385 vel
2446 5333 2812 5402 patriarthali,
2847 5338 2924 5386 vel
2963 5350 3231 5402 pertttzssu
3267 5339 3466 5402 ptumi-

1895 5420 1980 5472 dis
2012 5435 2302 5475 exsecutor
2332 5424 2396 5476 ad
2431 5443 2524 5479 eos
2555 5428 2756 5480 llliSSl'S
2817 5427 2997 5489 luerit,
3036 5428 3266 5479 sol‘dunt
3297 5445 3461 5481 unum

1895 5524 2170 5580 [,rmslent.
2239 5515 2390 5581 Quod
2459 5520 2502 5570 si
2563 5521 2741 5587 plures
2776 5519 2938 5571 unius
2993 5535 3174 5572 causa:
3250 5522 3468 5574 nomine

1892 5607 2212 5659 commoniti
2245 5609 2464 5671 fuerint,
2503 5626 2622 5662 umc
2654 5612 2922 5663 duntaxat
2953 5612 3192 5664 omnium
3242 5613 3459 5664 nomint:

1892 5699 2197 5764 praebentor
2237 5701 2513 5769 sportulaz.
2561 5702 2860 5771 Episcopus
2897 5713 3188 5758 accusatus
3216 5701 3322 5752 litis
3352 5716 3461 5752 5th

1892 5805 2054 5844 causa
2092 5793 2270 5848 nullas
2305 5793 2394 5849 det
2426 5797 2721 5863 sportulas.
2765 5797 2909 5850 Idem
2947 5797 3094 5851 nullo
3139 5794 3297 5847 uio-.lo
3332 5806 3462 5845 con-
