4208 6442
247 396 377 463 1301

1297 402 1636 469 CONSTIT.
1687 407 1986 471 ECCLES.
2022 406 2458 469 COLLECTIO.

3345 402 3367 466 ι
3378 401 3487 465 302

313 515 576 567 Διατυποῖ
601 515 633 581 ἡ
653 513 896 577 διάταξις
931 514 986 565 τί
1028 514 1137 585 χρὴ
1164 516 1432 587 πράττειν
1462 522 1555 572 τὸν
1582 519 1809 571 ιπίσκο-
1845 519 1897 577 Α

1845 519 1897 577 Α
1994 518 2201 573 Statuit
2235 519 2424 573 eadem
2452 518 2793 582 constitutio,
2827 518 2958 585 quid
2988 531 3277 585 cpiscopus
3301 516 3480 569 facere

243 623 347 658 πον
387 608 518 673 περὶ
561 606 670 658 τῶν
719 606 803 668 είς
854 605 1095 660 διάδοσιν
1147 610 1463 679 πτωχῶν,ῆ
1503 611 1807 680 ἀνάρρυσιν

241 695 351 747 τῶν
396 695 788 765 αἰχμαλώτων,
834 695 1183 767 ἁπροσώπως
1238 715 1295 752 τε
1358 701 1451 753 καὶ
1506 701 1809 767 ἀνωνύμως

242 787 733 854 καταλειφθέντων.

316 875 425 936 Τὰς
449 876 555 927 τῶν
582 876 839 945 διαδόχων
870 879 963 932 καὶ
998 881 1298 933 ἁδιαθὲτων
1330 881 1677 941 ἐπισκόπων,
1717 882 1813 932 καὶ

243 964 448 1016 λοιπῶν
487 967 779 1035 ίερατικῶν
849 970 1157 1038 προσώπων
1220 971 1536 1038 περιουσίας
1589 970 1647 1020 αῖ
1692 969 1812 1021 κατ’

243 1056 440 1119 αὐτοὺς
480 1056 763 1126 ἐκκλησίαι
799 1058 1157 1129 διαδέχονται.

316 1233 509 1287 Τίτλου
544 1236 637 1288 τοῦ
662 1238 827 1290 αὑτοῦ
853 1239 1097 1303 διάταξις
1120 1239 1185 1291 θ’.
1221 1236 1312 1291 Δεῖ
1340 1241 1463 1302 τοὺς
1497 1241 1815 1309 οἰκονόμους

242 1323 355 1377 τῶν
382 1327 689 1395 ἐκκλησιῶν
715 1328 882 1390 ἀδεῶς
928 1331 1164 1382 ἐκδικεῖν
1213 1331 1279 1381 τὰ
1330 1329 1685 1400 περιελθόντα
1734 1332 1814 1395 είς

242 1414 345 1482 τὴν
376 1414 653 1482 βασιλείαν
680 1418 790 1471 τῶν
819 1420 1039 1485 εὐαγῶν
1075 1421 1244 1472 οῖκων
1280 1422 1516 1489 ἀκίνητα
1548 1423 1817 1491 πράγμα-

244 1522 340 1571 τα,
386 1507 480 1557 καὶ
531 1508 812 1577 ἀμεῗψεως
858 1512 1062 1579 τρόπον
1115 1510 1226 1583 [ἷσ.
1280 1511 1513 1583 τρόπῳ],
1551 1515 1646 1567 ἐὰν
1681 1514 1819 1583 πρὸς

245 1589 439 1662 ἕτερον
470 1595 770 1660 μετέλθωσι
805 1599 1120 1665 πρόσωπον.
1154 1602 1469 1668 Σημείωσαι
1521 1603 1577 1654 δὲ
1632 1604 1717 1656 ὅτι
1758 1603 1821 1654 τὸ

248 1686 493 1789 ἐναντίον
519 1690 683 1757 φησὶν
707 1692 738 1759 ἡ
768 1692 1016 1758 διάταξις
1042 1693 1137 1747 τοῦ
1160 1696 1341 1749 τίτλου
1373 1698 1820 1769 μεταγενεστέρα

245 1789 407 1829 ονσα.

1914 609 2109 663 debeat
2142 610 2210 663 de
2242 611 2330 672 iis.
2358 625 2477 679 qua:
2508 611 2837 680 pauperibus
2861 608 3261 671 distribuenda,
3293 608 3377 661 vel
3409 607 3477 660 ad

1915 701 2346 769 redemptionem
2381 704 2743 771 captivorum,
2773 702 2980 768 absque
3011 713 3369 767 personarum
3414 712 3476 752 ac

1915 794 2197 846 nominum
2230 794 2583 862 expressione
2611 794 2795 847 relicta
2836 800 2989 846 sunt.

1986 885 2045 937 In
2088 886 2512 952 episcoporum,
2561 894 2615 938 et
2659 885 2996 953 reliquarum
3049 880 3478 938 saccrdotalium

1918 990 2309 1041 personarum,
2367 974 2485 1031 sine
2537 975 2949 1031 successoribus
2994 982 3048 1027 et
3103 973 3223 1028 sine
3285 968 3485 1024 tabulis

1916 1066 2292 1122 accedentium
2340 1068 2713 1130 facultatibus,
2776 1066 3018 1135 ipsorum
3072 1062 3322 1118 ecclesia:
3375 1061 3485 1115 sint

1918 1158 2190 1213 haeretica.

1991 1249 2245 1317 Ejusdem
2280 1250 2422 1303 tituli
2452 1249 2777 1303 constitutio
2805 1247 2862 1302 9.
2902 1247 3130 1313 Oportet
3168 1258 3489 1299 teconomos

1918 1342 2274 1397 ecclesiarum
2303 1342 2524 1411 impune
2555 1342 2835 1396 vindicare
2862 1355 2947 1395 res
2979 1339 3287 1393 immobiles
3321 1352 3490 1391 vene-

1920 1435 2171 1487 rahilium
2204 1433 2512 1497 domorum,
2548 1447 2671 1502 qua
2696 1432 2763 1486 ad
2788 1432 3196 1500 imperatoriam
3234 1430 3493 1497 majesta—

1921 1535 2027 1579 tem
2060 1526 2217 1579 titulo
2245 1524 2663 1593 permutationis
2695 1530 3082 1592 pervenerunt,
3124 1522 3169 1576 si
3232 1520 3296 1574 ad
3330 1521 3492 1573 aliam

1922 1630 2212 1684 personam
2243 1615 2528 1669 translatae
2568 1615 2792 1670 fuerint.
2829 1613 3057 1667 Notabis
3093 1620 3300 1673 autem,
3346 1608 3491 1679 quod

1923 1707 2258 1760 contrarium
2290 1706 2439 1761 dicat
2460 1704 2778 1761 constitutio
2812 1704 2902 1768 54,
2932 1712 3177 1773 tempore
3207 1701 3475 1773 posterior

317 1866 507 1920 Τίτλου
553 1868 594 1922 δ’
644 1873 883 1937 διάταξις
939 1883 987 1927 α’
1044 1878 1191 1931 ἐστὶν
1255 1880 1313 1933 ιν
1361 1880 1441 1949 τῷ
1491 1881 1642 1951 ρητῷ
1686 1881 1817 1952 ριη’.
1857 1853 1898 1912 Β

1814 1922 1817 1934 ,
1857 1853 1898 1912 Β
1999 1880 2114 1936 Tit.
2160 1881 2217 1945 ι,
2260 1879 2587 1935 constitutio
2636 1880 2705 1941 t.
2764 1892 2885 1947 qua:
2938 1877 2993 1929 in
3042 1884 3189 1928 textu
3237 1882 3317 1927 est
3376 1871 3476 1925 tts

248 1956 371 2024 Χρὴ
404 1961 527 2021 τοὺς
558 1961 887 2025 ἐπισκόπους
910 1964 1027 2033 ἅμα
1062 1970 1173 2028 τοῖς
1202 1969 1464 2040 κτήτορσι
1484 1972 1579 2033 τὰς
1605 1971 1821 2035 ἀδικίας

246 2046 359 2098 τῶν
377 2050 656 2118 ἀρχόντων
690 2052 767 2121 τῷ
798 2053 1008 2121 βασιλεί
1040 2062 1504 2127 προσαναφὲρειν.

321 2138 443 2207 Χρὴ
484 2141 611 2203 τοὺς
652 2143 991 2206 ἐπισκόπους
1046 2147 1144 2208 τὰς
1204 2152 1499 2214 κανονικας
1554 2151 1818 2222 ζητήσεις

249 2228 368 2297 ἃμα
398 2231 507 2292 τοῖς
530 2230 756 2301 ἄρχουσι
781 2235 890 2286 τῶν
921 2237 1208 2306 ἃπαρχιῶν
1233 2240 1530 2303 ἐξετάζειν.

331 2319 632 2387 Ἀνάγνωθι
672 2325 774 2393 τὴν
826 2326 867 2378 δ’
895 2326 1143 2394 διάταξιν
1188 2329 1281 2382 τοῦ
1327 2333 1594 2402 παρόντος
1617 2335 1819 2389 τίτλου.

252 2411 467 2464 Κωλύει
516 2414 623 2482 γὰρ
668 2414 761 2468 τὸν
814 2418 1051 2486 ἄρχοντα
1100 2421 1179 2483 είς
1215 2424 1510 2493 κανονικήν
1556 2426 1825 2496 ἀκρόασιν

252 2505 621 2573 παραϐάλλειν
661 2510 878 2563 ἑαυτόν.
916 2512 1071 2563 Ἔστι
1099 2512 1158 2565 δὲ
1190 2516 1248 2566 ὲν
1286 2516 1364 2585 τῷ
1393 2519 1544 2585 ρητῷ
1573 2518 1683 2587 πβ’.

323 2595 580 2660 Διάταξις
614 2597 696 2667 κβ⁹
729 2601 876 2652 ἐστὶν
928 2606 984 2653 εν
1019 2602 1095 2671 τῷ
1136 2606 1287 2675 ῥητῷ
1337 2615 1432 2675 ρν¹.
1469 2610 1541 2660 Οὔ
1584 2610 1689 2679 χρὴ
1732 2612 1825 2662 τ³ιν

255 2688 554 2743 ἐπίσκοπον
602 2695 908 2761 συγχωρεῖν
951 2694 1288 2768 βιοκωλυτὴν
1332 2699 1363 2768 ἢ
1420 2700 1827 2771 λῃστοδιώκτην

256 2782 619 2847 χρηματίζειν
652 2785 709 2836 ἐν
737 2787 906 2853 τόπῳ.

333 2872 453 2925 Ὀτι
481 2874 539 2924 οὺ
569 2874 653 2926 δεῖ
672 2875 763 2927 τὸν
784 2877 1085 2932 ἐπίσκοπον
1123 2884 1426 2951 συγχωρεῖν
1453 2886 1565 2945 τοῖς
1596 2885 1828 2954 ἄρχουσι

256 2964 371 3025 τοῖς
421 2964 718 3028 πολιτικοῖς
776 2968 807 3034 ἢ
866 2976 1367 3043 στρατιωτικοῖς,ῆ
1429 2977 1553 3037 ταῖς
1611 2978 1830 3041 τάξεσιν

258 3053 439 3106 αὐτῶν
500 3056 731 3109 κωλύειν
786 3058 1051 3129 διαθήκας
1102 3065 1376 3129 γενέσθαι,
1440 3067 1471 3135 ἢ
1526 3068 1830 3134 ἐμφανείας

256 3146 464 3207 αὐτῶν,
518 3147 548 3216 ἢ
610 3150 906 3220 γάμους,ῆ
958 3154 1206 3223 γαμικάς
1252 3157 1544 3226 δωρεὰς,ἢ
1591 3160 1712 3219 τοὺς
1744 3175 1830 3210 τε·

258 3236 624 3307 λευτήσαντας
662 3246 841 3313 ταφῆς
874 3245 1196 3313 ἀξιωθῆναι,
1233 3249 1263 3316 ἢ
1301 3249 1481 3300 ἐλθεῖν
1520 3249 1550 3318 ἢ
1582 3248 1694 3320 [ίσ.
1722 3248 1827 3321 εἰς]

256 3328 446 3399 ἔτερόν
480 3348 528 3384 τι
559 3336 671 3398 τοῖς
701 3335 887 3406 νόμοις
916 3339 1018 3391 οὐκ
1044 3338 1560 3410 άπαγορευόμενον.

332 3514 456 3569 Ὀτι
509 3517 570 3569 οὐ
619 3518 702 3572 δεῖ
747 3521 1083 3593 μονάστριαν
1132 3525 1239 3577 τῶν
1301 3525 1446 3577 ἰδίων
1493 3524 1832 3593 άφέλκεσοαι

258 3606 458 3661 τόπων.

332 3698 772 3767 Παρακελεύεται
808 3706 839 3775 ἠ
869 3706 1118 3772 διάταξις
1157 3710 1257 3771 τὰς
1308 3710 1698 3780 μοιχευθεῖσας
1734 3727 1835 3777 γυ-

260 3791 454 3852 ναῖκας
510 3796 986 3864 σωφρονιζομένας
1052 3801 1130 3860 είς
1191 3801 1566 3869 μοναστὴριον
1627 3800 1836 3870 ὶμσάλ-

259 3881 469 3942 λεσθαι,
498 3883 830 3937 διατυποῦσα
880 3890 951 3938 τά
1000 3890 1133 3959 περὶ
1172 3890 1270 3957 τῆς
1327 3892 1687 3955 ὑποστάσεως
1740 3893 1838 3946 αὺ-

258 3969 391 4034 τῶν,
434 3972 546 4024 εἴτε
580 3974 775 4037 παίἰας
807 3977 915 4028 εῖτε
945 3981 1124 4043 γονεῖς
1162 3978 1356 4047 ἔχοιεν,
1392 3983 1500 4033 εἴτε
1538 3982 1632 4032 καὶ
1668 3982 1763 4050 μή.

333 4152 528 4206 Τίτλου
561 4153 655 4206 τοῦ
710 4154 876 4208 αὐτοῦ
907 4156 1046 4210 διάτ.
1084 4157 1163 4210 κδ’
1194 4110 1342 4212 ἐστὶν
1381 4161 1438 4212 ὲν
1476 4160 1554 4230 τῷ
1587 4162 1733 4230 ῥητῷ
1757 4161 1836 4217 ιε’.

262 4240 421 4295 Κατὰ
460 4243 718 4312 ψήφισμα
765 4245 856 4299 τοῦ
900 4248 1200 4301 ἐπισκόπου
1256 4251 1349 4301 καὶ
1398 4250 1507 4301 τῶν
1552 4251 1837 4320 κτητόρων

265 4335 647 4403 προκειμένων
677 4338 785 4390 τῶν
817 4339 991 4404 ἁγίων
1024 4341 1376 4409 Εὑαγγελίων
1404 4344 1450 4393 oi
1488 4341 1696 4395 ἔκδικοι
1730 4342 1839 4395 τῶν

264 4424 474 4478 πόλεων
505 4429 1055 4498 προχειριζέσθωσαν.

1928 1980 2154 2049 Oportet
2233 1977 2523 2043 episcopos
2586 1988 2689 2027 una
2746 1987 2871 2025 cum
2954 1968 3365 2038 possessoribus
3412 1965 3494 2017 it.-

1927 2069 2168 2139 justitias
2202 2064 2500 2135 prasidum
2537 2064 2603 2119 ad
2639 2064 3032 2131 imperatorem
3065 2058 3293 2113 referre.

2001 2156 2223 2223 Oportet
2245 2154 2535 2222 episc0pos
2560 2152 2891 2221 quastiones
2914 2148 3208 2205 canonicas
3239 2162 3344 2201 una
3375 2160 3502 2201 cum

1932 2248 2335 2316 provinciarum
2368 2244 2693 2315 praesidibus
2722 2244 3062 2305 examinare,

2003 2338 2191 2407 Legite
2219 2336 2669 2392 constitutionem
2713 2335 2745 2388 4
2796 2333 3085 2403 praesentis
3138 2330 3303 2385 tituli.
3360 2328 3500 2383 Pro-

1936 2428 2083 2483 hibet
2128 2428 2273 2485 enim
2326 2441 2392 2481 ne
2451 2440 2652 2495 praeses
2684 2423 2977 2477 audientiae
3014 2422 3297 2477 canonica:
3334 2429 3506 2475 semet

1937 2520 2165 2589 ingerat.
2200 2518 2264 2570 Et
2296 2530 2376 2572 est
2404 2518 2458 2571 in
2492 2526 2641 2571 textu
2677 2515 2993 2572 constitutio
3022 2514 3115 2569 82.

2005 2608 2337 2661 Constitutio
2382 2606 2454 2659 22
2484 2615 2567 2661 est
2592 2608 2646 2661 in
2683 2613 2832 2660 textu
2876 2605 2995 2659 l50.
3022 2603 3351 2673 Episcopum
3380 2618 3506 2673 per-

1936 2700 2151 2751 mittere
2185 2713 2293 2751 non
2322 2705 2536 2763 Oportet
2572 2704 2630 2748 ut
2655 2696 2861 2766 aliquis
2886 2696 2941 2749 in
2975 2695 3085 2750 ullo
3115 2696 3186 2750 sit
3232 2695 3353 2749 loco
3386 2694 3505 2748 vio-

1938 2790 2116 2845 lentia:
2146 2789 2441 2851 cohibitor,
2476 2799 2568 2843 aut
2601 2789 2876 2842 latronum
2920 2797 3260 2858 persecutor.

2012 2878 2164 2940 Item,
2208 2892 2317 2930 non
2339 2876 2500 2929 debet
2540 2875 3195 2945 cpiscopus-permittere
3254 2872 3506 2938 praesidi-

1941 2970 2040 3024 bus
2079 2970 2354 3033 civilibus,
2394 2978 2488 3022 aut
2526 2968 2881 3027 militaribus,
2920 2974 3015 3019 aut
3059 2980 3246 3021 eorum
3288 2964 3509 3028 ofﬁciis,

1940 3071 1997 3115 ut
2045 3060 2369 3129 prohibeant
2425 3059 2541 3113 fieri
2581 3067 2934 3120 testamenta,
2982 3058 3065 3111 vel
3118 3072 3181 3111 ea
3218 3056 3508 3125 publicari,

1942 3153 2020 3204 vel
2056 3151 2273 3219 nuptias
2314 3150 2589 3215 contrahi,
2620 3150 2703 3203 vel
2735 3150 3099 3203 instrumenta
3153 3148 3509 3201 donationem

1943 3244 2261 3312 nuptialiutn
2302 3242 2519 3306 contici,
2562 3242 2644 3296 vel
2674 3241 2966 3296 defunctos
3016 3240 3313 3310 sepultum
3361 3256 3513 3293 matt-

1941 3337 2082 3398 dari,
2118 3335 2198 3388 vel
2232 3334 2297 3388 ad
2332 3334 2479 3388 aliud
2515 3334 2794 3404 quidpiam
2830 3332 3077 3403 procedi,
3118 3334 3262 3401 quod
3303 3332 3510 3399 legibus

1940 3443 2043 3481 non
2082 3428 2153 3481 sit
2189 3427 2557 3480 interdictum.

2011 3517 2162 3583 Item,
2198 3532 2306 3570 non
2338 3516 2538 3571 debere
2568 3513 2923 3571 monastriam
2952 3515 3066 3571 suis
3109 3530 3174 3568 ex
3211 3515 3343 3570 locis
3387 3516 3509 3570 nhs-

1942 3610 2106 3664 trahi.

2010 3701 2171 3757 Jubct
2193 3700 2380 3756 eadem
2416 3698 2777 3765 constitutio,
2815 3699 3022 3754 debere
3056 3698 3316 3753 mulieres
3349 3700 3474 3752 adttl
3503 3730 3509 3736 -

1941 3804 2110 3858 teras,
2145 3807 2266 3862 qua:
2296 3792 2627 3863 castigandae
2662 3800 2816 3856 sunt,
2865 3793 2922 3846 in
2952 3791 3346 3845 monasterium
3401 3794 3503 3843 itn-

1943 3885 2082 3937 mitti
2132 3903 2145 3937 :
2189 3886 2466 3947 sanciens,
2497 3884 2626 3953 quid
2662 3884 2731 3938 de
2759 3883 3002 3952 ipsarum
3036 3882 3342 3936 substantia
3392 3882 3505 3934 ﬁeri

1941 3974 2158 4037 debeat,
2214 3975 2327 4029 sive
2373 3974 2575 4027 liberos
2616 3981 2712 4028 aut
2761 3980 3016 4043 parentes
3070 3970 3339 4034 habeant,
3393 3973 3511 4025 sive

1945 4084 2049 4123 non
2092 4068 2346 4122 habeant.

2013 4159 2123 4213 Tit.
2153 4159 2397 4227 ejusdem
2425 4158 2749 4213 constitutio
2769 4158 2861 4223 Ἡ,
2885 4171 3010 4227 qua
3038 4167 3127 4213 est
3149 4160 3202 4211 in
3236 4166 3387 4211 testu
3424 4158 3505 4211 l5.

1944 4252 2047 4306 Per
2070 4252 2352 4307 decretum
2380 4252 2623 4320 episcopi
2668 4258 2724 4305 et
2761 4264 3170 4319 possessorum,
3214 4250 3512 4319 propositis

1944 4346 2148 4400 sanctis
2214 4342 2556 4413 Evangeliis,
2617 4344 2934 4399 defensores
2980 4345 3259 4398 civitatum
3309 4345 3517 4396 consti-

1944 4444 2186 4489 tuuntor.

333 4514 529 4583 Τίτλου
564 4523 594 4569 ι’
623 4518 867 4584 διάταξις
910 4520 953 4590 β’
1004 4522 1153 4576 ἐστὶν
1197 4525 1257 4577 ὲν
1310 4525 1386 4594 τῷ
1439 4526 1587 4595 ρητῷ
1635 4524 1737 4594 κβ’.
1779 4525 1837 4577 Ὀ
1871 4533 1912 4583 D

1871 4533 1912 4583 D
2012 4528 2116 4580 Tit.
2154 4526 2242 4590 10,
2272 4526 2595 4581 constitutio
2622 4526 2677 4590 2,
2706 4540 2829 4595 quae
2875 4536 2959 4579 est
3013 4525 3065 4578 in
3108 4532 3257 4577 textu
3292 4524 3383 4579 22.
3413 4524 3515 4589 Qui

267 4603 334 4656 δι’
379 4606 615 4673 ἄσκησιν
639 4609 783 4664 λύων
824 4612 914 4664 τὸν
949 4613 1082 4668 ἴδιον
1110 4616 1291 4685 γάμον
1325 4617 1403 4687 τῷ
1431 4617 1540 4669 ἀπὸ
1574 4616 1839 4684 τελευτῆς

263 4695 293 4747 ὕ
307 4695 434 4747 πόκε
445 4713 549 4749 ιται
573 4698 745 4768 κάσῳ.

334 4787 527 4840 Τίτλου
585 4787 650 4859 ιβ’
669 4791 827 4846 ιδιάτ.
864 4798 911 4860 β’
946 4795 1097 4846 ἐστιν
1139 4796 1199 4848 ἐν
1248 4798 1325 4864 τῷ
1362 4796 1514 4867 ῥητῷ
1576 4805 1689 4867 μη¹.
1720 4799 1841 4851 Ὀτι

261 4879 371 4945 χρὴ
426 4878 522 4931 τὸν
566 4882 867 4936 ιπίοκοπον
940 4889 1193 4955 προνοεῖν
1256 4887 1350 4941 τοῦ
1398 4888 1474 4958 μὴ
1530 4888 1841 4942 κωλύεσθαι

259 4969 361 5030 τὰς
428 4972 695 5039 σκηνικὰς
757 4962 1092 5045 βουλομένας
1150 4980 1249 5049 τῆς
1310 4980 1516 5051 σκηνῆς
1571 4978 1842 5034 ἁταλλάτ-

258 5058 449 5112 τεσθαι
488 5061 997 5139 [άπαλλάττεσθαι].

332 5147 525 5200 Τίτλου
590 5157 657 5219 ιη’
689 5153 931 5221 διάταξις
978 5163 1026 5223 η’
1069 5159 1250 5211 κεῖται
1294 5160 1353 5213 ἐν
1404 5160 1482 5230 τῷ
1539 5162 1689 5232 ρητῷ
1736 5160 1840 5215 να’.

264 5236 391 5290 Ὀτι
421 5240 526 5309 χρὴ
557 5242 685 5304 τοὺς
730 5244 1066 5311 ἐπισκόπους
1116 5250 1578 5319 παραφυλάττειν
1610 5253 1677 5306 τὰ
1715 5252 1841 5319 περὶ

261 5329 374 5384 τῶν
403 5333 887 5403 εὐνουχιζομένων.

1941 4628 2163 4689 propter
2207 4618 2657 4673 exercitationem
2728 4617 3031 4671 solitariam
3096 4616 3512 4670 matrimonium

1941 4728 2098 4767 suum
2132 4712 2313 4775 solvit,
2344 4728 2409 4765 ex
2455 4711 2645 4765 mortis
2685 4723 2819 4764 casu
2848 4716 3091 4764 tenetur.

2014 4801 2124 4857 Tit.
2158 4802 2245 4865 12.
2297 4801 2519 4855 eonstit.
2567 4800 2622 4862 2,
2668 4817 2789 4870 qua:
2826 4800 2880 4855 in
2914 4809 3062 4855 textu
3098 4808 3182 4856 est
3216 4800 3303 4855 48.
3353 4800 3508 4865 Quod

1943 4895 2233 4964 episcopus
2263 4907 2457 4946 enrare
2487 4892 2702 4955 debeat,
2738 4907 2806 4946 ne
2831 4891 3230 4961 prohibeantur
3281 4890 3513 4944 scenica:

1948 4984 2216 5047 mulieres,
2261 4982 2528 5051 siquidem
2560 4985 2632 5035 ita
2658 4983 2849 5045 velint,
2883 4997 2912 5037 a
2941 4996 3104 5036 scena
3132 4982 3441 5036 discedere.

2018 5075 2125 5127 Tit.
2166 5072 2252 5137 18,
2277 5073 2599 5128 constitutio
2624 5075 2677 5137 8,
2701 5086 2821 5141 quas
2849 5072 2900 5123 in
2930 5078 3082 5126 textu
3108 5072 3287 5140 posita
3312 5082 3395 5126 est
3421 5070 3511 5125 51.

1944 5165 2098 5232 Quod
2148 5164 2443 5219 observare
2492 5164 2724 5218 debeant
2762 5162 3004 5233 episcopi
3059 5164 3275 5219 sancita
3340 5163 3405 5216 tle
3450 5162 3517 5216 iis

1944 5258 2036 5327 qui
2071 5264 2400 5311 castrantur.
