4208 6442
251 428 381 491 132‘.)

1237 423 1576 483 CONSTIT.
1625 420 1921 478 ECCLES.
1979 416 2410 475 COLLEC'l'l'.).

3315 402 3447 462 13Ἱο

249 558 409 609 μενος
490 542 581 594 τοῦ
655 541 995 611 Σαμαρείτου
1065 539 1250 600 παιδὸς
1301 540 1334 607 ἢ
1385 536 1690 603 συγγενοῦς.
1737 534 1796 585 Εί
1827 547 1911 615 ΑΙ

1783 536 1796 583 ί
1827 563 1865 615 Α
1901 547 1983 584 res
2011 539 2147 593 esto,
2196 530 2420 597 potioris
2473 525 2739 580 Samarita
2787 520 3137 577 conditionis.
3182 516 3274 569 Sin
3303 530 3445 615 ’ρηο-

244 629 304 679 δὲ
363 630 782 697 προσεχέστερός
840 632 955 681 ἔστι
1012 630 1138 696 περὶ
1194 644 1285 679 τον
1348 626 1549 694 βαθμὸν
1612 623 1645 691 ἢ
1701 622 1797 687 τὴν

247 718 398 781 τάξιν
427 721 454 769 ὀ
486 719 848 787 Σαμαρείτης,
907 717 1259 785 προτιμᾶσθω
1311 716 1401 768 τοῦ
1445 709 1791 780 Χριστιανοῦ.

323 807 459 859 ’ῐσθι
490 808 566 868 δὲ,
591 810 617 859 ὁ
647 787 1070 874 ἀποκλειόμενος
1101 805 1447 873 Σαμαρείτης
1478 804 1613 871 μετὰ
1628 800 1797 851 ταῦτα

252 898 577 967 Χριστιανὸς
611 897 897 963 γενόμενος
925 899 985 948 τὸ
1013 898 1208 947 οἰκεῖον
1266 893 1640 960 ἀπιλαμσάνει
1707 890 1799 957 μὲ-

253 1004 349 1054 ρος
379 987 528 1053 παρὰ
561 988 656 1038 τοῦ
692 989 1021 1055 Χριστιανοὺ
1057 985 1525 1054 συγκληρονὸμου,
1562 981 1682 1041 τοὺς
1742 982 1799 1030 ὲν

252 1078 407 1146 μέσῳ
438 1078 801 1146 ζημιούμενος
838 1080 1107 1147 καρπούς.

322 1259 383 1309 Oi
416 1258 745 1324 Σαμαρεῖται
780 1257 860 1317 είς
888 1258 1013 1317 τοὺς
1058 1257 1306 1317 ἀνιόντας
1339 1288 1343 1291 Α
1371 1264 1463 1306 καὶ
1517 1256 1799 1313 κατιόντας

250 1346 430 1396 αὑτῶν
463 1345 805 1412 Σαμαρείτας
836 1345 993 1405 ὄντας
1034 1346 1107 1406 ὡς
1144 1345 1424 1413 βούλονται
1454 1343 1801 1394 διατιθέσθω-

250 1448 374 1481 σαν.
412 1432 471 1482 Ei
499 1432 553 1482 es
596 1434 691 1483 σὺν
713 1432 892 1492 αὐτοῖς
928 1432 1248 1499 Χριστιανοὶ
1279 1433 1368 1484 τοῦ
1402 1430 1561 1483 αὑτοῦ
1592 1430 1797 1501 τυγχά-

248 1537 401 1572 νουσι
434 1520 662 1587 βαθμοῦ,
701 1522 779 1581 είς
809 1522 969 1586 μόνον
1005 1521 1065 1572 τὸ
1112 1521 1370 1589 τέταρτον
1457 1521 1621 1587 μέρος
1676 1519 1800 1580 τοὺς

252 1611 599 1677 Σαμαρείτας
625 1612 986 1678 γραφέτωσαν
1050 1611 1433 1678 κληρονόμους.
1490 1611 1580 1693 lii;
1638 1609 1689 1659 δὲ
1741 1609 1800 1659 τὸ

250 1702 546 1751 ὑπόλοιπον
569 1704 694 1763 τοὺς
737 1703 1096 1768 Χριστιανοὺς
1145 1702 1455 1767 δυναμένων
1512 1700 1712 1761 αὐτῶν,
1752 1701 1799 1751 εί

250 1790 382 1857 περὶ
408 1791 563 1841 τοῦτο
585 1790 902 1858 παροφθῶσι
920 1792 979 1841 τὺ
1012 1791 1192 1857 μέρος,
1212 1789 1310 1857 τὴν
1336 1789 1402 1840 δὲ
1427 1789 1799 1854 ίννοφικίοσο

1900 622 2017 686 pior
2086 622 2156 671 sit
2209 617 2535 679 orthodoxo,
2582 617 2793 667 ratione
2847 612 3046 681 gradus
3094 608 3192 666 vel,
3219 606 3447 669 ordinis,

1901 710 2190 772 Samarita,
2251 706 2563 760 Christiano
2589 706 2895 774 prrefertur.

1972 796 2122 850 Scias
2160 805 2371 857 autem,
2410 794 2752 856 Samaritam,
2783 792 2875 860 qui
2906 789 3215 844 excluditur
3261 801 3288 838 a
3330 802 3450 840 suc-

1900 889 2166 948 cessione,
2206 888 2249 937 si
2284 898 2466 952 p05tca
2515 884 2857 936 Christianus
2895 881 3230 934 orthodoxus
3276 878 3450 929 factus

1902 977 2099 1038 fuerit,
2133 986 2333 1042 partem
2385 989 2538 1028 suam
2574 988 2763 1040 capere
2791 987 2910 1027 cum
2941 972 3092 1033 aliis,
3122 970 3215 1039 qui
3249 970 3315 1021 ab
3350 968 3452 1020 ini-

1902 1068 1974 1118 tio
2012 1074 2164 1118 erant
2201 1065 2507 1127 orthodoxi,
2554 1063 2820 1116 fructibus
2864 1069 3041 1116 tamen
3092 1061 3184 1128 qui
3231 1059 3449 1114 interim

1902 1155 2141 1222 producti
2167 1162 2310 1216 sunt,
2338 1152 2672 1206 frustratum.

1973 1242 2254 1295 Samaritre
2305 1257 2434 1296 suos
2480 1242 2876 1307 ascendentes,
2933 1249 2984 1296 et
3030 1242 3446 1302 descendentes,

1901 1334 1991 1401 qui
2026 1334 2307 1386 Samaritrc
2345 1341 2504 1393 sunt,
2540 1349 2636 1401 pro
2667 1334 2889 1387 arbitrio
2922 1348 3021 1387 suo
3059 1334 3304 1387 scribunt
3352 1336 3449 1386 ha:-

1901 1424 2075 1477 redes.
2112 1423 2166 1475 Si
2208 1439 2333 1477 vero
2367 1440 2487 1477 cum
2514 1426 2592 1477 cis
2632 1433 2684 1477 et
2716 1424 3012 1479 Christiani
3045 1425 3285 1493 ejusdem
3332 1440 3449 1493 gra-

1901 1516 2002 1569 dus
2044 1514 2108 1567 ad
2158 1515 2556 1569 successionem
2608 1526 2888 1578 vocantur,
2935 1532 3041 1569 non
3094 1517 3315 1569 ulterius
3353 1516 3452 1566 Sa-

1902 1602 2123 1656 maritas
2202 1603 2443 1656 scribant
2522 1605 2798 1669 hazredes,
2877 1620 3037 1672 quam
3104 1621 3167 1658 ex
3244 1606 3453 1656 duabus

1902 1693 2215 1745 facultatum
2289 1708 2510 1751 suarum
2576 1697 2773 1748 unciis.
2842 1696 3076 1749 Possunt
3144 1706 3320 1749 autem
3402 1705 3453 1746 ct

1901 1782 2278 1845 ascendentes,
2313 1792 2365 1835 et
2399 1784 2793 1839 descendentes
2826 1786 3136 1849 orthodoxi,
3179 1786 3451 1852 querelam

250 1882 422 1931 κινεῖν
456 1881 592 1931 κατὰ
618 1882 713 1947 τῆς
752 1880 971 1932 ἐκείνων
1016 1880 1298 1946 διαθήκης,
1357 1881 1463 1931 τῶν
1495 1879 1796 1945 εἰρημένων
1828 1866 1871 1922 Β
1901 1892 1912 1923 t

1791 1866 1871 1922 lB
1901 1872 1966 1924 tle
1998 1872 2291 1933 inofﬁcioso
2342 1872 2604 1927 adversus
2651 1888 2838 1927 eorum
2891 1876 3199 1928 testamenti
3247 1877 3453 1927 tabulas

249 1972 308 2019 ἐν
341 1972 405 2034 τῇ
460 1970 698 2036 προτέρα
738 1970 997 2036 διαιρέσει
1059 1988 1183 2037 περι
1237 1970 1345 2021 τῶν
1393 1968 1794 2035 μετανοούντων

252 2058 604 2125 Σαμαρειτῶν
632 2060 723 2110 καὶ
748 2059 979 2111 ἐνταῦθα
1009 2060 1375 2127 κρατούντων.

311 2324 417 2373 Καὶ
458 2322 761 2390 σημείωσαι
794 2322 875 2374 ὅτι
902 2322 1148 2373 δύνανται
1178 2322 1225 2371 oi
1252 2322 1583 2389 Σαμαρεῖται
1615 2322 1676 2372 ἐκ
1705 2320 1797 2373 τοῦ

248 2412 491 2477 ἡμίσεως
524 2413 707 2480 τρίτου
764 2412 962 2480 μέρους
1024 2414 1085 2463 ὲκ
1133 2411 1394 2478 διαθήκης
1471 2411 1799 2480 ἁρμόζοντος

246 2502 361 2560 τοῖς
428 2502 765 2568 Χριστιανῶν
802 2501 979 2554 αὐτῶν
1011 2501 1277 2569 διαδόχοις
1316 2504 1483 2568 legata
1522 2502 1614 2552 καὶ
1664 2518 1799 2569 πρε-

246 2588 403 2638 σϐεῖα
468 2589 807 2656 Χριστιανοῖς
866 2590 1341 2656 καταλιμπάνειν,
1407 2591 1555 2641 οὐδὲν
1619 2591 1799 2642 λοιπὸν

248 2670 340 2722 τοῦ
375 2672 629 2740 δημοσίου
668 2676 728 2726 ἐκ
762 2676 856 2743 τῆς
883 2676 1061 2726 αὐτῶν
1089 2675 1430 2736 ἐκδικοῦντος
1459 2677 1798 2741 περιουσίας,

245 2756 336 2813 οἶα
376 2764 436 2829 δὴ
468 2763 566 2830 τῆς
595 2766 873 2833 παρούσης
914 2766 1205 2829 διατάξεως
1250 2766 1341 2817 καὶ
1372 2768 1451 2825 εἰς
1500 2767 1567 2816 τὰ
1595 2766 1797 2833 προλα-

244 2852 409 2902 ϐόντα
440 2853 618 2917 φάκτα
658 2857 755 2921 τὴν
810 2857 1014 2906 οἰκείαν
1092 2856 1393 2921 ἐναγούσης
1455 2855 1796 2923 νομοθεσίαν.

322 2943 567 3011 Ἐγράφη
619 2945 724 3011 πρὸ
784 2946 843 3007 ιζ’
884 2946 1171 2997 Καλανδῶν
1240 2946 1489 3006 Ἰουλίων,
1540 2946 1800 3013 βασιλέως

255 3027 629 3081 ’Ῑουστινιανοῦ
657 3032 716 3082 τὸ
742 3032 819 3083 κε’
855 3034 990 3100 μετὰ
1037 3035 1131 3102 τὴν
1164 3034 1422 3086 ὑπατείαν
1469 3033 1796 3103 βελισαρίου.

594 3147 664 3195 Γ.
695 3146 832 3207 Περὶ
858 3143 977 3195 τῶν
1008 3143 1403 3211 Σαμαρειτῷν.

242 3295 619 3362 Αὐτοκράτωρ
720 3297 1144 3359 Ἰουστινιαγὸς
1222 3300 1490 3363 Διομήδει
1561 3301 1797 3367 ἐπάρχῳ

303 3388 687 3453 πραιτωρίων.
726 3387 843 3452 Τὴν
873 3387 1062 3453 ἀσεϐῆ
1094 3387 1212 3439 τῶν
1261 3390 1641 3455 Σαμαρειτῶν
1700 3393 1792 3443 αἵ-

302 3493 500 3541 ρεσιν,
538 3476 631 3527 καὶ
661 3476 771 3541 τὴν
808 3477 1148 3542 παράλογον
1171 3479 1400 3532 τούτων
1422 3482 1663 3547 μανίαν.

322 3567 384 3615 'H
410 3565 648 3626 διάταξις
674 3568 887 3632 ἀναιρεῖ
912 3568 1008 3632 τὴν
1040 3565 1082 3633 β’
1114 3566 1263 3617 τοῦδε
1293 3568 1387 3619 τοῦ
1448 3571 1627 3620 τίτλου
1679 3572 1790 3623 διά-

233 3655 408 3715 ταξιν.
444 3656 536 3704 καὶ
568 3656 1004 3720 παρακελεύεται
1032 3656 1124 3707 τοῦ
1187 3657 1378 3708 λοιποῦ
1444 3661 1793 3729 Σαμαρείτας

240 3746 315 3810 μὴ
352 3744 789 3809 κληρονομεῖνέκ
820 3744 1096 3811 διαθηκῶν
1129 3747 1158 3814 ἢ
1192 3748 1398 3799 τούτων
1426 3751 1617 3817 χωρὶς,
1657 3751 1791 3819 μηδὲ

236 3833 533 3899 πρεσϐείαν
562 3834 875 3899 λαμϐάνειν,
910 3835 939 3900 ἧ
973 3836 1109 3886 κατᾶ
1154 3837 1364 3903 δωρεᾶς
1416 3838 1524 3907 [ἶσ.
1561 3840 1788 3910 τρόπου]

231 3922 454 3985 τρόπων
511 3921 829 3987 κομίζεσθαι
855 3926 1107 3990 πρᾶγμα.
1158 3926 1316 3978 Ἀλλὰ
1363 3930 1495 3996 μηδὲ
1524 3930 1663 3980 κατὰ
1694 3932 1791 3998 τὴν

229 4009 294 4069 ἐξ
320 4007 601 4059 ἁδὲαθὲτου
626 4010 816 4075 κλῆσιν
851 4012 1125 4081 διαδόχους
1150 4014 1292 4081 ἔχειν
1357 4017 1718 4085 Σαμαρείτας,
1754 4019 1785 4087 ἢ

231 4103 371 4159 ὅλως
411 4102 740 4169 αἰρετικοὺς,
770 4103 904 4168 μηδὲ
952 4107 1458 4172 σχηματιζομένους
1504 4110 1787 4181 τὴνόρθὴν

230 4190 339 4240 τῶν
370 4188 701 4258 Χριστιανῶν
731 4193 1119 4260 προσδέχεσθαι
1154 4197 1356 4259 πίστιν,
1418 4201 1534 4260 ταῖς
1565 4200 1620 4250 δὲ
1652 4201 1787 4269 ἀλη-

229 4274 515 4342 θείαιςοὺχ
544 4276 685 4327 οῦτω
726 4278 1082 4343 φρονοῦντας.
1152 4282 1302 4346 Μηδὲ
1358 4284 1466 4351 μὴν
1521 4285 1784 4353 διαθήκας

226 4367 309 4421 εἰς
340 4366 874 4435 αὑτοὺςγρὰφειν,ἢ
947 4368 1153 4437 ληγάτα
1233 4374 1685 4440 καταλιμπάνειν,
1750 4378 1781 4445 ἢ

1902 1962 2199 2021 instituere,
2232 1962 2319 2023 iis,
2352 1975 2473 2028 qua:
2520 1962 2730 2014 saneita
2778 1969 2905 2014 sunt
2958 1963 3012 2015 in
3048 1962 3216 2029 priori
3252 1963 3457 2014 consti-

1899 2053 2105 2105 tntione
2149 2052 2215 2105 de
2248 2053 2354 2116 his,
2391 2054 2480 2121 qui
2534 2054 2903 2121 resipiscunt,
2941 2055 3018 2107 uti
3052 2055 3263 2108 scilicet
3301 2067 3457 2121 pares

1898 2142 2004 2195 sint
2030 2142 2095 2195 ab
2131 2143 2284 2196 initio
2331 2141 2680 2209 Christianis,
2732 2144 2817 2198 hic
2869 2159 3084 2213 quoque
3131 2146 3307 2198 locum
3359 2144 3457 2197 ha-

1901 2232 2043 2284 benti
2056 2233 2173 2286 bus.

1971 2320 2126 2386 Nota,
2188 2325 2331 2393 quod
2398 2326 2682 2381 Samarita:
2761 2329 3079 2382 ortltotloxis
3150 2328 3459 2381 hmredibus

1901 2413 2089 2465 relicta
2126 2426 2277 2481 parte
2316 2417 2493 2481 tertia,
2524 2433 2642 2485 quae
2675 2419 2809 2486 ipsis
2844 2436 2905 2474 ex
2943 2429 3266 2475 testamento
3311 2435 3456 2472 com-

1904 2504 2057 2570 petit,
2094 2505 2255 2556 etiam
2288 2505 2461 2573 legata
2498 2508 2825 2563 Christianis
2873 2510 3001 2564 dare
3035 2518 3299 2579 possunt,
3342 2510 3459 2561 nul-

1904 2594 2005 2643 lam
2039 2606 2221 2660 postea
2255 2595 2564 2651 facultatem
2602 2600 2831 2653 habente
2862 2600 3021 2664 fisco,
3064 2601 3355 2668 quidquam
3394 2616 3457 2653 ex

1902 2682 2141 2747 ipsorum
2183 2685 2512 2750 patrimonio
2558 2688 2881 2755 accipiendi.
2925 2704 3047 2741 cum
3091 2704 3327 2756 prtesens
3360 2690 3460 2741 ista

1902 2772 2220 2825 constitutio
2254 2774 2421 2843 legem
2449 2784 2571 2831 ante
2621 2778 2760 2832 hanc
2796 2781 3191 2850 promulgatam
3225 2782 3457 2833 abolent.

1975 2943 2188 2999 Dat.....
2222 2947 2747 3015 imperii-Iustiniani
2786 2969 2932 3009 anno
2965 2956 3224 3011 vicesimo
3270 2958 3461 3026 quinto

1904 3047 2022 3099 post
2061 3039 2407 3091 consulatum
2443 3041 2691 3096 Basilii...

1842 3170 1864 3228 ἶ
1936 3143 2015 3197 lll.
2067 3146 2137 3199 De
2190 3147 2491 3228 Sanmrilis.
2526 3170 2642 3221 qua:
2671 3158 3093 3228 constitutionem
3135 3170 3255 3215 ante
3285 3162 3421 3215 hanc

2457 3222 2617 3274 latam
2650 3227 2892 3293 abrogat.

1903 3306 2035 3373 Imp.
2070 3310 2270 3363 Justin.
2306 3311 2546 3365 Diomedi
2584 3314 2640 3369 Ρ.
2679 3316 2741 3370 Ι).
2794 3316 3020 3384 Impiam
3066 3318 3459 3376 Samaritarum

2026 3398 2286 3462 Iut‘rest'm,
2323 3412 2371 3453 et
2404 3404 2684 3457 absurdam
2715 3410 2999 3475 vesaniam,
3029 3422 3077 3464 et
3112 3424 3323 3468 caetera.

1969 3573 2088 3627 llmc
2129 3580 2444 3633 conSIitut‘o
2479 3585 2772 3636 secundam
2811 3586 2973 3653 hujus
3006 3591 3148 3644 tituli
3183 3598 3455 3649 constitu-

1895 3663 2094 3715 tionem
2138 3666 2334 3728 abolet,
2390 3682 2451 3720 ac
2504 3670 2749 3738 praecipit
2804 3683 2861 3726 ut
2915 3676 3196 3732 Samaritae
3252 3686 3453 3739 nullam

1896 3754 2257 3807 hazreditatcm
2316 3758 2509 3811 adeant
2562 3777 2625 3813 ex
2677 3773 3030 3831 testamento,
3086 3772 3164 3822 vel
3213 3773 3279 3826 ab
3316 3777 3451 3829 inte-

1893 3849 2053 3898 stato.
2098 3860 2267 3909 neque
2311 3846 2482 3912 legata
2536 3851 2791 3917 capiant,
2851 3856 3082 3911 ullamve
3132 3875 3243 3913 rem
3295 3863 3453 3918 titulo

1891 3931 2198 3985 donationis
2247 3948 2669 4004 consequantur.
2726 3941 2989 3998 Praeterea
3049 3965 3147 4003 nec
3198 3953 3264 4005 ab
3314 3955 3450 4008 inte-

1889 4028 2031 4074 stato
2066 4034 2326 4077 vocentur
2366 4028 2428 4079 ad
2461 4045 2647 4083 eorum
2680 4038 3082 4092 successionem
3122 4042 3404 4102 Samarita:
3433 4085 3451 4110 ,

1891 4112 1969 4162 \el
1994 4114 2217 4166 omnino
2265 4114 2536 4182 lizcretici;
2580 4136 2646 4173 ne
2686 4124 2904 4190 quidem
2937 4128 2980 4181 si
3022 4146 3127 4196 prae.
3172 4148 3229 4186 se
3274 4135 3449 4192 ferant

1888 4210 2088 4255 rectam
2136 4220 2194 4258 se
2244 4207 2677 4264 Christianorum
2746 4216 2904 4271 fidem
2979 4223 3262 4290 amplecti,
3322 4243 3447 4283 cum

1888 4306 2078 4359 reapse
2127 4310 2229 4347 non
2265 4298 2335 4349 ita
2376 4302 2633 4354 sentiant.
2683 4303 2794 4359 Nec
2839 4309 2966 4363 item
3017 4314 3137 4367 illos
3181 4318 3234 4368 in
3285 4326 3447 4373 testa-

1889 4390 2069 4433 mento
2125 4382 2363 4438 liceredcs
2412 4388 2718 4454 instituant,
2759 4396 2839 4448 vel
2894 4398 3063 4467 legata
3113 4405 3444 4475 relinquant,

223 4455 537 4518 δωρεῖσθαι,
576 4456 713 4519 πλὴν
765 4458 812 4507 εί
866 4458 940 4524 μὴ
990 4458 1259 4526 ὀρθόδεξοι
1301 4458 1409 4514 εἶεν
1460 4465 1553 4516 κα)⁵
1601 4467 1851 4547 πίστειι)

1806 4491 1851 4547 D
1890 4469 1968 4521 vel
2020 4469 2255 4538 donent;
2301 4484 2615 4545 extraquam
2670 4484 2712 4536 si
2754 4493 2859 4537 tam
2902 4455 3022 4550 fide,
3078 4508 3237 4561 quam
3259 4455 3446 4555 1factis;

222 4545 320 4594 καὶ
352 4543 533 4609 ἔργοις
561 4547 608 4595 oi
632 4546 803 4597 ταῦτα
834 4546 1147 4615 ληψόμενοι.
1204 4553 1264 4602 El
1298 4555 1404 4621 γὰρ
1440 4556 1628 4623 μηδεὶς
1655 4557 1777 4608 τούο

219 4650 332 4682 των
356 4632 465 4698 εἴη,
507 4633 582 4700 τῷ
616 4637 897 4702 ίερωτάτῳ
925 4640 1024 4698 τὰς
1054 4639 1262 4691 τούτων
1297 4647 1615 4711 περιουσίας
1639 4648 1779 4712 μετὰ

214 4721 479 4789 τελευτὴν
507 4728 808 4791 προσήκειν
829 4728 1287 4793 παρακελεύεται.

274 4896 603 4963 Ἐξαιρεϊται
637 4901 691 4951 δὲ
722 4904 820 4969 τῆς
850 4906 1060 4967 οἰκείας
1124 4911 1461 4976 νομοθεσίας
1518 4918 1647 4979 τοὺς
1710 4922 1776 4973 τὰ

214 4984 577 5050 Σαμαρειτῶν
616 4992 1015 5058 πρεσϐεύοντας
1055 5001 1330 5065 γεωργοὺς
1389 5006 1525 5071 πρὸς
1576 5007 1775 5060 σύστα-

211 5090 304 5122 σιν
350 5074 455 5123 τῶν
483 5078 609 5141 παρ’
667 5081 843 5133 αὐτῶν
902 5090 1325 5155 γεωργουμένων
1352 5097 1583 5162 χωρίων,
1647 5116 1749 5166 συγ

207 5167 467 5229 χωροῦσα
526 5167 751 5231 τούτοις,
814 5176 1116 5241 γεωργοῦσι
1191 5183 1373 5247 μέντοι
1448 5188 1515 5237 τὰ
1591 5192 1769 5258 γήδια,

206 5252 311 5302 καὶ
335 5252 723 5323 κληρονόμους,
747 5264 839 5312 καὶ
870 5264 1252 5336 ληγαταρίους,
1282 5277 1373 5325 καὶ
1393 5278 1622 5344 γράφειν
1644 5286 1767 5345 τοὺς

204 5342 392 5392 αὐτῶν
416 5346 662 5409 ἀνιόντας
696 5352 789 5401 καὶ⁸
815 5357 1119 5419 κατιόντας,
1148 5363 1240 5411 καὶ
1294 5366 1419 5425 τοὺς
1464 5369 1762 5436 ὲκπλαγίον

205 5440 524 5499 συγγενεῖς,
562 5440 663 5489 κᾶν
697 5441 1033 5511 Σαμαρεῖταί
1060 5452 1187 5504 εἰσι.
1246 5455 1487 5522 Μηδενδς
1541 5460 1597 5511 δὲ
1648 5464 1766 5513 τοῦ.

202 5537 321 5569 των
356 5522 759 5590 εἰρισκομένων
818 5531 907 5580 τὸν
974 5535 1163 5602 κύριον
1207 5540 1298 5590 τοῦ
1353 5546 1550 5611 χωρίου
1602 5550 1659 5597 εν
1722 5545 1763 5614 ᾧ

200 5608 455 5672 γεωργὸς
484 5605 974 5685 ἧνότελευτήσας,
1025 5624 1095 5674 τὰ
1146 5631 1274 5695 παρ’
1322 5631 1529 5683 ἐκείνου
1594 5652 1762 5690 καταο

200 5695 500 5759 λειφθέντα
534 5702 852 5767 κομίζεσθαι
888 5713 1183 5781 πράγματα
1216 5719 1519 5789 ἐπιτρέπει,
1556 5732 1645 5777 καὶ
1672 5728 1762 5797 τὴν

1885 4558 2169 4612 orthodoxi
2200 4562 2339 4628 sint,
2374 4569 2465 4634 qui
2519 4584 2580 4622 ea
2635 4581 2763 4624 sunt
2799 4558 3108 4644 accepturi.
3156 4584 3361 4653 Quippe
3400 4593 3445 4643 si

1886 4649 2065 4703 nullus
2111 4652 2233 4707 talis
2281 4664 2479 4720 exstet,
2536 4676 2725 4715 eorum
2774 4670 3099 4733 patrimonia
3152 4678 3217 4729 ad
3264 4649 3447 4733 sacra-

1886 4737 2154 4794 tissimum
2188 4744 2375 4799 fiscum
2407 4749 2604 4804 debere
2648 4764 2769 4821 post
2814 4769 3040 4814 mortem
3087 4779 3274 4821 eorum
3321 4786 3444 4839 per-

1883 4828 2075 4891 tinere,
2110 4836 2322 4887 statuit.

1949 4920 2213 4976 Ca‘terum
2254 4928 2457 4982 ‘eximit
2491 4948 2517 4983 a
2564 4934 2899 4999 Icgislatione
2934 4958 3029 4995 sua
3065 4956 3303 5002 colentes
3340 4949 3436 5003 Sa-

1879 5010 2191 5109 maritarum
2218 5018 2528 5086 religionem
2566 5031 2833 5094 agricolas
2854 5073 2866 5091 ,
2909 5047 2964 5084 ut
3011 5038 3089 5089 eis
3120 5053 3279 5105 agros
3300 5081 3312 5102 ,
3346 5044 3437 5109 qui

1877 5097 1943 5149 ab
2002 5099 2133 5165 ipsis
2185 5109 2528 5175 excoluntur,
2568 5122 2927 5174 commendet.
2983 5123 3075 5180 "is
3119 5132 3263 5183 cnim
3307 5097 3438 5187 conn-

1876 5190 2038 5255 cedit,
2082 5197 2240 5249 modo
2273 5209 2452 5255 tamen
2502 5222 2661 5274 agros
2697 5212 2841 5277 ipsos
2883 5219 3085 5280 t‘nlaut,
3124 5229 3229 5273 tam
3270 5225 3438 5278 hatre-

1877 5278 1992 5343 tlcs,
2028 5297 2188 5347 qu:im
2232 5289 2516 5356 legatarios
2549 5298 2832 5353 instituere
2878 5321 3007 5361 suos
3055 5314 3432 5380 ascondcntes,

1875 5378 1927 5419 ct
1962 5370 2376 5466 descendentes,
2415 5394 2466 5434 et
2509 5400 2769 5455 cognatos
2819 5410 2881 5446 ex
2931 5406 3262 5466 transverso,
3294 5415 3433 5458 tam-

1874 5459 1973 5510 etsi
2024 5459 2307 5518 Samaritm
2359 5472 2484 5525 siut.
2546 5476 2698 5539 Quod
2732 5484 2773 5533 si
2811 5487 2990 5541 nullus
3043 5491 3231 5543 horum
3281 5495 3432 5547 iuvc-

1876 5559 2087 5611 utatur,
2121 5554 2235 5619 ejus
2282 5563 2464 5625 prtulti
2514 5567 2829 5633 dominum,
2887 5580 2937 5628 in
2992 5596 3098 5646 qua
3147 5581 3433 5638 tlcfttncltts

1864 5641 2111 5704 agricola:
2162 5661 2357 5702 munus
2414 5658 2735 5724 exercebat,
2783 5666 2851 5716 ab
2894 5641 3020 5732 ipso
3054 5671 3235 5723 relicta
3291 5673 3431 5727 ferre

1863 5732 1971 5786 Vult
2020 5736 2379 5798 permissioue
2431 5748 2687 5813 quadam,
2745 5763 2795 5807 et
2840 5758 2950 5811 fisci
2997 5759 3167 5815 vicem
3224 5764 3277 5817 in
3343 5770 3426 5822 his
