4208 6442
281 326 419 389 135Ἱ

1509 344 1752 402 EPlS’l'.
1780 346 1873 402 DE
1912 340 2174 405 JEJUNI
2196 350 2283 406 IS.

3360 376 3495 439 1358

348 450 446 504 κδ’.
478 452 540 503 Οἱ
562 451 617 503 δέ
642 452 845 504 τούτων
880 452 1175 521 copo):st
1224 454 1317 505 καὶ
1350 456 1481 520 πρὸς
1540 457 1633 524 τὴν
1678 474 1810 507 σοντι

350 540 395 559 κ’
428 558 431 559 ,
478 544 535 559 l,_
622 557 633 559 _
720 541 745 559 Α
782 544 831 559 U,
862 558 865 559 ν
941 544 952 559 Ι
1023 544 1036 559 Ι
1374 545 1384 559 ι
1499 547 1509 559 ι
1636 549 1645 559 ι

1897 488 1907 516 ι
2007 458 2094 511 24.
2133 461 2302 516 Porro
2335 466 2500 532 quicx
2531 468 2635 523 illis
2664 475 3020 542 sapientiores
3056 496 3202 545 sunt,
3240 498 3493 559 tanquam

268 539 437 601 δικῶς
474 541 902 610 ὲγχαραχθεῖσαν
931 544 1224 612 ἀπόκρισιν
1258 545 1401 598 κατά
1460 547 1557 613 τὴν
1632 549 1839 613 ἐφημε-

272 630 401 697 ρίαν
426 632 521 683 τοῦ
550 633 857 698 ἀγιωτᾶτου
888 633 1099 684 ἐκείνου
1135 636 1475 703 πατριάρχου
1530 636 1697 703 κυροῦ
1732 636 1839 687 ’Νι-ς

268 721 497 782 κολάου,
546 722 639 773 καὶ
690 723 1186 790 διαλαμϐάνουσαν,
1240 724 1314 786 ὡς
1358 724 1686 791 διείληπται,
1732 742 1828 793 με-

265 809 563 875 τατεθῆναι
594 810 693 879 τὴν
731 810 984 875 νηστείαν
1024 811 1119 864 τοῦ
1180 812 1486 877 Αὐγούστου
1542 814 1729 881 μηνὸς,
1762 814 1836 873 ὡς

271 901 354 959 είς
427 900 485 949 τὸ
548 900 929 967 κρησφύγετον
1004 901 1449 968 καταφεύγουσι,
1521 905 1614 954 καὶ
1679 904 1833 954 ἀδια-

269 990 490 1056 κρίτους
538 989 879 1042 ἀποκαλοῦσι
913 992 1004 1042 καὶ
1035 993 1398 1059 νηπιόφρονας
1459 996 1583 1056 τοὺς
1614 995 1836 1060 νηστεύ-

263 1096 450 1141 οντας.
484 1082 544 1132 El
581 1080 636 1132 δέ.
676 1097 758 1142 τις
798 1082 1137 1150 ὲπιστομίσει
1186 1082 1407 1145 τούτους
1432 1125 1446 1147 ,
1502 1085 1692 1148 εἰπὼν,
1748 1086 1833 1137 Ἐν

268 1173 437 1222 παντὶ
471 1171 647 1239 καιρῷ
682 1171 743 1221 τὸ
776 1173 872 1239 τῆς
897 1175 1147 1239 νηστείας
1176 1174 1445 1242 ηνέῳκται
1480 1174 1712 1237 στάδιον,
1743 1176 1831 1227 καὶ

261 1261 325 1312 τὸ
351 1262 413 1313 ὲκ
452 1262 653 1329 ταύτης
688 1262 936 1331 βραϐεῖον
962 1264 1022 1315 οὐ
1050 1263 1398 1330 μεσιτεύεται
1425 1281 1438 1295 ο
1477 1264 1667 1317 Ἀπιθι
1699 1265 1830 1333 πρὸς

261 1352 389 1411 τοὺς
437 1350 775 1414 πωλοῦντας,
806 1353 960 1419 φασὶ,
990 1354 1057 1405 τὰ
1080 1354 1145 1405 ἐκ
1178 1353 1491 1422 βουκολίων,
1549 1358 1641 1406 καὶ
1712 1372 1833 1408 ποι-

262 1443 460 1509 μνίων,
537 1447 631 1495 καὶ
675 1446 957 1507 πετεινῶν,
1013 1447 1107 1498 καὶ
1190 1449 1553 1513 κατανοήσεις
1620 1448 1867 1516 ἐκεῖθεν,

257 1533 468 1600 ταύτης
498 1535 594 1601 τῆς
632 1538 890 1601 νηστείας
936 1537 995 1588 τὸ
1041 1537 1405 1605 ἀποτέλεσμα.
1446 1539 1506 1589 Εἰ
1567 1540 1664 1606 μὶν
1724 1540 1828 1609 γάρ

254 1622 605 1691 ἀπρακτοῦσι
655 1630 723 1678 τὰ
779 1627 926 1693 παρά
998 1628 1200 1679 τούτων
1266 1629 1519 1697 διδόμενα
1588 1632 1682 1682 καὶ
1732 1632 1825 1681 ἀν-

255 1712 586 1782 τιδιδόμενα,
618 1718 867 1784 νηστείας
898 1720 1015 1770 εστὶ
1049 1720 1240 1789 καιρός
1268 1736 1280 1750 ο
1318 1724 1365 1772 εί
1398 1720 1452 1773 δὲ
1495 1721 1563 1773 τὰ
1597 1724 1822 1789 κρέατος

1943 546 2006 595 ad
2038 550 2272 613 praesidii
2328 553 2586 608 latebram
2639 561 2958 630 confugiunt
2996 568 3059 620 ad
3091 546 3493 640 responsionem

1942 637 2199 701 synodico
2254 654 2530 693 natatum
2571 657 2812 717 tempore
2846 637 3196 711 sanctissimi
3229 662 3371 719 illius
3400 681 3496 734 pa-

1941 724 2186 779 triarcha:
2230 730 2433 783 domini
2462 732 2666 788 Nieolai
2691 778 2706 801 ,
2739 754 2857 805 qua:
2902 742 3077 807 docet,
3107 750 3247 803 sicut
3278 724 3490 819 exposi-

1939 821 2051 867 tum
2089 818 2200 884 jam
2257 820 2376 885 fuit,
2405 825 2719 879 translatum
2754 830 2918 886 fuisse
2947 835 3214 903 jejunium
3263 842 3492 914 Augusti

1940 909 2181 972 mensis;
2216 921 2377 977 atque
2423 914 2766 971 discernendi
2818 922 3102 990 imperitos
3159 940 3212 983 et
3268 909 3487 1000 puerilia

1937 996 2234 1051 sentientes
2278 1013 2473 1055 vocant
2514 1020 2607 1058 eos
2655 1010 2747 1075 qui
2777 1010 3045 1077 jejunant.
3096 1018 3247 1081 Quod
3268 996 3329 1075 isi
3364 1026 3491 1091 quis

1935 1096 1995 1134 os
2048 1084 2151 1138 illis
2197 1088 2550 1157 obturaverit,
2578 1096 2785 1157 dicens.
2843 1104 2896 1154 in
2940 1107 3086 1158 omni
3122 1117 3367 1178 tempore
3409 1112 3491 1180 je-

1935 1169 2067 1237 junii
2115 1174 2349 1230 stadium
2392 1190 2595 1248 patere,
2650 1201 2710 1239 ac
2753 1192 3030 1255 pranuium
3084 1198 3131 1248 ei
3164 1169 3488 1255 destinatum

1920 1262 2276 1338 medietatem
2315 1273 2791 1345 exceptionemque
2858 1296 2961 1334 non
3004 1287 3333 1343 admittere:
3367 1291 3485 1358 Abi,

1935 1356 2282 1420 respondent,
2328 1359 2393 1411 ad
2443 1374 2537 1414 eos
2562 1364 2654 1429 qui
2682 1380 2875 1423 carnes
2920 1370 3154 1428 bubulas
3200 1386 3253 1429 et
3298 1356 3487 1433 ovinas

1931 1455 2167 1511 avesque
2213 1449 2466 1512 vendunt,
2507 1452 2739 1521 hincque
2786 1472 3049 1525 agnosces
3096 1465 3257 1533 hujus
3289 1467 3485 1538 jejuni!

1929 1535 2402 1600 complementum.
2452 1539 2583 1592 Nam
2638 1544 2681 1595 si
2732 1543 2997 1602 feriantur
3043 1566 3162 1618 qua:
3198 1568 3292 1620 per
3340 1535 3488 1623 ipsos

1928 1617 2130 1673 dantur
2178 1632 2230 1675 et
2271 1625 2637 1692 accipiuntur,
2666 1630 2858 1697 jejunii
2894 1642 3105 1704 tempus
3138 1617 3239 1691 est.
3266 1617 3489 1697 Sin-au-

1930 1712 2037 1759 tem
2066 1723 2259 1763 carnes
2292 1715 2525 1776 venales,
2559 1731 2653 1782 pro
2684 1734 2831 1773 more
2866 1723 2930 1773 ad
2957 1737 3178 1777 censum
3198 1737 3484 1795 vocantur,

255 1802 393 1855 ὥνια
451 1806 693 1875 συνήθως
737 1784 1234 1874 κατακηνσεύονται
1286 1810 1359 1879 μὴ
1397 1812 1820 1877 κατακιϐδήλευε
1861 1784 1900 1837 Β
1932 1797 2052 1889 "(lli
2086 1799 2381 1866 ἀθβτανπε
2403 1806 2791 1873 εθίθιπίῑθιθητο
2852 1826 2951 1865 nec
3002 1816 3172 1868 “iam
3214 1818 3282 1871 οδ
3322 1818 3489 1889 δῖβθ·

254 1895 356 1961 τὴν
416 1898 753 1964 πανήγυριν,
822 1897 953 1965 μηδὲ
1021 1899 1108 1949 διὰ
1164 1900 1331 1966 μόνην
1393 1901 1676 1969 ὑπόκρισιν
1732 1904 1827 1962 τὰς

254 1982 359 2051 ἤδη
402 1984 740 2051 σχολασάσας
772 1987 879 2037 τῶν
926 1987 1192 2040 Ἰουδαίων
1223 1990 1472 2055 νηστείας
1512 1992 1826 2057 ἐπισφαλῶς

252 2073 592 2135 ἀνακαίνιζε.
648 2076 738 2144 Μὴ
769 2076 919 2141 γοῦν,
978 2078 1117 2131 κατά
1166 2080 1390 2142 τούτους
1426 2085 1721 2151 προφάσει;
1769 2085 1827 2133 ὲν

249 2165 548 2233 ἁμαρτίαις
594 2168 1074 2236 προφασιζόμενοι,
1113 2171 1220 2223 τῶν
1261 2173 1527 2239 ρηθεισῶν
1563 2176 1824 2242 νηστειῶν

248 2257 640 2324 ἀχρειώσωμεν
667 2261 766 2326 τὴν
797 2262 1103 2330 σεμνότητα
1129 2277 1140 2289 ·
1190 2265 1322 2332 μηδὲ
1348 2265 1487 2316 κατὰ
1516 2266 1606 2318 τὸν
1642 2266 1824 2319 δοῦλον

243 2348 453 2400 ἐκεῖνον
479 2351 567 2401 τὸν
595 2354 961 2422 περιπόνηρον
990 2356 1051 2407 τὸ
1088 2357 1187 2423 τῆς
1216 2360 1464 2425 νηστείας
1499 2359 1823 2411 ὀλϐιώτατον

240 2440 506 2495 τάλαντον
574 2446 654 2505 είς
730 2445 834 2513 γῆν
916 2450 1360 2517 γαστριμαργίας
1431 2453 1522 2504 καὶ
1571 2452 1820 2518 ἀπογνώ-

242 2547 382 2591 σεως
407 2535 843 2605 καταχώσωμεν·
885 2539 1020 2607 μηδὲ
1046 2541 1289 2606 εἴπωμεν
1324 2545 1457 2610 πρὸς
1490 2544 1580 2595 τὸν
1619 2548 1816 2598 Δεσπό-

244 2638 340 2688 την
388 2624 481 2673 καὶ
534 2623 665 2676 Θεὸν
719 2627 875 2695 ἡμῶν
913 2644 926 2657 ο
985 2628 1181 2697 Ἔχεις
1230 2632 1296 2683 τό
1346 2634 1506 2685 σόν⁶
1561 2638 1809 2702 νηστείαν

241 2715 350 2783 γὰρ
392 2716 794 2787 ἐνηστεύσαμεν
831 2722 1424 2791 τεσσαρακονθήμερον,
1459 2726 1523 2795 ἢν
1585 2728 1675 2779 καὶ
1714 2728 1809 2778 αὑο

234 2805 329 2865 τὸς
371 2807 705 2873 ὲνήστευσας
746 2810 823 2872 ὡς
864 2812 1216 2881 θεάνθρωπος
1247 2832 1260 2843 ’
1290 2816 1425 2867 ἀλλὰ
1493 2818 1637 2869 κατὰ
1717 2822 1810 2870 τὸν

232 2896 422 2948 δοῦλον
448 2900 536 2949 τὸν
574 2900 778 2966 ἀγαθὸν
812 2903 1408 2975 πολλαπλασιάσωμεν,
1439 2908 1525 2961 διὰ
1551 2910 1805 2977 νηστείας

233 2986 329 3037 καὶ
359 2989 662 3057 προσευχῆς
702 2990 803 3058 τὴν
839 2994 1111 3061 ἐμπορίαν
1156 2994 1256 3062 τῆς
1304 2998 1576 3064 σωτηρίας
1612 3015 1793 3067 πραγ-

236 3079 620 3144 ματευόμενοι.

309 3171 405 3218 κε’.
448 3166 571 3217 Ὀτι
602 3166 657 3218 δὲ
689 3168 788 3228 τὰς
815 3168 987 3230 θείας,
1014 3173 1109 3222 καὶ
1171 3173 1349 3235 ἁγίοις
1403 3176 1722 3240 ἀποστόλοις
1752 3181 1807 3231 ἐν

234 3257 311 3327 τῷ
346 3255 419 3320 ἔθ’
455 3260 639 3310 κανόνι
718 3262 1161 3330 νενομοθέτηται,
1217 3268 1317 3328 τὰς
1364 3270 1805 3338 παραδεδομένας

232 3350 515 3417 νηστείας,
554 3351 643 3403 διὰ
677 3355 1007 3422 σωματικὴν
1040 3356 1329 3410 ἀσθένειαν
1394 3362 1755 3414 καταλύεσθαι
1792 3378 1805 3392 ⁸

231 3437 346 3492 εἷεν
374 3440 430 3492 δὲ
451 3438 685 3496 αῦταιαί
712 3445 807 3496 τοῦ
840 3446 961 3498 ὅλου
996 3448 1190 3517 χρόνον
1250 3451 1520 3519 Τετράδες
1575 3458 1665 3505 καὶ
1702 3456 1809 3506 Πα-

236 3531 507 3596 ρασκευαί
535 3545 547 3559 ·
588 3535 994 3601 παρεγγυῶμαι
1022 3536 1169 3603 ὑμῖν,
1215 3538 1319 3605 πρὸ
1362 3539 1460 3605 μὲν
1515 3540 1804 3607 ἑπτὰιὴμεο

234 3621 348 3689 ρῶν
374 3622 612 3692 ἑκάστης
653 3624 762 3675 τῶν
796 3626 1074 3695 ῥηθεισῶν
1099 3628 1329 3696 ἑορτῶν,
1363 3630 1423 3691 ἐξ
1494 3631 1807 3700 ἀπαραιτή-

229 3728 325 3763 του
361 3714 645 3781 νηστεύειν
678 3717 773 3768 καὶ
813 3716 1271 3785 ὲγκρατεύεσθαι,
1312 3720 1490 3781 καθὼς
1544 3722 1804 3772 καὶκατὰ

226 3802 329 3871 τὴν
391 3803 485 3855 τοῦ
528 3805 767 3871 μεγάλου
824 3805 1227 3875 θεοπαραδότου
1294 3811 1807 3881 τεσσαρακονθημέ-

227 3909 347 3961 ρου,
402 3894 495 3945 καὶ
530 3896 603 3964 μὴ
627 3894 920 3947 καταλύειν
959 3897 1116 3959 ὅλως,
1176 3898 1263 3950 διά
1306 3916 1427 3953 τινα
1483 3903 1802 3971 περίστασιν

226 3984 481 4053 σώματος
512 4003 527 4017 ·
552 3989 610 4039 ὲν
641 3986 697 4039 δὲ
726 3990 843 4050 ταῖς
873 3989 1087 4051 λοιπαῖς
1112 3991 1399 4060 νηστίμοις
1444 3995 1701 4063 ἡμέραις,
1728 3997 1800 4056 ὡς

222 4078 466 4146 εἴρηται,
518 4078 610 4130 δύο
669 4081 939 4151 λαμπρῶν
1004 4082 1391 4151 πανηγύρεων,
1454 4085 1562 4137 τῶν
1629 4087 1801 4151 ἁγίων

236 4170 600 4235 Ἀποστό).ων,
644 4173 808 4241 φημὶ,
851 4174 949 4226 καὶ
980 4176 1086 4225 τῶν
1115 4175 1412 4228 Γενεθλίων
1433 4176 1527 4230 τοῦ
1558 4178 1797 4247 Χριστοῦ

224 4258 318 4310 καὶ
343 4258 501 4321 Θεοῦ,
528 4263 649 4323 ταῖς
680 4262 787 4329 πρὸ
814 4262 917 4313 τῶν
938 4264 1338 4333 ἑπτὰ,ἡμερῶν
1404 4267 1506 4334 τῆς
1555 4271 1796 4337 ἀπαραι-

221 4352 386 4418 τήτου
422 4352 675 4419 νηστείας
707 4354 1197 4423 παραδεδομέναις,
1246 4358 1321 4420 ὠς
1360 4360 1596 4427 εἴρηται,
1628 4363 1674 4411 εἰ
1698 4378 1795 4414 κα-

1926 1886 2136 1947 crisim,
2169 1891 2276 1956 jam
2310 1895 2476 1947 desita
2499 1894 2810 1954 Iudaeorum
2837 1903 3043 1971 jejunia
3076 1921 3339 1964 renovare
3357 1927 3480 1966 cum

1928 1977 2193 2040 periculo.
2250 1981 2328 2035 Ne
2374 1984 2536 2052 igitur
2602 2004 2789 2043 eorum
2849 1996 3096 2061 exemplo
3153 2010 3482 2057 excusantes

1926 2070 2308 2124 excusationes
2352 2075 2403 2126 in
2444 2079 2684 2143 peccatis
2713 2080 2778 2142 ³¹,
2826 2082 3095 2137 dictorum
3148 2088 3478 2155 jejuniorum

1927 2156 2241 2213 abolcamus
2291 2164 2680 2233 sanctitatem;
2725 2186 2898 2240 neque
2948 2173 3101 2241 juxta
3142 2191 3359 2230 servum
3416 2179 3481 2231 il.

1930 2247 2037 2299 lum
2065 2252 2484 2319 nequissimum,
2535 2258 2724 2326 jejunii
2770 2262 3144 2319 beatissimum
3176 2268 3433 2322 talentum
3468 2307 3481 2330 .

1923 2334 1978 2389 in
2008 2345 2209 2393 terram
2243 2344 2378 2410 gula:
2410 2354 2462 2398 et
2488 2347 2712 2416 abjecta:
2752 2353 2867 2420 spei
2904 2354 3233 2421 obruamus;
3273 2373 3370 2411 nec
3406 2358 3486 2411 di-

1923 2442 2108 2482 camus
2191 2432 2254 2485 ad
2314 2434 2597 2490 Dominum
2659 2440 2936 2511 Deumque
2989 2448 3480 2502 nostrumzllabes

1918 2521 2056 2586 quod
2090 2530 2236 2573 tuum
2277 2536 2349 2576 est
2402 2528 2493 2576 "z
2547 2528 3030 2599 Quadragesimam
3077 2539 3220 2590 enim
3267 2538 3481 2607 jejuna-

1922 2608 2123 2671 vimus,
2161 2625 2325 2678 quam
2360 2614 2475 2680 ipse
2519 2624 2573 2667 tu
2605 2616 2866 2685 jejunasti
2903 2622 3047 2675 velut
3077 2621 3220 2678 Deus
3268 2628 3432 2682 homo
3466 2648 3480 2685 :

1921 2695 2013 2748 sed
2041 2697 2191 2764 juxta
2223 2714 2439 2753 servum
2480 2716 2701 2769 nonum,
2740 2709 3185 2778 multiplicemus,
3221 2729 3316 2782 per
3343 2715 3483 2785 jeju-

1920 2786 2070 2837 nium
2106 2798 2159 2839 et
2195 2792 2494 2843 orationem
2525 2794 2590 2845 ad
2634 2798 3060 2865 negotiationem
3111 2801 3303 2859 salutis
3340 2807 3478 2875 adji-

1918 2876 2123 2931 cieutes
2158 2881 2423 2934 animum.

1983 3164 2072 3218 25.
2108 3167 2374 3222 Caeterum
2412 3173 2540 3239 quia
2591 3188 2685 3241 per
2724 3186 2943 3231 sanctos
2989 3182 3269 3249 apostolos
3300 3186 3353 3239 in
3384 3203 3478 3242 cz.—

1915 3270 2057 3309 none
2104 3257 2192 3320 69,
2242 3261 2358 3328 lege
2410 3262 2681 3316 sancitum
2713 3276 2818 3330 est,
2864 3276 2919 3319 ut
2951 3271 3137 3324 divina
3178 3276 3479 3347 traditaque

1907 3342 2114 3412 jejunia
2152 3358 2372 3416 propter
2398 3355 2732 3417 corporalem
2761 3356 3128 3413 infirmitatem
3163 3342 3477 3432 solvantur;

1916 3435 2115 3489 fuerint
2140 3448 2320 3491 autem
2364 3440 2475 3503 illa,
2510 3444 2675 3497 totius
2712 3447 2836 3499 anni
2872 3461 3077 3515 quartae
3101 3466 3371 3524 sextaque
3396 3457 3474 3511 fe.-

1917 3527 2043 3591 riaz;
2079 3529 2341 3583 denuntio
2370 3532 2542 3597 vobis,
2578 3542 2633 3585 ut
2667 3545 2791 3589 ante
2819 3547 3017 3606 septem
3060 3543 3175 3597 dies
3207 3546 3471 3616 cujusque

1911 3620 2204 3673 relatorum
2241 3622 2524 3691 festorum,
2558 3628 2692 3680 citra
2736 3630 3170 3698 deprecationem
3210 3636 3469 3706 jejunetis

1906 3719 1962 3764 et
1996 3710 2330 3765 abstinenter
2359 3718 2572 3781 vivatis,
2617 3733 2826 3772 necnon
2862 3736 2955 3787 per
2984 3738 3232 3793 magnam
3285 3743 3312 3780 a
3366 3728 3475 3784 Deo

1918 3802 2171 3853 traditam
2206 3801 2708 3874 Quadragesimam,
2740 3825 2839 3863 nec
2860 3813 3123 3868 ullatenus
3150 3817 3369 3875 solvatis
3392 3820 3476 3887 je-

1902 3891 2115 3961 junium
2170 3904 2396 3963 propter
2426 3898 2724 3964 quamlibet
2754 3904 3004 3969 corporis
3051 3908 3432 3964 necessitatem
3460 3926 3474 3974 ;

1906 3987 1956 4038 in
1984 3987 2208 4054 reliquis
2247 4003 2377 4039 vero
2412 3991 2740 4045 esurialibus
2764 3993 2985 4061 diebus,
3021 4008 3078 4050 ut
3109 3998 3314 4053 dictum
3351 4012 3432 4057 est
3456 4042 3473 4060 .

1905 4077 2135 4130 duarum
2161 4080 2434 4132 clararum
2464 4083 2860 4148 celebritatum,
2906 4100 3221 4145 sanctorum
3258 4108 3479 4161 aposto-

1903 4167 2102 4235 lorum,
2132 4172 2379 4239 inquam,
2411 4184 2461 4225 et
2498 4172 2708 4229 Natalis
2740 4175 2944 4233 Christi
2988 4181 3210 4250 Deique,
3245 4199 3338 4251 per
3371 4199 3480 4238 tra-

1900 4258 2042 4312 ditos
2096 4260 2213 4315 dies
2254 4262 2342 4330 qui
2377 4264 2688 4331 prurcetlunt
2729 4268 2851 4321 illos
2884 4282 3214 4327 memoratos
3255 4284 3457 4339 septem

1894 4348 2083 4416 jejuuii
2145 4346 2379 4406 omnino
2427 4357 2754 4421 necessarii,
2817 4359 2860 4411 si
2921 4358 3188 4427 jejunium
3252 4366 3464 4419 solvere

219 4440 455 4500 ταλῦσαι
512 4443 718 4508 δεήσει,
794 4444 881 4496 διὰ
945 4447 1265 4513 σωματικὴν
1327 4450 1456 4511 ίσως
1512 4451 1795 4501 ἀσθένειαν

1903 4451 2182 4507 oporteat,
2230 4445 2411 4497 forsan
2470 4446 2773 4512 corporalis
2823 4454 3167 4506 necessitatis
3211 4469 3365 4525 ergo,
3412 4461 3461 4513 id

221 4534 396 4582 ποιεῖν
457 4532 546 4583 καὶ
605 4531 782 4596 τοῦτο,
836 4533 975 4601 μετὰ
1021 4536 1339 4605 προτροπῆς
1415 4538 1801 4606 ὲπισκοπικῆς.

222 4620 437 4685 ’Ἄλλως
460 4623 780 4688 κινδυνῶδὲς
805 4627 920 4677 ἐστι
961 4628 1053 4679 καὶ
1082 4626 1354 4705 όλὲθριον.

290 4777 403 4842 κς’.
433 4779 806 4849 Νηστεύοντες
842 4780 922 4844 δὲ,
953 4781 1027 4851 μὴ
1051 4785 1445 4853 νηστεύσωμεν
1473 4787 1553 4847 είς
1587 4788 1800 4856 κρίσεις

218 4874 313 4923 καί
348 4872 527 4940 μάχας
551 4874 646 4924 καὶ
672 4873 1077 4943 ψιθυρίσματα,
1106 4876 1243 4944 μηδὲ
1260 4875 1521 4946 τύψωμεν
1552 4884 1799 4947 πυγμαῖς

217 4965 309 5015 τὸν
344 4964 598 5015 ταπεινὸν
628 4966 722 5018 καὶ
742 4965 1109 5035 προσήλυτον.
1168 4967 1439 5037 Λύσωμεν
1500 4970 1554 5021 δὲ
1598 4971 1802 5038 μᾶλλον

221 5053 401 5105 πάντα
425 5052 725 5119 σύνδεσμον
750 5053 989 5119 ἀδικίας,
1032 5055 1128 5107 καὶ
1161 5054 1355 5123 βιαίων
1419 5058 1803 5127 συναλλαγμά-

218 5159 326 5195 των
363 5145 703 5212 χειρόγραφα
729 5144 1121 5212 διασπάσωμεν
1153 5162 1166 5176 ·
1199 5147 1430 5201 πεινῶσι
1462 5150 1559 5216 μὲν
1609 5151 1804 5216 ἄρτους

219 5236 313 5286 καὶ
340 5236 548 5304 τροφὰς
580 5234 1029 5304 διαθρύπτοντες,
1063 5239 1318 5304 ἀστέγοις
1335 5240 1391 5291 δὲ
1425 5242 1516 5291 καὶ
1570 5245 1804 5310 πτωχοῖς

217 5327 345 5387 τοῦς
391 5327 577 5389 οἴκους
650 5328 984 5397 ἀνοίγοντες,
1052 5332 1193 5383 κατά
1250 5330 1310 5383 τὸ
1380 5331 1468 5382 τοῦ
1523 5335 1802 5403 προφήτου

223 5418 616 5489 παράγγελμα.
649 5418 941 5489 Οῦτωγὰρ
967 5421 1025 5473 τὸ
1068 5422 1185 5487 φῶς
1230 5424 1329 5491 τῆς
1396 5425 1539 5493 ζωῆς
1634 5428 1791 5494 ἡμῶν

229 5512 437 5581 λάμψει
476 5514 538 5564 ἐκ
562 5514 796 5581 πρωῖας,
836 5515 909 5576 ὡς
930 5516 1265 5582 γέγραπται,
1299 5518 1391 5570 καὶ
1428 5518 1525 5586 τῆς
1550 5520 1794 5587 κραυγῆς

1903 4542 2120 4596 quoque
2165 4528 2379 4583 faciatis
2428 4549 2548 4584 eum
2598 4534 2841 4600 episcopi
2896 4541 3272 4594 concessione.
3338 4544 3465 4597 Alio

1901 4602 2101 4684 quippe
2145 4619 2327 4682 modo,
2363 4620 2663 4687 quamlibet
2691 4636 3013 4678 cunetarum
3067 4628 3208 4680 diem
3258 4632 3466 4687 violare

1902 4706 2082 4759 soluto
2118 4707 2352 4777 jejunio.
2399 4711 2768 4771 periculosum
2817 4724 2901 4768 est
2951 4726 3116 4785 atque
3151 4721 3469 4778 exitiosum.

1973 4796 2064 4851 26.
2103 4795 2235 4849 Dum
2270 4807 2445 4861 autem
2472 4800 2889 4869 jejunamus,ne
2917 4807 2969 4859 in
2996 4808 3139 4873 lites,
3171 4810 3479 4866 dimicatio-

1902 4900 1998 4940 nes
2028 4895 2080 4939 et
2133 4890 2427 4946 maledicos
2456 4907 2712 4947 susurros
2744 4896 3053 4963 jejunemus
3080 4938 3092 4960 ,
3118 4914 3249 4953 neve
3280 4905 3475 4970 pugnis

1903 4976 2256 5031 verberemus
2291 4980 2549 5035 humilem
2574 4993 2629 5037 et
2665 4988 2950 5040 advenam.
2986 4988 3124 5054 Quin
3160 4992 3342 5059 potius
3370 4997 3480 5049 sol-

1902 5081 2093 5120 Vamus
2123 5082 2283 5122 omne
2322 5070 2598 5126 vinculum
2650 5076 2978 5143 iniquitatis,
3023 5090 3078 5131 et
3112 5081 3477 5137 violentorutn

1904 5169 2287 5212 contracturum
2340 5162 2699 5235 chirographa
2744 5169 3168 5237 discerpamus;
3219 5175 3466 5227 esurien-

1906 5248 2051 5302 tibus
2090 5250 2311 5318 quidem
2378 5253 2685 5324 frangentes
2712 5273 2881 5326 panes
2920 5270 2971 5313 et
2997 5263 3169 5326 cibos,
3198 5273 3338 5317 tecto
3385 5281 3451 5319 au

1915 5350 2019 5393 tem
2060 5343 2379 5397 carentibus
2429 5354 2483 5398 et
2534 5349 2868 5415 pauperibus
2909 5354 3222 5419 aperientes
3263 5354 3477 5421 domos,

1897 5432 2049 5500 juxta
2084 5436 2359 5501 prophetae
2396 5440 2660 5491 monitum
2692 5440 2755 5492 ³³.
2806 5441 2897 5495 Sic
2931 5444 3075 5497 enim
3129 5446 3309 5501 lumen
3358 5450 3481 5503 vita

1908 5534 2110 5577 nostrae
2170 5526 2407 5579 diluculo
2438 5527 2682 5597 fulgebit,
2715 5534 3168 5601 quemadmodum
3212 5538 3476 5607 scriptum

293 5689 332 5720 ³¹
368 5689 510 5746 Psal.
539 5705 658 5754 CXL,
690 5693 741 5745 4.
822 5694 865 5725 ³⁸
907 5693 1096 5749 Matth.
1136 5712 1263 5762 xxv,
1289 5698 1375 5751 25'.
1457 5700 1498 5730 ³³
1530 5700 1627 5753 lsa.
1660 5718 1811 5770 Li'm,
1845 5706 1875 5760 6
1901 5713 1952 5757 et
1989 5722 2094 5775 seq.
