4208 6442
274 378 402 441 1361

1448 382 1687 441 EPIST.
1710 380 1806 437 DE
1837 380 2316 441 RASOPHOlllS

3355 380 3488 442 139:9.

268 510 529 547 σκουσαν.
554 495 673 548 Κάν
705 496 812 562 γάρ
865 497 1127 565 χρίσματι
1190 498 1525 565 χειροτονίας
1566 496 1827 565 ιχρίσθη·
1861 495 1905 549 Α

1823 524 1827 532 ι
1861 495 1905 549 Α
1937 497 2084 549 enim
2120 512 2216 565 per
2244 496 2677 551 misericordiam
2737 497 2825 550 Dei
2862 495 3155 551 chrismate
3188 496 3485 548 ordinatio-

266 600 370 649 μιν
394 585 530 652 ἐλέῳ
587 585 747 649 Θεοῦ,
771 588 889 637 ἀλλ’
944 587 1105 655 ἐλαίῳ
1153 588 1505 647 διδασκαλίας
1559 588 1823 639 λιπαίνειν

263 673 388 733 τοὺς
437 674 700 741 μετόχους
722 675 821 741 τῆς
837 675 936 741 γῆς
959 675 1163 743 ταύτης
1200 676 1591 745 ἐπετράπημεν
1623 691 1637 705 ·
1692 672 1762 727 δι’
1796 673 1823 725 ὃ

262 768 362 815 καὶ
391 766 533 817 κατὰ
574 768 699 827 τοὺς
730 768 788 818 tv
828 767 1010 818 σκότει
1041 767 1132 819 καὶ
1154 770 1281 836 σκιᾷ
1304 768 1645 836 καθημένους
1682 767 1825 831 ἀγω-

261 854 544 921 νιάζομεν.
580 858 731 907 Ἐπεὶ
765 857 821 907 δὲ
857 858 916 908 τὺ
942 858 1039 924 μὲν
1064 859 1333 910 διδάσκειν
1364 859 1683 927 ὑπερορίους
1708 858 1825 909 ιπι-

265 946 510 1006 οκόπυυς
550 947 947 1014 ἀπηγόρευται,
998 948 1056 999 τὸ
1084 948 1139 998 δὲ
1173 946 1560 1015 ἀπολογείσθαι
1592 949 1719 1017 περὶ
1749 941 1823 999 ὧν

260 1033 574 1099 ἐρωτῶνται
601 1036 936 1102 νενόμισται·
968 1038 1044 1090 Τὰ
1061 1039 1237 1105 χείλη
1269 1037 1395 1107 γὰρ,
1428 1039 1616 1106 φησὶν,
1656 1036 1826 1105 ἡμῶν

260 1124 401 1188 παρ’
421 1124 568 1189 ἡμῖν
593 1128 754 1179 είσίν
785 1143 799 1157 ο
829 1128 1232 1195 ἀπεστείλαμέν
1293 1146 1377 1182 σοι
1426 1130 1517 1181 τὸν
1581 1130 1825 1197 παρόντα

262 1213 434 1266 παῖδα
464 1214 622 1280 λόγον
655 1215 836 1283 ἡμῶν,
870 1217 1350 1287 ἀπολογησόμενον
1379 1220 1515 1286 πρὸς
1561 1220 1659 1280 τάς
1698 1220 1828 1272 πεύ-

261 1318 382 1363 σεις
420 1321 535 1365 σου,
574 1305 649 1372 μὴ
670 1308 1111 1374 πεποικιλμένον,
1158 1308 1234 1371 ὡς
1275 1310 1401 1361 εδει.
1448 1310 1587 1377 μετά
1630 1328 1828 1377 χρυσο·

260 1393 829 1463 πάστωνίματισμῶν
889 1399 984 1449 καὶ
1061 1399 1394 1464 σοφιστικῶν
1474 1402 1824 1468 κροσσωτὼν,

258 1483 400 1536 ἀλλὰ
454 1485 592 1551 μετά
662 1487 971 1555 χλαμυδίων
1032 1488 1287 1556 ἀμούσων
1350 1490 1445 1541 καὶ
1526 1490 1823 1558 ῥυπαρῶνο

258 1575 488 1627 τοιαῦτα
522 1578 628 1644 γάρ
662 1574 801 1630 οἶδεν
828 1578 1075 1645 ὑφαίνειν
1108 1580 1251 1643 tm;
1292 1581 1606 1649 ὑπερόριος.
1637 1582 1699 1633 Εί
1727 1582 1827 1646 μὶν

256 1664 357 1716 οὖν
396 1666 533 1733 πρὸς
558 1669 660 1733 τὴν
684 1670 954 1736 ἐρώτησιν
991 1670 1392 1738 ἀπολογήσεταί
1423 1688 1476 1723 τι
1520 1672 1826 1740 πρόσφορον

259 1754 355 1805 καὶ
392 1755 750 1823 κατάλληλον,
772 1756 1170 1826 φιλοφροσύνης
1189 1757 1475 1825 ἀξιωθήτω
1498 1774 1512 1788 ο
1547 1758 1595 1808 εί
1612 1756 1667 1809 ’δ’
1686 1760 1828 1825 ἅμα·

262 1843 420 1905 θείας
460 1845 676 1909 ἀπόζει,
708 1848 1128 1915 ἀντιστραφήτω
1157 1850 1291 1915 πρὸς
1324 1850 1415 1898 τὸν
1451 1848 1825 1915 γεγεννηκότα

264 1936 499 2005 πατέρα,
537 1937 635 2007 τὴν
664 1938 885 1991 δικαίαν
912 1939 1264 2008 ἀποστροφὴν
1304 1939 1757 2009 προαρπάσαντα.

333 2113 399 2181 β’.
465 2114 756 2184 Ἐγραψας
794 2119 946 2187 ἡμῖν,
978 2120 1055 2180 ὥς
1089 2120 1329 2181 τινεςιὲκ
1379 2118 1487 2171 τῶν
1512 2119 1828 2190 ρασοφόρων

257 2202 359 2263 τῆς
377 2204 518 2257 κατὰ
555 2205 612 2256 σὲ
659 2206 820 2271 άγίας
888 2207 1076 2276 μονῆς,
1128 2210 1566 2276 ἀναγκαζόμενοι
1607 2209 1825 2262 τελειω⁹

258 2292 421 2361 θῆναι
446 2295 923 2365 δι’ἀποκάρσεως,
962 2296 1215 2364 λέγουσιν
1257 2300 1333 2359 ὡς
1390 2299 1418 2350 ό
1485 2298 1665 2367 μέγας
1719 2300 1827 2351 Βα-

261 2385 466 2446 σίλειος
497 2387 555 2438 ἐν
581 2404 695 2438 τισι
722 2387 831 2438 τῶν
863 2388 1183 2456 ἀσκητικῶν
1245 2390 1608 2443 διδασκαλιῶν
1662 2391 1823 2445 αὑτοῦ

256 2474 553 2543 διωρίσατο
582 2479 675 2530 ἰπὶ
702 2478 917 2549 τριετίᾳ
937 2480 1030 2532 τὸν
1071 2480 1305 2550 μονάσαι
1345 2480 1635 2549 ὀφείλοντα
1673 2483 1823 2537 δοκι-

264 2562 560 2629 μάζεσθαι,
597 2567 693 2619 καὶ
751 2568 887 2636 μετά
950 2571 1050 2638 τὴν
1124 2570 1331 2638 ταύτης
1382 2572 1749 2641 παραδρομὴν
1795 2573 1826 2642 ἢ

257 2653 563 2722 λαμϐάνειν
591 2658 689 2727 τὴν
716 2659 877 2727 χάριν
923 2661 1020 2729 τῆς
1049 2662 1432 2730 ἀποκάρσεως.
1466 2663 1499 2730 ἢ
1529 2665 1830 2733 ἀναχωρεῖν

256 2745 361 2814 τῆς
398 2748 587 2815 μονῆς,
612 2751 708 2802 καὶ
736 2750 873 2817 πρδς
896 2750 994 2818 τὴν
1013 2751 1290 2819 προτέραν
1359 2751 1559 2820 λαῖκὴν
1596 2756 1828 2822 μεταπί-

256 2856 418 2892 πτειν
452 2841 747 2909 διαγωγὴν,
775 2843 1127 2911 λαμϐάνοντα
1164 2847 1256 2898 καὶ
1286 2846 1320 2899 ἃ
1379 2846 1484 2914 πρὸ
1512 2846 1607 2898 τοῦ
1665 2866 1832 2916 προσ-

258 2933 438 2987 ελθεῖν
485 2938 549 3004 τῇ
608 2939 739 3006 μονῇ
797 2938 1163 2991 ἐνεδιδύσκετο
1215 2939 1394 3008 ἀμφια
1430 2957 1442 2967 ·
1508 2944 1601 2993 καὶ
1658 2943 1830 2996 ταῦτα

259 3026 371 3093 γὰρ
424 3029 482 3078 ἐν
512 3029 698 3097 ἀσύλῳ
729 3029 1108 3097 συντηρεῐσθαι
1150 3033 1615 3100 παρεκελεύσατο.
1665 3035 1825 3087 Ίνατί

1935 587 2020 640 nis
2053 588 2261 640 inunrti
2297 588 2584 650 fuerimus,
2617 588 2736 641 oleo
2760 598 2939 641 tamen
2962 587 3227 639 doctrina:
3257 601 3483 639 consor-

1939 686 2020 730 tes
2048 684 2207 730 terra:
2242 678 2403 746 hujus
2438 677 2777 746 lmpinguare
2806 678 3161 730 commissum
3194 678 3351 730 nobis
3369 688 3483 737 est;

1933 767 2073 821 unde
2129 781 2181 822 et
2225 770 2397 821 instar
2443 783 2630 821 eorum
2672 770 2763 836 qui
2808 768 2860 820 in
2916 768 3157 821 tenebris
3197 776 3247 820 ct
3297 768 3486 820 umbra

1931 857 2119 913 sedent
2157 857 2551 911 conﬂictamur.
2601 857 2738 923 Quia
2775 872 2900 911 vero
2952 865 3009 909 ιιι
3054 857 3289 924 episcopi
3334 865 3486 909 extra

1932 947 2267 1016 provinciam
2320 948 2481 1015 positi
2511 950 2741 1002 doceant
2772 949 2995 1000 vetitum
3040 956 3165 1012 est,
3221 949 3485 999 rationem

1935 1048 2113 1091 autem
2162 1039 2386 1092 reddere
2433 1040 2499 1093 de
2533 1040 2599 1093 iis
2639 1038 2705 1092 de
2740 1040 2937 1106 quibus
2988 1038 3392 1106 interrogantur
3421 1037 3487 1088 li-

1932 1127 2396 1192 cet;Lnbiaenim
2429 1139 2631 1187 nostra.
2664 1129 2860 1196 inquit,
2892 1146 2923 1179 a
2950 1128 3095 1179 nobis
3127 1137 3247 1178 sunt
3270 1129 3324 1189 ';
3353 1127 3416 1178 ad
3437 1134 3489 1177 te

1935 1218 2184 1271 misimus
2229 1228 2550 1285 praesentem
2581 1233 2829 1286 puerum,
2858 1230 3162 1271 sermonem
3202 1223 3446 1268 nostrum
3470 1252 3485 1276 ,

1933 1309 2023 1377 qui
2059 1307 2443 1362 satisfacturus
2490 1310 2562 1362 sit
2600 1308 2665 1361 ad
2695 1308 3029 1376 questiones
3078 1317 3236 1369 tuas;
3266 1320 3372 1357 non
3400 1320 3490 1355 va-

1935 1400 2013 1451 rie
2055 1410 2329 1459 ornatum,
2354 1407 2413 1450 ut
2452 1398 2656 1461 decuit,
2678 1413 2806 1451 cum
2838 1398 3035 1451 vestitu
3064 1404 3278 1457 aurato,
3311 1392 3490 1454 sopbi-

1935 1488 2199 1555 sticisque
2241 1488 2552 1553 ﬁmbriatis,
2605 1488 2700 1541 sed
2757 1502 2880 1541 cum
2911 1483 3272 1555 chlamyduﬁs
3326 1481 3485 1534 insci-

1936 1579 2007 1630 tis
2055 1586 2112 1631 et
2164 1577 2401 1631 sordidis
2455 1596 2469 1631 :
2529 1576 2842 1645 bujusmodi
2892 1576 3094 1643 quippe
3145 1572 3312 1625 ordiri
3352 1570 3487 1623 solet

1937 1680 1999 1719 ac
2028 1667 2178 1719 novit
2222 1668 2516 1719 textorium
2558 1673 2865 1718 externum.
2904 1662 3091 1729 Itaque
3134 1659 3177 1714 si
3212 1659 3276 1711 ad
3316 1658 3486 1709 inter-

1937 1756 2268 1821 rogationem
2314 1755 2516 1824 aliquid
2569 1752 2908 1822 responderit
2955 1761 3137 1820 aptum
3194 1759 3249 1803 et
3292 1762 3487 1801 convc-

1934 1846 2114 1909 niens,
2160 1846 2421 1914 benevole
2466 1845 2813 1914 excipiatur;
2882 1841 2928 1896 si
2984 1856 3112 1894 vero
3157 1838 3482 1906 imperitiam

1930 1936 2156 1999 redolet,
2202 1936 2267 1988 ad
2315 1945 2519 2003 patrem
2563 1935 2657 2004 qui
2702 1934 2887 2004 genuit
2919 1932 3248 1993 remittatur,
3284 1927 3488 1996 quique

1922 2029 2127 2096 justam
2171 2026 2570 2080 aversationem
2611 2022 3029 2094 praeoccupavit.

2003 2119 2057 2170 2.
2096 2115 2375 2184 Scripsisti
2425 2117 2605 2179 nobis,
2661 2115 2924 2183 quosdam
2992 2109 3164 2165 sancti
3210 2113 3483 2161 monaste-

1927 2211 1990 2262 rii
2022 2208 2098 2262 tui
2132 2207 2507 2277 Rasopboros,
2539 2206 2665 2260 dum
2692 2220 2786 2275 per
2816 2215 3096 2258 tonsuram
3119 2197 3483 2255 consummari

1926 2309 2218 2369 coguntur,
2251 2298 2434 2351 dicere
2469 2296 2610 2365 quod
2640 2310 2870 2365 magnus
2896 2294 3123 2348 Basilius
3167 2292 3220 2343 in
3253 2289 3483 2357 quibus-

1928 2394 2052 2445 dam
2110 2390 2227 2444 suis
2280 2389 2532 2443 aseeticis
2566 2385 3022 2455 praeceptionibus
3076 2380 3388 2443 deﬁnierit,
3431 2385 3489 2429 ut

1928 2482 2019 2551 qui
2046 2480 2348 2534 monachus
2380 2478 2602 2532 futurus
2626 2487 2730 2541 est,
2754 2491 2845 2543 per
2883 2472 3173 2526 triennium
3210 2470 3487 2535 probetur,

1930 2586 2039 2641 quo
2076 2577 2377 2632 transacto,
2425 2578 2520 2620 aut
2551 2566 2777 2635 gratiam
2819 2574 3062 2616 tonsum
3113 2560 3365 2626 accipiat,
3397 2566 3491 2610 aut

1932 2662 2147 2715 recedat
2184 2675 2213 2713 a
2260 2656 2595 2712 monasterio
2645 2664 2697 2708 et
2725 2655 2790 2707 ad
2830 2653 3064 2723 priorem
3098 2651 3288 2702 Iaicam
3323 2649 3488 2700 vitam

1932 2752 2231 2813 relabatur,
2278 2747 2514 2816 receptis
2570 2746 2735 2800 etiam
2780 2742 3117 2797 indumentis
3167 2753 3287 2807 qua:
3340 2744 3495 2791 ante-

1929 2860 2094 2914 quam
2149 2843 2213 2896 ad
2258 2838 2648 2893 monasterium
2706 2835 2993 2889 accederet
3038 2831 3323 2900 gestabat:
3378 2826 3493 2881 haec

1930 2936 2073 2987 enim
2112 2934 2163 2985 in
2204 2940 2322 2984 tuto
2347 2931 2468 2983 loco
2502 2927 2814 2983 conservari
2857 2925 3043 2992 jussit.
3070 2923 3176 2974 Cur
3209 2934 3339 2987 ergo
3365 2923 3491 2971 ante

1933 3025 2225 3078 triennium
2276 3020 2525 3087 cogimur
2573 3028 2813 3071 tonsurae
2859 3028 3022 3066 onere
3055 3006 3492 3080 premi?Verisi-

257 3115 393 3184 γοῦν
452 3117 557 3185 πρὸ
615 3119 712 3186 τῆς
764 3120 1008 3185 τριετὶας
1056 3119 1487 3187 ἀναγκαζόμεθα
1540 3121 1601 3175 τὸ
1660 3117 1894 3193 βάροςο

1852 3117 1894 3176 C
1930 3113 2054 3167 mile
2099 3120 2203 3176 est,
2237 3112 2375 3165 intra
2401 3108 2533 3164 illud
2568 3123 2664 3162 nos
2696 3106 3018 3161 sententiam
3057 3110 3384 3161 umtaturos,
3431 3106 3485 3151 et

254 3207 717 3275 ἒπιφορτισοῆναι
744 3210 843 3275 τῆς
882 3209 1244 3278 ἀποκάρσεως
1270 3224 1287 3274 ς
1352 3210 1514 3275 Είκός
1547 3215 1663 3266 ἐστι
1693 3215 1826 3267 ταύ-

250 3314 355 3364 της
390 3298 540 3360 ὲντδς
566 3299 1010 3368 μεταμεληθῆναι
1036 3301 1204 3369 ἡμᾶς,
1238 3304 1332 3356 καὶ
1359 3303 1455 3373 τῆς
1484 3308 1828 3376 τραχυτέρας

255 3391 403 3457 ζωῆς
428 3392 524 3459 τὴν
557 3390 955 3462 μαλακωτέραν
1014 3394 1488 3464 προτιμήσασθαι,
1568 3397 1660 3451 καὶ
1726 3399 1827 3465 τῆς

254 3481 517 3535 ἐπιπόνου
563 3483 662 3553 τὴν
719 3485 941 3546 ἄπονον,
1005 3484 1101 3537 καὶ
1151 3486 1529 3556 ἀπεκδυθῆναι
1602 3488 1704 3556 μὲν
1758 3488 1827 3541 τά

260 3574 555 3642 μοναχικά,
618 3574 907 3643 ὲνδυθῆναι
958 3575 1015 3627 δὲ
1044 3576 1417 3647 κογχυλόχροα
1464 3577 1559 3632 καὶ
1615 3580 1829 3649 χρυσό-

264 3682 471 3718 -ιτςισιτα⁸
525 3666 662 3718 ἀλλά
691 3666 797 3736 μὴν
824 3668 916 3719 καὶ
974 3668 1393 3737 κρεωφαγῆσαι,
1448 3671 1543 3723 καὶ
1577 3670 1826 3739 νομίμως

258 3756 605 3824 συναφθῆναι
636 3756 886 3823 γυναιξίν
914 3774 928 3786 ·
962 3759 1009 3808 εἰ
1039 3758 1224 3827 δεήσει
1251 3758 1329 3824 δὲ,
1375 3761 1474 3811 καὶ
1534 3762 1830 3828 στρατολο-

260 3846 522 3915 γηθῆναι,
591 3849 688 3899 καὶ
766 3846 947 3909 ζώνας
1021 3847 1417 3918 περιδληθῆναι
1498 3848 1824 3919 ἀξιωμάτων

258 3936 584 4006 βασιλικῶν.
630 3938 802 4004 Ἀφες
836 3931 929 3989 οὖν
951 3937 1049 4003 τῆς
1084 3935 1423 4007 προθεσμίας
1456 3936 1555 4008 τὴν
1614 3937 1821 4006 δωρεὰν

253 4027 670 4095 ἀκιὸδήλευτον.
720 4030 885 4089 Ἰσως
913 4029 1021 4097 γάρ
1051 4027 1393 4100 παραδράμῃ
1424 4027 1561 4096 μετὰ
1599 4028 1696 4097 τῆς
1731 4029 1825 4081 αύ-

253 4121 353 4186 τῆς
382 4119 800 4188 εὐθυδρομοῢσα
860 4117 1191 4186 προθέσεως,
1266 4118 1361 4171 καὶ
1416 4117 1663 4187 στηρίξει
1728 4120 1823 4188 τῆς

254 4211 589 4277 ἐπαγγελίας
626 4209 723 4279 τὴν
752 4209 1061 4278 εἴσπραξιν.
1092 4209 1156 4260 El
1215 4210 1274 4263 δὲ
1324 4213 1677 4279 κατεπείγεις
1724 4211 1825 4277 τὴν

250 4302 398 4354 δόσιν
432 4301 583 4370 παρά
612 4300 941 4364 τάδόξαντα.
982 4300 1136 4351 αὐτοὶ
1197 4301 1415 4363 ἑαυτοῖς
1478 4305 1542 4354 ὲκ
1583 4302 1825 4372 μεταμέ-

253 4392 348 4444 λου
377 4392 717 4461 χαρισόμεθα
750 4390 852 4456 τὴν
874 4390 1145 4445 ἀθώωσιν.
1175 4392 1384 4455 Ἄλλως
1418 4409 1475 4444 τε
1501 4393 1628 4453 τοὺς
1661 4392 1823 4443 εὐλα-

1925 3206 2049 3259 vitae
2092 3203 2382 3257 austeriori
2415 3216 2479 3253 ac
2530 3200 2817 3253 laboriosa:
2850 3197 3157 3251 molliorem
3201 3204 3255 3247 et
3305 3192 3489 3244 labore

1925 3302 2204 3349 carentem
2235 3294 2596 3361 praelaturos,
2640 3301 2852 3342 necnon
2892 3295 3158 3339 exuturos
3195 3278 3486 3333 monacha-

1926 3387 2031 3441 lcm
2066 3385 2350 3447 vestitum,
2394 3390 2557 3449 atque
2609 3380 2896 3432 induturos
2952 3387 3283 3443 purpureum
3330 3382 3489 3421 auro-

1927 3493 2033 3547 que
2062 3475 2381 3530 distinctum
2412 3490 2424 3533 ;
2456 3470 2550 3524 sed
2588 3479 2642 3523 et
2680 3483 2899 3523 carnem
2928 3474 3271 3519 comesturus
3326 3470 3489 3526 atque

1930 3564 2169 3633 legitime
2206 3576 2431 3616 uxorem
2468 3560 2775 3619 ducturos;
2810 3556 2856 3609 si
2892 3567 3116 3607 necesse
3154 3559 3335 3603 autem
3373 3548 3488 3600 fue-

1929 3658 2024 3719 rit,
2065 3656 2228 3708 etiam
2282 3652 2638 3713 militaturos,
2674 3649 2915 3714 itemque
2945 3642 3158 3710 cingula
3196 3642 3487 3710 imperato-

1930 3748 2135 3802 riarum
2175 3744 2498 3813 dignitatum
2536 3747 2938 3807 assumpturos.
3006 3734 3272 3801 Relinque
3324 3732 3486 3798 igitur

1929 3836 2220 3906 praestituti
2263 3833 2526 3901 temporis
2547 3831 2778 3899 gratiam
2807 3826 3143 3879 inviolatam.
3171 3821 3331 3874 Forte
3345 3821 3488 3874 enim

1925 3926 2245 3999 praeteribit,
2277 3938 2400 3978 cum
2425 3920 2613 3976 eodem
2644 3917 2931 3988 praposito
2958 3926 3107 3968 recta
3136 3928 3364 3967 currens
3386 3951 3398 3973 ,
3436 3918 3489 3963 et

1929 4014 2186 4086 promissi
2214 4013 2558 4069 exactionem
2587 4005 2958 4063 conﬁrmabit.
2989 4003 3083 4057 Sin
3115 4013 3295 4055 autem
3324 4001 3490 4054 tradi-

1928 4109 2129 4162 tionem
2170 4112 2367 4175 prazter
2416 4101 2637 4156 decreta
2679 4112 2870 4167 urges,
2927 4095 3032 4164 ipsi
3081 4094 3491 4156 nobismetipsis

1924 4217 1988 4256 ex
2018 4195 2401 4267 resipiscentia
2436 4192 2841 4249 absolutionem
2870 4190 3188 4259 largiemur.
3218 4185 3485 4238 Praeterea

1923 4292 2018 4363 qui
2063 4289 2414 4345 cltarismatis
2462 4283 2857 4355 perfectionem
2906 4288 3245 4343 reverentur,
3294 4276 3491 4330 debent

1932 4384 2114 4451 potius
2168 4376 2542 4446 comprobari,
2578 4389 2743 4444 quam
2808 4372 3008 4440 puniri,
3051 4369 3345 4437 gratiarum
3402 4381 3493 4418 ac-

253 4442 594 4550 Goutrs'iioug.
622 4481 727 4549 τὴν
785 4442 1104 4546 τελειότητα
1158 4442 1273 4533 τοῦδ
1310 4442 1652 4551 χαρίσματός
1674 4442 1677 4443 ν
1702 4482 1822 4533 δέον
1856 4442 1898 4494 D

1856 4442 1898 4494 θ
1928 4475 2129 4527 tionem
2158 4469 2388 4530 referre,
2424 4482 2532 4520 non
2564 4462 2834 4527 convicia,
2870 4460 3304 4530 pradicarimon
3344 4458 3492 4510 abdi-

256 4574 378 4627 ἐστὶ
404 4570 809 4641 φιλοτιμετσθαι
839 4571 1039 4639 μᾶλλον
1063 4572 1156 4623 καὶ
1189 4571 1262 4640 μὴ
1291 4572 1633 4635 κολάζεσθαι,
1668 4573 1827 4642 saxa-

257 4664 560 4735 ριστείσθαι
591 4663 684 4715 καὶ
716 4661 791 4729 μὴ
836 4661 1196 4725 τωθάζεσθαι,
1225 4661 1592 4730 κηρύττεσθαι
1621 4664 1714 4713 καὶ
1752 4665 1826 4734 μὴ

257 4751 757 4821 ἀποκηρύττεσθαι.
796 4747 858 4801 Ἡ
909 4748 1006 4817 μὲν
1036 4747 1291 4816 γάρπερὶ
1324 4748 1392 4798 τὰ
1428 4746 1548 4799 θεῖα
1573 4747 1826 4798 εὐλάϐεια

258 4841 536 4908 συνίστησι
571 4840 803 4900 πίστεως
818 4838 1161 4907 καθαρότητα
1184 4854 1197 4867 ·
1230 4837 1261 4905 ἡ
1296 4836 1340 4887 δ’
1368 4837 1451 4889 ἐπ’
1474 4836 1655 4895 αὐτοῖς
1686 4837 1824 4904 πρό-

258 4948 431 5001 χειρος
462 4929 786 4983 ἀνευλάσεια
815 4930 1068 4990 ἀπιστίας
1101 4929 1395 4998 παρίστησι
1435 4926 1813 4995 κιδόηλότητα.

321 5032 389 5091 γ.
425 5019 560 5076 Εἶτά
590 5038 757 5091 φασι*
791 5022 1101 5082 Παλαιστάς
1154 5023 1251 5089 μιν
1290 5022 1377 5075 καὶ
1442 5023 1566 5082 τοὺς
1622 5020 1816 5081 ἄλλους

252 5110 689 5182 ἀγωνιζομένους
718 5111 1055 5181 παγκράτιον
1078 5110 1165 5161 διὰ
1193 5108 1447 5180 χρονικῆς
1480 5107 1818 5177 προθεσμίας

255 5205 429 5265 θέλεις
461 5201 831 5270 γυμνάζεσθαι
854 5215 868 5229 ’
900 5200 1026 5262 τοὺς
1048 5200 1104 5252 δὲ
1150 5200 1444 5252 πένταθλον
1494 5198 1825 5267 ἀναδεχομέ-

252 5312 379 5358 νους
414 5293 720 5363 αίσθήσεων
744 5290 1121 5351 ἀϐασανίστως
1167 5290 1497 5359 προτρέπει-ς
1515 5288 1592 5357 τῷ
1616 5288 1828 5351 ἐξεναν-

252 5389 374 5449 τίας
416 5382 871 5456 συμπλέκεσθαι·
905 5382 998 5434 καὶ
1057 5382 1163 5452 μὴν
1201 5381 1422 5440 τούτους
1472 5378 1668 5449 μᾶλλον
1719 5378 1825 5430 ἔδει

256 5478 397 5548 μετά
418 5477 745 5546 δοκιμασίας
767 5476 845 5537 είς
880 5474 969 5528 τὸν
990 5474 1176 5543 ἀγῶνα
1200 5475 1297 5542 τῆς
1329 5470 1614 5538 ἀσκήσεως
1640 5485 1819 5535 παρα-

248 5567 522 5638 δέχεσθαι.
550 5569 780 5620 Ἐκεῖνοι
823 5566 918 5636 μὲν
968 5566 1075 5635 γάρ
1118 5566 1335 5633 ὁρατοῖς
1390 5562 1813 5629 ἀντιμάχονται,

329 5744 346 5771 ⁸
379 5740 516 5801 Esal.
568 5755 641 5795 xl.
666 5738 715 5791 5.

1931 4564 2070 4618 cari.
2108 4560 2165 4615 Si
2209 4559 2433 4629 quidem
2467 4570 2595 4623 erga
2634 4568 2719 4607 res
2750 4551 2988 4612 divinas,
3017 4549 3340 4610 reverentia,
3368 4547 3488 4600 ﬁdei

1929 4654 2223 4724 puritatem
2278 4647 2661 4706 commendat;
2707 4655 2829 4694 cum
2885 4650 3075 4693 contra
3125 4644 3373 4705 prompta
3434 4636 3485 4687 in

1925 4761 2021 4800 eas
2071 4738 2464 4799 irreverentia,
2502 4730 2840 4788 inﬁdelitatis
2891 4729 3144 4782 exhibeat
3206 4734 3490 4793 corrupte-

1927 4838 2054 4890 lam.

1998 5022 2051 5075 3.
2081 5016 2303 5081 Deinde,
2338 5013 2615 5085 inquiunt,
2649 5010 2947 5063 luctatores
2987 5005 3206 5074 quidem
3245 5002 3493 5067 aliosque

1934 5111 2023 5181 qui
2074 5106 2357 5178 pancratio
2404 5108 2660 5165 certant,
2724 5112 2821 5167 per
2893 5105 3108 5163 tempus
3172 5092 3489 5159 praeﬁnitum

1929 5180 2171 5256 exerceri
2222 5196 2340 5259 vis;
2390 5208 2485 5248 eos
2518 5205 2649 5245 vero
2686 5189 2777 5258 qui
2830 5199 3094 5240 sensuum
3149 5180 3487 5251 pentatlilum

1930 5305 2042 5343 sive
2084 5282 2498 5355 quinquertium
2553 5278 2897 5345 suscipiunt,
2959 5275 3166 5340 absque
3224 5270 3491 5322 exercita-

1927 5380 2075 5433 tione
2128 5390 2252 5428 cum
2318 5369 2629 5426 adversario
2691 5365 2949 5435 congredi
2999 5362 3331 5432 compellis:
3397 5361 3493 5412 bos

1928 5478 2110 5519 tamen
2152 5461 2324 5531 magis
2350 5455 2632 5529 oportebat
2679 5470 2801 5509 cum
2847 5454 3170 5523 probatione
3203 5450 3267 5505 ad
3302 5458 3491 5503 asceti-

1926 5573 2047 5614 cum
2067 5563 2342 5612 certamen
2372 5550 2677 5604 admittere.
2700 5547 2778 5600 Illi
2810 5546 3077 5615 siquidem
3116 5560 3238 5597 cum
3272 5540 3493 5595 visiblli:
