4208 6442
663 362 797 426 i367

1888 356 2165 416 TilEJD.
2215 357 2693 417 BALSAMQXIS

3796 360 3935 421 1308

657 494 782 547 ruga
812 475 981 529 Deum
1028 473 1256 533 amoris.
1308 488 1430 526 cum
1472 470 1796 541 probatione
1829 486 1936 524 non
1980 469 2236 523 mediocri

2345 473 2527 535 αὐτοῦ,
2559 472 2694 541 μετά
2727 473 3050 542 δικιμασίας
3073 474 3171 526 οὐκ
3205 474 3429 537 άγενοῦ;
3454 474 3933 542 παραστξσεσθαι.

659 554 997 629 exhibuerit,
1034 567 1148 619 haec
1201 564 1267 618 ad
1317 565 1543 617 verbum
1601 563 1862 616 admonet
1914 580 1927 614 :
1985 560 2111 614 [dco
2158 560 2238 613 sic

660 658 1038 726 unusquisque
1066 656 1309 725 antiquis
1338 654 1698 709 facultatibus
1747 653 2008 715 nudatur,
2062 664 2119 705 ut
2146 667 2237 705 ne-

660 770 764 820 que
792 753 970 819 ipsum
1002 750 1390 804 indumentum
1420 764 1533 818 quo
1572 749 1809 801 amictus
1862 745 2032 808 venit,
2082 743 2237 796 deiu-

656 860 785 911 reps
819 853 1034 912 gestare
1076 842 1431 910 permittatur
1460 856 1473 894 :
1514 854 1699 893 verum
1729 839 1946 892 cunctis
1975 837 2236 890 fratribus

654 934 1002 1005 congregatis
1057 936 1356 1002 productus
1413 934 1467 986 in
1525 932 1787 991 medium,
1848 931 1966 985 suis
2017 929 2236 985 exuitur

652 1025 918 1089 vestibus,
944 1039 1149 1093 perque
1183 1038 1378 1078 manus
1412 1023 1625 1077 abbatis
1655 1021 1991 1076 indumentis
2046 1032 2242 1073 mona-

653 1117 807 1172 stet-ii
831 1118 1093 1171 amicitur
1123 1134 1137 1180 ;
1178 1130 1289 1184 quo
1322 1130 1415 1183 per
1453 1113 1769 1183 hujustnodi
1804 1122 1990 1182 typum
2020 1122 2073 1164 et
2106 1110 2237 1181 figu-

653 1225 770 1263 ram
809 1220 1096 1276 agnoscat,
1154 1208 1301 1278 quod
1366 1207 1623 1259 omnibus
1686 1204 1874 1257 mundi
1942 1203 2127 1267 rebus,
2181 1212 2236 1257 et

649 1302 914 1370 iactantia
968 1300 1220 1369 fastuque
1286 1298 1549 1359 nudatus,
1594 1304 1969 1364 paupertatem
2027 1294 2231 1349 Christi

652 1393 853 1455 induit,
889 1392 1149 1461 quodque
1178 1394 1428 1458 prompte
1456 1389 1590 1440 citra
1614 1385 2005 1440 verecundiam
2033 1393 2234 1439 semet-

651 1483 831 1551 ipsum
868 1489 1125 1536 aecenset
1177 1478 1540 1547 adtequatque
1569 1475 1783 1545 corpori
1837 1475 2230 1529 fraternitatis.

648 1571 995 1629 Vestimenta
1055 1586 1185 1626 vero
1238 1586 1360 1642 quae
1420 1571 1572 1624 exuit
1624 1583 1855 1625 sumens
1913 1568 2231 1622 monasterii

651 1680 995 1727 tecunomus,
1032 1663 1202 1717 multo
1235 1671 1478 1730 tempore
1508 1668 1692 1714 servat
1747 1659 2007 1727 seposita,
2055 1658 2234 1713 donec

648 1771 980 1828 progressus
1009 1758 1117 1821 sui,
1163 1765 1219 1811 et
1255 1756 1415 1811 bona
1456 1753 1923 1814 conversationis,
1984 1767 2050 1807 ac
2099 1753 2233 1805 tole-

653 1836 849 1904 rantiae
906 1850 960 1901 iu
1017 1848 1188 1902 variis
1238 1847 1656 1907 tentationibus,
1704 1844 2231 1899 demonstrationem

651 1943 965 2014 praebuerit.
1004 1942 1069 1995 Et
1100 1942 1144 1995 si
1173 1957 1296 1995 eum
1329 1940 1549 2010 quidem
1587 1938 2046 2009 deprehenderint
2073 1953 2232 2007 posse

654 2038 708 2088 iu
743 2036 809 2090 iis
843 2048 1217 2104 perseverare,
1268 2048 1476 2088 necnon
1532 2034 1585 2087 in
1646 2033 1830 2087 studio
1873 2046 1937 2086 ac
1995 2034 2231 2095 fervore,

653 2146 763 2193 qun
790 2129 957 2197 empit
992 2142 1336 2197 permanere,
1365 2141 1490 2182 eum
1518 2141 1642 2179 cum
1675 2125 1900 2194 reliquis
1931 2138 2233 2178 connume-

654 2230 821 2286 raut;
864 2221 948 2274 sin
990 2234 1119 2273 vero
1156 2218 1377 2288 aliquod
1406 2216 1857 2272 murmurationis
1895 2217 2107 2281 vitium,
2138 2223 2232 2270 aut

654 2312 949 2380 cujuslibet
976 2311 1357 2365 inobedieutize
1398 2318 1687 2379 peccatum
1737 2313 1789 2363 in
1832 2310 1955 2377 ipso
1988 2307 2236 2362 animad-

656 2405 943 2467 vetterint.
1004 2417 1214 2461 exuunt
1253 2404 1457 2474 quibus
1486 2420 1515 2459 e
1549 2406 1880 2459 monasterio
1920 2403 2233 2466 induerant,

656 2509 709 2550 rt
742 2498 1099 2552 saecularibus
1154 2498 1491 2553 indumentis
1548 2506 1884 2559 contectum,
1922 2512 1951 2552 e
1981 2497 2232 2567 coenobio

657 2592 919 2659 rjiciunt;
957 2599 1013 2644 ut
1044 2606 1106 2646 ex
1145 2592 1245 2645 hoc
1272 2592 1534 2660 deinceps
1564 2591 1865 2661 disciplina:
1898 2592 2096 2661 rigore,
2130 2605 2235 2646 non

660 2685 713 2737 iu
744 2692 995 2753 promptu
1030 2685 1102 2738 sit
1131 2684 1337 2738 volenti
1374 2699 1474 2754 pro
1500 2685 1652 2739 libitu
1690 2686 1943 2739 recedere
1976 2699 2007 2737 a
2040 2698 2232 2739 mona-

660 2776 862 2840 sterio;
901 2775 996 2831 sed
1050 2776 1143 2847 qui
1173 2776 1323 2831 omni
1362 2777 1525 2831 modo
1556 2792 1662 2830 non
1697 2785 1982 2847 permanet
2032 2777 2084 2829 in
2134 2792 2236 2831 sua

658 2869 1020 2938 professione,
1059 2870 1397 2924 mundanum
1429 2872 1687 2924 vestitum
1740 2870 1991 2939 recipiat,
2049 2870 2241 2939 sicque

658 2969 814 3015 extra
842 2964 1243 3017 monasterium
1279 2964 1551 3016 mittatur.

2344 566 2518 619 ταῦτα
2550 567 2729 635 ῥητῶς
2787 566 3217 635 παρακελεύεται
3240 566 3314 631 (4)
3352 584 3364 596 ·
3408 568 3506 618 Διά
3553 565 3709 617 τοῦτο
3756 565 3934 623 οὕτως

2345 660 2571 721 ἕκαστος
2600 659 2900 727 γυμνοῦται
2936 660 3014 730 (5)
3054 660 3151 728 τῆς
3194 662 3424 729 ἀρχαίας
3462 660 3801 727 περιουσίας,
3853 658 3935 719 ὡς

2347 754 2483 821 μηδέ
2520 753 2651 805 αύτδ
2683 754 2742 805 τὸ
2802 753 3007 822 ἔνδυμα
3053 754 3081 806 δ
3118 754 3583 822 περιϐεϐλημένος
3633 751 3788 823 ἦλθε,
3830 752 3931 805 τοῦ

2343 844 2534 897 λοιποῦ
2584 847 2767 913 φορεῖν
2836 844 3277 915 συγχωρεῖσθαι·
3321 845 3455 898 ἀλλά
3512 846 3622 897 τῶν
3680 844 3934 912 ἀδελφῶν

2343 935 2563 990 πάντων
2620 937 2997 1005 συνηγμένων,
3053 936 3347 1006 προαχθεὶς
3391 939 3468 999 είς
3521 936 3582 989 τὸ
3619 936 3807 1005 μέσον,
3838 938 3935 986 ἐκ-

2342 1030 2526 1082 δύεται
2559 1028 2626 1081 τά
2658 1029 2765 1081 ῐδια
2798 1028 3010 1095 ἱμάτια,
3043 1029 3139 1082 καὶ
3165 1029 3253 1081 διὰ
3280 1029 3389 1080 τῶν
3418 1028 3614 1097 χειρῶν
3653 1026 3747 1080 τοῦ
3782 1026 3933 1079 ἀϐϐἅ

2342 1120 2604 1188 ἐνδύμασι
2632 1119 2725 1172 τοῦ
2762 1119 3127 1189 μοναστηρίου
3176 1120 3669 1187 μεταμφιέννυται·
3702 1116 3781 1180 ὡς
3838 1116 3931 1169 διὰ

2340 1212 2531 1265 τούτου
2551 1212 2648 1265 τοῦ
2678 1210 2852 1264 τύπου
2878 1210 3173 1278 ἐπιγνῶναι
3206 1210 3368 1263 αὑτέν
3404 1209 3508 1271 ὅτι,
3550 1210 3769 1261 πάντων
3817 1207 3931 1259 τῶν

2341 1303 2627 1374 κοσμικῶν
2654 1302 2998 1373 πραγμάτων
3030 1304 3125 1356 καὶ
3153 1304 3251 1372 τῆς
3293 1299 3609 1364 ἀλαζονείας
3671 1299 3769 1351 καὶ
3829 1297 3926 1350 τοῦ

2339 1398 2510 1464 τύφου
2542 1396 2874 1467 γυμνωθεὶς,
2905 1398 3193 1451 ἐνεδύσατο
3228 1397 3326 1466 τὴν
3346 1395 3616 1465 πτωχείαν
3644 1392 3739 1446 τοῦ
3796 1393 3931 1461 Χρι-

2342 1487 2491 1551 στοῦ,
2527 1490 2621 1541 καὶ
2644 1489 2726 1542 δτι
2759 1488 3203 1558 ἀνεπαισχύντως
3234 1487 3555 1557 συναριθμεῖ
3596 1484 3793 1538 ἐαυτὸν
3830 1485 3927 1536 καὶ

2341 1580 2509 1644 ἐξισοῖ
2537 1580 2614 1650 τῷ
2644 1580 2855 1648 σώματι
2885 1581 2983 1649 τῆς
3023 1580 3401 1647 ἀδελφότητος.
3446 1581 3527 1632 Τὰ
3584 1579 3639 1632 δέ
3664 1578 3859 1647 ἱμάτια
3893 1577 3931 1627 ἃ

2340 1672 2657 1737 ἀποδύεται,
2683 1672 2860 1726 λαϐὼν
2882 1676 2911 1725 ό
2933 1674 3215 1742 οἰκονόμος
3242 1672 3341 1741 τῆς
3386 1672 3577 1740 μονῆς,
3615 1673 3707 1723 ἐπὶ
3761 1670 3932 1721 πολὺν

2341 1765 2530 1835 χρόνον
2568 1764 2845 1832 φυλάττει,
2881 1765 3151 1835 ἀφορίσας
3204 1765 3311 1826 ἕως
3340 1763 3622 1833 προκοπῆς
3676 1764 3779 1830 τῆς
3828 1763 3933 1820 αύ-

2337 1854 2434 1907 τοῦ
2462 1855 2557 1907 καὶ
2592 1854 2938 1921 ἀναστροφῆς
2976 1856 3070 1907 καὶ
3103 1856 3382 1924 ὑπομονῆς
3406 1856 3506 1923 τῇς
3541 1856 3597 1905 ἐν
3645 1852 3933 1920 διαφόροις

2337 1950 2662 2015 πειρασμοῖς
2689 1947 2963 2013 ἀπόδειξιν
2992 1948 3273 2018 παράσχῃ.
3309 1947 3419 1999 Καὶ
3445 1946 3494 1997 εί
3542 1945 3641 2013 μὲν
3688 1946 3934 2014 εὕρωσιν

2336 2040 2498 2092 αὑτὸν
2559 2038 2855 2105 δυνάμενον
2904 2039 3113 2102 τούτοις
3155 2040 3530 2107 ἐγκαρτερεῖν,
3590 2037 3683 2089 καὶ
3738 2038 3798 2087 ἐν
3862 2036 3934 2103 τῇ

2340 2132 2541 2201 σπουδῇ
2569 2132 2660 2184 καὶ
2693 2131 2942 2201 διαπύρῳ
2976 2131 3155 2203 θέρμῃ
3278 2130 3538 2200 ἐνήρξατο
3578 2127 3934 2196 διαμένοντα,

2337 2226 2451 2285 τοῖς
2506 2223 2715 2286 λοιποῖς
2765 2222 3227 2293 συναριθμοῦσιν·
3285 2226 3333 2275 εί
3382 2221 3437 2274 δέ
3504 2237 3557 2271 τι
3609 2216 3935 2285 γογγυσμοῦ

2337 2314 2654 2383 ἐλάττωμα,
2698 2315 2731 2383 ἦ
2762 2315 3046 2385 παρακοῆς
3077 2314 3401 2382 οίασδήποτε
3435 2314 3494 2365 ἐν
3548 2309 3699 2378 αύτῷ
3748 2310 3937 2376 ἀμαρ-

2339 2407 2461 2461 τίαν
2496 2405 2915 2477 καταμάθωσιν,
2947 2404 3268 2466 ἐκδύσαντες
3311 2403 3498 2456 τοῦτον
3569 2401 3715 2470 άπερ
3747 2398 3937 2451 ἐνεδύ-

2341 2514 2472 2551 σατο
2494 2499 2560 2550 ἐκ
2588 2497 2683 2550 τοῦ
2717 2497 3105 2567 μοναστηρίου,
3132 2496 3227 2548 καὶ
3278 2496 3391 2555 τοῖς
3438 2493 3732 2561 κοσμικοῖς
3782 2487 3907 2540 ἐνδύ

2344 2605 2479 2658 μασι
2507 2588 2696 2642 τοῦτον
2720 2587 3129 2660 περιϐαλόντες,
3150 2584 3495 2640 ἀπωθοῦνται
3512 2583 3606 2635 τοῦ
3636 2579 3933 2634 κοινοϐίου·

2341 2686 2418 2754 ᾡς
2448 2684 2513 2734 ἐκ
2544 2681 2748 2749 ταύτης
2770 2682 2958 2734 λοιπὸν
3009 2680 3112 2749 τῆς
3164 2678 3448 2748 ἀκριϐείας
3508 2677 3581 2745 μὴ
3647 2673 3939 2743 εὐχέρειαν

2343 2771 2593 2843 εἶναιτῷ
2624 2774 2937 2844 βουλομένῳ
2962 2774 3037 2835 ὡς
3083 2773 3276 2842 ἔτυχεν
3331 2770 3635 2839 ἀναχωρεῖν
3676 2768 3778 2834 τῆς
3838 2780 3937 2833 μο-

2343 2870 2441 2937 νῆς
2469 2884 2483 2900 ·
2510 2868 2648 2921 ἀλλά
2679 2867 2772 2919 τὸν
2802 2866 2877 2937 μὴ
2905 2866 3211 2935 ἐμμένοντα
3232 2863 3374 2916 κατὰ
3401 2861 3579 2913 πάντα
3604 2858 3811 2927 τρόπον
3866 2858 3936 2924 τῇ

2346 2964 2454 3035 ίδίᾳ
2481 2962 2745 3032 ὁμολογίᾳ
2808 2960 3191 3030 μετενδύεσθαι
3241 2957 3340 3025 τὴν
3381 2953 3650 3022 κοσμικὴν
3706 2952 3935 3019 ἐσθῆτα,

2346 3059 2441 3110 καὶ
2470 3057 2643 3119 οὕτως
2670 3055 3000 3108 ἀπολύεσθαι
3025 3053 3118 3106 τοῦ
3150 3050 3533 3121 μοναστηρίου.

731 3165 785 3217 8.
824 3164 1013 3217 Dicant
1037 3177 1167 3232 ergo
1198 3162 1288 3232 qui
1327 3170 1515 3217 contra
1552 3162 1795 3217 sentiunt
1830 3178 1843 3215 :
1876 3162 2145 3231 numquid
2177 3178 2237 3215 ex

2419 3173 2488 3239 η’.
2524 3168 2850 3221 Είπάτωσαν
2888 3165 2981 3221 οὖν
3008 3167 3058 3218 oi
3080 3167 3365 3229 ἀντίθετοι,
3398 3164 3506 3216 ἀπὸ
3526 3161 3633 3213 τῶν
3670 3161 3941 3232 ῥημάτων

661 3253 841 3308 verbis
870 3254 955 3308 his
988 3269 1217 3324 magnus
1242 3254 1343 3308 iste
1394 3252 1557 3307 Pater
1590 3253 1845 3308 concedit
1874 3255 1920 3306 ei
1960 3254 2052 3324 qui
2085 3268 2241 3306 exer-

661 3354 836 3405 cetur,
867 3360 1048 3399 rasum
1091 3354 1309 3417 gestare
1336 3355 1390 3401 et
1416 3348 1811 3401 monachorum
1863 3346 2108 3400 habitum
2145 3361 2241 3400 su-

663 3452 835 3493 mere.
868 3452 1204 3505 rursumque
1256 3445 1462 3491 mutata
1523 3439 1794 3492 sententia
1856 3437 2240 3506 transfigurari

663 3531 721 3583 in
759 3529 998 3583 laicmu?
1028 3529 1191 3595 Sane,
1228 3529 1508 3600 inquiunt.
1546 3529 1746 3583 Definit
1779 3530 1946 3591 enim,
1982 3544 2108 3583 eum
2145 3530 2240 3599 qui

663 3624 873 3678 accedit
890 3626 1011 3677 exui
1044 3625 1240 3678 vestitu
1268 3639 1428 3691 quem
1461 3623 1678 3691 gerebat
1701 3623 1922 3692 quando
1954 3626 2019 3675 ad
2056 3637 2247 3677 mona-

663 3712 894 3768 sterium
919 3714 1083 3776 venit,
1122 3714 1388 3783 illumque
1424 3716 1679 3768 vestitum
1712 3716 1763 3768 in
1804 3723 1923 3768 tuto
1954 3715 2244 3778 custodiri,

664 3804 846 3874 ipsum
871 3820 1001 3859 vero
1038 3814 1245 3859 mutata
1281 3818 1432 3860 veste
1461 3821 1559 3881 per
1588 3822 1783 3861 manus
1828 3807 2043 3861 abbatis
2083 3807 2276 3885 indu-_

668 3895 867 3949 mentis
902 3897 1223 3951 mOuasterii
1254 3895 1467 3960 vestiri,
1498 3906 1557 3949 ut
1591 3897 1812 3966 quando
1864 3896 2080 3950 vocabit
2109 3907 2246 3951 tem-

667 4002 793 4056 pus,
833 3986 880 4041 si
908 3973 1307 4055 improbandus
1343 3986 1397 4039 in
1441 3985 1753 4040 monachali
1812 3985 1919 4038 vita
1972 3996 2246 4054 appareat,

666 4080 916 4135 vestibus
949 4080 1270 4134 monasterii
1302 4087 1559 4139 exuatur.
1587 4078 2247 4143 saecularibusinduatur,

669 4184 835 4243 atque
861 4173 1173 4226 dimittatur
1202 4187 1231 4225 e
1269 4172 1620 4226 monasterio.
1651 4170 1808 4238 Quod
1839 4180 2017 4225 autem
2057 4186 2249 4224 mona-

672 4265 825 4322 sterii
888 4276 1090 4327 vestes,
1146 4267 1257 4319 sint
1309 4264 1683 4326 monachales,
1735 4262 2026 4319 saeculares
2098 4277 2248 4327 vero,

672 4359 846 4422 luisse,
882 4372 986 4409 non
1023 4366 1109 4409 est
1142 4356 1408 4425 ignotum.
1436 4356 1694 4410 Attamen
1734 4370 1843 4408 non
1875 4353 2015 4407 dixit
2068 4354 2250 4419 Pater,

2347 3264 2555 3316 τούτων
2586 3260 2860 3313 ἐνδίδωσιν
2888 3260 2917 3311 ό
2950 3258 3125 3328 μέγας
3152 3256 3308 3317 οὗτος
3341 3253 3529 3323 Πατὴρ
3552 3252 3627 3321 τῷ
3656 3252 3938 3321 γυμναζο-

2349 3355 2495 3424 μένῳ
2542 3352 2863 3421 ρασοφορεῖν
2887 3351 2978 3403 καὶ
3005 3347 3577 3417 μετασχηματίζεσθαι
3604 3344 3749 3397 κατά
3770 3361 3941 3415 μονα-

2346 3451 2474 3521 χοὺς
2499 3491 2513 3511 ,
2545 3448 2639 3500 καὶ
2668 3443 2823 3505 αὖθις
2856 3444 2919 3495 ἐκ
2950 3441 3314 3512 μεταμελείας
3380 3435 3934 3507 ἀποσχηματίζεσθαι

2347 3542 2489 3594 κατὰ
2507 3538 2759 3602 λαῖκούςς
2790 3535 2915 3599 Ναὶ,
2938 3536 3069 3601 φασί
3099 3549 3113 3561 '
3138 3532 3427 3602 διορίζεται
3448 3530 3555 3599 γάρ
3576 3528 3668 3581 τδν
3696 3545 3932 3599 προσερ-

2348 3635 2577 3704 χόμενον
2599 3628 2961 3683 ἀπεκδύεσθαι
2992 3627 3019 3678 ὃ
3045 3624 3409 3679 ἐνεδιδύσκετο
3431 3623 3547 3675 ἐνδυ
3558 3638 3632 3689 μα
3652 3622 3741 3672 ὅτε
3764 3616 3935 3689 ἦλθεν

2348 3728 2428 3786 είς
2453 3724 2552 3793 τὴν
2586 3722 2773 3791 μονὴν,
2811 3720 2903 3773 καὶ
2937 3720 2994 3770 ἐν
3048 3716 3231 3784 ἀσύλῳ
3265 3710 3808 3784 παραφυλάττεσθαι,
3848 3709 3936 3762 διά

2350 3819 2406 3871 δέ
2435 3816 2542 3869 τῶν
2572 3813 2771 3884 χειρῶν
2797 3812 2890 3864 τοῦ
2929 3810 3072 3863 ἀϐϐᾶ
3116 3807 3375 3875 ἐνδύμασι
3427 3804 3523 3884 τοῦ
3567 3804 3937 3871 μοναστηρίου

2357 3879 2878 3979 μεταμφιέννυσθαι,
2913 3902 3020 3963 ἵνα,
3046 3898 3335 3970 καλοῦντος
3393 3879 3607 3965 κάιροῦ,
3654 3894 3753 3946 ἐάν
3808 3892 3935 3945 ἁδόο

2353 4018 2517 4069 κιμος
2550 3999 2680 4068 περὶ
2704 3997 2793 4049 τὸν
2822 3996 3029 4065 μονήρη
3088 3994 3201 4061 βίον
3260 3992 3536 4065 ἀναφανῇ,
3582 3987 3651 4040 τὰ
3707 3987 3809 4056 μέν
3841 3986 3936 4037 τοῦ

2358 4091 2719 4164 μοναστηρίου
2750 4088 2929 4158 ἄμφια
2977 4083 3278 4151 ἀπεκδυθῇ,
3312 4082 3379 4134 τά
3410 4080 3463 4133 δέ
3497 4077 3740 4147 κοσμικά
3784 4077 3941 4129 ἐνδυ·

2355 4187 2457 4257 θῇ·
2485 4185 2577 4239 καὶ
2606 4182 2699 4237 τοῦ
2739 4179 3097 4251 μοναστηρίου
3142 4173 3431 4245 μοναχικά,
3481 4174 3549 4224 τὰ
3595 4172 3650 4226 δὲ
3691 4168 3942 4237 κοσμικὰ

2353 4280 2540 4341 λαῖκά,
2563 4278 2663 4330 οὐκ
2690 4275 2974 4344 ἠγνόηται.
3015 4272 3123 4324 Καὶ
3164 4268 3271 4337 μὴν
3297 4268 3398 4319 οὐκ
3425 4261 3577 4317 εἶπεν
3633 4264 3662 4315 ό
3717 4263 3939 4331 Πατὴρ,

2358 4370 2633 4440 ἐνδύματα
2666 4368 2802 4436 μόνα
2831 4366 2924 4417 καὶ
2952 4361 3184 4428 πενιχρὰ
3219 4356 3663 4427 προσερχόμενον
3696 4354 3943 4421 ἀμφιέν-

672 4465 798 4503 eum
835 4449 926 4519 qui
966 4447 1197 4510 accedit,
1262 4446 1686 4501 iuduivestibus
1745 4446 2033 4508 duntaxat,
2076 4446 2242 4513 iisque

2358 4462 2572 4523 νυσθαι,
2616 4458 2730 4512 ἀλλ’
2767 4455 3037 4522 ἐνδύματα
3104 4450 3196 4502 τοῦ
3251 4447 3632 4516 μοναστηρίου.
3698 4444 3765 4495 Ei
3826 4443 3938 4511 γὰρ

674 4542 899 4603 vilibus,
933 4539 1028 4593 sed
1056 4539 1297 4592 vestibus
1331 4538 1663 4591 monasterii.
1702 4535 1836 4591 Nam
1871 4537 1917 4591 si
1944 4536 2083 4591 forte
2114 4536 2255 4588 mili-

677 4636 749 4689 tis
780 4636 1041 4685 amictum
1072 4630 1348 4692 habuerit,
1372 4645 1438 4682 ex
1480 4644 1742 4697 purpura,
1774 4629 1856 4681 vel
1902 4628 2068 4682 etiam
2120 4641 2260 4679 auro

677 4730 1059 4785 intertextum,
1095 4720 1424 4775 commorari
1459 4720 1510 4772 iu
1542 4718 1875 4772 monasterio
1899 4733 2017 4770 cum
2049 4732 2113 4771 eo
2148 4731 2255 4769 non

678 4817 1051 4889 permittctur,
1110 4823 1222 4865 tum
1275 4821 1495 4881 pr0ptcr
1555 4810 1961 4872 iudecentiam,
2016 4818 2129 4863 tum
2192 4825 2260 4863 ne

683 4924 887 4978 corpus
918 4907 1176 4961 mollibus
1201 4906 1533 4959 indumentis
1559 4913 1876 4957 enervatum
1900 4916 2017 4955 sese
2042 4900 2252 4954 efferat.

685 4998 891 5051 Verum
945 4998 1112 5049 laicos
1150 4995 1266 5047 vult
1306 5010 1427 5046 eum
1489 4994 1639 5060 parvi
1700 4990 1854 5055 pretii
1906 4985 2262 5047 indumentis,

686 5090 909 5147 amictui
946 5084 1426 5147 CUIH‘CDit'IHibUS,
1466 5085 1528 5136 ad
1571 5080 1959 5135 monasterium
1990 5079 2264 5145 pertinen-

689 5185 855 5245 tibus,
901 5181 1126 5235 versari.
1171 5179 1245 5232 Ex
1280 5193 1341 5231 eo
1372 5187 1553 5229 autem
1583 5173 1729 5243 quod
1786 5172 1945 5225 Pater
1977 5170 2135 5231 dicit,
2168 5184 2264 5223 eos

691 5276 783 5345 qui
825 5274 1160 5327 accesserint
1220 5272 1475 5323 vestitum
1540 5283 1699 5321 suum
1762 5266 1813 5316 in
1879 5263 2259 5317 nionachalem

692 5377 1053 5429 commutate,
1105 5381 1211 5417 uou
1251 5360 1454 5415 indicat
1485 5376 1577 5427 per
1618 5356 2048 5426 oppositionem,
2115 5356 2261 5421 ipsos

766 5520 844 5666 iis}
879 5520 1379 5666 ἳῶὶνῖἔῦἷὶὶρδὶῆς
1429 5584 1681 5666 ἀρξαίφις
1734 5579 2122 5666 περιεγίῖὲιξςςε
2151 5576 2266 5666 the

694 5649 1063 5739 pei-ti'neuteni
1102 5649 1370 5739 aciipesis
1409 5649 1806 5739 conjecturam:
1824 5649 2147 5739 r‘AtltftI‘tafligiu
2168 5664 2259 5739 seu

696 5720 1136 5810 i'mtiusialterius
1160 5720 1457 5810 Sy'ntagnia
1488 5720 1847 5810 _t:l.o‘ctrina!!ad
1887 5720 2179 5810 nliouiichos
2208 5729 2261 5797 ιιι

692 5787 1037 5869 ίᾷῙιίᾗίὶοιιοε
1061 5787 1273 5861 omnes,
1297 5787 1612 5869 £22.11»;
1645 5791 1843 5862 χωρίον
1868 5787 2127 5855 κέκτησαι
2156 5827 2167 5851 ,
2202 5794 2257 5839 εν

2360 4553 2489 4613 ἴσως
2526 4546 2856 4619 στρατιώτου
2906 4546 2968 4611 δὴ
3034 4540 3351 4609 ἐνδυμενίαν
3393 4535 3808 4603 περιεϐέϐλητο,
3873 4536 3940 4586 ἐκ

2358 4639 2631 4709 κογχύλης
2651 4639 2684 4707 ἦ
2710 4637 2806 4689 καὶ
2836 4633 3233 4703 χρυσόπαστον,
3262 4628 3561 4698 διατρίϐειν
3583 4629 3640 4679 ἐν
3674 4629 3741 4694 τῇ
3799 4630 3936 4694 μονῇ

2360 4732 2498 4803 μετά
2530 4729 2732 4799 ταύτης
2780 4728 2842 4779 ού
2894 4722 3431 4793 παραχωρηοήσεται
3494 4719 3579 4771 διὰ
3634 4716 3733 4785 τὴν
3760 4716 3938 4785 ἀπρέ-

2348 4814 2541 4885 ⁸τέειαν,
2570 4821 2661 4873 καὶ
2687 4818 2773 4869 ῐνα
2820 4816 2892 4883 μὴ
2940 4814 3142 4882 γαυριᾷ
3195 4812 3257 4864 τὸ
3308 4810 3465 4877 σῶμα
3503 4812 3611 4870 τοῖς
3672 4808 3939 4873 μαλακοῖς

2358 4909 2582 4981 ἀμφίοις
2604 4906 2976 4975 θρυπτόμενον
2999 4920 3014 4934 ·
3050 4901 3187 4969 μετὰ
3222 4900 3277 4951 δέ
3305 4899 3541 4950 εὐτελῶν
3588 4897 3813 4963 ἀμφίων
3856 4896 3942 4946 ἐν-

2363 5001 2592 5071 δυμενίᾳ
2618 4995 3001 5067 προσηκόντων
3023 4994 3242 5054 λαῖκοὺς
3276 4992 3370 5043 καὶ
3397 4993 3461 5056 τῇ
3489 4991 3621 5057 μονῇ
3647 4987 3939 5054 διαφερόν-

2361 5110 2469 5147 των
2500 5089 2955 5159 ἀναστρέφεσθαι.
2991 5087 3084 5138 Ἐκ
3116 5085 3171 5137 δέ
3200 5084 3291 5136 τοῦ
3340 5084 3512 5134 εἰπεῖν
3568 5080 3791 5147 Πατέρα
3838 5096 3938 5146 με·

2361 5178 2794 5234 τενδιδύσκεσθαι
2825 5180 2949 5237 τοὺς
2983 5174 3450 5243 προσερχομένους
3468 5171 3538 5223 τὰ
3564 5170 3854 5237 μοναχικά,
3877 5170 3936 5221 οῦ

2364 5273 2690 5341 παρίσταται
2754 5269 2813 5331 ἐξ
2860 5266 3265 5332 ἀντιδιαστολῆς
3334 5262 3601 5330 μοναχικά
3663 5260 3773 5329 πρὸ
3839 5260 3939 5324 τῆς

2368 5364 2730 5431 μετενδύσεως
2786 5361 2983 5422 αὐτοὺς
3022 5355 3418 5426 ἀμφιέννυσθαι
3454 5372 3465 5384 ·
3520 5353 3674 5406 οὐδὲν
3729 5352 3838 5419 γάρ
3870 5345 3939 5418 ἦν

2380 5515 2739 5581 μοναστηρίῳν
2769 5510 3089 5578 ἀναχωρῶν,
3143 5512 3252 5581 οὐκᾉ
3288 5507 3599 5581 ἀνεχώρησὲ
3653 5524 3786 5581 σοι.-
3824 5510 3939 5560 ἀλλ’

2373 5578 2823 5644 ἑμπαίζειςήκςιὶ
2885 5582 3150 5647 ἐμπαίζῃ.
3219 5579 3276 5632 F.
3340 5579 3434 5643 οὐχ
3510 5580 3625 5640 ἅμα
3689 5578 3941 5645 ἐχώρησέ

2375 5670 2477 5702 σοι.
2521 5651 2579 5705 Si
2616 5652 2795 5702 villam
2830 5652 3129 5717 possedisti,
3161 5665 3276 5701 cum
3310 5650 3361 5699 iu
3392 5647 3772 5717 monasterium
3797 5650 3939 5702 κίε-

2371 5725 2542 5779 dcrcs.
2580 5738 2678 5772 non
2715 5715 3015 5771 uua'trcttut
3048 5720 3284 5779 arcessit,
3325 5716 3413 5769 scd
3459 5715 3642 5769 illudis
3668 5728 3832 5787 atque
3872 5718 3939 5769 if-

2369 5793 2582 5845 (tt/tris.
