4208 6442
754 352 890 418 13ῖὸ

1931 363 2201 422 ΤΗΕΟΙ).
2247 364 2339 420 BA
2350 364 2645 427 LSAMON
2650 366 2721 427 IS

3831 366 3971 430 1376

746 477 1239 531 ctam.tonsurain,
1304 478 1431 526 ante
1485 474 1700 527 triennii
1770 483 2031 527 statutum
2091 477 2375 543 tempusA

2415 475 2653 545 κάρσεως
2686 479 2792 547 πρὸ
2817 479 2916 547 τῆς
2948 478 3191 547 τριετοῦς
3242 478 3578 549 προθεσμίας
3642 479 3703 532 οὐ
3755 485 3973 545 συγχω-

746 568 1076 611 consecutus
1110 568 1212 623 est,
1250 560 1637 627 professionem
1692 563 1997 632 repudiare.
2038 573 2092 619 et
2122 567 2187 616 ad
2222 563 2297 616 vi-

745 657 855 700 tam
888 649 1201 704 smcularem
1247 652 1443 705 reverti
1495 661 1758 719 prtetcxtu
1810 664 2048 708 tonsura:
2100 669 2305 720 nequa-

744 754 905 804 quam
937 743 1235 803 canonicze,
1270 758 1373 795 non
1415 744 1768 810 permittitur.
1808 746 1900 799 sed
1925 745 2080 799 alteri
2114 760 2301 798 mona-

745 830 910 883 sterio
936 830 1079 895 quod
1130 830 1471 898 disciplinam
1539 844 1786 887 exactam
1839 837 2085 887 observet
2140 834 2305 887 tradi-

746 929 870 982 tur;
908 920 979 971 ita
1007 920 1098 986 qui
1148 935 1328 973 rasum
1362 923 1612 987 gestavit,
1663 932 1788 976 ante
1844 925 2134 977 triennium
2192 940 2300 978 non

742 1008 1086 1067 exaudiatur.
1146 1010 1189 1062 si
1239 1011 1436 1065 dixerit
1493 1029 1506 1065 :
1568 1013 1825 1066 Pmnituit
1877 1028 2012 1075 tne;
2088 1012 2301 1067 videtur

741 1098 885 1150 enim
914 1099 1042 1150 mihi
1076 1102 1199 1153 vitae
1230 1102 1540 1155 monasticae
1588 1118 1727 1156 onus
1775 1103 2155 1169 gravissimum
2183 1142 2198 1163 ,
2236 1118 2300 1156 ac

741 1188 888 1240 velut
935 1190 1146 1257 pondus
1199 1191 1560 1256 abjnrandum
1618 1204 1672 1245 et
1725 1190 2141 1259 refugiendum:
2180 1194 2302 1246 volo

744 1278 910 1344 igitur
943 1282 1136 1333 anima:
1186 1293 1351 1334 ratem
1381 1297 1487 1335 non
1528 1282 1761 1351 amplius
1818 1284 2054 1350 pondere
2108 1298 2300 1336 mona-
2345 1322 2354 1329 .

743 1369 860 1421 stici
890 1376 1064 1421 status
1093 1370 1392 1438 sttbmergi,
1451 1372 1543 1426 sed
1575 1388 1694 1427 cum
1741 1374 1894 1427 laicis
1917 1374 2049 1429 velis
2107 1376 2295 1429 attolli.

744 1458 935 1511 Audiet
995 1460 1169 1526 potius
1204 1478 1217 1514 :
1248 1460 1466 1517 Licebat
1500 1464 1591 1516 tibi
1640 1480 1761 1517 cum
1820 1463 2140 1518 Prometheo
2187 1466 2299 1518 haec

747 1548 895 1613 prius
924 1549 1293 1613 considerare,
1324 1560 1377 1605 et
1417 1552 1470 1604 in
1521 1552 1709 1606 habitu
1760 1553 1884 1606 laici
1944 1553 2297 1607 suﬂicientem

745 1636 824 1687 vir
851 1652 936 1688 um
958 1645 1169 1690 tuarum
1194 1640 1566 1705 probationem
1589 1657 1651 1694 ac
1673 1642 2059 1709 experientiam
2084 1659 2297 1711 capere;

746 1728 871 1791 quia
904 1743 1033 1781 vero
1099 1739 1290 1798 sponte
1349 1730 1655 1797 probationi
1720 1736 2066 1795 renuntiasti,
2145 1735 2299 1786 habi-

2407 567 2575 633 ρεῖται
2601 566 2699 634 τὴν
2726 566 2999 635 διαγωγὴν
3033 568 3310 637 ἀθετῆσαι,
3355 571 3444 621 καὶ
3471 571 3549 631 είς
3580 568 3694 635 βίον
3747 586 3972 635 μετενε-

2404 654 2597 723 χθῆναι
2629 657 2890 725 κοσμικὺν
2926 656 3014 709 διὰ
3040 656 3138 727 τὴν
3185 660 3282 727 τῆς
3319 658 3671 711 ἀκανονίστου
3721 658 3972 721 ἀποκάρο

2405 760 2539 804 σεως
2567 745 2860 812 πρόφασιν,
2889 746 3004 799 ἀλλ’
3029 748 3110 807 είς
3146 746 3330 814 ἕτερον
3380 750 3741 815 μοναστήριον
3793 762 3973 814 7:sz-

2402 831 2601 885 δίδοται
2649 834 2936 904 μοναδικὴν
2959 835 3245 902 ἀκρίϐειαν
3269 836 3566 905 συντηροῦν
3590 851 3604 865 ο
3647 836 3793 887 οὕτω
3826 838 3919 886 καὶ
3944 839 3970 886 δ

2404 922 2779 992 ρασοφορήσας
2807 924 2909 992 πρὸ
2936 925 3033 993 τῆς
3057 924 3293 993 τριετίας
3318 926 3415 976 οὐκ
3460 925 3972 993 είσακουσθήσεται,

2403 1008 2612 1076 λέγων·
2669 1011 2984 1080 Μετάμελος
3026 1012 3253 1079 γέγονα’
3295 1012 3566 1079 λογίζεται
3597 1015 3707 1081 γάρ
3775 1031 3866 1079 μοι
3914 1016 3974 1063 τ),

2404 1103 2624 1169 φορτίον
2652 1101 2744 1154 τοῦ
2772 1104 3034 1170 μονήρους
3060 1103 3174 1172 βίου
3205 1102 3527 1172 βαρύτατον,
3549 1105 3643 1155 καὶ
3669 1098 3784 1154 οἷον
3807 1103 3909 1169 ἀχθ
3946 1127 3970 1162 ς

2402 1193 2719 1261 ἀπώμοτονο
2751 1194 2887 1246 θέλω
2920 1193 3012 1246 οὖν
3038 1194 3113 1262 μὴ
3147 1195 3240 1243 ἐπὶ
3285 1193 3448 1244 πλέον
3502 1191 3973 1246 καταποντοῦσυαι

2400 1282 2497 1349 τὴν
2528 1281 2701 1351 ψυχὴν
2737 1283 2821 1353 [ι.
2853 1285 2950 1353 τὴν
2977 1285 3077 1351 τῆς
3097 1283 3293 1353 ψυχῆς]
3332 1284 3530 1337 ὁλκάδα
3576 1282 3715 1350 μετὰ
3747 1282 3847 1332 τοῦ
3879 1281 3974 1348 βά-

2405 1387 2527 1439 ρους
2553 1372 2648 1439 τῆς
2683 1372 2973 1438 μοναδικῆς
3009 1372 3410 1432 καταπόσεως,
3436 1370 3571 1423 ἀλλὰ
3596 1370 3734 1438 μετὰ
3764 1369 3972 1421 λαῖκῶν

2402 1460 2621 1513 ὀθονίων
2654 1462 3095 1527 μετεωρίζεσθαι.
3125 1461 3372 1515 Ἀκούσει
3395 1461 3452 1513 δὶ
3486 1460 3686 1529 μᾶλλον
3706 1460 3782 1521 ὼς
3817 1457 3976 1525 Ἐξῆν

2402 1566 2483 1601 σοι
2506 1550 2639 1617 μετὰ
2656 1550 2986 1618 Προμηθέως
3003 1549 3172 1603 ταῦτα
3184 1550 3704 1618 προδιασκέψασθαι,
3718 1552 3814 1600 καὶ
3838 1550 3977 1615 μετά

2403 1640 2679 1706 σχήματος
2710 1639 2900 1692 λαῖκοῦ
2921 1641 3018 1708 τῆς
3045 1642 3325 1709 δυνάμεώς
3349 1657 3441 1691 σου
3465 1639 3650 1691 λαϐεῖν
3696 1636 3977 1707 ἀρκοῦσαν

2400 1727 2625 1798 δομικὴν
2657 1733 2749 1782 καὶ
2779 1731 3106 1797 ἀπόπειραν·
3129 1732 3311 1782 ἑκοντὶ
3331 1730 3388 1783 δὲ
3516 1729 3815 1797 δοκιμασίᾳ
3836 1729 3977 1779 ἀπο-

744 1826 968 1883 ιιιιηηιιο
1021 1820 1402 1872 monachorum
1468 1824 1829 1890 asstttnpsisti,
1896 1840 1999 1877 non
2059 1825 2290 1890 amplius
2328 1812 2365 1863 Β

2415 1816 2713 1884 ῖαξάμενος,
2733 1822 2825 1871 καὶ
2848 1822 2984 1871 κατὰ
3006 1821 3267 1888 μοναχοὺς
3289 1811 3945 1888 μετασχηματισθεὶςρίκ
3961 1846 3976 1856 -

745 1914 970 1973 prepter
995 1906 1334 1976 insipientem
1369 1919 1517 1962 tuum
1555 1909 1932 1979 Epimethenm
1972 1914 2304 1980 permitteris

745 1995 922 2048 redire
941 1997 1100 2053 male.
1130 1998 1269 2052 unde
1297 1999 1432 2052 bene
1452 2002 1663 2064 exiisti;
1698 2003 1790 2056 sed
1815 2004 2024 2072 cogeris
2051 2014 2303 2070 tanquam

744 2085 843 2139 hos
874 2086 987 2155 jugi
1031 2089 1682 2157 inexpertus,agnoscere
1731 2109 2099 2163 possessorem
2152 2105 2302 2145 tttutn

745 2176 934 2241 Deum,
965 2186 1017 2230 et
1046 2188 1299 2246 tanquam
1356 2182 1541 2237 asinus
1595 2199 1829 2251 presepe
1880 2185 2081 2237 domini
2122 2186 2249 2237 sui“
2290 2204 2303 2239 :

746 2268 887 2334 quod
917 2269 957 2320 si
991 2269 1053 2322 ad
1092 2270 1328 2323 debitum
1368 2288 1473 2325 non
1538 2276 1702 2341 probe
1758 2275 2093 2343 ﬁdeliterque
2156 2292 2299 2329 coni-

748 2361 909 2426 ponis
946 2374 1009 2413 ac
1042 2363 1185 2429 geris
1235 2371 1309 2428 te,
1364 2379 1540 2433 neque
1600 2366 1653 2419 in
1716 2368 1797 2418 via
1870 2370 2301 2421 testimoniorum

746 2458 960 2499 tuorum
994 2449 1091 2505 das
1150 2449 1564 2518 professionem,
1652 2456 1979 2521 episcopalis
2026 2456 2306 2509 sententia:

745 2539 1105 2606 ittrisilictioni
1142 2541 1392 2606 traderis,
1425 2554 1536 2596 tum
1570 2546 1862 2613 cenjiceris
1912 2547 1964 2598 in
2010 2563 2302 2601 carcerein.

747 2628 937 2687 Arnen.
974 2628 1140 2681 Atnen
1176 2630 1296 2683 dico
1345 2632 1464 2688 tibi.
1518 2646 1621 2683 non
1678 2636 1824 2685 exies
1871 2635 2016 2695 inde,
2074 2636 2176 2687 nisi
2216 2638 2305 2685 dr-

748 2717 998 2782 pOstietis
1029 2733 1136 2784 quo
1168 2719 1361 2771 reddas
1396 2720 1748 2773 novissimum
1779 2721 2133 2788 quadrantem
2186 2734 2305 2775 ton-

746 2806 945 2857 sune’.

818 2939 904 2991 15.
951 2939 1028 2989 Ad
1066 2941 1175 2992 haec
1208 2940 1385 2991 dici-ut
1425 2958 1436 2991 :
1467 2941 1644 3004 Quare
1674 2958 1794 2994 eum
1825 2943 2078 2997 decernat
2104 2961 2299 3011 canon,

748 3031 1018 3083 ιιοιιιίηυιιι
1054 3033 1236 3082 hahitn
1271 3036 1464 3084 mutari
1500 3044 1622 3083 ante
1656 3036 1866 3085 triennii
1899 3045 2301 3103 transcursum,

2412 1910 2493 1962 ἐτι
2527 1909 2612 1961 διὰ
2644 1910 2733 1961 τὸν
2756 1910 3011 1961 ἀσύνετόν
3045 1926 3137 1960 σου
3199 1909 3503 1976 Ἐπιμηθέα
3524 1908 3979 1977 παραχωρηθήσῃ

2410 1998 2749 2066 ὑποστρέψαι
2779 1999 2982 2061 κακῶς,
3009 1999 3128 2052 ὅθεν
3157 1997 3378 2066 ἐξῆλθες
3402 1998 3579 2059 καλῶς
3609 2014 3623 2029 ·
3662 1996 3777 2049 ἀλλ’
3805 1997 3976 2060 αναγ-

2412 2086 2683 2158 κασθήσῃ,
2716 2089 2786 2149 ὡς
2816 2089 2939 2155 βοῦς
2974 2090 3357 2157 ἀπειρόζυγος,
3386 2087 3685 2154 ἐπιγνῶναι
3718 2086 3813 2137 τὸν
3848 2102 3982 2149 κτη-

2420 2177 2655 2246 σάμενόν
2691 2194 2746 2229 σε
2766 2177 2916 2238 θεὸν,
2933 2181 3029 2231 καὶ
3055 2178 3127 2240 ὡς
3153 2179 3270 2240 δνος
3297 2179 3393 2247 τὴν
3423 2179 3627 2245 φάτνην
3650 2176 3743 2227 τοῦ
3768 2174 3981 2243 Κυρίου

2411 2266 2607 2318 αὐτοῦ’
2642 2269 2732 2318 καὶ
2767 2269 2815 2318 εἰ
2843 2268 2917 2336 μὴ
2948 2268 3281 2330 εὐσυνθετείς
3313 2270 3446 2336 πρὸς
3478 2267 3539 2317 τὸ
3579 2266 3821 2331 ὄφλημα.
3866 2282 3977 2329 μη-

2406 2356 2463 2407 δὲ
2489 2355 2643 2416 δίδως
2669 2358 2725 2407 ὲν
2746 2358 2810 2424 τῇ
2834 2355 2935 2423 eaq)
2956 2358 3061 2408 τῶν
3086 2356 3398 2425 μαρτυρίων
3424 2372 3515 2406 σου
3550 2355 3608 2406 τὸ
3623 2351 3981 2419 ἐπάγγελμα,

2410 2445 2763 2514 παραδοθήσῃ
2790 2447 2855 2511 τῇ
2892 2444 3220 2512 δικαιοδοσίᾳ
3251 2444 3355 2510 τῆς
3404 2443 3768 2509 ἐπισκοπικῆς
3837 2442 3980 2492 ἀποι-

2408 2535 2639 2602 φάσεως,
2674 2538 2764 2586 καὶ
2794 2534 3111 2604 ὲμϐληθήση
3140 2537 3215 2597 είς
3251 2532 3516 2602 φυλακήν.
3558 2533 3753 2600 Ἀμὴν,
3803 2530 3986 2598 Ἀμὴν

2408 2626 2550 2691 λέγω
2609 2643 2710 2689 σοι,
2758 2628 2817 2677 οὐ
2869 2628 2943 2694 μὴ
2997 2627 3218 2695 ἐξέλθῃς
3280 2626 3510 2690 ἐκεῖθεν,
3544 2625 3615 2686 [sl
3662 2623 3737 2691 μὴ
3766 2621 3989 2689 κατάθῃ

2410 2717 2703 2769 ἀποδοῦναι
2745 2718 2835 2768 τὸν
2867 2716 3093 2783 ἔσχατον
3122 2716 3423 2785 κοδράντην
3463 2714 3566 2785 τῆς
3596 2714 3987 2781 ἀποκάρσεως.

2480 2942 2559 2987 ιε’.
2608 2935 2730 2987 Ἐπὶ
2774 2933 2981 2994 τούτοις
3033 2933 3234 3001 ὲροῦσι,
3288 2932 3399 2984 Καὶ
3445 2930 3560 2992 πῶς
3620 2928 3716 2980 τοῦ
3760 2929 3991 2987 κανόνος

2406 3028 2775 3096 διοριζομένου
2818 3025 2891 3094 μὴ
2943 3021 3519 3093 μετασχηματίζεσθαι
3559 3038 3681 3073 τινα
3735 3021 3847 3089 πρὸ
3895 3018 3994 3072 τοῦ

697 3183 699 3186 ρ
751 3119 845 3185 qui
880 3119 1037 3171 liod:e
1068 3135 1157 3185 per
1190 3128 1364 3171 totum
1400 3122 1585 3172 orbein
1628 3134 1895 3175 terrarum
1959 3127 2306 3179 monasteriis
2335 3124 2375 3180 C

2415 3118 2648 3183 τριετίαν
2686 3115 3087 3185 παραδραμεῖν,
3110 3114 3158 3163 οἱ
3189 3114 3428 3181 σήμερον
3451 3110 3590 3162 κατά
3637 3111 3820 3161 πᾶσαν
3885 3109 3994 3176 τὴν

750 3220 1009 3277 praesunt,
1041 3225 1134 3264 eos
1165 3212 1253 3277 qni
1281 3212 1545 3263 accedunt
1575 3213 1640 3263 ad
1673 3213 1841 3280 ipsos,
1888 3215 2095 3282 absque
2144 3218 2302 3271 unius

749 3302 861 3353 l'ere
893 3301 997 3353 diei
1026 3301 1076 3352 in
1110 3302 1406 3354 nionastica
1437 3303 1547 3354 vita
1581 3318 1752 3366 mora,
1802 3320 1907 3356 non
1957 3306 2132 3358 solum
2186 3308 2305 3362 sine

750 3391 988 3451 delectu,
1028 3392 1211 3442 habitu
1242 3400 1295 3443 ct
1345 3393 1560 3444 nomine
1590 3394 1696 3447 alio
1740 3394 1963 3459 donant,
2002 3396 2095 3449 sed
2142 3400 2303 3450 etiam

750 3495 844 3548 per
876 3490 1150 3532 tonsuram
1183 3482 1541 3533 consecrant?
1578 3481 1632 3533 Si
1661 3482 1823 3535 verba
1856 3487 2080 3538 canonis
2110 3487 2296 3539 intelli-

750 3581 949 3636 guntur
1001 3571 1453 3638 accipiunturquo
1520 3573 1663 3625 sicut
1720 3590 1883 3640 supra
1940 3576 2146 3627 dictum
2202 3586 2304 3637 cst.

750 3661 1144 3711 monachorum
1180 3662 1449 3727 praepositi
1482 3677 1577 3715 eos
1627 3663 1717 3730 qui
1752 3664 1801 3715 in
1851 3666 2187 3718 monasterio
2215 3681 2307 3732 per

749 3758 948 3801 statum
985 3750 1347 3802 monasticum
1400 3753 1745 3815 commorari,
1795 3757 2067 3821 vitamque
2118 3772 2305 3810 monac

750 3842 976 3892 chorum
1004 3840 1202 3894 ducere
1239 3844 1605 3909 postulabant,
1633 3845 1940 3898 debuerunt
1969 3863 2077 3899 non
2108 3848 2310 3915 absqu‘e

750 3934 916 3984 multa
942 3932 1299 3999 inquisitibne
1333 3934 1644 3996 admittere.
1689 3944 1744 3987 at
1800 3936 2124 3989 canonicum
2185 3951 2311 3989 ora-

748 4022 925 4075 ruluin
968 4023 1219 4085 edocere,
1281 4038 1342 4077 ac
1370 4025 1696 4078 demandare
1721 4034 1775 4078 ut
1801 4041 1923 4078 cum
1955 4027 2092 4081 laico
2122 4028 2308 4080 habitu

750 4114 898 4180 prius
952 4123 1361 4177 exercerentur,
1413 4118 1596 4183 sicque
1652 4126 1838 4183 postea
1904 4118 2074 4170 instar
2123 4134 2310 4173 mona-

755 4202 979 4254 chorum
1022 4213 1222 4255 tnutata
1276 4215 1427 4257 veste
1480 4205 1880 4259 induerentttr:
1926 4222 2032 4272 quo
2086 4209 2315 4260 nullate-

760 4304 863 4343 nus
904 4306 999 4357 per
1056 4292 1199 4356 ipsos
1246 4291 1407 4353 facto,
1462 4292 1496 4344 ii
1555 4294 1646 4359 qui
1700 4310 1821 4346 rasa
1875 4296 2168 4349 induerunt
2220 4310 2315 4363 spe

753 4381 1093 4446 probationis
1129 4398 1190 4434 ac
1249 4382 1637 4449 resipiscentiae
1683 4384 1966 4438 alievantis
2033 4386 2311 4453 inceptum

751 4472 896 4539 quod
933 4473 1075 4524 vires
1105 4471 1351 4531 excedat.
1400 4472 1611 4525 veniant
1667 4484 1723 4524 ut
1761 4475 1931 4541 culpa:
1962 4490 2069 4527 non
2128 4476 2317 4529 amnes
2348 4454 2397 4512 D

751 4562 1141 4625 tumebuntur;
1190 4563 1464 4629 prmpositi
1526 4577 1654 4615 vero
1705 4571 2186 4633 et_susccptorcs,
2226 4562 2324 4633 qui

751 4651 923 4705 divini
963 4654 1193 4705 canonis
1221 4655 1547 4706 sententiain
1587 4654 1888 4717 violarunt,
1944 4658 2121 4724 pmnis
2157 4672 2327 4710 cano-

749 4741 886 4797 uicis
920 4743 1312 4809 snbjicientur.

822 4880 906 4931 16.
945 4879 1182 4932 Andiant
1213 4894 1342 4948 ergo
1375 4880 1535 4933 etiam
1572 4881 1636 4933 ad
1672 4882 1782 4935 haec
1809 4922 1823 4944 ,
1861 4882 2141 4937 laudatum
2198 4885 2321 4950 qni-

748 4970 869 5023 detn
897 4971 1126 5023 canonis
1178 4970 1458 5025 decretum
1518 4982 1573 5025 ct
1636 4975 1940 5037 oraculum,
2012 4985 2157 5028 recte
2222 4976 2313 5028 Dei

750 5061 927 5127 gratia
973 5061 1302 5114 elucidatum
1359 5062 1529 5116 fuisse
1582 5078 1644 5117 ac
1703 5065 2157 5132 interpretatum:
2199 5083 2317 5117 tno-

751 5151 1117 5203 nasleriorum
1146 5162 1324 5205 autem
1360 5155 1683 5220 praepositos
1745 5156 1879 5207 nihil
1929 5156 2087 5223 plane
2142 5156 2317 5210 facere

751 5240 894 5307 quod
931 5255 1036 5293 non
1088 5242 1159 5293 sit
1210 5244 1554 5306 canonicum,
1612 5260 1786 5312 neque
1814 5245 2065 5298 Palribus
2124 5248 2315 5299 adver-

752 5331 885 5395 sari,
923 5332 1049 5385 dum
1079 5333 1399 5387 accedentes
1435 5334 1499 5387 ad
1529 5349 1641 5397 eos,
1680 5336 1827 5388 illico
1855 5336 1905 5386 in
1942 5337 2313 5389 tnonachalem

758 5422 1001 5474 habitum
1040 5421 1451 5485 transformant,
1504 5433 1597 5475 aut
1642 5439 1736 5491 per
1786 5432 2067 5478 tonsuram
2124 5442 2317 5479 consc-

751 5521 931 5565 crant.
972 5511 1145 5581 Caput
1167 5515 1308 5568 enim
1346 5517 1564 5568 tertium
1592 5514 1757 5583 primi
1796 5515 1935 5569 tituli
1984 5517 2104 5570 libri
2144 5519 2316 5586 quarti

834 5688 855 5718 ⁸
886 5688 991 5743 lsa.
1034 5707 1070 5756 ι,
1107 5692 1158 5743 5.
1236 5691 1253 5720 ⁷
1292 5690 1485 5743 Matth.
1518 5706 1639 5751 xxv,
1679 5691 1765 5743 9.6.

2410 3206 2729 3271 οἰκουμένην
2793 3202 3250 3271 ήγουμενεύοντες
3331 3202 3455 3261 τοὺς
3505 3203 3994 3267 προσερχομένους

2411 3299 2611 3359 αὐτοῖς,
2641 3296 2775 3364 μηδὲ
2813 3293 3278 3362 διημερεύσαντας
3329 3291 3513 3359 σχεδὸν
3571 3293 3650 3352 είς
3701 3288 3992 3340 πολιτείαν

2417 3388 2729 3455 μοναδικὴν,
2770 3386 2830 3437 οὑ
2874 3384 3033 3451 μόνον
3079 3382 3561 3451 ἀποκριματίστως
3612 3395 3983 3448 μετασχημα-

2413 3480 2622 3543 τίζουσι
2651 3480 2741 3531 καὶ
2783 3477 3263 3546 μετονομάζουσιν,
3290 3475 3426 3529 ἀλλά
3457 3476 3549 3527 καὶ
3578 3472 3989 3526 τελειοποιοῦσι

2414 3572 2480 3621 δι’
2510 3570 2865 3637 ἀποκάρσεως
2892 3586 2906 3632 ;
2944 3570 3005 3619 El
3034 3569 3103 3619 τὰ
3132 3567 3227 3619 τοῦ
3254 3569 3474 3628 κανόνος
3499 3564 3745 3618 νοοῦνται
3774 3566 3871 3615 καὶ
3903 3567 4001 3615 ix—

2414 3660 2777 3729 λαμϐάνονται
2815 3658 2992 3719 καθὼς
3024 3657 3232 3709 ἀνωθεν
3254 3658 3490 3726 εἴρηται,
3526 3655 3758 3722 ὤφειλον
3788 3657 3841 3706 ot
3876 3655 3987 3705 τῶν

2420 3753 2698 3821 μοναστῶν
2716 3750 3024 3820 καθηγηταί.
3054 3750 3177 3808 τοὺς
3215 3748 3511 3818 ζητοῦντας
3568 3747 3654 3797 διὰ
3688 3746 3994 3810 μοναδικῆς

2420 3843 2801 3903 καταστάσεως
2832 3844 2888 3892 ὲν
2926 3844 3058 3909 μονῇ
3088 3840 3402 3908 διατρίϐειν,
3440 3838 3533 3891 καὶ
3556 3838 3698 3890 κατὰ.
3725 3840 4002 3905 μοειαχοίις

2420 3930 2819 3992 πολιτεύεσθαι,
2844 3929 3427 3998 ἀπολυπραγμονήτως
3456 3928 3531 3996 μὴ
3562 3926 3999 3995 παραδέχεσθαι,

2419 4026 2534 4076 ἀλλ’
2562 4023 2934 4077 ἀναδιδάσκειν
2958 4024 3019 4072 τὸ
3049 4023 3332 4073 κανονικὸν
3355 4019 3734 4087 θεσπιῲδημα,
3757 4020 3855 4070 καὶ
3884 4021 4003 4069 ἑπι-

2418 4113 2637 4181 τρέπειν
2667 4112 2802 4180 μετὰ
2827 4110 3013 4163 λαῖκοῦ
3039 4110 3301 4180 πρότερον
3338 4108 3718 4177 γυμνάζεσθαι
3774 4110 4000 4176 σχήμα-

2419 4221 2531 4265 τος,
2569 4204 2663 4255 καὶ
2700 4201 2842 4254 οὕτω
2872 4203 3016 4255 κατά
3059 4200 3327 4269 μοναχοὺς
3378 4200 3998 4269 μετασχηματίζεσθαι·

2421 4293 2660 4344 τοιούτου
2692 4292 2748 4343 δέ
2782 4307 2926 4353 τινος
2955 4291 3029 4359 μὴ
3052 4292 3335 4359 γινομένου
3364 4291 3493 4358 παρ’
3549 4290 3752 4349 αὐτῶν,
3806 4290 3863 4339 υἱ
3905 4292 4003 4357 μὲν

2428 4384 2922 4450 ρασοφορήσαντες,
2955 4380 3129 4431 ἐλπίδι
3159 4362 3502 4446 ’δοκιμασίας
3554 4378 3649 4430 καὶ
3686 4378 4002 4446 μεταμέλου

2432 4470 2775 4539 κουφίζοντος
2805 4471 2866 4522 τὸ
2896 4469 3045 4538 παρὰ
3077 4468 3307 4538 δύναμιν
3331 4469 3999 4537 τόλμημα,συγγνωστέοι

2428 4564 2501 4623 ὡς
2539 4562 2947 4626 ἀκατάγνωστοι
2974 4560 3187 4612 ἔσονται
3214 4574 3228 4589 ·
3253 4559 3302 4613 οἱ
3329 4559 3502 4628 δὲτὴν
3530 4558 3623 4610 tot.)
3655 4557 3807 4610 θείου
3841 4560 4004 4611 κανό-

2428 4669 2515 4711 vo;
2548 4648 2835 4718 περίληψιν
2861 4648 3227 4718 ἀθετήσαντες
3258 4646 3564 4714 καθηγηταὶ
3594 4645 3688 4697 καὶ
3747 4646 4002 4712 ἀνάδοχοι

2426 4742 2673 4801 εὐθύναις
2705 4741 3013 4801 κανονικαῖς
3047 4735 3646 4805 καθυποϐληθήσονται.

2498 4874 2594 4937 ις’.
2636 4875 3051 4926 Ἀκουσάτωσαν
3078 4872 3259 4923 τοίνυν
3287 4870 3380 4923 καὶ
3417 4870 3550 4938 πρὸς
3574 4869 3754 4922 ταῦτα
3804 4872 3885 4931 ὡς
3942 4873 4000 4921 τὸ

2420 4968 2517 5036 μὲν
2538 4966 2829 5033 διαληφθὲν
2859 4964 3135 5016 κανονικὸν
3158 4962 3515 5032 θεσπιῲδημα
3543 4962 3723 5023 καλῶς
3744 4962 3999 5028 διεφωτξ-

2418 5058 2520 5123 σθη
2544 5059 2635 5109 καὶ
2664 5054 2984 5124 ἡρμηνεύθη
3012 5057 3077 5122 τῇ
3114 5056 3298 5122 χάριτι
3328 5054 3421 5105 τοῦ
3443 5052 3580 5105 Θεοῦ
3610 5069 3624 5082 ·
3653 5053 3705 5104 οι
3734 5052 3792 5104 δὲ
3828 5054 4000 5121 καθη-

2416 5154 2581 5219 γηταὶ
2611 5152 2717 5199 τὼν
2745 5147 3118 5217 μοναστηρίων
3150 5146 3301 5198 οὐδέν
3354 5163 3404 5198 τι
3449 5142 3684 5197 ποιοῦσιν
3749 5147 4002 5196 ἁκανονι-
4071 5162 4079 5173 ·

2418 5260 2562 5299 στον,
2591 5241 2711 5291 οὐδὲ
2742 5242 2850 5301 τοϊς
2884 5238 3162 5306 Πατράσιν
3187 5235 3580 5299 ἐναντιοῦνται,
3611 5237 3741 5295 τοὺς
3771 5251 4007 5303 πρνςερο

2429 5336 2689 5401 χυμένους
2726 5331 2906 5391 αὐτοῖς
2957 5327 3287 5381 ἀπεντεῦθεν
3329 5326 3469 5380 κατά
3514 5323 3787 5395 μοναχοὺς
3836 5342 4004 5393 μετα-

2429 5422 2875 5493 σχηματίζοντες,
2908 5420 2938 5489 ἢ
2972 5425 3062 5471 καὶ
3114 5416 3576 5479 τελειοποιοῦντες
3636 5417 3701 5468 δι’
3760 5415 4006 5483 ἀποκάρο

2433 5534 2567 5579 σεως
2618 5516 2751 5582 Φησὶ
2780 5515 2885 5581 γὰρ
2908 5513 2965 5564 τ’)
2996 5511 3042 5580 γ’
3072 5512 3364 5579 animum
3398 5509 3490 5565 τοῦ
3530 5518 3575 5563 α’
3624 5508 3809 5561 τίτλου
3838 5509 3931 5559 τοὶ
3965 5507 4003 5559 δ’
