4138 6202
1354 287 1976 379 TRADITIO
2075 289 2845 382 CATHOLICA.

1537 489 1930 554 S/ECULUM
1976 490 2129 552 XIII.
2194 490 2451 555 ANNUS
2496 490 2669 552 1905.

1628 895 2575 1025 ELENCHUS

506 1179 1015 1251 AUCTORUM
1080 1177 1189 1247 ET
1237 1177 1624 1249 OPERUM
1675 1178 1825 1259 QUI
1880 1177 1969 1249 IN
2021 1177 2198 1251 HOC
2240 1177 2505 1251 TOMO
2556 1179 2974 1251 CXXXVIII
3031 1178 3703 1253 CONTINENTUR

1879 1393 2295 1409 mm

1603 1590 2073 1654 THEODORUS
2139 1589 2582 1654 BALSAMON.

498 1768 792 1832 Theodori
836 1767 1237 1833 Balsamonis.
1286 1770 1556 1839 Zonarse,
1605 1769 1871 1832 Aristoni
1905 1769 2354 1833 Commentaria
2390 1770 2450 1832 in
2480 1770 2753 1833 Canones
2798 1769 2904 1831 SS.
2943 1772 3209 1849 Aposto-

578 1872 795 1945 lorum,
843 1874 1252 1945 conciliorum,
1301 1880 1360 1935 et
1392 1874 1451 1934 in
1482 1872 1787 1952 Epistolas
1826 1874 2144 1938 canonicas
2173 1872 2277 1934 SS.
2313 1875 2563 1937 Patrum
2596 1877 2644 1931 *.
2696 1874 3170 1955 (Continuatio.)

496 1981 774 2043 Canones
804 1980 1013 2059 synodi
1046 1980 1574 2060 Carthaginensis.
3660 1990 3702 2051 9

498 2087 947 2151 Commentaria
978 2087 1037 2148 in
1072 2086 1383 2167 Epistolas
1412 2088 1733 2151 canonicas
1766 2086 1871 2150 SS.
1905 2086 2177 2150 Patrum.
3580 2094 3707 2157 455

496 2194 809 2273 Responsa
838 2192 915 2255 ad
946 2194 1461 2275 interrogationes
1492 2194 1673 2258 Marci
1705 2195 2067 2274 patriarchae
2100 2194 2513 2271 Alexandrini,
2554 2210 2627 2258 ex
2654 2195 2826 2257 Joan.
2864 2195 3213 2259 Leunclavii

572 2300 602 2361 ,Ι
610 2317 715 2365 ure
744 2299 1069 2364 Gr.-Rom.
3579 2308 3694 2370 951

496 2406 810 2483 Meditata,
842 2424 915 2471 ex
947 2407 1178 2471 eodem.
1486 2474 1491 2479 ,

3538 2413 3698 2475 1013

500 2514 1066 2577 Ecclesiasticarum
1097 2514 1597 2577 constitutionum
1626 2514 1921 2589 collectio,
1957 2531 2031 2579 ex
2064 2515 2434 2579 Bibliotheca
2464 2514 2690 2579 Christ.
2723 2516 2991 2579 Justelli.
3537 2518 3697 2582 1077

500 2619 766 2699 Epistola
798 2619 874 2683 de
897 2621 1143 2698 jejuniis
1174 2637 1283 2700 per
1310 2636 1559 2689 annum,
1594 2637 1664 2685 ex
1697 2620 2101 2685 Monumentis
2125 2620 2377 2684 Joannis
2409 2620 2576 2701 Bapt.
2612 2620 2913 2686 Cotelerii.
3539 2626 3701 2689 1335

498 2725 773 2807 Epistola
801 2726 875 2791 de
908 2726 1279 2807 Rasophoris
1309 2743 1412 2791 seu
1446 2743 1586 2791 raso
1619 2727 1871 2799 indutis,
1908 2745 1980 2792 ex
2011 2728 2248 2792 eodem.
3538 2732 3698 2795 1359

589 3316 615 3342 *
656 3313 858 3361 Textum
891 3314 1190 3362 contulimus
1225 3327 1334 3360 cum
1371 3312 1591 3361 editione
1620 3313 1911 3362 Atheniensi
1940 3312 2055 3361 anni
2090 3316 2225 3362 1855.

902 5707 1095 5770 Clichy.
1130 5734 1187 5742 —
1218 5706 1283 5755 Ex
1314 5708 1451 5769 typis
1484 5706 1644 5754 PAUL
1678 5704 1945 5760 DUPUNT,
1978 5707 2054 5759 12,
2087 5702 2168 5749 via
2197 5701 2333 5750 dicta
2363 5702 2794 5755 Bac-d'Asniercs.
2833 5736 2892 5743 ——
2930 5712 3257 5759 111.9.190‘.
