4084 6202
557 350 629 412 39
1803 325 2098 393 'THEOD.
2140 327 2227 389 BA
2241 330 2539 393 LSAMON
3723 337 3798 403 ω

546 461 621 513 De
671 473 765 513 sua
816 455 959 510 enim
1010 452 1274 523 dignitate
1332 450 1386 505 in
1431 448 1727 520 periculum
1779 447 1973 512 veniet,
2010 445 2114 499 hoc

2224 441 2538 509 ἐκφεύξεται
2574 444 2664 495 τὸν
2700 443 2964 502 κίνδυνον.
3006 448 3354 505 Κινδυνεύσει
3392 452 3502 524 γὰρ
3541 454 3670 525 περὶ
3700 458 3798 526 τὴν

546 564 646 610 est.
699 549 1018 614 deponetur.

613 638 866 692 ZONAR.
893 634 1026 690 Cum
1051 637 1116 690 de
1161 632 1538 688 interdicendo
1587 631 1801 687 clericis
1830 627 2104 690 fenerat‘io

545 740 751 802 qumstu
803 730 887 784 bic
943 743 1117 781 canon
1167 738 1390 780 acturus
1420 725 1511 790 sit,
1567 724 1634 778 de
1683 721 1907 776 avaritia
1942 721 2115 788 primo

544 825 788 886 disserit,
836 837 1063 888 eamque
1112 819 1351 874 omnium
1405 817 1664 872 malorum
1713 824 1990 886 parentem
2023 829 2116 882 ap-

546 915 726 984 pellat,
753 913 1260 987 continendamque,
1305 911 1406 964 boc
1450 919 1534 965 est
1571 908 1921 963 coercendam
1955 917 2117 976 atque

547 1007 929 1076 amputandam
963 1021 1083 1061 esse
1111 1003 1373 1069 decernit,
1409 1018 1477 1058 ne
1515 1017 1602 1056 res
1633 1001 1838 1056 alienas
1872 1000 2112 1064 invadat,

545 1100 737 1168 eisque
785 1100 1058 1153 abutatur.
1109 1097 1350 1152 Abusum
1383 1108 1510 1149 vero
1539 1094 1914 1147 inconcessum
1944 1092 2115 1146 alicu-

541 1192 632 1260 jus
667 1191 745 1247 rei
778 1204 931 1243 usum
959 1186 1276 1242 nominavit.
1303 1184 1447 1241 Usus
1471 1198 1597 1238 vero
1651 1183 1727 1236 rei
1766 1183 2115 1236 inroncessus

546 1286 710 1341 etiam
762 1291 868 1345 est,
903 1279 1104 1350 aliquid
1137 1279 1377 1333 honestae
1402 1291 1581 1330 causa:
1615 1283 1997 1347 prtetexentem
2031 1288 2118 1328 res

548 1376 753 1429 alienas
799 1373 1033 1426 auferre.
1068 1368 1223 1434 Nam,
1270 1379 1324 1423 et
1368 1369 1460 1438 qui
1501 1366 1772 1434 fenerant,
1825 1365 1979 1434 quasi
2025 1363 2116 1433 qui

546 1465 733 1521 fenore
766 1462 1037 1532 accipiunt
1083 1461 1213 1515 illud
1268 1461 1323 1514 in
1378 1473 1534 1514 suum
1587 1459 1928 1514 commodum
1985 1471 2117 1512 con-

549 1567 784 1618 vertant,
835 1557 907 1608 ita
940 1569 1002 1608 ex
1050 1551 1235 1606 fenore
1285 1549 1436 1605 lucro
1475 1565 1596 1605 sese
1616 1549 1792 1618 [potiri
1825 1547 2114 1604 aﬂirmaut.

549 1647 920 1704 llesecandam
965 1646 1146 1715 itaque
1189 1625 1352 1699 aliter
1399 1643 1682 1698 avaritiam
1721 1651 1986 1706 autumat,
2030 1656 2112 1708 ac,

548 1756 617 1795 ne
668 1741 800 1794 lucri
837 1739 1134 1807 cupiditate
1163 1735 1488 1791 constitutos
1518 1749 1547 1788 a
1577 1732 1827 1788 Patribus
1860 1737 2116 1788 terminus

548 1831 817 1900 quispiam
854 1829 1145 1892 transiliat,
1180 1827 1587 1896 providendum.
1631 1823 1914 1879 Terminos
1955 1837 2117 1895 porro

549 1921 766 1976 Patrum
799 1935 984 1975 sacros
1017 1933 1256 1975 canones
1283 1917 1604 1973 nominavit.
1652 1916 1783 1970 Nam
1814 1925 1869 1971 et
1898 1924 2118 1971 sancto-

548 2032 666 2069 rum
707 2015 1070 2084 apostolorum
1112 2021 1308 2078 quarto
1351 2020 1406 2065 et
1443 2009 1861 2082 quadragesimo
1886 2023 2115 2077 canone,

545 2108 685 2162 sacri
731 2094 938 2160 ordinis
989 2106 1299 2160 hominibus
1330 2102 1579 2158 fenerare
1608 2117 1674 2155 ne
1702 2101 1887 2166 liceat,
1916 2099 2116 2156 consti-

547 2210 740 2253 Iulum.
765 2199 832 2252 Et
852 2199 1037 2266 prima:
1053 2196 1401 2251 oecumenicze
1419 2194 1612 2266 synodi
1639 2193 1850 2248 decimo
1869 2192 2117 2261 septimo,

546 2289 634 2360 qui
688 2301 1036 2344 recensentur
1090 2288 1141 2341 in
1186 2302 1413 2352 canone,
1490 2287 1536 2341 si
1601 2285 1753 2341 fenus
1807 2296 2116 2349 exerceant,

545 2381 888 2450 depositione
917 2379 1214 2434 multantur
1238 2388 1294 2433 et
1346 2378 1795 2432 condemuantur.
1824 2375 1891 2430 Et
1925 2374 2121 2430 Laodi-

546 2487 691 2527 ecum
738 2474 929 2542 synodi
967 2487 1138 2525 catimt
1169 2471 1204 2526 4
1255 2467 1424 2523 sacris
1455 2466 1694 2521 initiatos
1740 2482 1851 2520 rem
1885 2465 2118 2534 aliquam

547 2567 734 2621 fenore
757 2565 937 2619 locare
965 2563 1186 2617 omnino
1224 2569 1395 2616 vetat.
1429 2559 1541 2613 Hos
1575 2574 1704 2629 ergo
1746 2574 1982 2613 canones
2020 2557 2121 2612 Pa-

550 2669 693 2712 trum
726 2657 984 2711 terminos
1016 2653 1362 2724 nuncupavit.
1395 2650 1695 2706 Resecetur
1723 2665 1875 2714 vero,
1925 2650 2120 2720 inquit,

549 2748 887 2820 inexplebilis
934 2746 1160 2801 habendi
1193 2745 1488 2813 cupiditas,
1536 2753 1595 2797 ut
1639 2756 1709 2797 ne
1757 2743 1957 2796 clerico
2004 2741 2123 2795 cui-

546 2855 709 2910 quam
757 2853 967 2903 usuras,
1005 2851 1328 2906 quacunque
1359 2834 1575 2888 detnum
1602 2848 1673 2887 ex
1728 2848 1810 2898 re,
1845 2832 2123 2902 percipere

551 2933 658 2986 ullo
706 2930 862 2985 modo
892 2929 1070 2984 liccat.
1135 2925 1247 2981 Nec
1279 2928 1423 2981 enim
1487 2926 1717 2996 pecunia
1762 2925 2120 2989 solummodo,

550 3024 645 3077 sed
672 3020 1004 3076 frumentum
1058 3034 1296 3089 quoque,
1337 3019 1526 3074 vinum
1573 3027 1626 3071 et
1651 3017 1850 3082 oleum,
1910 3015 2122 3085 aliaque

2215 533 2425 587 οἰκείαν
2457 536 2763 606 ἐπιτιμίαν,
2797 539 3041 593 τουτέστι
3073 543 3551 614 καθαιρεθήσεται.

2288 625 2538 680 ΖΩΝΛΡ.
2571 628 2708 698 Περὶ
2739 628 2830 682 τοῦ
2863 630 2939 701 μὴ
2967 633 3203 698 τοκίξειν
3235 633 3532 705 κληρικοὺς
3559 639 3589 692 ό
3621 639 3798 693 κανὼν

2215 713 2576 783 διατάξασθαι
2634 720 2883 786 μέλλων,
2941 724 3070 791 περὶ
3128 726 3435 797 ἀπληστίας
3486 730 3804 798 διαλέγεται

2216 807 2457 878 πρῶτον,
2487 809 2582 862 καὶ
2611 810 2813 884 ταύτην
2845 812 2991 869 εἷναί
3021 833 3154 885 φησι
3185 819 3295 871 τῶν
3319 821 3511 890 ¹κακῶν
3543 824 3801 881 ἁπάντων

2219 897 2458 970 μητέρα,
2498 900 2564 973 ἢν
2605 905 2701 955 καὶ
2743 905 2964 974 ἐπέχειν
3006 907 3205 977 όρίζει,
3245 914 3495 966 τουτέστι
3541 915 3796 980 κωλύειν,

2215 989 2580 1056 ἀνακόπτειν,
2619 994 2704 1047 ἵνα
2739 996 2812 1064 μὴ
2844 999 2957 1062 τοῖς
2988 998 3293 1072 ἀλλοτρίοις
3325 1004 3666 1078 ὲπεμὸαίνη,
3699 1009 3799 1062 καὶ

2215 1081 2624 1154 κατακέχρηται
2675 1087 2877 1151 αὐτοῖς.
2920 1091 3275 1163 Κατάχρησιν
3323 1095 3368 1146 δ’
3398 1095 3649 1164 ὠνόμασε
3700 1100 3800 1173 τὴν

2217 1174 2370 1242 παρὰ
2399 1175 2458 1227 τὸ
2495 1176 2610 1229 δέον
2639 1179 2870 1250 χρῆσινο
2905 1183 3100 1252 χρῆσις
3142 1185 3198 1237 δὲ
3245 1188 3394 1257 παρᾶ
3425 1190 3484 1242 τὸ
3526 1190 3646 1247 δέον
3677 1193 3798 1246 ἐστὶ

2216 1264 2313 1318 καὶ
2337 1264 2396 1316 τὸ
2422 1267 2751 1339 εύαφόρμως
2776 1272 2919 1340 τάχα
2943 1273 3012 1326 τὰ
3041 1273 3303 1346 ἀλλότρια
3330 1279 3706 1352 ἀφαιρεῖσθαι.
3732 1288 3799 1340 0i

2216 1355 2326 1425 γὰρ
2359 1356 2697 1424 δανείζοντες
2732 1363 2825 1414 ἐπὶ
2858 1365 3060 1430 τόκοις,
3093 1367 3170 1431 ὡς
3201 1368 3363 1439 δῆθεν
3396 1373 3799 1444 ὠφελουμένων

2215 1446 2780 1528 τῶνδανειζομένων,
2821 1457 2885 1507 έκ
2924 1456 3014 1508 τού
3056 1458 3248 1523 δάνους
3291 1464 3427 1528 φασὶ
3468 1468 3560 1518 καὶ
3599 1469 3802 1533 αὐτοὺς

2217 1543 2587 1612 συμμετέχειν
2615 1545 2708 1597 τοῦ
2743 1548 2992 1614 κέρδους.
3026 1549 3135 1605 Καὶ
3168 1551 3344 1618 ἄλλως
3374 1555 3431 1608 δὲ
3464 1558 3800 1614 ἀνακόπτειν

2216 1630 2332 1695 δεῖ,
2370 1636 2542 1705 φησὶ,
2575 1635 2673 1708 τὴν
2710 1638 3061 1707 πλεονεξίαν,
3097 1642 3187 1695 ίνα
3225 1645 3299 1717 μὴ
3335 1645 3422 1700 διά
3455 1649 3641 1716 κέρδος
3671 1649 3802 1716 τοὺς

2217 1725 2324 1777 τῶν
2354 1725 2614 1788 Πατέρων
2641 1728 2802 1799 ὄρους
2830 1747 2913 1794 τις
2943 1732 3272 1808 ὑπερσαίνῃ,
3300 1738 3459 1808 ὄρους
3486 1740 3594 1794 τῶν
3625 1744 3801 1797 Πατέ-

2221 1831 2331 1886 ρων
2359 1818 2490 1879 τοὺς
2524 1820 2706 1889 ἱεροὺς
2740 1823 2975 1889 κανόνας
3011 1809 3226 1883 καλῶν,
3247 1830 3315 1882 '0
3346 1846 3406 1882 τε
3443 1832 3554 1903 γὰρ
3594 1832 3675 1904 με’
3701 1851 3803 1888 κα-

2218 1907 2327 1992 νὼν
2368 1909 2475 1963 τῶν
2515 1911 2833 1969 ἀποστόλων
2874 1917 2937 1969 τὸ
2981 1917 3250 1984 δανείζειν
3291 1921 3419 1986 τοὺς
3468 1923 3800 1994 ἱερωμένους

2218 2003 2311 2057 ἐπὶ
2339 2005 2518 2070 τόκοις
2548 2007 2906 2079 ἀπαγορεύει,
2938 2010 3034 2066 καὶ
3058 2013 3088 2064 ό
3111 2012 3210 2082 τῆς
3238 2012 3463 2085 πρώτης
3491 2019 3802 2090 οίκουμενι-

2217 2093 2322 2164 κῆς
2356 2095 2578 2150 συνόδου
2615 2096 2678 2162 ιζ’
2702 2098 2885 2154 κανὼν
2913 2100 3236 2170 καθαιρέσει
3267 2103 3670 2161 καθυποδάλλει
3703 2111 3802 2164 καὶ

2219 2185 2573 2250 καταδικάζει
2613 2191 2740 2253 τοὺς
2783 2193 2842 2244 έν
2884 2190 2962 2260 τῷ
3004 2194 3193 2247 κανόνι
3237 2193 3662 2266 ἐξεταζομένους
3703 2200 3802 2254 ἐπὶ

2218 2280 2398 2344 τόκοις
2430 2281 2801 2348 δανείζοντας.
2831 2284 2945 2338 Καὶ
2975 2285 3004 2337 ό
3033 2285 3134 2354 τῆς
3167 2288 3224 2338 ὲν
3254 2286 3547 2360 Λαοδικείᾳ
3583 2292 3800 2348 συνόδου

2218 2369 2260 2425 δ’
2285 2372 2468 2427 κανὼν
2492 2375 2794 2446 ἀποτρέπει
2822 2377 2934 2438 τοῖς
2966 2376 3264 2444 ἱερατικοῖς
3287 2378 3349 2430 τὸ
3377 2377 3472 2430 ἐπὶ
3499 2380 3677 2445 τόκοις
3704 2382 3800 2436 δα-

2219 2465 2437 2529 νείζειν.
2470 2466 2706 2531 Τούτους
2736 2463 2831 2522 οὖν
2860 2468 2988 2532 τοὺς
3023 2469 3252 2533 κανόνας
3285 2470 3447 2540 ὄρους
3478 2471 3586 2528 τῶν
3619 2475 3799 2530 Πατέ-

2222 2573 2332 2628 ρων
2367 2556 2646 2614 ἐκάλεσεν.
2675 2558 3091 2617 ’Δνακοπτέσθω
3115 2563 3192 2630 δὲ,
3222 2568 3415 2635 φησιν,
3443 2568 3476 2638 ὴ
3500 2565 3800 2638 ἀπληστία,

2219 2650 2318 2700 καὶ
2350 2648 2438 2701 ἵνα
2475 2651 2552 2719 μὴ
2586 2649 2681 2721 ἐξῇ
2717 2651 2966 2726 κληρικῷ
2999 2655 3274 2729 οίῳδήτινι
3305 2658 3465 2714 τόκον
3496 2657 3801 2729 λαμϐάνειν

2221 2738 2328 2793 ἀπὸ
2360 2741 2679 2811 οίουδήποτε
2717 2743 3069 2815 πράγματος.
3103 2748 3181 2801 Οὐ
3219 2748 3382 2818 μόνον
3413 2749 3527 2822 γὰρ
3558 2750 3802 2822 ἀργύρια

2222 2832 2744 2920 δανείζονταιηάλλὰ
2775 2838 2869 2890 καὶ
2900 2840 3048 2901 σῖτος
3077 2840 3173 2893 καὶ
3201 2835 3346 2905 οἶνος
3376 2841 3470 2894 καὶ
3499 2840 3678 2896 ἔλαιον
3705 2842 3799 2895 καὶ

2228 2923 2398 2995 μυρία
2434 2925 2599 2992 ἕτερα
2634 2927 2770 2997 εῖδη.
2807 2927 2918 2981 Καὶ
2953 2927 3145 3000 ὥσπερ
3181 2931 3276 2986 hri.
3303 2931 3414 2986 τῶν
3444 2932 3800 3002 νομισμάτων

2227 3019 2602 3087 συμφωνεῖται
2639 3017 2878 3073 δίδοσθαι
2914 3022 3093 3086 τόκος,
3127 3020 3270 3078 οὕτω
3312 3025 3408 3077 καὶ
3450 3023 3684 3078 ἐπὶτῶν
3725 3025 3804 3078 εί-

551 3128 734 3169 rerum
796 3127 992 3184 genera
1057 3110 1472 3166 innumerabilia
1517 3108 1693 3164 fenori
1750 3108 2017 3163 locantur.
2055 3105 2122 3158 Et

2224 3107 2349 3163 δῶν.
2383 3110 2652 3174 Δανείζων
2683 3112 2793 3183 γάρ
2822 3128 2908 3176 τις
2942 3115 3089 3167 σῖτον
3119 3115 3281 3185 τυχὸν
3316 3115 3530 3181 μοδίους
3563 3115 3796 3182 ἑκατὸν,

549 3205 1000 3274 quemadmodum
1034 3203 1085 3257 in
1125 3202 1372 3274 pecunia,
1405 3202 1479 3255 ita
1513 3215 1579 3254 ex
1643 3199 1891 3255 condicto
1944 3214 2123 3254 usum

551 3301 605 3352 in
637 3299 756 3353 aliis
781 3313 959 3352 rerum
995 3297 1289 3364 generibus
1342 3296 1657 3362 exiguntur.
1721 3290 1872 3346 Datis
1930 3305 2125 3358 nempe

549 3394 842 3465 quispiam,
873 3392 1106 3462 exempli
1150 3405 1336 3456 causa,
1374 3388 1581 3442 mutuis
1613 3397 1829 3442 centum
1867 3383 2124 3439 frumenti

555 3490 772 3552 modiis,
809 3487 1077 3557 praefinito
1105 3493 1350 3554 tempore
1383 3481 1571 3549 elapso
1626 3488 1839 3534 centum
1876 3492 1936 3533 se
1972 3479 2122 3532 insu-

554 3596 653 3652 per
704 3581 1008 3634 modiorum
1063 3591 1348 3631 numerum
1411 3580 1763 3641 accepturum
1813 3570 2123 3641 paciscitur,

554 3670 715 3738 idque
744 3671 799 3723 in
831 3669 952 3723 aliis
973 3668 1164 3722 eodem
1200 3666 1378 3719 modo.
1410 3661 1490 3717 Ne
1534 3662 1658 3731 quis
1689 3662 1853 3732 igitur
1888 3671 2036 3715 esset
2070 3661 2124 3714 in

555 3761 911 3815 adulterando
935 3772 1139 3812 canone
1162 3755 1336 3810 fraudi
1388 3755 1561 3819 locus,
1591 3755 1664 3808 ita
1712 3761 1831 3808 uta
1894 3751 2124 3822 pecunia

553 3851 768 3925 quidem
800 3849 1117 3914 feneranda,
1149 3863 1253 3903 non
1282 3858 1461 3903 tamen
1490 3849 1557 3900 ab
1594 3844 1776 3899 usuris
1809 3858 1872 3899 ex
1896 3832 2124 3898 aliarum

554 3959 738 4001 rerum
791 3943 1090 3997 mutatione
1112 3939 1433 4010 colligendis
1474 3939 1673 3993 sacrati
1702 3937 1949 3993 homines
2002 3933 2128 3989 abs-

554 4038 828 4100 tinerent;
879 4033 1084 4089 idcirco
1109 4031 1322 4097 Patres,
1360 4045 1428 4085 ne
1450 4043 1515 4084 ex
1550 4042 1877 4101 quacunque
1917 4043 1976 4103 re
2029 4026 2126 4081 de-

555 4143 702 4182 mum
737 4141 935 4181 usuras
979 4124 1260 4196 percipere
1291 4123 1472 4187 liceat,
1504 4123 1778 4177 addidere.
1805 4121 1886 4174 Ac
1909 4134 1973 4175 ea
2008 4119 2128 4190 qui-

553 4219 698 4284 dem,
728 4216 998 4287 inquiuut,
1028 4230 1150 4286 qua:
1203 4213 1368 4268 relata
1420 4228 1615 4282 nuper,
1674 4213 1777 4266 hoc
1825 4219 1928 4274 est,
1973 4210 2127 4265 nobis

555 4308 860 4382 signiﬁcata
891 4317 1040 4371 sunt,
1092 4303 1324 4358 obscura
1378 4303 1597 4372 quippe,
1635 4302 1685 4356 id
1736 4309 1840 4366 est,
1900 4301 2127 4366 incerta,

557 4398 794 4454 involuta
821 4397 1057 4453 tenebris
1091 4407 1145 4451 et
1178 4396 1380 4466 ignota,
1415 4393 1859 4456 eﬂ‘ormabuutur,
1893 4393 1991 4447 hoc
2021 4402 2123 4458 est,

557 4509 586 4548 a
616 4493 769 4548 nobis
798 4501 1053 4546 accurate
1075 4491 1331 4544 meditata
1362 4488 1719 4541 deiinientur:
1746 4502 1866 4556 quae
1897 4501 2025 4540 vero
2043 4488 2124 4541 di-

559 4587 696 4641 vina:
726 4584 1022 4655 Scriptura!
1050 4580 1286 4636 oraculis
1343 4580 1684 4652 praescripta,
1748 4581 1860 4632 sive
1923 4579 2126 4634 consti-

557 4689 695 4743 tuta,
718 4679 937 4732 decreta
969 4684 1118 4740 sunt,
1144 4672 1274 4726 nihil
1294 4673 1361 4726 de
1397 4671 1462 4725 iis
1489 4672 1782 4740 quidquam
1813 4674 2125 4735 decernere,

559 4771 660 4822 hoc
690 4777 770 4820 est
796 4804 812 4830 ,
868 4767 1201 4821 constituere
1226 4802 1241 4828 ,
1297 4765 1389 4817 sed
1420 4776 1484 4818 ea
1511 4800 1527 4826 ,
1565 4776 1682 4831 quae
1735 4761 1847 4830 jam
1907 4761 2126 4815 deﬁnita

558 4869 705 4925 sunt,
734 4861 886 4926 sequi
913 4873 978 4911 ac
1007 4872 1224 4911 servare
1255 4863 1487 4924 oportet.
1519 4854 1722 4909 Divitiae
1783 4867 1945 4920 porro
1976 4854 2128 4908 Scri-

559 4957 730 5016 ptura:
756 4947 1113 5014 appellatione
1182 4960 1364 4999 sacros
1420 4958 1657 4999 canones
1716 4958 1780 4997 ac
1830 4941 2128 5013 Scriptum

560 5039 864 5094 testinmnia
896 5039 1243 5108 signiﬁcavit,
1278 5039 1433 5106 quale
1459 5037 1587 5092 illud
1638 5046 1752 5091 est:
1788 5033 1910 5089 Non
1972 5035 2126 5090 dabis

559 5133 714 5202 fratri
743 5140 832 5184 tuo
853 5133 1127 5200 pecuniam
1161 5132 1229 5182 ad
1253 5147 1506 5198 usuram;
1531 5138 1585 5183 et
1613 5130 1765 5196 illud,
1834 5127 2128 5184 Pecuniam

558 5241 707 5277 suam
758 5241 860 5278 non
885 5225 1027 5276 dedit
1058 5224 1126 5276 ad
1162 5239 1404 5287 usuram,
1433 5234 1841 5292 etquacunque
1891 5222 1994 5276 alia
2029 5223 2127 5276 ltu-

554 5317 789 5388 jusmodi
825 5318 1190 5388 reperiuntur.
1254 5313 1391 5369 Hinc
1419 5316 1682 5369 rationem
1747 5329 1984 5385 quoque,
2031 5331 2130 5369 cur

563 5414 797 5468 sacratis
845 5413 1154 5468 hominibus
1194 5409 1446 5466 fenerare
1496 5411 1811 5466 indecorum
1856 5427 1920 5466 ac
1971 5421 2129 5481 turpe

561 5516 652 5570 sit,
679 5506 971 5575 explicant.
997 5504 1149 5570 Quod
1207 5504 1351 5559 enim
1403 5504 1455 5557 iu
1519 5501 1695 5565 laicis,
1729 5501 2002 5570 inquiunt,
2041 5517 2129 5556 an-

561 5613 677 5651 sam
718 5597 1153 5666 reprehensionis
1181 5598 1403 5665 praebet,
1435 5596 1538 5650 hoc
1586 5602 1692 5660 est,
1753 5595 2131 5663 vituperationi

561 5690 1042 5759 criminationique
1096 5690 1391 5744 obnoxium
1443 5699 1564 5754 est,
1625 5688 1795 5742 multo
1851 5687 2020 5758 magis
2075 5689 2130 5744 in

562 5787 776 5846 clericis
808 5785 970 5844 fuerit
993 5785 1482 5842 condemnandum.
1505 5783 1584 5839 Ad
1616 5784 1729 5839 lucc
1775 5785 2005 5854 synodus
2037 5798 2130 5840 ne-

2225 3205 2508 3271 συμφωνεῖ
2555 3202 2741 3257 λαϐεῖν
2792 3204 2934 3276 μετά
2984 3208 3179 3277 καιρὸν
3226 3206 3532 3280 ὡρισμένον
3583 3210 3802 3283 μοδίους

2223 3293 2483 3347 ὲπέκεινα
2521 3294 2736 3363 τόσους,
2782 3299 2877 3351 καὶ
2920 3298 3016 3356 ἐπὶ
3057 3300 3167 3353 τῶν
3210 3299 3388 3356 ἀλλων
3429 3300 3655 3371 ὁμοίως.
3682 3301 3804 3356 Ἵνα

2223 3384 2317 3439 οὖν
2356 3388 2431 3457 μὴ
2470 3387 2882 3460 περιγράφηται
2921 3393 2950 3445 ό
2991 3389 3196 3458 κανὼν,
3231 3392 3547 3464 νομίσματα
3589 3394 3689 3463 μιν
3729 3394 3806 3468 μὴ

2223 3477 2580 3541 δανειζόντων
2615 3481 2708 3532 ἐπὶ
2743 3481 2887 3551 τόκῳ
2917 3480 3026 3536 τῶν
3063 3482 3412 3554 ἱερωμένων,
3449 3484 3510 3537 ὲν
3544 3485 3712 3539 εῐδεσι
3747 3486 3806 3539 δὲ

2223 3567 2383 3623 τοῦτο
2433 3571 2764 3635 ποιούντων,
2808 3572 3138 3642 προσέθεντο
3179 3575 3231 3628 oi.
3276 3576 3558 3647 Πατέρες,
3604 3576 3807 3648 οίουδήο

2226 3679 2358 3716 ποτε
2397 3665 2744 3734 πράγματος.
2787 3664 2899 3718 Καὶ
2935 3665 3004 3719 τὰ
3048 3666 3148 3736 μὲν
3189 3668 3385 3722 νεωστὶ
3420 3670 3801 3740 ἀνενεχθέντα,

2223 3753 2502 3807 τουτέστιν
2525 3756 2971 3826 ὑπομνησθέντα,
2997 3760 3183 3826 φασιν,
3209 3751 3433 3830 ἀμαυρὰ
3457 3759 3608 3828 ὄντα,
3633 3762 3803 3834 ἤγουν

2224 3846 2441 3919 ἀσαφῆ,
2471 3850 2725 3901 σκοτεινά
2743 3889 2759 3914 ,
2789 3849 3134 3919 ἀγνοούμενα
3155 3889 3172 3916 ,
3200 3852 3618 3923 τυπωθήσσνται
3636 3891 3650 3916 ,
3683 3852 3806 3906 ἀντὶ

2225 3936 2320 3989 τοῦ
2359 3937 2744 4015 όρισθήσονται
2783 3937 2914 4010 παρ’
2940 3941 3098 4012 ἡμῶν
3140 3944 3516 4014 σκοπούμενα,
3555 3942 3592 3998 ἀ.
3634 3946 3730 3998 καὶ
3772 3945 3808 4015 ἡ

2226 4025 2347 4080 θεία
2373 4026 2565 4104 Γραφῇ
2589 4028 2897 4096 ἐθέσπισεν,
2926 4031 3046 4101 ἦτοι
3071 4032 3458 4106 ἂνομοθέτησε,
3486 4033 3806 4105 διωρίσατο,

2227 4121 2356 4188 περὶ
2393 4120 2615 4174 ὲκείνων
2648 4120 2710 4174 οὐ
2748 4120 2831 4174 δεῖ
2863 4121 3222 4192 ψηφίζεσθαι,
3259 4125 3543 4178 τουτέστιν
3579 4125 3810 4194 ἀποφαίσ

2229 4214 2447 4279 νεσθαι,
2477 4214 2613 4269 ἀλλά
2647 4215 2742 4268 καὶ
2775 4215 3007 4270 ἕπεσθαι
3040 4217 3135 4268 καὶ
3169 4216 3487 4270 ἀκολουθεῖν
3519 4219 3637 4281 τοῖς
3668 4233 3813 4273 nvo-

2231 4305 2646 4377 μοθετημένοις.
2669 4306 2834 4360 Θείαν
2861 4307 2917 4359 δὲ
2947 4307 3172 4377 Γραφὴν
3198 4307 3326 4375 τούς
3351 4325 3412 4361 τε
3446 4309 3626 4379 ίεροὺς
3657 4310 3814 4362 κανό-

2231 4414 2327 4461 νας
2345 4395 2616 4467 ὼνόμασε,
2636 4397 2733 4460 τὰς
2757 4397 3035 4465 γραφικάς
3059 4399 3273 4468 ῥήσεις,
3289 4399 3350 4451 τὸ
3373 4401 3496 4452 Οὐκ
3519 4399 3812 4467 ἐκτοκιεῖς

2236 4489 2296 4541 τὸ
2321 4487 2609 4555 ἀργύριόν
2622 4500 2740 4542 σου
2757 4486 2837 4552 τῷ
2860 4486 3101 4557 ἀδελφῷ
3124 4504 3263 4553 σου,
3281 4477 3473 4554 καὶτὸ,
3501 4490 3814 4559 Ἀργύριον

2235 4579 2420 4632 αὐτοῦ
2445 4580 2556 4632 οὐκ
2584 4578 2807 4631 ἔδωκεν
2829 4579 2929 4633 ἐπὶ
2957 4580 3129 4646 τόκῳ,
3157 4577 3254 4632 καὶ
3276 4579 3375 4632 ὅσα
3398 4580 3646 4634 τοιαῦτα.
3674 4576 3813 4636 Elea

2235 4671 2330 4722 καὶ
2360 4667 2832 4735 κατασκευάζουσι
2860 4669 2976 4733 πῶς
3002 4670 3204 4724 ἀτοπόν
3227 4671 3345 4724 ἑστι
3375 4675 3470 4725 καὶ
3498 4675 3722 4744 αίσχρὺν
3749 4675 3814 4730 τδ

2235 4759 2501 4824 δανείζειν
2527 4761 2621 4829 επὶ
2650 4762 2830 4824 τόκοις
2859 4763 2983 4824 τοὺς
3015 4761 3371 4832 ίερωμένους,
3406 4764 3501 4816 καί
3533 4781 3696 4833 φασιν
3726 4769 3812 4821 ὅτι

2235 4853 2372 4923 ὅπερ
2404 4868 2461 4909 εν
2488 4855 2699 4917 λαῐκοῖς
2731 4853 3065 4924 ὲπιλήῴιμόν
3094 4853 3263 4918 ἐστιν,
3295 4855 3462 4924 ἤγουν
3487 4856 3690 4924 ψεκτὸν
3715 4861 3812 4912 καὶ

2229 4947 2682 5016 διαϐαλλόμενον,
2715 4947 3026 5007 ἀκολούθως
3058 4948 3115 5000 ὲν
3145 4945 3244 5017 κλη
3258 4950 3433 5019 ρικοῖς
3467 4948 3647 5002 πολλῶ
3681 4951 3811 5018 μᾶλ-

2233 5042 2323 5094 λον
2360 5039 2564 5107 ὀφείλει
2604 5038 3085 5102 καταδικάζεσθαι.
3124 5040 3268 5107 Πρὸς
3304 5040 3480 5093 ταῦτα
3518 5042 3552 5110 η
3591 5039 3809 5103 σύνοδος

2232 5128 2385 5186 εἶπεν
2405 5147 2420 5162 ·
2449 5130 2639 5193 Οὐδεὶς
2670 5129 2811 5183 κατὰ
2843 5132 2953 5183 τῶν
2985 5132 3306 5201 προφητῶν,
3335 5131 3512 5192 οὐδεὶς
3540 5133 3685 5185 κατὰ
3713 5132 3813 5187 τοῦ

2233 5223 2568 5292 Εὐαγγελίου
2599 5225 2772 5294 χωρὶς
2809 5222 3051 5276 κινδύνου
3088 5221 3363 5293 ἐποίησεν.
3391 5221 3562 5276 Τοῦτο
3592 5221 3637 5276 δ’
3662 5207 3815 5278 ἐστιν

2230 5314 2259 5368 ὃ
2288 5311 2477 5368 εἷπονο
2498 5315 2601 5379 ὅτι,
2627 5316 2750 5367 ἐπεὶ
2776 5319 2869 5369 καὶ
2892 5317 2958 5386 τῇ
2992 5314 3330 5385 παλαιοτέρα
3357 5314 3576 5387 Γραφῇ.
3601 5320 3817 5387 ταύτην

2233 5409 2342 5480 γὰρ
2372 5407 2460 5460 διὰ
2490 5407 2599 5459 τῶν
2628 5407 2924 5478 προφητῶν
2953 5405 3175 5477 ⁴ᾐνίξατο
3195 5448 3210 5473 ,
3244 5410 3337 5459 καὶ
3368 5411 3435 5479 τῇ
3467 5410 3593 5481 νέᾳ,
3626 5410 3697 5481 ἢν
3722 5411 3815 5462 διὰ

2232 5501 2326 5553 τοῦ
2370 5499 2700 5568 Εύαγγελίου
2741 5501 3034 5569 ἐνέφηνεν,
3072 5501 3564 5570 ἀποτετραμμένον
3596 5503 3713 5552 ἐστὶ
3749 5500 3814 5549 τὸ
3916 5531 3922 5536 -

2232 5593 2503 5659 τοκίζειν,
2531 5592 2703 5656 οὐδεὶς
2737 5591 2908 5646 ποιῶν
2938 5592 3007 5644 τὰ
3039 5591 3467 5662 ἀπηγορευμένα
3501 5591 3692 5668 αιξταίς
3724 5590 3816 5640 ὲκ-

2235 5686 2492 5755 φεύξεται
2533 5685 2632 5755 τὴν
2675 5685 2941 5742 κίνδυνον.
2985 5683 3340 5738 Κινδυνεύσει
3383 5683 3495 5752 γὰρ
3542 5683 3669 5752 περὶ
3709 5680 3814 5753 την

2234 5781 2441 5837 οἰκείαν
2471 5781 2771 5852 ἐπιτιμίαν,
2797 5780 3042 5835 τουτέστι
3074 5778 3561 5843 καθαιρεθήσεται.
