4138 6202
566 375 633 435 4Ἷ
1836 369 2116 433 ΤΗΕΟΙ).

2252 371 2557 434 LSAMON
3746 382 3818 445 48

567 501 1038 546 sacramentorum
1085 491 1218 547 [iant
1248 488 1567 563 participes,
1605 489 1926 561 presbytero
1956 485 2139 541 facere

2245 487 2542 559 λαμϐάνειν
2569 489 2947 561 ἁγιασμάτων,
2978 496 3348 568 πρεσϐύτερος
3373 494 3435 551 ού
3465 500 3821 570 συγκεχώρη-

567 598 673 639 non
698 582 1034 655 permittitur
1070 600 1084 639 :
1113 583 1209 641 sed
1275 597 1341 641 ea
1369 581 1439 638 ab
1472 582 1731 654 episcopo
1758 580 1875 637 ﬁeri
1912 579 2131 636 debent.

1162 762 1394 823 CANON
1454 762 1567 823 VII.

569 877 588 910 ι
629 860 688 915 Si
741 860 865 932 quis
918 858 974 915 in
1019 855 1264 928 periculo
1296 856 1629 912 constitutus
1682 855 1919 925 seipsum
1965 857 2137 910 sacris

641 972 660 1006 ι
700 951 989 1019 altaribus,
1030 949 1259 1007 absente
1282 947 1560 1019 episcopo,
1613 948 1969 1004 reconciliare
1995 948 2135 1016 peti-

644 1063 666 1096 ι
709 1044 865 1110 verit,
880 1042 1006 1113 jure
1025 1040 1184 1097 debet
1201 1038 1482 1109 presbyter
1498 1038 1818 1108 episcopum
1830 1037 2134 1098 consulere,

644 1155 667 1191 ι
701 1145 756 1192 et
782 1137 861 1192 sic
908 1133 1312 1207 periclitantem
1345 1145 1414 1186 ex
1442 1130 1563 1201 ejus
1592 1139 1862 1199 praecepto
1891 1129 2136 1185 reconci-

643 1246 666 1281 ι
709 1228 865 1282 liare.
944 1223 1096 1281 Hanc
1176 1232 1358 1279 autem
1428 1236 1542 1277 rem
1614 1220 1842 1276 salutari
1905 1218 2136 1274 consilio

640 1340 667 1374 ι
701 1318 1027 1376 confirmare
1055 1315 1336 1372 debemus.
1368 1313 1622 1385 Synodus
1644 1311 1782 1366 dixit
1827 1327 1843 1365 :
1899 1308 2134 1376 Suﬂicit,

644 1432 664 1465 ι
702 1412 847 1483 quod
901 1420 1084 1464 vestra
1128 1407 1392 1464 sanctitas
1440 1420 1539 1462 nos
1586 1404 1897 1463 necessario
1941 1404 2136 1473 juvare

646 1525 667 1559 ι
712 1518 922 1575 aequum
950 1502 1187 1558 censuit.
1235 1519 1255 1551 ι

612 1681 837 1751 ,ΒΑιιεμ
867 1682 1254 1739 Confessiones
1280 1682 1565 1737 hominum
1617 1682 1809 1737 audire
1832 1690 1886 1736 et
1915 1689 2137 1751 peccata

2237 598 2329 634 ται
2379 585 2593 639 ποιεῖν·
2635 584 2770 640 ἀλλὰ
2801 584 2936 656 παρ’
2981 587 3284 643 ἐπισκόπου
3326 588 3501 642 ταῦτα
3542 589 3819 658 ὀφείλουσι

2237 674 2510 744 γίνεσθαι.

2865 768 3099 823 ΚΑΝΩΝ
3125 772 3199 825 Z'.

2246 875 2267 909 ι
2317 858 2444 914 Ἐάν
2493 876 2577 924 τις
2634 864 2691 914 ἐν
2737 860 2967 932 κινδύνῳ
3024 861 3304 925 καθεστὼς
3361 863 3564 935 αἰτήσῃ
3622 864 3819 919 ἑαυτὸν

2315 968 2336 1000 ι
2379 950 2788 1021 καταλλαγῆναι
2842 954 2954 1015 τοῖς
3015 952 3179 1022 ἰεροῖς
3232 952 3667 1021 θυσιαστηρίοις,
3718 952 3814 1007 τοῦ

2317 1060 2335 1093 ι
2375 1044 2675 1096 ἐπισκόπου
2715 1044 2973 1108 ἀπόντος,
3020 1043 3225 1113 ὀφείλει
3245 1045 3471 1108 εἰκότως
3511 1047 3542 1099 ὁ
3572 1046 3817 1116 πρεσσὺ-

2316 1153 2335 1185 ι
2375 1152 2532 1204 τερος
2557 1136 2831 1206 ἐρωτῆσαι
2860 1138 2951 1188 τὸν
2977 1136 3297 1201 ἐπίσκοπον,
3322 1139 3415 1191 καὶ
3435 1137 3611 1201 οὕτως
3642 1138 3735 1193 τὸν
3757 1142 3816 1191 ἐν

2316 1242 2335 1276 t
2376 1227 2605 1298 κινδύνῳ
2645 1228 2983 1292 καταλλάξαι
3012 1230 3151 1281 κατὰ
3204 1233 3303 1299 τὴν
3356 1233 3568 1282 ἐκείνου
3604 1246 3818 1302 παραγο

2320 1337 2337 1369 ι
2381 1317 2583 1386 γελίαν.
2637 1319 2807 1373 Τοῦτο
2856 1320 2914 1374 δὲ
2964 1320 3026 1372 τὸ
3075 1321 3308 1392 πρᾶγμα
3352 1322 3641 1391 ὀφείλομεν
3704 1338 3808 1377 σω·

2316 1432 2336 1464 ‹
2376 1412 2629 1484 τηριώόει
2678 1413 2842 1484 βουλῇ
2898 1412 3169 1482 κυρῶσαι.
3235 1412 3298 1467 Ἦ
3358 1412 3574 1476 σύνοδος
3623 1409 3813 1468 εἶπενο

2314 1525 2335 1557 ι
2386 1505 2576 1575 Ἀρκεί
2619 1507 2754 1577 ὅπερ
2805 1509 2838 1577 ἠ
2883 1506 3125 1578 ὑμετέρα
3169 1505 3448 1575 ἁγιωσύνῃ
3496 1506 3816 1574 ἀναγκαίως

2316 1619 2332 1649 ι
2375 1600 2521 1670 ἡμᾶς
2561 1599 2841 1669 ὠφελῆσαι
2880 1600 3240 1669 κατηξίωσεν.
3272 1618 3290 1649 ι

2311 1695 2503 1749 ΒΛΛΣ.
2563 1696 2672 1753 Καὶ
2713 1699 2820 1750 ἀπὸ
2850 1696 2939 1749 τοῦ
2983 1698 3247 1766 παρόντος
3296 1700 3522 1761 κανόνος
3564 1695 3817 1767 ἐναργῶς

566 1780 871 1843 remittere,
895 1777 1012 1831 sine
1038 1774 1334 1846 episcopali
1352 1775 1732 1843 permissione,
1758 1774 2136 1831 sacerdotibus

2245 1787 2595 1855 ἀναφαίνεται
2632 1787 2707 1857 μὴ
2746 1788 2946 1852 ἐξεῖναι
2977 1793 3088 1850 τοῖς
3124 1788 3362 1857 ἱερεῦσιν
3395 1789 3817 1860 ἐξομολογήσεις

2167 1837 2215 1892 Β

570 1888 678 1927 non
702 1871 887 1933 licere,
937 1884 1001 1923 ex
1033 1869 1284 1939 praesenti
1320 1880 1542 1936 quoque
1591 1880 1800 1921 canone
1858 1865 2140 1939 evidenter

2245 1879 2544 1949 ἀνθρώπων
2592 1882 2980 1950 ἀναδέχεσθαι,
3020 1881 3115 1934 καὶ
3155 1885 3459 1954 συγχωρεῖν
3501 1882 3818 1952 ἁμαρτίας.

568 1963 899 2020 ostenditur.
934 1961 1083 2015 Dicit
1115 1961 1257 2015 enim
1285 2002 1301 2015 .
1336 1960 1394 2014 Si
1420 1961 1542 2030 quis
1595 1961 1647 2013 in
1676 1957 1920 2030 periculo
1952 1958 2140 2011 mortis

571 2058 734 2111 fuerit
786 2055 1140 2117 constitutus,
1167 2065 1220 2108 et
1251 2054 1505 2122 petiverit
1558 2053 1923 2118 reconciliari,
1950 2053 2000 2106 id
2030 2055 2138 2116 est,

566 2148 670 2204 sibi
740 2146 1003 2217 permitti,
1067 2152 1126 2199 ut
1177 2152 1303 2215 post
1358 2140 1757 2197 confessionem
1831 2143 2138 2196 divinorum

568 2250 1034 2297 sacramentorum
1068 2237 1141 2293 sit
1188 2236 1464 2307 particeps
1510 2236 1689 2305 (abest
1721 2242 1901 2288 autem
1930 2236 2141 2303 episco-

568 2314 713 2405 pus),
752 2346 868 2386 “non
920 2340 1095 2400 potest
1131 2329 1387 2383 sacerdos
1430 2341 1554 2381 eum
1607 2327 1957 2382 reconciliare
1995 2344 2008 2379 :
2046 2327 2139 2380 sed

571 2425 909 2490 interrogare
969 2421 1129 2475 debet
1190 2421 1529 2489 episcopum,
1558 2419 1648 2488 qui
1696 2417 1908 2471 obtinet
1961 2417 2139 2471 locum

573 2518 833 2591 apostoli,
864 2527 916 2571 et
964 2514 1167 2584 ligandi
1217 2524 1281 2567 ac
1314 2512 1560 2567 s'olvendi
1608 2518 1931 2581 potestatem
1966 2525 1998 2564 a
2034 2512 2143 2565 Deo

576 2610 812 2683 accepit,
839 2618 892 2665 et
924 2607 1042 2677 ejus
1070 2608 1291 2661 hortatu
1324 2605 1504 2660 facere
1538 2602 2063 2665 reconciliationem,
2097 2602 2140 2656 si

580 2704 741 2758 modo
769 2701 1076 2770 expeditum
1110 2699 1184 2755 sit
1230 2695 1712 2765 interrogationem
1743 2694 1882 2749 fieri.
1911 2692 1966 2747 Si
1996 2694 2141 2746 enim

573 2797 731 2866 longe
783 2795 937 2848 abest
984 2792 1308 2862 episcopus,
1360 2789 1415 2843 et
1468 2803 1617 2843 mors
1662 2786 1928 2849 imminet,
1977 2780 2141 2838 etiam

576 2890 779 2957 absque
800 2885 1221 2955 interrogatione
1255 2882 1491 2953 episcopi
1531 2881 1746 2935 dabitur
1776 2875 2145 2933 reconciliatio

573 2996 616 3035 a.
666 2980 984 3042 sacerdote,
1041 2974 1340 3029 secundum
1403 2987 1669 3029 canonetn
1732 2971 1803 3026 43
1864 2969 2145 3040 praesentis

577 3070 792 3140 synodi.
826 3067 881 3120 Si
917 3078 1046 3135 ergo
1080 3078 1177 3118 nec
1227 3075 1529 3118 extremam
1573 3062 1791 3130 quidem
1822 3056 2137 3119 reconcilia-

2240 1975 2409 2043 χωρὶς
2439 1977 2803 2043 ἐπισκοπικῆς
2838 1978 3165 2044 ἐπιτροπῆς.
3194 1977 3330 2047 Φησὶ
3362 1978 3498 2046 γὰρ,
3545 1976 3669 2028 Ἐὰν
3696 1992 3817 2027 κιν-

2241 2064 2439 2137 δυνεύῃ
2466 2083 2550 2129 τις
2584 2070 2710 2137 περὶ
2744 2068 2842 2137 τὴν
2874 2066 3019 2137 ζωὴν
3040 2106 3055 2130 ,
3091 2069 3184 2121 καὶ
3218 2069 3433 2139 ζητήσῃ
3470 2066 3819 2135 καταλλαγῆ⁴

2242 2172 2349 2220 ναι,
2381 2158 2547 2227 ἤγουν
2580 2157 3049 2228 παραχωρηθῆναι
3081 2161 3159 2220 εἰς
3192 2161 3492 2229 μετάληψιν
3518 2158 3626 2211 τῶν
3655 2158 3819 2211 θείων

2241 2248 2601 2313 ἀγι..σμοίτων
2636 2266 2773 2317 μετα
2797 2249 3183 2318 ἐξομολόγησιν
3207 2252 3424 2317 (ἄπεστι
3456 2251 3512 2303 δὲ
3539 2252 3566 2302 ὁ
3592 2249 3821 2303 ἐπίσκο-

2243 2336 2387 2407 πος),
2408 2334 2468 2391 σὺ
2487 2340 2712 2393 δύναται
2739 2342 2917 2410 ἱερεὺς
2938 2341 3271 2406 καταλλάξαι
3295 2342 3506 2408 τοῦτον,
3536 2342 3648 2397 ἀλλ’
3670 2344 3822 2412 ὀφεί-

2243 2428 2323 2483 λει
2343 2433 2552 2504 ἐρωτᾷν
2578 2432 2668 2486 τὸν
2690 2433 2988 2487 ἐπίσκοπον
3008 2436 3096 2488 τὸν
3118 2436 3380 2505 ἐπέχοντα
3404 2438 3569 2489 τόπον
3592 2434 3820 2488 ἀποστό-

2242 2521 2360 2586 λου,
2394 2525 2489 2576 καί⁸
2524 2524 2755 2578 λαϐόντα
2787 2525 3037 2590 ἐξουσίαν
3072 2530 3179 2583 ἀπὸ
3212 2528 3347 2581 Θεοῦ
3375 2530 3596 2597 δεσμεῖν
3626 2545 3685 2580 τε
3720 2526 3821 2581 καὶ

2243 2614 2413 2682 λύειν,
2443 2618 2533 2670 καὶ
2557 2621 2695 2687 μετὰ
2717 2625 3031 2691 προτροπῆς
3054 2622 3219 2675 αὑτοῦ
3249 2624 3422 2674 ποιεῖν
3439 2622 3534 2690 τὴν
3561 2620 3822 2674 καταλλα-

2244 2710 2370 2779 γὴν,
2393 2709 2488 2761 ἐὰν
2512 2712 2648 2772 τέως
2680 2712 2832 2765 ἐστὶν
2867 2713 3090 2783 εὐχερὲς
3121 2711 3377 2781 γενέσθαι
3401 2713 3499 2783 τὴν
3526 2713 3817 2783 ἐρώτησιν.

2245 2804 2309 2857 Ei
2338 2804 2448 2875 γὰρ
2483 2806 2678 2856 ἄπεστι
2714 2805 2933 2874 μακρὰν
2966 2808 2995 2856 ὁ
3028 2808 3345 2869 ἐπίσκοπος,
3382 2807 3480 2860 καὶ
3526 2808 3555 2857 ὀ
3588 2806 3821 2867 θάνατος

2248 2900 2541 2965 ἐφίσταται
2564 2940 2579 2963 ,
2606 2898 2699 2950 καὶ
2729 2900 2897 2969 χωρὶς
2922 2899 3012 2952 τοῦ
3041 2900 3383 2971 ἐρωτηθῆναι
3405 2901 3498 2953 τὸν
3519 2901 3819 2953 ἐπίσκοπον

2252 2984 2542 3055 δοθήσεται
2572 2987 2889 3058 καταλλαγὴ
2920 2990 3069 3060 παρὰ
3098 2989 3193 3041 τοῦ
3216 2990 3429 3059 ἱερέως,
3448 2992 3587 3043 κατὰ
3610 2990 3700 3042 τὸν
3724 2994 3818 3059 μγ¹

2245 3077 2446 3131 κανόνα
2470 3079 2564 3149 τῆς
2589 3077 2871 3152 παρούσης
2897 3082 3137 3135 συνόδου.
3167 3080 3229 3135 Εἰ
3254 3081 3385 3150 γοῦν
3404 3075 3821 3134 οὑδέἐπιτελεύ-

572 3160 777 3212 tionem
812 3158 904 3209 dat
930 3157 1187 3209 sacerdos
1209 3155 1416 3222 absque
1441 3153 1730 3222 episcopali
1758 3153 2139 3221 permissione,

2245 3186 2360 3222 τιον
2414 3170 2760 3241 καταλλαγὴν
2803 3174 2972 3242 χωρὶς
3016 3175 3382 3242 ἐπισκοπικῆς
3436 3174 3740 3244 ἐπιτροπῆς
3788 3176 3819 3224 ὀ

574 3261 630 3302 ut
659 3250 750 3316 qui
781 3246 982 3317 ligandi
1010 3256 1064 3299 et
1127 3242 1370 3298 solvendi
1402 3249 1727 3311 porestatem
1768 3254 1873 3295 non
1901 3242 2138 3305 habeat;

576 3343 748 3394 multo
784 3338 954 3409 magis
1008 3354 1107 3391 nec
1146 3338 1266 3391 sani
1314 3334 1715 3390 confessionem
1772 3333 2017 3403 recipiet.
2043 3330 2141 3387 His

571 3444 754 3490 autem
813 3434 883 3486 ita
930 3445 990 3486 se
1045 3429 1390 3493 habentibus,
1446 3436 1673 3485 etcum
1731 3441 1903 3481 canon
1937 3425 1971 3479 6
2034 3439 2140 3479 non

575 3532 802 3587 statuat,
830 3523 959 3593 quid
1005 3522 1058 3575 in
1090 3523 1453 3584 sacerdotem,
1486 3518 1578 3588 qui
1614 3518 1732 3571 sine
1781 3517 2143 3586 permissione

575 3617 813 3689 episcopi
843 3614 1217 3670 confessiones
1244 3611 1473 3677 audi-vit,
1508 3613 1807 3667 secundum
1853 3608 2140 3664 Fortunati

574 3713 1058 3779 interrogationem
1109 3705 1227 3761 ﬁeri
1276 3704 1496 3769 debeat,
1556 3702 1650 3757 sed
1734 3716 1833 3755 nec
1906 3714 2141 3769 praesens

572 3818 750 3859 canon
784 3802 1077 3871 quidquam
1106 3799 1174 3853 de
1202 3810 1270 3852 eo
1291 3797 1585 3861 decernat;
1614 3794 1864 3847 dixerunt
1898 3791 2139 3861 quidam,

573 3894 869 3967 episc0pali
915 3890 1119 3961 judicio
1190 3888 1422 3957 relinqui
1477 3885 1803 3956 supplicium
1855 3884 1999 3951 ejus,
2044 3884 2135 3952 qui

573 4000 840 4044 canonem
877 3994 1254 4052 transgressus
1275 3989 1382 4035 est.
1417 3979 1813 4033 Sanctissimus
1847 3986 2029 4030 autem
2054 3974 2142 4029 ille

574 4077 888 4151 patriarcha
944 4074 1193 4129 dominus
1230 4070 1496 4136 Michael,
1542 4069 1635 4140 qui
1695 4068 1799 4123 fuit
1849 4079 2143 4137 supremus

574 4170 1044 4242 philosOpborum,
1095 4165 1310 4221 dicebat
1364 4179 1491 4219 eum
1557 4159 1897 4218 sacerdotem
1943 4158 2143 4229 deponi

573 4265 793 4328 debere,
825 4259 1121 4313 secundum
1155 4268 1398 4309 canones
1420 4252 1513 4323 qui
1549 4251 1825 4317 statuunt,
1854 4251 2141 4319 deponen-

572 4358 671 4412 dos
694 4368 814 4410 esse
828 4365 950 4414 eos,
973 4349 1064 4418 qui
1084 4348 1225 4402 ultra
1244 4346 1579 4418 provinciam
1592 4344 1793 4414 aliquid
1811 4342 2146 4399 sacerdotale

573 4450 851 4505 exercent,
878 4450 930 4495 et
969 4453 1240 4495 canonum
1280 4447 1740 4507 transgressores.

2249 3260 2426 3329 ἱερεὺς
2454 3261 2656 3326 δίδωσι,
2679 3262 2755 3326 ὡς
2780 3261 2915 3333 μηδέ
2936 3262 3183 3326 ἐξουσίαν
3206 3266 3343 3334 ἐχων
3360 3262 3454 3315 τοῦ
3475 3263 3698 3330 δεσμεῖν
3723 3263 3820 3316 καὶ

2244 3351 2413 3416 λύειν,
2440 3351 2617 3421 πολλῴ
2638 3352 2799 3406 πλέον
2828 3352 3213 3423 ἐξομολόγησιν
3240 3356 3301 3407 οὑ
3319 3354 3527 3421 δέξεται
3547 3353 3821 3421 ὑγιαίνονο

2243 3460 2358 3505 τος.
2387 3443 2602 3496 Τούτων
2624 3444 2679 3496 δέ
2706 3444 2877 3507 οὕτως
2898 3447 3151 3517 ἐχόντων,
3175 3447 3270 3499 καὶ
3292 3446 3383 3499 τοῦ
3410 3444 3463 3511 ς’
3494 3448 3716 3508 κανόνος
3742 3443 3821 3513 μὴ

2245 3538 2802 3609 παρακελευσαμένου
2841 3539 2895 3592 τί
2924 3541 3129 3608 ὀφείλει
3159 3540 3406 3609 γίνεσθαι
3434 3540 3512 3604 εἰς
3541 3539 3630 3593 τὸν
3665 3538 3821 3609 ἱερέα

2242 3628 2335 3680 τὸν
2363 3628 2483 3697 δίχα
2520 3628 2820 3699 ἐπιτροπῆς
2851 3629 3150 3683 ἐπισκόπου
3179 3630 3474 3699 δεξάμενον
3499 3630 3815 3696 λογισμοὺς.

2244 3719 2385 3772 κατὰ
2411 3720 2507 3787 τὴν
2532 3720 2798 3788 ἐρώτησιν
2828 3718 2922 3772 τοῦ
2966 3720 3355 3787 ΙΦορτουνάτου.
3381 3718 3515 3771 ἀλλὰ
3559 3714 3693 3786 μηδὲ
3718 3711 3813 3766 τοῦ

2247 3810 2515 3881 παρόντος
2550 3811 2771 3872 κανόνος
2808 3811 2936 3880 περὶ
2967 3812 3157 3863 τούτου
3199 3828 3247 3862 τι
3277 3811 3641 3882 διοριζομένου
3687 3821 3702 3836 ⁸
3736 3801 3818 3858 si-

2249 3903 2348 3956 πόν
2379 3918 2524 3965 τινες
2556 3905 2706 3973 παρὰ
2736 3905 2804 3972 τῇ
2836 3904 3169 3974 ἐπισκοπικῇ
3203 3904 3474 3972 διακρίσει
3498 3897 3817 3955 ἀνακεῖσθαι

2244 3994 2341 4063 τὴν
2371 3992 2590 4047 κόλασιν
2615 3991 2711 4046 τοῦ
2743 3993 3059 4064 παραϐἁτου
3086 3994 3176 4047 τοῦ
3205 3995 3447 4055 κανόνος.
3488 3992 3546 4046 '0
3567 3991 3623 4043 δὲ
3650 3985 3821 4056 ἁγιώ-

2243 4102 2405 4150 τατος
2439 4088 2644 4147 ἐκεῖνος
2676 4086 3021 4157 πατριάρχης
3056 4090 3221 4156 κυρὺς
3252 4087 3489 4157 Μιχαὴλ,
3522 4089 3549 4140 ό
3579 4087 3819 4156 γεγονὼς

2246 4175 2451 4237 ὕπατος
2475 4176 2583 4229 τῶν
2608 4177 2934 4245 φιλοσόφων,
2963 4177 3148 4245 ἔλεγεν
3174 4178 3408 4245 ὀφείλειν
3429 4180 3821 4249 καθαιρεῖσθαι

2245 4272 2337 4325 τὸν
2364 4273 2606 4325 τοιοῦτον
2642 4272 2814 4342 ἱερέα,
2849 4274 2989 4325 κατὰ
3017 4272 3141 4335 τοὺς
3174 4274 3401 4335 κανόνας
3434 4276 3557 4333 τοὺς
3586 4273 3821 4343 διοριζο-

2249 4364 2446 4435 μένους
2486 4364 2867 4435 καθαιρεῖσθαι
2896 4364 3020 4428 τοὺς
3054 4364 3187 4435 παρ’
3222 4367 3438 4435 ἐνορίαν
3463 4366 3823 4435 ἐνεργοῦντας

2252 4456 2524 4528 ἰερατικόν
2555 4474 2629 4520 τι,
2672 4458 2766 4510 καὶ
2792 4459 2917 4520 τοὺς
2954 4457 3283 4528 παραϐάτας
3311 4459 3417 4510 τῶν
3448 4460 3705 4511 κανόνων.

630 4535 791 4607 522
816 4526 1068 4587 ΖυΝΑῘὶ-
1085 4530 1180 4583 Hic
1197 4543 1411 4599 quoque
1425 4529 1702 4597 iudicandi
1721 4527 2030 4583 facultatem
2048 4537 2141 4596 pe-

2319 4548 2569 4606 ΖΩΝΑΡ.
2602 4549 2900 4603 Κάνταῦθα
2938 4548 3037 4619 τὴν
3078 4550 3350 4621 διάκρισιν
3398 4554 3425 4604 ὀ
3474 4552 3653 4604 κανὼν
3706 4556 3822 4613 τοῖς

575 4646 673 4687 nes
703 4630 987 4701 episcopos
1002 4640 1175 4680 canon
1195 4636 1315 4677 esse
1350 4622 1612 4677 decernit.
1649 4621 1851 4690 Siquis
1867 4622 2034 4684 enim,
2059 4622 2146 4674 in-

574 4725 713 4793 quit,
749 4719 832 4776 vel
857 4735 921 4775 ex
948 4721 1159 4782 morbo,
1185 4715 1269 4769 vel
1291 4729 1359 4770 ex
1382 4712 1485 4768 alia
1517 4728 1678 4767 causa
1703 4716 1770 4769 de
1796 4712 1903 4769 vita
1936 4716 2148 4784 pericu-

577 4825 742 4881 tetur,
762 4811 856 4883 qui
887 4810 1065 4883 pinnis
1094 4808 1305 4864 luendis
1331 4809 1405 4863 sit
1430 4803 1696 4871 addictus,
1728 4815 1889 4876 atque
1906 4822 1936 4860 a
1958 4816 2146 4863 sancto

575 4908 737 4962 altari
788 4906 975 4972 procul
1034 4912 1313 4968 arceatur,
1373 4902 1422 4957 is
1469 4914 1598 4957 vero
1650 4900 1918 4955 altaribus
1971 4903 2144 4957 sacris

577 4998 881 5062 conciliari,
925 4998 1030 5049 hoc
1085 5004 1188 5059 est,
1222 4995 1290 5048 ad
1324 4994 1564 5046 divinam
1592 4992 2140 5045 cornumnicationem

577 5091 834 5163 episcopo
914 5089 1138 5143 absente
1210 5086 1421 5140 admitti
1489 5084 1754 5154 postulet;
1816 5084 2141 5155 presbyter,

577 5183 754 5252 inquit
773 5196 971 5246 canon,
1001 5181 1314 5250 episcOpum
1358 5178 1665 5244 consulere,
1698 5192 1762 5233 ac
1791 5194 1934 5242 eum,
1962 5178 2053 5246 qui
2090 5178 2144 5232 in

579 5274 821 5346 periculo
872 5280 1143 5334 versatur,
1208 5288 1274 5324 ex
1334 5270 1480 5325 illius
1534 5281 1800 5338 praecepto
1847 5270 2145 5324 conciliare

578 5370 759 5421 debet.
822 5364 1014 5417 Merito
1049 5373 1227 5418 autem
1267 5378 1299 5418 a
1343 5365 1519 5432 paruis
1584 5355 1850 5416 liberandi
1905 5372 2143 5431 potestas

578 5460 849 5528 episcopis
904 5457 1208 5523 adjudicata
1281 5456 1381 5510 fuit
1418 5496 1434 5523 ,
1499 5470 1624 5510 cum
1690 5456 1761 5510 ob
1815 5456 2139 5525 explicatam

579 5553 867 5615 rationem,
925 5557 1037 5603 tum
1094 5550 1219 5619 quia
1279 5550 1507 5603 summis
1565 5548 1967 5612 sacerdotibus,
2004 5562 2142 5616 quos

578 5659 743 5714 penes
799 5643 997 5706 ligandi
1062 5657 1124 5694 ac
1162 5642 1406 5697 solvendi
1450 5642 1747 5696 auctoritas
1778 5653 1882 5710 est,
1926 5646 2144 5711 proprie

582 5742 870 5794 verborum
901 5737 989 5791 illa
1021 5738 1252 5807 prolatio
1294 5735 1570 5792 convenit.
1597 5734 1851 5802 Quinirno
1890 5740 2140 5794 monachi

581 5848 820 5901 quoque,
855 5833 943 5899 qui
1000 5832 1100 5884 hoc
1136 5829 1384 5900 tempore
1412 5827 1787 5885 confessiones
1840 5835 2139 5901 excipiunt.

2248 4641 2569 4705 ἐπισκόποις
2608 4643 2950 4712 ἀνατίθησιν.
2995 4642 3121 4695 Ἐὰν
3155 4644 3298 4712 γὰρ,
3328 4646 3459 4715 φησὶ
3484 4684 3499 4707 ,
3534 4643 3820 4714 κινδυνεύῃ

2246 4749 2330 4797 τις
2361 4735 2490 4804 περὶ
2514 4735 2612 4803 τὴν
2643 4732 2791 4804 ζωὴν
2821 4735 2885 4785 ἐκ
2918 4734 3078 4786 νόσου
3106 4734 3138 4803 ἤ
3169 4734 3229 4797 ἐξ
3260 4734 3427 4802 ἄλλης
3455 4737 3653 4799 αἰτίας,
3694 4737 3820 4787 ἐπι-

2246 4829 2607 4898 τετιμημένος
2636 4824 2743 4891 ὢν,
2776 4826 2872 4880 καὶ
2908 4827 2983 4897 τῷ
3012 4827 3151 4897 ἁγίῳ
3181 4827 3551 4897 θυσιαστηρίῳ
3592 4829 3828 4897 προσελυ-

2250 4920 2361 4974 θεῖν
2414 4918 2776 4989 κωλυόμενος,
2822 4920 2917 4972 καὶ
2959 4922 3156 4992 αἰτήσῃ
3200 4921 3612 4989 καταλλαγῆναι
3660 4921 3823 4972 αὐτὸν

2246 5014 2358 5075 τοῖς
2394 5013 2558 5082 ἱεροῖς
2584 5012 3015 5081 θυσιαστηρίοις,
3041 5013 3163 5065 ἀντὶ
3218 5012 3312 5065 τοῦ
3342 5014 3532 5065 δεκτὸν
3565 5012 3818 5079 γενέσθαι

2248 5107 2329 5167 εἰς
2375 5107 2474 5173 τὴν
2518 5103 2669 5157 θείαν
2699 5102 3027 5173 μετάληψιν,
3071 5107 3266 5157 ἄπεστι
3319 5103 3375 5155 δέ
3411 5106 3439 5155 ὀ
3494 5098 3818 5164 ἐπίσκοπος,

2246 5196 2474 5264 ὀφείλει,
2516 5197 2678 5263 φησὶν
2722 5198 2749 5248 ὀ
2802 5196 3003 5259 κανὼν,
3051 5197 3323 5266 ἐρωτῆσαι
3380 5195 3469 5246 τὸν
3519 5194 3824 5248 ἐπίσκοπον

2247 5290 2276 5341 ὀ
2299 5288 2571 5358 πρεσϐύτε
2583 5306 2693 5358 ρος,
2716 5290 2812 5342 καὶ
2829 5288 2999 5351 οὓτως
3021 5289 3113 5340 τὸν
3139 5290 3195 5339 ὲν
3214 5290 3442 5357 κινδύνῳ
3464 5287 3820 5355 καταλλάξαι,

2248 5383 2431 5443 καθὼς
2456 5383 2659 5443 ἐκεῖνος
2685 5382 2977 5449 ὑπόθηται.
3005 5380 3243 5444 Εἰκότως
3273 5381 3326 5435 δὲ
3350 5384 3461 5444 τοῖς
3486 5382 3815 5443 ἐπισκόποίς

2246 5478 2278 5545 ὴ
2339 5472 2489 5536 λύσις
2538 5474 2815 5526 ἀνετίθετο
2854 5475 2961 5527 τῶν
3003 5477 3293 5544 ἐπιτιμίων
3326 5476 3413 5527 διά
3460 5492 3520 5526 τε
3572 5474 3669 5543 τὴν
3718 5474 3819 5542 ἢδη

2250 5552 2509 5638 ῥηθεῖσαν
2540 5566 2743 5630 αἰτίαν,
2780 5566 2871 5617 καὶ
2901 5565 2984 5618 ὅτι
3027 5567 3134 5626 τοῖς
3170 5564 3521 5635 ἀρχιερεῦσιν
3556 5565 3589 5634 ή
3629 5562 3820 5628 ἐξαγός

2247 5670 2433 5730 ρευσις
2461 5656 2687 5727 ἁρμόζει
2710 5701 2724 5722 ,
2754 5656 2829 5719 ὼς
2860 5658 3082 5728 δεσμεῖν
3112 5660 3205 5711 καὶ
3238 5656 3387 5710 λύειν
3412 5656 3815 5723 ὃεδυνημένοις.

2248 5754 2355 5806 Καὶ
2383 5754 2430 5802 οἰ
2464 5751 2556 5802 νῦν
2592 5754 2700 5819 γάρ
2734 5750 3026 5819 λογισμοὺς
3054 5751 3334 5820 δεχόμενοι
3365 5749 3624 5820 μοναχοί,
3651 5749 3700 5798 εἰ
3740 5748 3817 5817 μὴ

2252 5848 2309 5908 ις
2346 5846 2646 5910 ἀρχιερεως
2674 5842 3023 5909 ἐπιτραπιῖωι
3058 5841 3308 5910 δέχεσθαι
3341 5842 3656 5908 λογωμους,
3693 5840 3819 5893 οὒτε
