4084 6202
499 304 574 368 63
1751 295 2030 358 THEOD.
2081 293 2310 357 BALSA
2324 295 2483 359 non
3143 255 3148 260 ’
3671 299 3742 363 δι

500 413 678 483 θεσίᾳ,
708 413 760 467 id
797 421 897 477 est,
949 427 1204 466 manuum
1234 412 1576 481 impositione
1610 415 1660 465 et
1700 413 2062 476 ordinatione,

2175 415 2260 465 καὶ
2300 414 2637 481 καθιέρωσιν
2685 412 2919 485 νοήσεις,
2963 411 3096 468 ἀλλὰ
3145 411 3244 486 τὴν
3278 413 3480 484 ψῆφον.
3515 413 3639 468 Ὅτι
3682 431 3745 467 τε

500 519 596 558 seu
649 505 1055 560 consecratione
1111 505 1468 569 intellexeris,
1505 505 1598 561 sed
1645 522 1743 576 pro
1774 507 2064 563 electione.

495 590 630 646 Nam
670 595 845 651 ethoc
887 611 952 650 ex
985 596 1088 651 line
1118 600 1339 654 canonis
1383 599 1705 664 ostenditur,
1749 613 1858 669 quo
1905 614 2067 654 cave-

500 693 608 747 tur,
643 696 700 738 ιιι
731 687 1034 757 deponatur
1063 692 1374 762 episcopus,
1432 695 1524 761 qui
1567 705 1752 747 contra
1795 694 2065 763 propriam

499 779 952 847 subscriptionem
1005 794 1060 838 et
1095 785 1487 841 confessionem
1547 787 1757 853 fecerit,
1793 803 1911 856 qum
1935 789 2068 844 sub-

503 865 726 942 scriptio
758 889 863 928 non
903 877 958 934 ﬁt
1007 878 1072 931 ad
1121 879 1517 934 ordinationem
1552 880 1664 935 sive
1707 883 2068 937 consecratio-

491 977 642 1030 ‘nem.
705 965 800 1020 scd
849 967 915 1021 ad
961 967 1277 1024 electionem
1333 988 1348 1024 :
1412 983 1465 1026 et
1501 974 1648 1043 quia,
1705 990 1831 1029 cum
1858 979 2068 1045 primus

501 1070 676 1111 canon
713 1061 1039 1126 apostolicus
1077 1072 1280 1118 statuat
1303 1067 1616 1133 episc0pum
1651 1085 1678 1120 a
1713 1068 1922 1124 duobus
1945 1084 2067 1125 esse

501 1149 766 1218 episcOpis
814 1153 1193 1216 ordinandum.
1230 1156 1274 1210 si
1320 1159 1661 1229 χειροτονίαν
1716 1177 1812 1231 pro
1846 1162 2068 1218 ordina-

505 1238 650 1292 tione
677 1239 780 1294 hoc
819 1242 869 1294 in
911 1244 1027 1297 loco
1058 1249 1445 1316 acceperimus,
1498 1252 1640 1306 dicto
1697 1255 1890 1309 canoni
1938 1270 2068 1310 con-

505 1327 670 1382 traria
734 1333 913 1389 dicere
961 1338 1331 1394 admlttemus.
1390 1342 1526 1398 Cum
1577 1356 1756 1400 autem
1805 1362 1978 1402 canon
2035 1347 2069 1402 4

503 1419 693 1492 prima:
747 1422 975 1479 Nicaeum
1025 1431 1212 1499 synodi
1257 1433 1443 1501 jubeat
1493 1435 1785 1492 electiones
1831 1439 1899 1492 ab
1951 1455 2070 1495 om-

504 1513 661 1566 nibus
736 1518 1156 1583 provincialibus
1210 1525 1488 1592 constitui,
1560 1527 1642 1582 sin
1706 1537 1884 1585 autem
1966 1533 2070 1586 hoc

507 1607 580 1662 sit
610 1607 823 1663 difﬁcile
853 1621 961 1665 tres
1003 1613 1160 1669 simul
1225 1621 1562 1689 congregari,
1593 1621 1819 1690 reliquis
1853 1639 2075 1694 quoque

502 1711 602 1764 per
649 1697 861 1754 litteras
916 1703 1230 1775 suffragium
1287 1706 1602 1774 ferentibus,
1672 1714 2067 1783 metropolitani

503 1787 743 1854 quidam,
771 1800 829 1844 ιιι
849 1803 933 1847 est
971 1797 1262 1854 verisimile
1289 1801 1410 1870 (eos
1435 1803 1582 1857 enim
1615 1820 1854 1873 presens
1895 1822 2076 1864 canon

502 1879 760 1953 primates
781 1887 1068 1952 provinciae
1083 1893 1280 1960 vocat),
1300 1907 1404 1949 non
1429 1894 1797 1953 observabant
1813 1912 2072 1956 canones.

502 1970 657 2028 Unde
716 1987 769 2030 et
809 1992 839 2034 a
880 1977 1135 2036 Patribus
1192 1985 1472 2043 definitum
1531 1998 1642 2054 est,
1689 1999 1748 2045 ut
1804 2006 1833 2046 ο
1889 1992 2076 2048 multis

499 2067 766 2136 episcopis
789 2072 990 2128 flerent
1009 2076 1304 2135 electiones
1333 2096 1348 2134 :
1386 2081 1469 2136 sin
1515 2091 1690 2138 autem
1720 2085 1820 2139 hoc
1851 2102 1959 2141 non
1984 2087 2056 2142 sit

504 2157 646 2214 factu
689 2160 867 2227 facile,
928 2171 1232 2224 necessario
1269 2187 1295 2224 ιι
1348 2173 1538 2238 tribus,
1596 2179 1686 2246 qui
1724 2178 1918 2235 debent
1947 2195 2069 2239 cum

501 2251 729 2307 Scientia
764 2265 822 2308 et
864 2260 1218 2323 permissione
1253 2267 1409 2328 primi
1460 2281 1554 2320 seu
1587 2273 1989 2339 metropolitani
2013 2274 2068 2328 in

507 2361 827 2416 quocunque
881 2352 1000 2410 loco
1032 2358 1342 2413 convenire.
1393 2358 1449 2414 Si
1491 2365 1616 2430 quis
1670 2375 1850 2420 autem
1880 2383 2067 2424 eorum

504 2440 593 2506 qui
614 2441 666 2494 in
697 2442 957 2499 electione
987 2446 1237 2519 suffragia
1269 2454 1529 2510 dederunt
1568 2466 1753 2515 contra
1799 2463 2070 2529 propriam

506 2531 956 2602 subscriptionem
1014 2539 1226 2606 fecerit,
1291 2548 1604 2619 deponetur.
1647 2549 1801 2605 Acin
1839 2553 1923 2610 his
1949 2554 2071 2623 qui-

505 2625 627 2678 dem
663 2628 912 2686 consistit
973 2649 1165 2691 canon.
1201 2637 1335 2692 Cum
1387 2652 1567 2696 autem
1600 2646 1816 2712 quidam
1868 2659 2091 2703 metro-.

502 2718 775 2790 politanus
833 2721 1024 2779 fuisset
1066 2726 1359 2797 aliquando
1410 2744 1719 2796 accusatus,
1768 2738 1912 2807 quod
1961 2754 2069 2794 non

503 2825 626 2863 cum
684 2813 797 2867 suis
842 2817 1261 2881 provincialibus
1310 2824 1615 2893 episcopum
1667 2827 1940 2898 elegisset,
1975 2833 2068 2886 sed

505 2917 627 2957 cum
668 2909 1093 2972 metropolitanis
1121 2951 1136 2975 ,
1188 2914 1277 2982 qui
1317 2915 1367 2967 in
1418 2916 1609 2985 regina.
1637 2921 1851 2974 urbium
1888 2937 2071 2978 versa-

507 2995 738 3063 bantur;
773 2999 990 3067 qnidam
1035 3015 1351 3071 presentem
1385 3022 1642 3065 canonem
1669 3028 1767 3081 pro
1811 3030 1878 3069 eo
1902 3016 2072 3070 addu-

504 3087 697 3141 eebant

503 3179 538 3233 4
593 3181 780 3251 primae
839 3187 1024 3257 synodi
1067 3186 1310 3247 Nicena;
1358 3208 1579 3251 necesse
1626 3208 1711 3250 est
1763 3214 1798 3253 a
1856 3202 2069 3267 provin-

503 3274 732 3331 cialibus
792 3279 857 3331 ad
899 3280 1180 3334 minimum
1228 3283 1400 3338 tribus
1448 3286 1768 3344 electionem
1821 3292 1965 3357 ﬁeri,
2036 3310 2065 3348 a

504 3372 762 3439 presenti
805 3379 984 3426 tamen
1017 3390 1248 3440 canone,
1284 3378 1374 3445 qui
1428 3389 1508 3436 est
1555 3384 1721 3438 multo
1775 3386 2070 3454 posterior,

512 3463 923 3531 metropolitano
975 3481 1296 3523 concessum
1350 3480 1430 3526 est
1460 3480 1572 3530 tres
1596 3476 1899 3546 episcopos,
1931 3498 2069 3551 quos

506 3557 742 3612 voluerit
786 3575 1102 3627 accersere,
1141 3571 1200 3618 et
1247 3579 1342 3631 per
1393 3582 1491 3622 eos
1532 3569 1849 3626 electionem
1892 3573 2071 3634 facere

512 3648 564 3704 in
591 3666 914 3721 quocunque
952 3653 1069 3712 loco
1098 3655 1351 3721 voluerit,
1389 3667 1442 3712 et
1495 3661 1746 3716 volebant
1798 3661 2070 3733 metropo-

504 3743 732 3797 litanum
804 3743 934 3799 nulli
1021 3749 1424 3816 reprehensioni
1490 3738 1783 3808 obnoxium
1847 3758 1914 3812 ab
1974 3759 2074 3815 hoc

508 3849 716 3890 canone
763 3840 1096 3892 conservari.
1147 3839 1448 3896 Audierant
1498 3853 1676 3899 autem
1729 3849 1904 3919 quod,
1942 3866 2077 3918 quo-

509 3928 652 3980 niam
687 3944 923 3995 praesens
957 3946 1128 3984 canon
1177 3932 1308 3985 nihil
1336 3934 1457 3988 novi
1515 3935 1782 4004 decernit,
1823 3939 1920 3994 sed
1952 3959 2073 4013 quae

514 4035 545 4075 a
574 4019 826 4076 Patribus
856 4031 1012 4075 antea
1049 4023 1267 4081 definita
1329 4037 1493 4090 sunt.
1555 4029 1808 4100 deinceps
1851 4049 2066 4104 quoque

511 4112 780 4169 servanda
812 4115 1021 4175 statuit,
1047 4115 1247 4170 debent
1274 4120 1516 4183 omnino,
1547 4135 1666 4190 quae
1684 4122 1750 4176 de
1764 4127 2076 4181 convocatis

507 4207 777 4276 episcopis
811 4208 1082 4273 dicuntur,
1115 4213 1412 4266 secundum
1444 4213 1592 4269 illum
1625 4230 1886 4272 canonem
1923 4219 2079 4274 intel-

512 4300 625 4368 ligi,
669 4309 722 4354 et
754 4301 1043 4356 electiones
1069 4305 1377 4359 necessario
1409 4321 1437 4359 a
1479 4308 1900 4376 provincialibus
1935 4312 2074 4370 fieri.

509 4393 640 4449 Illud
678 4402 856 4447 autem
890 4394 942 4447 in
997 4397 1194 4464 quovis
1237 4395 1356 4450 loco
1383 4401 1694 4466 procedere.
1754 4415 1858 4454 non
1921 4401 2076 4456 alIert

2099 1750 2148 1810 Β

2169 506 2323 556 τοῦτο
2356 504 2682 575 παρίσταται
2714 505 2822 560 ἀπὸ
2855 504 2949 559 τοῦ
2974 505 3159 569 τέλους
3183 505 3282 559 τοῦ
3314 505 3537 571 κανόνος
3565 508 3740 578 διορι-

2170 593 2399 664 ζομένου
2452 595 2832 665 καθαιρεῖσθαι
2889 595 2981 649 τὸν
3027 598 3093 666 τῇ
3130 595 3260 668 ἰδίᾳ.Δ
3292 597 3587 668 ὑπογραφῇ
3645 599 3743 651 καὶ

2169 687 2430 759 ὁμολογίᾳ
2461 687 2869 757 ἐναντιούμενον
2915 687 3233 750 ἐπίσκοπον,
3283 689 3406 758 ἥτις
3443 687 3743 758 ὑπογραφὴ

2170 780 2232 833 οὐ
2267 781 2471 849 γίνεται
2525 781 2602 842 είς
2654 780 2988 851 χειροτονίαν
3035 781 3157 852 ἦτοι
3199 782 3553 850 καθιέρωσιν,
3603 781 3744 835 ἀλλὰ

2170 874 2248 937 είς
2273 874 2452 943 ψῆφον
2478 889 2492 903 °
2532 873 2621 926 καὶ
2669 875 2753 926 ὅτι
2782 871 2876 926 τοῦ
2912 872 3273 927 ἀποστολικοῦ
3321 873 3542 942 πρώτου
3575 872 3739 928 κανό-

2169 982 2260 1026 νος
2331 962 2702 1033 διοριζομένου
2769 963 3196 1034 χειροτονεῖσθαι
3259 963 3557 1016 ἐπίσκοπον
3631 964 3738 1016 ὑπὸ

2167 1057 2485 1112 ἐπισκόπων
2515 1055 2629 1122 δύο,
2660 1057 2823 1127 εἴπερ
2870 1053 3230 1124 ἐκλαδὼμεθα
3257 1056 3357 1126 τὴν
3382 1055 3738 1124 χειροτονίαν

2170 1154 2248 1216 είς
2280 1149 2638 1222 χειροθεσίαν,
2663 1149 2908 1217 δόξοιμεν
2930 1148 3112 1216 λέγειν
3144 1146 3366 1201 ἐναντία
3406 1146 3485 1219 τῷ
3515 1147 3742 1218 ῥηθέντι
3776 1134 3784 1156 δ

2171 1243 2376 1296 κανόνι.
2407 1240 2512 1295 Τοῦ
2560 1241 2616 1294 δὲ
2675 1240 2716 1292 δ’
2764 1239 2985 1304 κανόνος
3043 1241 3142 1308 τῆς
3174 1239 3232 1291 ἐν
3261 1241 3469 1310 Natat;
3515 1241 3742 1312 πρώτης

2171 1335 2389 1389 συνόδου
2440 1331 2954 1403 παρακελευομένου
3003 1332 3111 1386 ὑπὸ
3163 1333 3384 1386 πάντων
3415 1333 3524 1388 τῶν
3561 1336 3732 1405 ἐπαρ-

2170 1426 2381 1496 χιωτῶν
2437 1425 2796 1480 καθίστασθαι
2850 1423 2950 1488 τὰς
2999 1423 3252 1495 ψήφους·
3301 1426 3351 1478 sl
3386 1425 3444 1479 δὲ
3477 1427 3740 1496 δυσχερὲς

2168 1517 2326 1572 τοῦτό
2356 1519 2490 1581 ἐστι,
2518 1518 2668 1588 τρεῖς
2711 1517 2806 1571 ἐπὶ
2845 1516 2907 1571 τὸ
2956 1516 3092 1570 αὐτὸ
3137 1516 3490 1585 συνάγεσθαι,
3524 1518 3745 1588 συμψή..

2172 1627 2288 1679 φων
2311 1611 2614 1680 γινομένων
2641 1609 2733 1662 διὰ
2754 1609 3105 1678 γραμμάτων
3141 1610 3236 1661 καὶ
3269 1610 3379 1662 τῶν
3406 1609 3631 1673 λοιπῶν,
3661 1609 3741 1675 ὡς

2174 1701 2340 1762 ἐοικε,
2382 1700 2527 1764 τινὲς
2580 1701 2976 1772 μητροπολῖται
3021 1700 3267 1772 (τούτους
3311 1704 3420 1773 γὰρ
3457 1703 3486 1756 ό
3538 1704 3732 1772 παρὼν

2173 1793 2356 1849 κανὼν
2383 1790 2762 1861 πρωτεύοντας
2799 1793 3069 1863 ἐπαρχίας
3092 1792 3268 1860 καλεῖ)
3307 1793 3407 1846 οὐκ
3439 1794 3744 1861 ἐφύλαττον

2171 1885 2240 1939 τὰ
2261 1885 2354 1939 τοῦ
2387 1884 2800 1948 κανόνος.⁹Οθεν
2817 1887 2910 1938 καὶ
2935 1883 3140 1956 ὡρίσθη
3161 1885 3308 1957 παρὰ
3327 1886 3436 1938 τῶν
3461 1889 3744 1958 Πατέρων,

2173 1975 2280 2030 ὑπὸ
2302 1975 2512 2030 πολλῶν
2541 1976 2862 2030 ἐπισκόπων
2893 1975 3142 2045 γίνεσθαι
3167 1975 3268 2039 τὰς
3294 1978 3514 2047 ψήφους
3542 1996 3555 2010 ο
3592 1982 3642 2033 ει
3685 1981 3746 2034 δὲ

2172 2068 2273 2122 οὐκ
2328 2068 2444 2121 ἐστι
2477 2065 2634 2121 τοῦτο
2690 2067 2937 2137 εὐχερὲς,
2987 2067 3047 2135 ἐξ
3101 2068 3346 2136 ἀνάγκης
3398 2070 3500 2120 ὑπὸ
3547 2070 3742 2138 τριῶν,

2175 2159 2497 2229 ὀφειλόντων
2533 2161 2672 2229 μετὰ
2706 2159 2968 2229 εῑδήσεως
3009 2159 3103 2213 καὶ
3132 2159 3438 2230 ἐπιτροπῆς
3466 2161 3560 2215 τοῦ
3590 2163 3745 2234 πρῶ-

2173 2271 2308 2316 του,
2357 2253 2526 2322 ἤγουν
2605 2252 2700 2305 τοῦ
2771 2252 3208 2323 μητροπολίτου,
3267 2254 3631 2323 συνέρχεσθαι
3687 2255 3747 2308 ἐν

2171 2348 2446 2419 οιῳδήτινι
2495 2347 2668 2417 τόπῳ.
2721 2345 2853 2400 Ἐὰν
2911 2347 2968 2399 δέ
3020 2363 3107 2410 τις
3171 2344 3281 2398 τῶν
3341 2345 3745 2416 ψηφισαμένων

2175 2441 2471 2511 ἐναντιωθῇ
2506 2443 2569 2511 τῇ
2612 2440 2716 2510 ἰδίᾳ
2754 2439 3044 2510 ὑπογραφῇ
3073 2480 3088 2506 ,
3123 2440 3602 2508 καθαιρεθήσεται.
3635 2439 3746 2492 Καὶ

2172 2537 2201 2589 ό
2253 2535 2351 2604 μὲν
2401 2531 2582 2587 κανὼν
2632 2534 2690 2586 ἐν
2749 2531 2980 2596 τούτοις.
3021 2533 3176 2597 Τινὸς
3237 2533 3294 2588 δὲ
3347 2532 3746 2604 μητροπολίτου

2175 2627 2512 2689 αῖτιαθέντος
2558 2626 2712 2690 ποτὲ,
2741 2628 2817 2690 ὡς
2870 2627 2944 2698 μὴ
3001 2624 3141 2696 μετὰ
3173 2626 3531 2696 ἐπαρχιωτῶν
3579 2627 3747 2680 αὑτοῦ

2172 2718 2552 2789 ψηφισαμένου
2598 2720 2924 2786 ἐπίσκοπον,
2955 2719 3091 2774 ἀλλά
3138 2720 3279 2792 μετὰ
3331 2720 3746 2790 μητροπολιτῶν

2171 2813 2470 2880 διαγόντων
2502 2816 2579 2876 είς
2624 2815 2722 2884 τὴν
2749 2816 2855 2868 τῶν
2893 2814 3102 2867 πόλεων
3136 2813 3551 2885 βασιλεύουσαν,
3583 2813 3752 2886 ἐχρή-

2175 2907 2338 2961 σαντό
2363 2925 2532 2972 τινες,
2566 2909 2706 2977 ὑπὲρ
2747 2908 2913 2963 αὐτοῦ
2961 2909 3213 2976 λέγοντες
3249 2909 3327 2979 τῷ
3373 2911 3602 2980 παρόντι
3645 2927 3754 2966 κα-

2171 2999 2285 3054 νόνι
2310 3015 2325 3032 ο
2362 3002 2455 3054 καὶ
2484 2997 2638 3054 εἶπον
2667 3001 2764 3064 ὡς,
2799 3001 2850 3053 εὶ
2877 3001 2974 3055 καὶ
3011 3001 3120 3058 ἀπὸ
3149 3001 3245 3056 τοῦ
3293 3002 3334 3056 δ’
3382 3004 3607 3067 κανόνος
3649 3003 3753 3072 τῆς

753 3107 766 3142 :
819 3100 877 3143 et
932 3091 1186 3150 dicebant
1240 3100 1409 3166 quod,
1462 3102 1671 3157 etiamsi
1721 3119 1786 3158 ex
1863 3122 2067 3162 canone

2175 3093 2232 3145 ἐν
2260 3091 2466 3164 Νικαίᾳ
2497 3091 2722 3161 πρώτης
2754 3093 2974 3144 συνόδου
3007 3092 3223 3162 ἀνάγκη
3253 3094 3402 3145 ἐστὶν
3434 3093 3540 3149 ὑπὸ
3571 3094 3746 3164 ἐπαρ-

2176 3189 2385 3259 χιωτῶν
2431 3189 2491 3242 τι
2535 3188 2820 3257 ἐλάχιστον
2850 3188 3020 3258 τριῶν
3064 3187 3163 3252 τὰς
3211 3189 3427 3260 ψήφους
3471 3191 3743 3256 γίνεσθαι,

2174 3280 2309 3334 ἀλλὰ
2363 3280 2472 3333 ἀπὸ
2520 3280 2613 3334 τοῦ
2665 3280 2932 3350 παρόντος
2991 3283 3221 3344 κανόνος
3278 3283 3747 3350 μεταγενεστέρου

2173 3371 2324 3434 ὗντος
2355 3371 2571 3438 ἐνεδόθη
2606 3356 2679 3438 τῷ
2729 3371 3101 3441 μητροπολίτῃ
3137 3373 3567 3441 μετακαλεῖσθαι
3599 3376 3753 3443 τρεῖς

2175 3465 2508 3526 ἐπισκόπους
2539 3467 2661 3525 τοὺς
2695 3463 2843 3532 αὐτῷ
2898 3464 3248 3534 βουλητέους,
3283 3467 3374 3517 καὶ
3425 3469 3602 3518 ποιεῖν
3649 3467 3750 3535 τὴν

2175 3557 2356 3626 ψῆφον
2393 3558 2460 3610 δι’
2495 3557 2675 3610 αὐτῶν
2719 3559 2777 3609 ἐν
2819 3557 2916 3626 οἴῳ
2944 3557 3009 3610 ἂν
3039 3558 3190 3631 τόπῳ
3221 3558 3424 3629 θελήσῃ
3448 3575 3465 3591 ο
3497 3559 3593 3611 καὶ
3625 3561 3753 3630 ἠθε-

2175 3650 2266 3704 λον
2295 3651 2402 3704 ἀπὸ
2442 3653 2634 3701 τούτου
2675 3648 2769 3704 τοῦ
2811 3651 3039 3713 κανόνος
3077 3650 3468 3705 ἀκαταιτίατον
3507 3653 3600 3707 τὸν
3646 3669 3754 3722 μη-

2177 3741 2504 3811 τροπολίτην
2561 3741 2992 3809 συντηρηθῆναι.
3026 3743 3306 3797 Ἰιῐκουσαν
3351 3744 3406 3797 δὲ
3447 3744 3544 3809 ὡς,
3571 3744 3692 3797 ἐπεὶ
3725 3747 3752 3798 ό

2178 3834 2368 3903 παρὼν
2399 3835 2580 3886 κανὼν
2622 3834 2682 3885 οὐ
2727 3833 2846 3885 νέον
2889 3852 2942 3886 τι
2975 3834 3311 3905 θεσμοθετεί,
3345 3835 3480 3889 ἀλλὰ
3509 3836 3577 3889 τὰ
3609 3855 3749 3905 προσ

2177 3928 2517 3997 διορισθέντα
2561 3926 2713 3995 παρὰ
2747 3927 2856 3979 τῶν
2886 3926 3152 3998 Πατέρων
3198 3933 3293 3983 καὶ
3343 3929 3542 3998 ἐφεξῆς
3577 3931 3752 3998 διορί-

2180 4021 2331 4085 ζεται
2358 4020 2745 4089 φυλάττεσθαι,
2775 4021 3054 4089 ὀφείλουσι
3083 4022 3300 4086 πάντως
3343 4021 3413 4074 τὰ
3462 4025 3592 4092 περὶ
3639 4023 3750 4075 τῶν

2180 4111 2640 4180 συγκαλουμένων
2694 4113 3013 4166 ἐπισκόπων
3077 4112 3319 4168 νοεῖσθαι
3370 4114 3492 4166 κατ’
3541 4117 3752 4167 ἐκεῖνον

2178 4206 2269 4259 τὸν
2296 4207 2519 4268 κανόνα,
2560 4207 2652 4257 mi
2681 4205 2741 4270 ἐξ
2779 4206 3028 4276 ἀνάγκης
3062 4205 3202 4275 μετὰ.
3244 4206 3611 4275 ἐπαρχιωτῶν
3655 4209 3752 4270 τὰς

2177 4300 2393 4368 ψήφους
2419 4298 2684 4366 γίνεσθαι.
2723 4296 2797 4349 Τὸ
2824 4297 2878 4350 δὲ
2909 4299 2968 4350 ὲν
2995 4297 3156 4369 οίῳδή
3170 4316 3296 4350 ποτε
3355 4299 3505 4364 τόπῳ
3539 4301 3753 4368 προϐῆ-

2180 4409 2292 4456 ναι,
2319 4391 2379 4443 οὐ
2433 4390 2856 4460 προκριματίζει
2898 4393 2998 4459 τὴν
3048 4389 3250 4458 ψῆφον,
3312 4391 3474 4460 μόνον
3518 4392 3754 4456 γινέσθω

511 4485 880 4556 praeiudicium
933 4487 1206 4552 electioni,
1265 4492 1439 4542 solum
1479 4491 1570 4542 fiat
1620 4507 1742 4544 cum
1798 4495 1973 4549 tribus
2008 4497 2072 4549 ad

2183 4485 2324 4554 μετὰ
2363 4485 2675 4538 ἐπισκόπων
2703 4486 2763 4537 τὸ
2794 4483 3075 4553 ἐλάχιστον
3106 4483 3271 4552 τριῶν
3316 4485 3454 4535 κατὰ
3486 4485 3574 4536 τὸν
3606 4501 3753 4555 παρ-

509 4578 789 4632 minimum
863 4579 1180 4649 episcopis,
1249 4580 1400 4644 juxta
1462 4581 1607 4635 hunc
1678 4599 1939 4639 canonem
1992 4597 2068 4650 et,

509 4680 627 4732 qua:
661 4666 710 4720 ei
741 4677 1138 4737 consequenter
1164 4669 1391 4732 obtinet,
1442 4675 1908 4729 consuetmliuem.
1939 4676 2073 4730 Cum

508 4766 685 4810 autem
719 4775 889 4814 canon
919 4762 1174 4817 decernat
1201 4760 1491 4818 electimies
1518 4762 1633 4820 fieri
1665 4780 1690 4816 a
1742 4764 1914 4819 tribus
1967 4767 2080 4834 cpio

512 4853 716 4919 scopis,
748 4858 791 4909 si
831 4857 901 4910 sit
937 4858 1132 4912 multos
1184 4860 1473 4914 convenire
1507 4859 1733 4922 difﬁcile,
1769 4863 2077 4929 interroga-

510 4948 650 5002 verit
704 4948 1010 5016 quispiam:
1043 4949 1098 5000 Si
1146 4951 1296 5003 multi
1344 4953 1548 5021 possint
1579 4951 1742 5007 facile
1766 4955 2073 5017 convenire,

510 5040 700 5094 electio
725 5039 1104 5107 infirtnabitur,
1134 5059 1200 5093 an
1222 5043 1366 5101 non?
1386 5043 1608 5099 Solatia.
1637 5044 1766 5111 Qua:
1783 5047 1847 5096 de
1869 5048 2080 5112 episco-

513 5133 563 5202 pi
598 5149 625 5184 a
649 5133 927 5187 duodecim
951 5133 1089 5185 facta
1122 5133 1452 5200 depositione
1481 5151 1638 5205 supra
1672 5137 1835 5208 528
1883 5140 2076 5206 scripta

514 5234 657 5287 sunt,
692 5223 911 5294 quando
948 5224 1133 5292 plures
1182 5235 1434 5291 poterant
1468 5226 1622 5279 facile
1674 5231 1986 5290 convenire,
2016 5231 2079 5282 ad

514 5318 792 5387 przesentis
841 5317 1158 5386 quaestionis
1227 5316 1552 5371 solutionem
1598 5320 1892 5377 sudiciunt.
1950 5324 2079 5377 Illud

511 5420 716 5472 autem,
763 5411 814 5463 in
855 5409 1043 5479 quovis
1108 5411 1249 5473 loco,
1298 5410 1558 5476 scriptum
1598 5421 1704 5475 cst,
1737 5423 1954 5483 propter
1987 5431 2080 5470 eos

510 5505 600 5573 qui
660 5504 843 5557 dicunt
897 5504 1094 5561 debere
1148 5504 1264 5558 fieri
1310 5503 1664 5559 ecclesiarum
1719 5507 2008 5562 electiones
2049 5525 2079 5568 ιι

514 5596 926 5665 metropolltano
985 5597 1036 5649 in
1101 5610 1190 5652 sua
1251 5597 1579 5665 metropoli,
1641 5599 1780 5667 quod
1862 5598 2080 5668 quidem

517 5703 623 5743 non
659 5698 933 5758 receptum
966 5697 1068 5742 est.
1100 5687 1273 5745 [meus
1315 5691 1456 5748 enim
1496 5707 1600 5750 non
1660 5692 1935 5745 constituit
1966 5695 2081 5760 epi-

511 5795 760 5844 scopum,
799 5781 892 5834 μοι]
931 5779 1239 5845 suffragium
1280 5792 1333 5837 et
1384 5784 1678 5836 antistitum
1705 5782 1912 5837 electio.
1947 5782 2081 5838 Nota

2178 4580 2305 4631 όντα
2349 4581 2568 4643 κανόνα,
2622 4580 2717 4632 καὶ
2751 4579 2846 4649 τὴν
2879 4578 3189 4640 ἀκολούθοις
3216 4578 3406 4629 τούτου
3441 4577 3753 4647 κρατοῦσαν

2184 4673 2493 4741 συνήθειαν.
2525 4672 2632 4724 Τοῦ
2682 4671 2737 4724 δὲ
2767 4671 2989 4732 κανόνος
3027 4669 3400 4738 διοριζομὲνου
3444 4671 3476 4720 ὑ
3491 4671 3553 4723 πὸ
3582 4671 3753 4739 τριῶν

2179 4764 2498 4817 ἐπισκόπων
2524 4765 2622 4826 τὰς
2664 4763 2879 4831 ψήφους
2919 4761 3186 4830 γίνεσθαι,
3227 4762 3388 4830 εἴπερ
3416 4762 3533 4814 ἐστὶ
3563 4763 3754 4832 δυσχε-

2184 4857 2271 4923 ρὲς
2306 4855 2534 4916 πολλοὺς
2565 4854 2863 4914 συνελθεῖν,
2897 4855 3161 4924 ἐρωτήσει
3211 4873 3320 4917 τις,
3356 4858 3452 4907 ἐὰν
3497 4856 3755 4926 εὐχέρειά

2178 4952 2296 5004 ἐστι
2328 4948 2554 5010 πολλοὺς
2610 4946 2906 5010 συνελθεῖν,
2930 4946 3367 5017 ,ἀκυρωθήσεται
3414 4947 3446 5015 ἠ
3492 4947 3689 5015 ψῆφος,
3717 4948 3752 5018 ἢ

2179 5040 2270 5105 οὓ;
2307 5042 2515 5106 Λύσις.
2553 5039 2633 5092 Τὰ
2661 5037 2863 5090 ἄνωθεν
2895 5039 3171 5108 γραφέντα
3219 5039 3345 5105 περὶ
3376 5038 3753 5108 καθαιρέσεως

2183 5134 2480 5187 ἐπισκόπου
2562 5133 2862 5200 γενομένης
2939 5130 3089 5199 παρὰ
3144 5128 3346 5182 δώδεκα
3414 5134 3753 5194 ἐπισκόπων,

2184 5232 2310 5283 ὅταν
2354 5229 2599 5296 ὑπῆρχεν
2647 5226 2870 5296 εὐχερὲς
2905 5227 3001 5277 καὶ
3045 5224 3265 5284 πλείους
3311 5225 3606 5289 συνελθεῖν,
3649 5226 3753 5295 ἀρ-

2184 5323 2370 5377 κοῦσιν
2413 5325 2493 5384 εἰς
2539 5319 2834 5386 ἀπολογίαν
2878 5317 2972 5369 τοῦ
3005 5320 3269 5386 παρόντος
3303 5317 3638 5385 ζητήματος,
3693 5318 3754 5371 τὸ

2181 5416 2260 5477 δὲ,
2298 5415 2354 5467 ἐν
2378 5413 2677 5483 οίῳδήποτε
2722 5411 2895 5478 τόπῳ,
2928 5410 3242 5478 γέγραπται
3299 5409 3387 5462 διὰ
3419 5411 3543 5471 τοὺς
3574 5409 3752 5476 λέγονο

2185 5525 2304 5569 τας.
2332 5507 2569 5576 ὀφείλειν
2613 5505 2712 5566 τὰς
2745 5504 2960 5573 ψήφους
3003 5502 3113 5555 τῶν
3152 5501 3466 5572 ἐκκλησιῶν
3513 5503 3754 5569 γίνεσθαι

2190 5599 2345 5669 παρὰ
2387 5597 2482 5650 τοῦ
2509 5595 2911 5667 μητροπολίτου
2948 5595 3026 5656 είς
3065 5593 3163 5661 τὴν
3193 5595 3316 5645 κατ’
3349 5593 3512 5646 αὑτὸν
3549 5595 3753 5663 μητρό-

2184 5693 2364 5752 πολιν,
2391 5692 2525 5757 ὅπερ
2552 5690 2653 5742 οὐκ
2689 5688 2902 5759 ἐδέχθη.
2934 5687 3069 5741 Οὖδέ
3120 5686 3224 5758 γὰρ
3253 5689 3280 5740 ὁ
3313 5685 3480 5750 τόπος
3523 5687 3754 5756 καθιστᾷ

2191 5785 2284 5836 τὸν
2315 5783 2666 5838 ςέπῖσκοπον.
2722 5780 2858 5834 ἀλλὰ
2905 5781 2936 5842 ἡ
2980 5779 3157 5847 ψῆφος
3206 5779 3299 5832 καὶ
3328 5779 3361 5843 ἡ
3387 5779 3617 5841 ἐπιλογὴ
3648 5780 3753 5832 τῶν
