  <div class='ocr_page' id='page_1' title='image "/cluster/home/n/w/nwhite01/storage/ocr_20150623/138/hvd.32044073502544/038.png"; bbox 0 0 4084 6202; ppageno 0'>
   <div class='ocr_carea' id='block_1_1' title="bbox 338 366 402 429">
    <p class='ocr_par' dir='ltr' id='par_1_1' title="bbox 338 366 402 429">
     <span class='ocr_line' id='line_1_1' title="bbox 338 366 402 429; baseline 0.016 -1"><span class='ocrx_word' id='word_1_1' title='bbox 338 366 402 429; x_wconf 85' lang='grc'>65</span> 
     </span>
    </p>
   </div>
   <div class='ocr_carea' id='block_1_2' title="bbox 1338 346 2468 412">
    <p class='ocr_par' dir='ltr' id='par_1_2' title="bbox 1338 346 2468 412">
     <span class='ocr_line' id='line_1_2' title="bbox 1338 346 2468 412; baseline -0.001 -2"><span class='ocrx_word' id='word_1_2' title='bbox 1338 350 1422 411; x_wconf 83' lang='grc' dir='ltr'><strong>ΙΝ</strong></span> <span class='ocrx_word' id='word_1_3' title='bbox 1450 349 1618 412; x_wconf 78' lang='lat' dir='ltr'><strong>CAN.</strong></span> <span class='ocrx_word' id='word_1_4' title='bbox 1662 347 1809 411; x_wconf 83' lang='lat' dir='ltr'><strong>XIII</strong></span> <span class='ocrx_word' id='word_1_5' title='bbox 1848 346 2055 411; x_wconf 77' lang='lat' dir='ltr'><strong>CONC.</strong></span> <span class='ocrx_word' id='word_1_6' title='bbox 2087 347 2468 409; x_wconf 79' lang='lat' dir='ltr'><strong>CARTHAG.</strong></span> 
     </span>
    </p>
   </div>
   <div class='ocr_carea' id='block_1_3' title="bbox 3481 348 3553 414">
    <p class='ocr_par' dir='ltr' id='par_1_3' title="bbox 3481 348 3553 414">
     <span class='ocr_line' id='line_1_3' title="bbox 3481 348 3553 414; baseline 0.069 -5"><span class='ocrx_word' id='word_1_7' title='bbox 3481 348 3553 414; x_wconf 82' lang='lat'><strong><em>66</em></strong></span> 
     </span>
    </p>
   </div>
   <div class='ocr_carea' id='block_1_4' title="bbox 340 461 1892 553">
    <p class='ocr_par' dir='ltr' id='par_1_4' title="bbox 340 464 1882 553">
     <span class='ocr_line' id='line_1_4' title="bbox 340 464 1882 553; baseline -0.012 -19"><span class='ocrx_word' id='word_1_8' title='bbox 340 476 639 553; x_wconf 70' lang='grc' dir='ltr'><strong>ἀρχιερέων.</strong></span> <span class='ocrx_word' id='word_1_9' title='bbox 688 469 1010 547; x_wconf 79' lang='grc' dir='ltr'><strong>Σημείωσαι</strong></span> <span class='ocrx_word' id='word_1_10' title='bbox 1064 470 1122 525; x_wconf 69' lang='grc' dir='ltr'><strong>δὲ</strong></span> <span class='ocrx_word' id='word_1_11' title='bbox 1167 469 1264 525; x_wconf 76' lang='grc' dir='ltr'><strong>καὶ</strong></span> <span class='ocrx_word' id='word_1_12' title='bbox 1322 468 1431 523; x_wconf 76' lang='grc' dir='ltr'><strong>ἀπὸ</strong></span> <span class='ocrx_word' id='word_1_13' title='bbox 1464 465 1561 523; x_wconf 78' lang='grc' dir='ltr'><strong>τοῦ</strong></span> <span class='ocrx_word' id='word_1_14' title='bbox 1611 464 1882 535; x_wconf 81' lang='grc' dir='ltr'><strong>παρόντος</strong></span> 
     </span>
    </p>
   </div>
   <div class='ocr_carea' id='block_1_5' title="bbox 1996 461 3555 553">
    <p class='ocr_par' dir='ltr' id='par_1_5' title="bbox 1996 461 3555 535">
     <span class='ocr_line' id='line_1_5' title="bbox 1996 461 3555 535; baseline 0.004 -20"><span class='ocrx_word' id='word_1_15' title='bbox 1996 474 2109 533; x_wconf 70' lang='lat' dir='ltr'><strong>ergo</strong></span> <span class='ocrx_word' id='word_1_16' title='bbox 2137 468 2299 516; x_wconf 84' lang='lat' dir='ltr'><strong>etiam</strong></span> <span class='ocrx_word' id='word_1_17' title='bbox 2333 474 2399 517; x_wconf 80' lang='lat' dir='ltr'><strong>ex</strong></span> <span class='ocrx_word' id='word_1_18' title='bbox 2434 462 2536 517; x_wconf 89' lang='lat' dir='ltr'><strong>hoc</strong></span> <span class='ocrx_word' id='word_1_19' title='bbox 2576 475 2808 530; x_wconf 80' lang='lat' dir='ltr'><strong>canone,</strong></span> <span class='ocrx_word' id='word_1_20' title='bbox 2838 461 2981 533; x_wconf 91' lang='lat' dir='ltr'><strong>quod</strong></span> <span class='ocrx_word' id='word_1_21' title='bbox 3016 464 3219 535; x_wconf 82' lang='lat' dir='ltr'><strong>primas</strong></span> <span class='ocrx_word' id='word_1_22' title='bbox 3274 464 3391 521; x_wconf 86' lang='lat' dir='ltr'><strong>sive</strong></span> <span class='ocrx_word' id='word_1_23' title='bbox 3437 482 3555 522; x_wconf 83' lang='lat' dir='ltr'><strong>nie-</strong></span> 
     </span>
    </p>
   </div>
   <div class='ocr_carea' id='block_1_6' title="bbox 338 554 1880 636">
    <p class='ocr_par' dir='ltr' id='par_1_6' title="bbox 338 554 1880 636">
     <span class='ocr_line' id='line_1_6' title="bbox 338 554 1880 636; baseline -0.012 -12"><span class='ocrx_word' id='word_1_24' title='bbox 338 571 542 632; x_wconf 84' lang='grc' dir='ltr'><strong>κανόνος</strong></span> <span class='ocrx_word' id='word_1_25' title='bbox 585 567 665 620; x_wconf 83' lang='grc' dir='ltr'><strong>ὃτι</strong></span> <span class='ocrx_word' id='word_1_26' title='bbox 718 567 747 618; x_wconf 86' lang='grc' dir='ltr'><strong>ό</strong></span> <span class='ocrx_word' id='word_1_27' title='bbox 785 562 1110 636; x_wconf 76' lang='grc' dir='ltr'><strong>πρωτεύων,</strong></span> <span class='ocrx_word' id='word_1_28' title='bbox 1159 560 1327 630; x_wconf 75' lang='grc' dir='ltr'><strong>ἧγουν</strong></span> <span class='ocrx_word' id='word_1_29' title='bbox 1366 561 1395 613; x_wconf 88' lang='grc' dir='ltr'><strong>ό</strong></span> <span class='ocrx_word' id='word_1_30' title='bbox 1451 554 1880 627; x_wconf 86' lang='grc' dir='ltr'><strong>μητροπολίτης.</strong></span> 
     </span>
    </p>
   </div>
   <div class='ocr_carea' id='block_1_7' title="bbox 333 646 1884 730">
    <p class='ocr_par' dir='ltr' id='par_1_7' title="bbox 333 646 1884 730">
     <span class='ocr_line' id='line_1_7' title="bbox 333 646 1884 730; baseline -0.013 -12"><span class='ocrx_word' id='word_1_31' title='bbox 333 667 421 718; x_wconf 81' lang='grc' dir='ltr'><strong>οὐκ</strong></span> <span class='ocrx_word' id='word_1_32' title='bbox 464 660 662 730; x_wconf 76' lang='grc' dir='ltr'><strong>ὀφείλει</strong></span> <span class='ocrx_word' id='word_1_33' title='bbox 715 655 1118 728; x_wconf 80' lang='grc' dir='ltr'><strong>παρουσιάζειν</strong></span> <span class='ocrx_word' id='word_1_34' title='bbox 1167 654 1247 715; x_wconf 85' lang='grc' dir='ltr'><strong>είς</strong></span> <span class='ocrx_word' id='word_1_35' title='bbox 1298 652 1397 715; x_wconf 78' lang='grc' dir='ltr'><strong>τὰς</strong></span> <span class='ocrx_word' id='word_1_36' title='bbox 1447 650 1688 721; x_wconf 73' lang='grc' dir='ltr'><strong>ψήφους,</strong></span> <span class='ocrx_word' id='word_1_37' title='bbox 1745 646 1884 700; x_wconf 80' lang='grc' dir='ltr'><strong>ἀλλὰ</strong></span> 
     </span>
    </p>
   </div>
   <div class='ocr_carea' id='block_1_8' title="bbox 334 738 1887 828">
    <p class='ocr_par' dir='ltr' id='par_1_8' title="bbox 334 738 1887 828">
     <span class='ocr_line' id='line_1_8' title="bbox 334 738 1887 828; baseline -0.012 -19"><span class='ocrx_word' id='word_1_38' title='bbox 334 756 471 828; x_wconf 81' lang='grc' dir='ltr'><strong>μόνοι</strong></span> <span class='ocrx_word' id='word_1_39' title='bbox 516 753 565 805; x_wconf 81' lang='lat' dir='ltr'><strong>oi</strong></span> <span class='ocrx_word' id='word_1_40' title='bbox 613 748 926 804; x_wconf 71' lang='grc' dir='ltr'><strong>ἐπίσκοποι.</strong></span> <span class='ocrx_word' id='word_1_41' title='bbox 955 747 1021 801; x_wconf 90' lang='grc' dir='ltr'><strong>Τί</strong></span> <span class='ocrx_word' id='word_1_42' title='bbox 1049 747 1127 812; x_wconf 78' lang='grc' dir='ltr'><strong>δὲ,</strong></span> <span class='ocrx_word' id='word_1_43' title='bbox 1160 746 1258 798; x_wconf 75' lang='grc' dir='ltr'><strong>ἐάν</strong></span> <span class='ocrx_word' id='word_1_44' title='bbox 1310 760 1394 806; x_wconf 88' lang='grc' dir='ltr'><strong>τις</strong></span> <span class='ocrx_word' id='word_1_45' title='bbox 1425 742 1536 795; x_wconf 82' lang='grc' dir='ltr'><strong>τῶν</strong></span> <span class='ocrx_word' id='word_1_46' title='bbox 1565 738 1887 812; x_wconf 78' lang='grc' dir='ltr'><strong>ψηφισαμέ-</strong></span> 
     </span>
    </p>
   </div>
   <div class='ocr_carea' id='block_1_9' title="bbox 331 831 1884 913">
    <p class='ocr_par' dir='ltr' id='par_1_9' title="bbox 331 831 1884 913">
     <span class='ocr_line' id='line_1_9' title="bbox 331 831 1884 913; baseline -0.011 -12"><span class='ocrx_word' id='word_1_47' title='bbox 331 866 423 901; x_wconf 87' lang='grc' dir='ltr'><strong>νων</strong></span> <span class='ocrx_word' id='word_1_48' title='bbox 472 841 768 913; x_wconf 74' lang='grc' dir='ltr'><strong>ἐναντιωθῇ</strong></span> <span class='ocrx_word' id='word_1_49' title='bbox 815 844 882 912; x_wconf 75' lang='grc' dir='ltr'><strong>τῇ</strong></span> <span class='ocrx_word' id='word_1_50' title='bbox 933 840 1113 910; x_wconf 75' lang='grc' dir='ltr'><strong>οίκείᾳ</strong></span> <span class='ocrx_word' id='word_1_51' title='bbox 1162 837 1487 908; x_wconf 68' lang='grc' dir='ltr'><strong>ὑπογραφῇ,</strong></span> <span class='ocrx_word' id='word_1_52' title='bbox 1545 831 1884 887; x_wconf 81' lang='grc' dir='ltr'><strong>ἀπεντεῦθεν</strong></span> 
     </span>
    </p>
   </div>
   <div class='ocr_carea' id='block_1_10' title="bbox 330 922 1884 1005">
    <p class='ocr_par' dir='ltr' id='par_1_10' title="bbox 330 922 1884 1005">
     <span class='ocr_line' id='line_1_10' title="bbox 330 922 1884 1005; baseline -0.01 -14"><span class='ocrx_word' id='word_1_53' title='bbox 330 936 796 1005; x_wconf 72' lang='grc' dir='ltr'><strong>ιοαθαιρεθήσεται,</strong></span> <span class='ocrx_word' id='word_1_54' title='bbox 828 937 862 1002; x_wconf 74' lang='grc' dir='ltr'>ἢ</span> <span class='ocrx_word' id='word_1_55' title='bbox 891 935 1032 997; x_wconf 81' lang='grc' dir='ltr'><strong>μετὰ</strong></span> <span class='ocrx_word' id='word_1_56' title='bbox 1059 928 1392 998; x_wconf 77' lang='grc' dir='ltr'><strong>δοκιμασίαν</strong></span> <span class='ocrx_word' id='word_1_57' title='bbox 1438 925 1533 978; x_wconf 81' lang='grc' dir='ltr'><strong>καὶ</strong></span> <span class='ocrx_word' id='word_1_58' title='bbox 1581 922 1884 993; x_wconf 80' lang='grc' dir='ltr'><strong>ἀποτυχίαν</strong></span> 
     </span>
    </p>
   </div>
   <div class='ocr_carea' id='block_1_11' title="bbox 327 1011 1887 1093">
    <p class='ocr_par' dir='ltr' id='par_1_11' title="bbox 327 1011 1887 1093">
     <span class='ocr_line' id='line_1_11' title="bbox 327 1011 1887 1093; baseline -0.009 -16"><span class='ocrx_word' id='word_1_59' title='bbox 327 1020 392 1079; x_wconf 74' lang='grc' dir='ltr'><strong>ὧν</strong></span> <span class='ocrx_word' id='word_1_60' title='bbox 421 1023 765 1093; x_wconf 81' lang='grc' dir='ltr'><strong>προστίθησιν</strong></span> <span class='ocrx_word' id='word_1_61' title='bbox 791 1036 807 1087; x_wconf 86' lang='grc'>;</span> <span class='ocrx_word' id='word_1_62' title='bbox 838 1019 1053 1083; x_wconf 83' lang='grc' dir='ltr'><strong>Λύσις.</strong></span> <span class='ocrx_word' id='word_1_63' title='bbox 1081 1018 1144 1070; x_wconf 81' lang='grc' dir='ltr'><strong>Εἰ</strong></span> <span class='ocrx_word' id='word_1_64' title='bbox 1174 1017 1272 1087; x_wconf 83' lang='grc' dir='ltr'><strong>μὲν</strong></span> <span class='ocrx_word' id='word_1_65' title='bbox 1321 1012 1632 1086; x_wconf 64' lang='grc' dir='ltr'><strong>ὲιιληφθῶσι</strong></span> <span class='ocrx_word' id='word_1_66' title='bbox 1670 1011 1740 1066; x_wconf 80' lang='grc' dir='ltr'><strong>τὰ</strong></span> <span class='ocrx_word' id='word_1_67' title='bbox 1788 1011 1887 1083; x_wconf 72' lang='grc' dir='ltr'><strong>ῥή-</strong></span> 
     </span>
    </p>
   </div>
   <div class='ocr_carea' id='block_1_12' title="bbox 329 1104 1885 1185">
    <p class='ocr_par' dir='ltr' id='par_1_12' title="bbox 329 1104 1885 1185">
     <span class='ocr_line' id='line_1_12' title="bbox 329 1104 1885 1185; baseline -0.006 -16"><span class='ocrx_word' id='word_1_68' title='bbox 329 1134 459 1185; x_wconf 80' lang='grc' dir='ltr'><strong>ματα</strong></span> <span class='ocrx_word' id='word_1_69' title='bbox 484 1110 577 1168; x_wconf 71' lang='grc' dir='ltr'><strong>τοῦ</strong></span> <span class='ocrx_word' id='word_1_70' title='bbox 608 1112 835 1176; x_wconf 78' lang='grc' dir='ltr'><strong>κανόνος</strong></span> <span class='ocrx_word' id='word_1_71' title='bbox 865 1114 943 1174; x_wconf 85' lang='grc' dir='ltr'><strong>είς</strong></span> <span class='ocrx_word' id='word_1_72' title='bbox 976 1110 1038 1163; x_wconf 73' lang='grc' dir='ltr'><strong>τὸ</strong></span> <span class='ocrx_word' id='word_1_73' title='bbox 1083 1109 1472 1179; x_wconf 73' lang='grc' dir='ltr'><strong>ἐπιγινώσκειν</strong></span> <span class='ocrx_word' id='word_1_74' title='bbox 1526 1105 1626 1177; x_wconf 77' lang='grc' dir='ltr'><strong>μὲν</strong></span> <span class='ocrx_word' id='word_1_75' title='bbox 1659 1104 1751 1158; x_wconf 79' lang='grc' dir='ltr'><strong>τὸν</strong></span> <span class='ocrx_word' id='word_1_76' title='bbox 1780 1106 1885 1175; x_wconf 81' lang='grc' dir='ltr'><strong>ψη-</strong></span> 
     </span>
    </p>
   </div>
   <div class='ocr_carea' id='block_1_13' title="bbox 328 1196 1887 1278">
    <p class='ocr_par' dir='ltr' id='par_1_13' title="bbox 328 1196 1887 1278">
     <span class='ocr_line' id='line_1_13' title="bbox 328 1196 1887 1278; baseline -0.006 -16"><span class='ocrx_word' id='word_1_77' title='bbox 328 1209 613 1278; x_wconf 75' lang='grc' dir='ltr'><strong>φισάμενον</strong></span> <span class='ocrx_word' id='word_1_78' title='bbox 648 1208 747 1277; x_wconf 79' lang='grc' dir='ltr'><strong>τὴν</strong></span> <span class='ocrx_word' id='word_1_79' title='bbox 794 1203 1007 1258; x_wconf 74' lang='grc' dir='ltr'><strong>οἰκείαν</strong></span> <span class='ocrx_word' id='word_1_80' title='bbox 1034 1202 1385 1274; x_wconf 77' lang='grc' dir='ltr'><strong>ὑπογραφὴν,</strong></span> <span class='ocrx_word' id='word_1_81' title='bbox 1420 1199 1599 1268; x_wconf 83' lang='grc' dir='ltr'><strong>λέγειν</strong></span> <span class='ocrx_word' id='word_1_82' title='bbox 1639 1197 1696 1251; x_wconf 79' lang='grc' dir='ltr'><strong>δὲ</strong></span> <span class='ocrx_word' id='word_1_83' title='bbox 1746 1196 1887 1267; x_wconf 85' lang='grc' dir='ltr'><strong>μετὰ</strong></span> 
     </span>
    </p>
   </div>
   <div class='ocr_carea' id='block_1_14' title="bbox 323 1291 1887 1367">
    <p class='ocr_par' dir='ltr' id='par_1_14' title="bbox 323 1291 1887 1367">
     <span class='ocr_line' id='line_1_14' title="bbox 323 1291 1887 1367; baseline -0.009 -12"><span class='ocrx_word' id='word_1_84' title='bbox 323 1300 480 1355; x_wconf 78' lang='grc' dir='ltr'><strong>ταῦτα</strong></span> <span class='ocrx_word' id='word_1_85' title='bbox 527 1298 723 1367; x_wconf 77' lang='grc' dir='ltr'><strong>μαθεῖν</strong></span> <span class='ocrx_word' id='word_1_86' title='bbox 753 1297 809 1351; x_wconf 82' lang='grc' dir='ltr'><strong>τί</strong></span> <span class='ocrx_word' id='word_1_87' title='bbox 843 1296 1054 1350; x_wconf 81' lang='grc' dir='ltr'><strong>κωλύον</strong></span> <span class='ocrx_word' id='word_1_88' title='bbox 1085 1294 1179 1348; x_wconf 74' lang='grc' dir='ltr'><strong>τὸν</strong></span> <span class='ocrx_word' id='word_1_89' title='bbox 1230 1291 1575 1364; x_wconf 76' lang='grc' dir='ltr'><strong>ψηφισθέντα</strong></span> <span class='ocrx_word' id='word_1_90' title='bbox 1630 1291 1713 1354; x_wconf 79' lang='grc' dir='ltr'><strong>είς</strong></span> <span class='ocrx_word' id='word_1_91' title='bbox 1762 1292 1887 1342; x_wconf 80' lang='grc' dir='ltr'><strong>ἐπι-</strong></span> 
     </span>
    </p>
   </div>
   <div class='ocr_carea' id='block_1_15' title="bbox 326 1382 1887 1460">
    <p class='ocr_par' dir='ltr' id='par_1_15' title="bbox 326 1382 1887 1460">
     <span class='ocr_line' id='line_1_15' title="bbox 326 1382 1887 1460; baseline -0.007 -16"><span class='ocrx_word' id='word_1_92' title='bbox 326 1392 572 1444; x_wconf 75' lang='grc' dir='ltr'><strong>σκοπικδν</strong></span> <span class='ocrx_word' id='word_1_93' title='bbox 617 1390 905 1460; x_wconf 80' lang='grc' dir='ltr'>προελθεῖν</span> <span class='ocrx_word' id='word_1_94' title='bbox 934 1387 1176 1457; x_wconf 79' lang='grc' dir='ltr'><strong>ἀξίωμα,</strong></span> <span class='ocrx_word' id='word_1_95' title='bbox 1207 1386 1384 1449; x_wconf 77' lang='grc' dir='ltr'><strong>ἄλλως</strong></span> <span class='ocrx_word' id='word_1_96' title='bbox 1437 1385 1500 1439; x_wconf 85' lang='grc' dir='ltr'><strong>οὐ</strong></span> <span class='ocrx_word' id='word_1_97' title='bbox 1548 1382 1887 1453; x_wconf 85' lang='grc' dir='ltr'><strong>καθαιρεθή-</strong></span> 
     </span>
    </p>
   </div>
   <div class='ocr_carea' id='block_1_16' title="bbox 325 1473 1883 1551">
    <p class='ocr_par' dir='ltr' id='par_1_16' title="bbox 325 1473 1883 1551">
     <span class='ocr_line' id='line_1_16' title="bbox 325 1473 1883 1551; baseline -0.006 -15"><span class='ocrx_word' id='word_1_98' title='bbox 325 1499 481 1545; x_wconf 86' lang='grc' dir='ltr'><strong>σεται,</strong></span> <span class='ocrx_word' id='word_1_99' title='bbox 512 1483 561 1534; x_wconf 87' lang='grc' dir='ltr'><strong>εί</strong></span> <span class='ocrx_word' id='word_1_100' title='bbox 625 1479 705 1551; x_wconf 77' lang='grc' dir='ltr'><strong>μὴ</strong></span> <span class='ocrx_word' id='word_1_101' title='bbox 736 1482 863 1550; x_wconf 73' lang='grc' dir='ltr'><strong>περὶ</strong></span> <span class='ocrx_word' id='word_1_102' title='bbox 913 1478 1012 1541; x_wconf 80' lang='grc' dir='ltr'><strong>τὰς</strong></span> <span class='ocrx_word' id='word_1_103' title='bbox 1062 1476 1369 1541; x_wconf 73' lang='grc' dir='ltr'><strong>ἀποδείξεις</strong></span> <span class='ocrx_word' id='word_1_104' title='bbox 1419 1476 1702 1545; x_wconf 75' lang='grc' dir='ltr'><strong>ἁτονήσει.</strong></span> <span class='ocrx_word' id='word_1_105' title='bbox 1733 1475 1792 1527; x_wconf 84' lang='lat' dir='ltr'><strong>El</strong></span> <span class='ocrx_word' id='word_1_106' title='bbox 1825 1473 1883 1526; x_wconf 83' lang='grc' dir='ltr'><strong>δὲ</strong></span> 
     </span>
    </p>
   </div>
   <div class='ocr_carea' id='block_1_17' title="bbox 322 1566 1884 1643">
    <p class='ocr_par' dir='ltr' id='par_1_17' title="bbox 322 1566 1884 1643">
     <span class='ocr_line' id='line_1_17' title="bbox 322 1566 1884 1643; baseline -0.004 -16"><span class='ocrx_word' id='word_1_107' title='bbox 322 1573 549 1643; x_wconf 74' lang='grc' dir='ltr'><strong>ίκληφθῇ</strong></span> <span class='ocrx_word' id='word_1_108' title='bbox 582 1573 621 1643; x_wconf 81' lang='grc' dir='ltr'><strong>ή</strong></span> <span class='ocrx_word' id='word_1_109' title='bbox 654 1571 969 1633; x_wconf 66' lang='grc' dir='ltr'><strong>ἐναντίωσις</strong></span> <span class='ocrx_word' id='word_1_110' title='bbox 1010 1569 1112 1638; x_wconf 84' lang='grc' dir='ltr'><strong>τῆς</strong></span> <span class='ocrx_word' id='word_1_111' title='bbox 1143 1567 1473 1639; x_wconf 79' lang='grc' dir='ltr'><strong>ὑπογραφῆς</strong></span> <span class='ocrx_word' id='word_1_112' title='bbox 1504 1568 1585 1631; x_wconf 84' lang='grc' dir='ltr'><strong>είς</strong></span> <span class='ocrx_word' id='word_1_113' title='bbox 1630 1566 1884 1636; x_wconf 75' lang='grc' dir='ltr'><strong>ἄρνησιν,</strong></span> 
     </span>
    </p>
   </div>
   <div class='ocr_carea' id='block_1_18' title="bbox 321 1660 1887 1736">
    <p class='ocr_par' dir='ltr' id='par_1_18' title="bbox 321 1660 1887 1736">
     <span class='ocr_line' id='line_1_18' title="bbox 321 1660 1887 1736; baseline -0.006 -17"><span class='ocrx_word' id='word_1_114' title='bbox 321 1668 503 1736; x_wconf 78' lang='grc' dir='ltr'><strong>ταύτης</strong></span> <span class='ocrx_word' id='word_1_115' title='bbox 530 1665 896 1735; x_wconf 80' lang='grc' dir='ltr'><strong>ὲλεγχομὲνου</strong></span> <span class='ocrx_word' id='word_1_116' title='bbox 924 1661 1017 1715; x_wconf 78' lang='grc' dir='ltr'><strong>τοῦ</strong></span> <span class='ocrx_word' id='word_1_117' title='bbox 1048 1663 1377 1733; x_wconf 75' lang='grc' dir='ltr'><strong>πράγματος</strong></span> <span class='ocrx_word' id='word_1_118' title='bbox 1416 1660 1504 1713; x_wconf 82' lang='grc' dir='ltr'><strong>διὰ</strong></span> <span class='ocrx_word' id='word_1_119' title='bbox 1539 1660 1887 1729; x_wconf 75' lang='grc' dir='ltr'><strong>συγκρίσεως</strong></span> 
     </span>
    </p>
   </div>
   <div class='ocr_carea' id='block_1_19' title="bbox 320 1752 1885 1829">
    <p class='ocr_par' dir='ltr' id='par_1_19' title="bbox 320 1752 1885 1829">
     <span class='ocr_line' id='line_1_19' title="bbox 320 1752 1885 1829; baseline -0.006 -16"><span class='ocrx_word' id='word_1_120' title='bbox 320 1762 416 1813; x_wconf 80' lang='grc' dir='ltr'><strong>τῶν</strong></span> <span class='ocrx_word' id='word_1_121' title='bbox 436 1756 869 1829; x_wconf 73' lang='grc' dir='ltr'><strong>γραμμάτων,ἢ</strong></span> <span class='ocrx_word' id='word_1_122' title='bbox 915 1756 1092 1818; x_wconf 78' lang='grc' dir='ltr'><strong>ἄλλως</strong></span> <span class='ocrx_word' id='word_1_123' title='bbox 1147 1773 1285 1821; x_wconf 86' lang='grc' dir='ltr'><strong>πως,</strong></span> <span class='ocrx_word' id='word_1_124' title='bbox 1318 1752 1653 1808; x_wconf 79' lang='grc' dir='ltr'><strong>ἁπεντεῦθεν</strong></span> <span class='ocrx_word' id='word_1_125' title='bbox 1687 1752 1885 1805; x_wconf 79' lang='grc' dir='ltr'><strong>καθαι-</strong></span> 
     </span>
    </p>
   </div>
   <div class='ocr_carea' id='block_1_20' title="bbox 1988 554 3553 623">
    <p class='ocr_par' dir='ltr' id='par_1_20' title="bbox 1988 554 3553 623">
     <span class='ocr_line' id='line_1_20' title="bbox 1988 554 3553 623; baseline 0.005 -16"><span class='ocrx_word' id='word_1_126' title='bbox 1988 554 2342 623; x_wconf 83' lang='lat' dir='ltr'><strong>tropolitanus</strong></span> <span class='ocrx_word' id='word_1_127' title='bbox 2372 568 2477 609; x_wconf 89' lang='lat' dir='ltr'><strong>non</strong></span> <span class='ocrx_word' id='word_1_128' title='bbox 2510 555 2672 609; x_wconf 89' lang='lat' dir='ltr'><strong>debet</strong></span> <span class='ocrx_word' id='word_1_129' title='bbox 2712 556 2974 613; x_wconf 73' lang='lat' dir='ltr'><strong>interesse</strong></span> <span class='ocrx_word' id='word_1_130' title='bbox 3021 558 3294 620; x_wconf 87' lang='lat' dir='ltr'><strong>elcctioni,</strong></span> <span class='ocrx_word' id='word_1_131' title='bbox 3321 560 3413 612; x_wconf 87' lang='lat' dir='ltr'><strong>sed</strong></span> <span class='ocrx_word' id='word_1_132' title='bbox 3450 560 3553 615; x_wconf 89' lang='lat' dir='ltr'><strong>soli</strong></span> 
     </span>
    </p>
   </div>
   <div class='ocr_carea' id='block_1_21' title="bbox 1986 644 3555 722">
    <p class='ocr_par' dir='ltr' id='par_1_21' title="bbox 1986 644 3555 722">
     <span class='ocr_line' id='line_1_21' title="bbox 1986 644 3555 722; baseline 0.005 -23"><span class='ocrx_word' id='word_1_133' title='bbox 1986 644 2242 714; x_wconf 79' lang='lat' dir='ltr'><strong>episcopi.</strong></span> <span class='ocrx_word' id='word_1_134' title='bbox 2274 644 2412 712; x_wconf 79' lang='lat' dir='ltr'><strong>Quid</strong></span> <span class='ocrx_word' id='word_1_135' title='bbox 2447 660 2596 713; x_wconf 87' lang='lat' dir='ltr'><strong>vero,</strong></span> <span class='ocrx_word' id='word_1_136' title='bbox 2648 647 2693 701; x_wconf 98' lang='lat' dir='ltr'><strong>si</strong></span> <span class='ocrx_word' id='word_1_137' title='bbox 2725 647 2848 717; x_wconf 86' lang='lat' dir='ltr'><strong>quis</strong></span> <span class='ocrx_word' id='word_1_138' title='bbox 2902 664 3088 703; x_wconf 89' lang='lat' dir='ltr'><strong>eorum</strong></span> <span class='ocrx_word' id='word_1_139' title='bbox 3119 650 3210 719; x_wconf 86' lang='lat' dir='ltr'><strong>qui</strong></span> <span class='ocrx_word' id='word_1_140' title='bbox 3273 650 3555 722; x_wconf 86' lang='lat' dir='ltr'><strong>elegerunt</strong></span> 
     </span>
    </p>
   </div>
   <div class='ocr_carea' id='block_1_22' title="bbox 1987 736 3556 812">
    <p class='ocr_par' dir='ltr' id='par_1_22' title="bbox 1987 736 3556 812">
     <span class='ocr_line' id='line_1_22' title="bbox 1987 736 3556 812; baseline 0.004 -22"><span class='ocrx_word' id='word_1_141' title='bbox 1987 752 2097 792; x_wconf 70' lang='lat' dir='ltr'><strong>suae</strong></span> <span class='ocrx_word' id='word_1_142' title='bbox 2134 736 2521 807; x_wconf 80' lang='lat' dir='ltr'><strong>subscriptioni</strong></span> <span class='ocrx_word' id='word_1_143' title='bbox 2548 740 2960 806; x_wconf 81' lang='lat' dir='ltr'><strong>contradixerit,</strong></span> <span class='ocrx_word' id='word_1_144' title='bbox 2999 756 3137 796; x_wconf 90' lang='lat' dir='ltr'><strong>eone</strong></span> <span class='ocrx_word' id='word_1_145' title='bbox 3167 742 3285 808; x_wconf 87' lang='lat' dir='ltr'><strong>ipso</strong></span> <span class='ocrx_word' id='word_1_146' title='bbox 3308 743 3556 812; x_wconf 83' lang='lat' dir='ltr'><strong>depone-</strong></span> 
     </span>
    </p>
   </div>
   <div class='ocr_carea' id='block_1_23' title="bbox 1993 830 3561 907">
    <p class='ocr_par' dir='ltr' id='par_1_23' title="bbox 1993 830 3561 907">
     <span class='ocr_line' id='line_1_23' title="bbox 1993 830 3561 907; baseline 0.005 -25"><span class='ocrx_word' id='word_1_147' title='bbox 1993 830 2102 893; x_wconf 86' lang='lat' dir='ltr'><strong>tur,</strong></span> <span class='ocrx_word' id='word_1_148' title='bbox 2136 844 2203 883; x_wconf 90' lang='lat' dir='ltr'><strong>an</strong></span> <span class='ocrx_word' id='word_1_149' title='bbox 2238 839 2359 898; x_wconf 90' lang='lat' dir='ltr'><strong>post</strong></span> <span class='ocrx_word' id='word_1_150' title='bbox 2390 830 2845 886; x_wconf 73' lang='lat' dir='ltr'><strong>examinationem</strong></span> <span class='ocrx_word' id='word_1_151' title='bbox 2879 874 2894 895; x_wconf 87' lang='lat'><strong>,</strong></span> <span class='ocrx_word' id='word_1_152' title='bbox 2930 848 3051 887; x_wconf 86' lang='lat' dir='ltr'><strong>cum</strong></span> <span class='ocrx_word' id='word_1_153' title='bbox 3102 850 3164 888; x_wconf 87' lang='lat' dir='ltr'><strong>ea</strong></span> <span class='ocrx_word' id='word_1_154' title='bbox 3200 851 3319 905; x_wconf 65' lang='lat' dir='ltr'><strong>quae</strong></span> <span class='ocrx_word' id='word_1_155' title='bbox 3362 852 3561 907; x_wconf 81' lang='lat' dir='ltr'><strong>propo-</strong></span> 
     </span>
    </p>
   </div>
   <div class='ocr_carea' id='block_1_24' title="bbox 1990 921 3557 993">
    <p class='ocr_par' dir='ltr' id='par_1_24' title="bbox 1990 921 3557 993">
     <span class='ocr_line' id='line_1_24' title="bbox 1990 921 3557 993; baseline 0.005 -20"><span class='ocrx_word' id='word_1_156' title='bbox 1990 923 2067 974; x_wconf 92' lang='lat' dir='ltr'><strong>nit</strong></span> <span class='ocrx_word' id='word_1_157' title='bbox 2095 921 2325 991; x_wconf 87' lang='lat' dir='ltr'><strong>probare</strong></span> <span class='ocrx_word' id='word_1_158' title='bbox 2344 937 2455 976; x_wconf 85' lang='lat' dir='ltr'><strong>non</strong></span> <span class='ocrx_word' id='word_1_159' title='bbox 2479 923 2688 993; x_wconf 84' lang='lat' dir='ltr'><strong>possit?</strong></span> <span class='ocrx_word' id='word_1_160' title='bbox 2720 922 2946 978; x_wconf 86' lang='lat' dir='ltr'><strong>Solutio.</strong></span> <span class='ocrx_word' id='word_1_161' title='bbox 2984 924 3041 978; x_wconf 89' lang='lat' dir='ltr'><strong>Si</strong></span> <span class='ocrx_word' id='word_1_162' title='bbox 3085 925 3313 981; x_wconf 77' lang='lat' dir='ltr'><strong>canonis</strong></span> <span class='ocrx_word' id='word_1_163' title='bbox 3339 928 3557 993; x_wconf 84' lang='lat' dir='ltr'><strong>quidem</strong></span> 
     </span>
    </p>
   </div>
   <div class='ocr_carea' id='block_1_25' title="bbox 1991 1019 3558 1094">
    <p class='ocr_par' dir='ltr' id='par_1_25' title="bbox 1991 1019 3558 1094">
     <span class='ocr_line' id='line_1_25' title="bbox 1991 1019 3558 1094; baseline 0.004 -23"><span class='ocrx_word' id='word_1_164' title='bbox 1991 1019 2155 1072; x_wconf 86' lang='lat' dir='ltr'><strong>verba</strong></span> <span class='ocrx_word' id='word_1_165' title='bbox 2187 1027 2408 1090; x_wconf 86' lang='lat' dir='ltr'><strong>accepta</strong></span> <span class='ocrx_word' id='word_1_166' title='bbox 2432 1019 2635 1075; x_wconf 78' lang='lat' dir='ltr'><strong>fuerint</strong></span> <span class='ocrx_word' id='word_1_167' title='bbox 2670 1024 2736 1075; x_wconf 88' lang='lat' dir='ltr'><strong>ad</strong></span> <span class='ocrx_word' id='word_1_168' title='bbox 2771 1024 2894 1087; x_wconf 89' lang='lat' dir='ltr'><strong>hoc,</strong></span> <span class='ocrx_word' id='word_1_169' title='bbox 2926 1031 2983 1075; x_wconf 87' lang='lat' dir='ltr'><strong>ut</strong></span> <span class='ocrx_word' id='word_1_170' title='bbox 3016 1023 3061 1075; x_wconf 91' lang='lat' dir='ltr'><strong>is</strong></span> <span class='ocrx_word' id='word_1_171' title='bbox 3100 1024 3190 1092; x_wconf 85' lang='lat' dir='ltr'><strong>qui</strong></span> <span class='ocrx_word' id='word_1_172' title='bbox 3232 1024 3394 1094; x_wconf 82' lang='lat' dir='ltr'><strong>elegit</strong></span> <span class='ocrx_word' id='word_1_173' title='bbox 3430 1039 3558 1093; x_wconf 84' lang='lat' dir='ltr'><strong>pro-</strong></span> 
     </span>
    </p>
   </div>
   <div class='ocr_carea' id='block_1_26' title="bbox 1970 1110 3559 1183">
    <p class='ocr_par' dir='ltr' id='par_1_26' title="bbox 1970 1110 3559 1183">
     <span class='ocr_line' id='line_1_26' title="bbox 1970 1110 3559 1183; baseline 0.005 -21"><span class='ocrx_word' id='word_1_174' title='bbox 1970 1110 2162 1182; x_wconf 20' lang='lat' dir='ltr'><strong>‘priam</strong></span> <span class='ocrx_word' id='word_1_175' title='bbox 2197 1110 2661 1182; x_wconf 77' lang='lat' dir='ltr'><strong>subscriptionem</strong></span> <span class='ocrx_word' id='word_1_176' title='bbox 2686 1114 3132 1183; x_wconf 82' lang='lat' dir='ltr'><strong>agnoscal,dicat</strong></span> <span class='ocrx_word' id='word_1_177' title='bbox 3158 1122 3337 1169; x_wconf 86' lang='lat' dir='ltr'><strong>autem</strong></span> <span class='ocrx_word' id='word_1_178' title='bbox 3372 1125 3559 1183; x_wconf 81' lang='lat' dir='ltr'><strong>postea</strong></span> 
     </span>
    </p>
   </div>
   <div class='ocr_carea' id='block_1_27' title="bbox 1987 1204 3559 1277">
    <p class='ocr_par' dir='ltr' id='par_1_27' title="bbox 1987 1204 3559 1277">
     <span class='ocr_line' id='line_1_27' title="bbox 1987 1204 3559 1277; baseline 0.001 -20"><span class='ocrx_word' id='word_1_179' title='bbox 1987 1218 2046 1257; x_wconf 86' lang='lat' dir='ltr'><strong>se</strong></span> <span class='ocrx_word' id='word_1_180' title='bbox 2080 1204 2360 1273; x_wconf 75' lang='lat' dir='ltr'><strong>accepisse</strong></span> <span class='ocrx_word' id='word_1_181' title='bbox 2416 1204 2642 1272; x_wconf 89' lang='lat' dir='ltr'><strong>aliquid,</strong></span> <span class='ocrx_word' id='word_1_182' title='bbox 2674 1207 2815 1277; x_wconf 87' lang='lat' dir='ltr'><strong>quod</strong></span> <span class='ocrx_word' id='word_1_183' title='bbox 2853 1218 2999 1262; x_wconf 86' lang='lat' dir='ltr'><strong>vetet</strong></span> <span class='ocrx_word' id='word_1_184' title='bbox 3049 1208 3343 1275; x_wconf 87' lang='lat' dir='ltr'><strong>quominus</strong></span> <span class='ocrx_word' id='word_1_185' title='bbox 3368 1207 3435 1270; x_wconf 87' lang='lat' dir='ltr'><strong>is,</strong></span> <span class='ocrx_word' id='word_1_186' title='bbox 3466 1208 3559 1276; x_wconf 88' lang='lat' dir='ltr'><strong>qui</strong></span> 
     </span>
    </p>
   </div>
   <div class='ocr_carea' id='block_1_28' title="bbox 1987 1294 3561 1370">
    <p class='ocr_par' dir='ltr' id='par_1_28' title="bbox 1987 1294 3561 1370">
     <span class='ocr_line' id='line_1_28' title="bbox 1987 1294 3561 1370; baseline 0.001 -19"><span class='ocrx_word' id='word_1_187' title='bbox 1987 1294 2192 1351; x_wconf 90' lang='lat' dir='ltr'><strong>electus</strong></span> <span class='ocrx_word' id='word_1_188' title='bbox 2213 1309 2319 1361; x_wconf 84' lang='lat' dir='ltr'><strong>est,</strong></span> <span class='ocrx_word' id='word_1_189' title='bbox 2350 1298 2416 1352; x_wconf 85' lang='lat' dir='ltr'><strong>ad</strong></span> <span class='ocrx_word' id='word_1_190' title='bbox 2468 1300 2784 1369; x_wconf 87' lang='lat' dir='ltr'><strong>dignitatem</strong></span> <span class='ocrx_word' id='word_1_191' title='bbox 2832 1299 3189 1370; x_wconf 74' lang='lat' dir='ltr'><strong>episcopalem</strong></span> <span class='ocrx_word' id='word_1_192' title='bbox 3234 1300 3561 1369; x_wconf 79' lang='lat' dir='ltr'><strong>provehatur</strong></span> 
     </span>
    </p>
   </div>
   <div class='ocr_carea' id='block_1_29' title="bbox 1989 1390 3563 1463">
    <p class='ocr_par' dir='ltr' id='par_1_29' title="bbox 1989 1390 3563 1463">
     <span class='ocr_line' id='line_1_29' title="bbox 1989 1390 3563 1463; baseline 0.002 -19"><span class='ocrx_word' id='word_1_193' title='bbox 1989 1404 2098 1445; x_wconf 89' lang='lat' dir='ltr'><strong>non</strong></span> <span class='ocrx_word' id='word_1_194' title='bbox 2125 1390 2260 1445; x_wconf 87' lang='lat' dir='ltr'><strong>alias</strong></span> <span class='ocrx_word' id='word_1_195' title='bbox 2293 1391 2612 1459; x_wconf 86' lang='lat' dir='ltr'><strong>deponetur,</strong></span> <span class='ocrx_word' id='word_1_196' title='bbox 2646 1408 2806 1463; x_wconf 88' lang='lat' dir='ltr'><strong>quam</strong></span> <span class='ocrx_word' id='word_1_197' title='bbox 2835 1393 2881 1448; x_wconf 91' lang='lat' dir='ltr'><strong>si</strong></span> <span class='ocrx_word' id='word_1_198' title='bbox 2938 1394 2989 1447; x_wconf 87' lang='lat' dir='ltr'><strong>in</strong></span> <span class='ocrx_word' id='word_1_199' title='bbox 3023 1392 3433 1463; x_wconf 80' lang='lat' dir='ltr'><strong>probationibus</strong></span> <span class='ocrx_word' id='word_1_200' title='bbox 3467 1393 3563 1447; x_wconf 84' lang='lat' dir='ltr'><strong>de-</strong></span> 
     </span>
    </p>
   </div>
   <div class='ocr_carea' id='block_1_30' title="bbox 1987 1481 3563 1555">
    <p class='ocr_par' dir='ltr' id='par_1_30' title="bbox 1987 1481 3563 1555">
     <span class='ocr_line' id='line_1_30' title="bbox 1987 1481 3563 1555; baseline 0 -16"><span class='ocrx_word' id='word_1_201' title='bbox 1987 1481 2197 1539; x_wconf 76' lang='lat' dir='ltr'><strong>fecerit.</strong></span> <span class='ocrx_word' id='word_1_202' title='bbox 2230 1481 2335 1536; x_wconf 88' lang='lat' dir='ltr'><strong>Sed</strong></span> <span class='ocrx_word' id='word_1_203' title='bbox 2370 1482 2414 1535; x_wconf 87' lang='lat' dir='ltr'><strong>si</strong></span> <span class='ocrx_word' id='word_1_204' title='bbox 2443 1482 2863 1553; x_wconf 72' lang='lat' dir='ltr'><strong>subscriptionis</strong></span> <span class='ocrx_word' id='word_1_205' title='bbox 2912 1483 3271 1539; x_wconf 83' lang='lat' dir='ltr'><strong>contradictio</strong></span> <span class='ocrx_word' id='word_1_206' title='bbox 3312 1499 3410 1552; x_wconf 91' lang='lat' dir='ltr'><strong>pro</strong></span> <span class='ocrx_word' id='word_1_207' title='bbox 3435 1482 3563 1555; x_wconf 9' lang='lat' dir='ltr'><strong>pejus</strong></span> 
     </span>
    </p>
   </div>
   <div class='ocr_carea' id='block_1_31' title="bbox 1992 1568 3559 1642">
    <p class='ocr_par' dir='ltr' id='par_1_31' title="bbox 1992 1568 3559 1642">
     <span class='ocr_line' id='line_1_31' title="bbox 1992 1568 3559 1642; baseline 0.001 -18"><span class='ocrx_word' id='word_1_208' title='bbox 1992 1572 2276 1640; x_wconf 74' lang='lat' dir='ltr'><strong>negatione</strong></span> <span class='ocrx_word' id='word_1_209' title='bbox 2307 1574 2530 1642; x_wconf 86' lang='lat' dir='ltr'><strong>accepta</strong></span> <span class='ocrx_word' id='word_1_210' title='bbox 2552 1568 2743 1638; x_wconf 79' lang='lat' dir='ltr'><strong>fuerit,</strong></span> <span class='ocrx_word' id='word_1_211' title='bbox 2774 1588 2835 1628; x_wconf 83' lang='lat' dir='ltr'><strong>re</strong></span> <span class='ocrx_word' id='word_1_212' title='bbox 2871 1587 2968 1641; x_wconf 87' lang='lat' dir='ltr'><strong>per</strong></span> <span class='ocrx_word' id='word_1_213' title='bbox 3019 1573 3324 1627; x_wconf 88' lang='lat' dir='ltr'><strong>litterarum</strong></span> <span class='ocrx_word' id='word_1_214' title='bbox 3357 1573 3559 1641; x_wconf 74' lang='lat' dir='ltr'><strong>proba-</strong></span> 
     </span>
    </p>
   </div>
   <div class='ocr_carea' id='block_1_32' title="bbox 1989 1660 3561 1733">
    <p class='ocr_par' dir='ltr' id='par_1_32' title="bbox 1989 1660 3561 1733">
     <span class='ocr_line' id='line_1_32' title="bbox 1989 1660 3561 1733; baseline 0.004 -20"><span class='ocrx_word' id='word_1_215' title='bbox 1989 1660 2216 1728; x_wconf 86' lang='lat' dir='ltr'><strong>tionem,</strong></span> <span class='ocrx_word' id='word_1_216' title='bbox 2274 1664 2356 1719; x_wconf 76' lang='lat' dir='ltr'><strong>vel</strong></span> <span class='ocrx_word' id='word_1_217' title='bbox 2412 1665 2595 1733; x_wconf 88' lang='lat' dir='ltr'><strong>aliquo</strong></span> <span class='ocrx_word' id='word_1_218' title='bbox 2643 1664 2754 1718; x_wconf 86' lang='lat' dir='ltr'><strong>alio</strong></span> <span class='ocrx_word' id='word_1_219' title='bbox 2812 1664 2970 1719; x_wconf 90' lang='lat' dir='ltr'><strong>modo</strong></span> <span class='ocrx_word' id='word_1_220' title='bbox 3016 1664 3296 1727; x_wconf 84' lang='lat' dir='ltr'><strong>convicta.</strong></span> <span class='ocrx_word' id='word_1_221' title='bbox 3341 1679 3408 1718; x_wconf 91' lang='lat' dir='ltr'><strong>eo</strong></span> <span class='ocrx_word' id='word_1_222' title='bbox 3445 1665 3561 1733; x_wconf 86' lang='lat' dir='ltr'><strong>ipso</strong></span> 
     </span>
    </p>
   </div>
   <div class='ocr_carea' id='block_1_33' title="bbox 1994 1754 3563 1826">
    <p class='ocr_par' dir='ltr' id='par_1_33' title="bbox 1994 1754 3563 1826">
     <span class='ocr_line' id='line_1_33' title="bbox 1994 1754 3563 1826; baseline 0.001 -17"><span class='ocrx_word' id='word_1_223' title='bbox 1994 1758 2316 1825; x_wconf 83' lang='lat' dir='ltr'><strong>deponetur.</strong></span> <span class='ocrx_word' id='word_1_224' title='bbox 2349 1754 2485 1809; x_wconf 80' lang='lat' dir='ltr'><strong>Nota</strong></span> <span class='ocrx_word' id='word_1_225' title='bbox 2517 1771 2644 1823; x_wconf 86' lang='lat' dir='ltr'><strong>ergo</strong></span> <span class='ocrx_word' id='word_1_226' title='bbox 2686 1769 3011 1825; x_wconf 68' lang='lat' dir='ltr'><strong>praesentem</strong></span> <span class='ocrx_word' id='word_1_227' title='bbox 3054 1770 3339 1820; x_wconf 82' lang='lat' dir='ltr'><strong>canonem,</strong></span> <span class='ocrx_word' id='word_1_228' title='bbox 3375 1758 3464 1826; x_wconf 89' lang='lat' dir='ltr'><strong>qui</strong></span> <span class='ocrx_word' id='word_1_229' title='bbox 3495 1759 3563 1811; x_wconf 84' lang='lat' dir='ltr'><strong>de</strong></span> 
     </span>
    </p>
   </div>
   <div class='ocr_carea' id='block_1_34' title="bbox 321 1824 1892 1923">
    <p class='ocr_par' dir='ltr' id='par_1_34' title="bbox 321 1824 1884 1923">
     <span class='ocr_line' id='line_1_34' title="bbox 321 1824 1884 1923; baseline -0.004 -18"><span class='ocrx_word' id='word_1_230' title='bbox 321 1824 621 1923; x_wconf 62' lang='grc' dir='ltr'><strong>ριιήέτὲτάιζ</strong></span> <span class='ocrx_word' id='word_1_231' title='bbox 679 1824 994 1919; x_wconf 77' lang='grc' dir='ltr'><strong>Σημείωσαι</strong></span> <span class='ocrx_word' id='word_1_232' title='bbox 1051 1846 1147 1901; x_wconf 73' lang='grc' dir='ltr'><strong>οὖν</strong></span> <span class='ocrx_word' id='word_1_233' title='bbox 1212 1848 1309 1899; x_wconf 81' lang='grc' dir='ltr'><strong>τὸν</strong></span> <span class='ocrx_word' id='word_1_234' title='bbox 1378 1844 1623 1915; x_wconf 82' lang='grc' dir='ltr'><strong>παρόντα</strong></span> <span class='ocrx_word' id='word_1_235' title='bbox 1683 1844 1884 1898; x_wconf 80' lang='grc' dir='ltr'><strong>κανόνα</strong></span> 
     </span>
    </p>
   </div>
   <div class='ocr_carea' id='block_1_35' title="bbox 1996 1824 3563 1923">
    <p class='ocr_par' dir='ltr' id='par_1_35' title="bbox 1996 1824 3563 1919">
     <span class='ocr_line' id='line_1_35' title="bbox 1996 1824 3563 1919; baseline 0.001 -18"><span class='ocrx_word' id='word_1_236' title='bbox 1996 1824 2414 1915; x_wconf 66' lang='lat' dir='ltr'><strong>subscriptionis</strong></span> <span class='ocrx_word' id='word_1_237' title='bbox 2441 1824 2770 1901; x_wconf 81' lang='lat' dir='ltr'><strong>inﬁciatione</strong></span> <span class='ocrx_word' id='word_1_238' title='bbox 2794 1845 3060 1916; x_wconf 83' lang='lat' dir='ltr'><strong>loquitur,</strong></span> <span class='ocrx_word' id='word_1_239' title='bbox 3095 1858 3151 1901; x_wconf 90' lang='lat' dir='ltr'><strong>ut</strong></span> <span class='ocrx_word' id='word_1_240' title='bbox 3182 1848 3313 1902; x_wconf 83' lang='lat' dir='ltr'><strong>milii</strong></span> <span class='ocrx_word' id='word_1_241' title='bbox 3342 1824 3563 1919; x_wconf 83' lang='lat' dir='ltr'><strong>quidem</strong></span> 
     </span>
    </p>
   </div>
   <div class='ocr_carea' id='block_1_36' title="bbox 322 1936 1892 2014">
    <p class='ocr_par' dir='ltr' id='par_1_36' title="bbox 322 1937 1885 2014">
     <span class='ocr_line' id='line_1_36' title="bbox 322 1937 1885 2014; baseline -0.004 -18"><span class='ocrx_word' id='word_1_242' title='bbox 322 1946 439 2014; x_wconf 77' lang='grc' dir='ltr'><strong>περὶ</strong></span> <span class='ocrx_word' id='word_1_243' title='bbox 489 1944 783 2012; x_wconf 74' lang='grc' dir='ltr'><strong>ἀρνήσεως</strong></span> <span class='ocrx_word' id='word_1_244' title='bbox 834 1939 1165 2009; x_wconf 75' lang='grc' dir='ltr'><strong>ὑπογραφῆς</strong></span> <span class='ocrx_word' id='word_1_245' title='bbox 1206 1938 1613 2008; x_wconf 78' lang='grc' dir='ltr'><strong>διαλεγόμενον,</strong></span> <span class='ocrx_word' id='word_1_246' title='bbox 1652 1938 1729 1999; x_wconf 82' lang='grc' dir='ltr'><strong>ὡς</strong></span> <span class='ocrx_word' id='word_1_247' title='bbox 1763 1937 1885 2007; x_wconf 74' lang='grc' dir='ltr'><strong>ἐμοὶ</strong></span> 
     </span>
    </p>
   </div>
   <div class='ocr_carea' id='block_1_37' title="bbox 1996 1936 3561 2014">
    <p class='ocr_par' dir='ltr' id='par_1_37' title="bbox 1996 1936 3561 2010">
     <span class='ocr_line' id='line_1_37' title="bbox 1996 1936 3561 2010; baseline 0 -17"><span class='ocrx_word' id='word_1_248' title='bbox 1996 1939 2224 1993; x_wconf 84' lang='lat' dir='ltr'><strong>videtur.</strong></span> <span class='ocrx_word' id='word_1_249' title='bbox 2283 1936 2426 2010; x_wconf 83' lang='lat' dir='ltr'><strong>Lege</strong></span> <span class='ocrx_word' id='word_1_250' title='bbox 2461 1951 2514 1993; x_wconf 91' lang='lat' dir='ltr'><strong>et</strong></span> <span class='ocrx_word' id='word_1_251' title='bbox 2573 1938 2732 2007; x_wconf 84' lang='lat' dir='ltr'><strong>caput</strong></span> <span class='ocrx_word' id='word_1_252' title='bbox 2781 1937 2869 2005; x_wconf 81' lang='lat'><strong>75,</strong></span> <span class='ocrx_word' id='word_1_253' title='bbox 2914 1940 3071 2008; x_wconf 87' lang='lat' dir='ltr'><strong>primi</strong></span> <span class='ocrx_word' id='word_1_254' title='bbox 3108 1940 3269 2005; x_wconf 83' lang='lat' dir='ltr'><strong>tituli,</strong></span> <span class='ocrx_word' id='word_1_255' title='bbox 3309 1940 3403 1995; x_wconf 82' lang='lat' dir='ltr'><strong>lib.</strong></span> <span class='ocrx_word' id='word_1_256' title='bbox 3446 1954 3561 1994; x_wconf 80' lang='lat' dir='ltr'><strong>xm</strong></span> 
     </span>
    </p>
   </div>
   <div class='ocr_carea' id='block_1_38' title="bbox 318 2025 1892 2103">
    <p class='ocr_par' dir='ltr' id='par_1_38' title="bbox 318 2030 1882 2103">
     <span class='ocr_line' id='line_1_38' title="bbox 318 2030 1882 2103; baseline -0.003 -14"><span class='ocrx_word' id='word_1_257' title='bbox 318 2037 471 2089; x_wconf 79' lang='grc' dir='ltr'><strong>δοκεῖ.</strong></span> <span class='ocrx_word' id='word_1_258' title='bbox 506 2032 819 2103; x_wconf 76' lang='grc' dir='ltr'><strong>Ἀνὰγνωθι</strong></span> <span class='ocrx_word' id='word_1_259' title='bbox 871 2032 969 2085; x_wconf 75' lang='grc' dir='ltr'><strong>καὶ</strong></span> <span class='ocrx_word' id='word_1_260' title='bbox 1010 2034 1311 2101; x_wconf 82' lang='grc' dir='ltr'><strong>κεφάλαιον</strong></span> <span class='ocrx_word' id='word_1_261' title='bbox 1356 2036 1428 2085; x_wconf 86' lang='lat' dir='ltr'><strong>os’</strong></span> <span class='ocrx_word' id='word_1_262' title='bbox 1473 2031 1565 2085; x_wconf 81' lang='grc' dir='ltr'><strong>τοῦ</strong></span> <span class='ocrx_word' id='word_1_263' title='bbox 1612 2038 1663 2085; x_wconf 87' lang='grc' dir='ltr'><strong>α’</strong></span> <span class='ocrx_word' id='word_1_264' title='bbox 1692 2030 1882 2085; x_wconf 82' lang='grc' dir='ltr'><strong>τίτλου</strong></span> 
     </span>
    </p>
   </div>
   <div class='ocr_carea' id='block_1_39' title="bbox 1996 2025 3560 2103">
    <p class='ocr_par' dir='ltr' id='par_1_39' title="bbox 1996 2025 3560 2099">
     <span class='ocr_line' id='line_1_39' title="bbox 1996 2025 3560 2099; baseline 0.001 -16"><span class='ocrx_word' id='word_1_265' title='bbox 1996 2025 2240 2096; x_wconf 79' lang='lat' dir='ltr'><strong>Basilic.,</strong></span> <span class='ocrx_word' id='word_1_266' title='bbox 2266 2041 2320 2084; x_wconf 89' lang='lat' dir='ltr'><strong>et</strong></span> <span class='ocrx_word' id='word_1_267' title='bbox 2370 2045 2491 2098; x_wconf 89' lang='lat' dir='ltr'><strong>cap.</strong></span> <span class='ocrx_word' id='word_1_268' title='bbox 2548 2031 2598 2084; x_wconf 87' lang='lat' dir='ltr'><strong>l.</strong></span> <span class='ocrx_word' id='word_1_269' title='bbox 2629 2031 2707 2084; x_wconf 89' lang='lat' dir='ltr'><strong>tit.</strong></span> <span class='ocrx_word' id='word_1_270' title='bbox 2741 2031 2795 2085; x_wconf 82' lang='lat'><strong>3.</strong></span> <span class='ocrx_word' id='word_1_271' title='bbox 2843 2032 3085 2099; x_wconf 82' lang='lat' dir='ltr'><strong>ejusdem</strong></span> <span class='ocrx_word' id='word_1_272' title='bbox 3116 2031 3257 2096; x_wconf 85' lang='lat' dir='ltr'><strong>libri,</strong></span> <span class='ocrx_word' id='word_1_273' title='bbox 3307 2040 3360 2086; x_wconf 91' lang='lat' dir='ltr'><strong>et</strong></span> <span class='ocrx_word' id='word_1_274' title='bbox 3388 2040 3560 2086; x_wconf 87' lang='lat' dir='ltr'><strong>totum</strong></span> 
     </span>
    </p>
   </div>
   <div class='ocr_carea' id='block_1_40' title="bbox 320 2120 1892 2199">
    <p class='ocr_par' dir='ltr' id='par_1_40' title="bbox 320 2120 1885 2199">
     <span class='ocr_line' id='line_1_40' title="bbox 320 2120 1885 2199; baseline -0.004 -16"><span class='ocrx_word' id='word_1_275' title='bbox 320 2129 403 2183; x_wconf 77' lang='grc' dir='ltr'><strong>τοῦ</strong></span> <span class='ocrx_word' id='word_1_276' title='bbox 446 2128 529 2199; x_wconf 72' lang='grc' dir='ltr'><strong>κβ¹</strong></span> <span class='ocrx_word' id='word_1_277' title='bbox 592 2127 806 2198; x_wconf 72' lang='grc' dir='ltr'><strong>βιϐλίου</strong></span> <span class='ocrx_word' id='word_1_278' title='bbox 855 2126 963 2179; x_wconf 84' lang='grc' dir='ltr'><strong>τῶν</strong></span> <span class='ocrx_word' id='word_1_279' title='bbox 1006 2125 1334 2189; x_wconf 83' lang='grc' dir='ltr'><strong>Βασιλικῶν,</strong></span> <span class='ocrx_word' id='word_1_280' title='bbox 1368 2128 1462 2177; x_wconf 78' lang='grc' dir='ltr'><strong>καὶ</strong></span> <span class='ocrx_word' id='word_1_281' title='bbox 1491 2141 1615 2191; x_wconf 82' lang='grc' dir='ltr'><strong>κεφ.</strong></span> <span class='ocrx_word' id='word_1_282' title='bbox 1647 2120 1694 2178; x_wconf 89' lang='grc' dir='ltr'><strong>α’</strong></span> <span class='ocrx_word' id='word_1_283' title='bbox 1717 2123 1813 2177; x_wconf 79' lang='grc' dir='ltr'><strong>τοῦ</strong></span> <span class='ocrx_word' id='word_1_284' title='bbox 1836 2129 1885 2193; x_wconf 82' lang='grc' dir='ltr'><strong>γ’</strong></span> 
     </span>
    </p>
   </div>
   <div class='ocr_carea' id='block_1_41' title="bbox 1996 2120 3561 2199">
    <p class='ocr_par' dir='ltr' id='par_1_41' title="bbox 1996 2121 3561 2193">
     <span class='ocr_line' id='line_1_41' title="bbox 1996 2121 3561 2193; baseline 0 -16"><span class='ocrx_word' id='word_1_285' title='bbox 1996 2123 2072 2177; x_wconf 79' lang='lat' dir='ltr'><strong>lit.</strong></span> <span class='ocrx_word' id='word_1_286' title='bbox 2104 2122 2139 2175; x_wconf 75' lang='grc'><strong>4</strong></span> <span class='ocrx_word' id='word_1_287' title='bbox 2176 2122 2416 2189; x_wconf 79' lang='lat' dir='ltr'><strong>ejusdem</strong></span> <span class='ocrx_word' id='word_1_288' title='bbox 2451 2122 2597 2187; x_wconf 86' lang='lat' dir='ltr'><strong>libri,</strong></span> <span class='ocrx_word' id='word_1_289' title='bbox 2641 2134 2700 2177; x_wconf 93' lang='lat' dir='ltr'><strong>et</strong></span> <span class='ocrx_word' id='word_1_290' title='bbox 2722 2138 2845 2193; x_wconf 91' lang='lat' dir='ltr'><strong>cap.</strong></span> <span class='ocrx_word' id='word_1_291' title='bbox 2872 2121 2942 2176; x_wconf 80' lang='lat'><strong>60</strong></span> <span class='ocrx_word' id='word_1_292' title='bbox 2973 2122 3113 2177; x_wconf 85' lang='lat' dir='ltr'><strong>tituli</strong></span> <span class='ocrx_word' id='word_1_293' title='bbox 3146 2124 3197 2178; x_wconf 78' lang='lat' dir='ltr'><strong>l.</strong></span> <span class='ocrx_word' id='word_1_294' title='bbox 3241 2122 3361 2177; x_wconf 88' lang='lat' dir='ltr'><strong>libri</strong></span> <span class='ocrx_word' id='word_1_295' title='bbox 3404 2139 3561 2187; x_wconf 66' lang='grc' dir='ltr'><strong>χχιιι,</strong></span> 
     </span>
    </p>
   </div>
   <div class='ocr_carea' id='block_1_42' title="bbox 318 2215 1884 2290">
    <p class='ocr_par' dir='ltr' id='par_1_42' title="bbox 318 2215 1884 2290">
     <span class='ocr_line' id='line_1_42' title="bbox 318 2215 1884 2290; baseline -0.003 -16"><span class='ocrx_word' id='word_1_296' title='bbox 318 2221 484 2274; x_wconf 83' lang='grc' dir='ltr'><strong>τίτλου</strong></span> <span class='ocrx_word' id='word_1_297' title='bbox 514 2220 610 2274; x_wconf 80' lang='grc' dir='ltr'><strong>τοῦ</strong></span> <span class='ocrx_word' id='word_1_298' title='bbox 641 2217 814 2287; x_wconf 79' lang='grc' dir='ltr'><strong>αὐτοῦ</strong></span> <span class='ocrx_word' id='word_1_299' title='bbox 846 2218 1077 2290; x_wconf 77' lang='grc' dir='ltr'><strong>βιϐλίου,</strong></span> <span class='ocrx_word' id='word_1_300' title='bbox 1106 2219 1201 2271; x_wconf 77' lang='grc' dir='ltr'><strong>καὶ</strong></span> <span class='ocrx_word' id='word_1_301' title='bbox 1227 2220 1318 2271; x_wconf 80' lang='grc' dir='ltr'><strong>τὸν</strong></span> <span class='ocrx_word' id='word_1_302' title='bbox 1351 2219 1473 2271; x_wconf 80' lang='grc' dir='ltr'><strong>ὅλον</strong></span> <span class='ocrx_word' id='word_1_303' title='bbox 1508 2217 1548 2271; x_wconf 80' lang='grc' dir='ltr'><strong>δ’</strong></span> <span class='ocrx_word' id='word_1_304' title='bbox 1579 2216 1761 2270; x_wconf 88' lang='grc' dir='ltr'><strong>τίτλον</strong></span> <span class='ocrx_word' id='word_1_305' title='bbox 1786 2215 1884 2271; x_wconf 80' lang='grc' dir='ltr'><strong>τοῦ</strong></span> 
     </span>
    </p>
   </div>
   <div class='ocr_carea' id='block_1_43' title="bbox 322 2304 1887 2383">
    <p class='ocr_par' dir='ltr' id='par_1_43' title="bbox 322 2304 1887 2383">
     <span class='ocr_line' id='line_1_43' title="bbox 322 2304 1887 2383; baseline -0.003 -17"><span class='ocrx_word' id='word_1_306' title='bbox 322 2314 469 2366; x_wconf 77' lang='grc' dir='ltr'><strong>αὑτοῦ</strong></span> <span class='ocrx_word' id='word_1_307' title='bbox 502 2304 719 2383; x_wconf 74' lang='grc' dir='ltr'><strong>βιϐλίου</strong></span> <span class='ocrx_word' id='word_1_308' title='bbox 749 2327 764 2341; x_wconf 76' lang='grc'><strong><em>⁸</em></strong></span> <span class='ocrx_word' id='word_1_309' title='bbox 802 2311 983 2367; x_wconf 77' lang='grc' dir='ltr'><strong>καὶτὸ</strong></span> <span class='ocrx_word' id='word_1_310' title='bbox 1014 2309 1057 2375; x_wconf 82' lang='grc' dir='ltr'><strong>ξ’</strong></span> <span class='ocrx_word' id='word_1_311' title='bbox 1083 2327 1210 2379; x_wconf 81' lang='grc' dir='ltr'><strong>κεφ.</strong></span> <span class='ocrx_word' id='word_1_312' title='bbox 1245 2309 1340 2363; x_wconf 86' lang='grc' dir='ltr'><strong>τοῦ</strong></span> <span class='ocrx_word' id='word_1_313' title='bbox 1375 2308 1423 2362; x_wconf 85' lang='grc' dir='ltr'><strong>α’</strong></span> <span class='ocrx_word' id='word_1_314' title='bbox 1459 2309 1639 2363; x_wconf 83' lang='grc' dir='ltr'><strong>τίτλον</strong></span> <span class='ocrx_word' id='word_1_315' title='bbox 1669 2308 1768 2362; x_wconf 78' lang='grc' dir='ltr'><strong>τοῦ</strong></span> <span class='ocrx_word' id='word_1_316' title='bbox 1800 2308 1887 2378; x_wconf 86' lang='grc' dir='ltr'><strong>κγ’</strong></span> 
     </span>
    </p>
   </div>
   <div class='ocr_carea' id='block_1_44' title="bbox 318 2399 1888 2474">
    <p class='ocr_par' dir='ltr' id='par_1_44' title="bbox 318 2399 1888 2474">
     <span class='ocr_line' id='line_1_44' title="bbox 318 2399 1888 2474; baseline -0.003 -17"><span class='ocrx_word' id='word_1_317' title='bbox 318 2403 532 2473; x_wconf 75' lang='grc' dir='ltr'><strong>βισλίου,</strong></span> <span class='ocrx_word' id='word_1_318' title='bbox 564 2405 667 2457; x_wconf 82' lang='grc' dir='ltr'><strong>καὶ</strong></span> <span class='ocrx_word' id='word_1_319' title='bbox 712 2403 892 2474; x_wconf 78' lang='grc' dir='ltr'><strong>μάθῃς</strong></span> <span class='ocrx_word' id='word_1_320' title='bbox 919 2403 1069 2465; x_wconf 82' lang='grc' dir='ltr'><strong>ὅπως</strong></span> <span class='ocrx_word' id='word_1_321' title='bbox 1099 2400 1232 2455; x_wconf 82' lang='grc' dir='ltr'><strong>ποτὲ</strong></span> <span class='ocrx_word' id='word_1_322' title='bbox 1279 2401 1379 2469; x_wconf 83' lang='grc' dir='ltr'><strong>μὲν</strong></span> <span class='ocrx_word' id='word_1_323' title='bbox 1403 2402 1489 2454; x_wconf 82' lang='grc' dir='ltr'><strong>διὰ</strong></span> <span class='ocrx_word' id='word_1_324' title='bbox 1518 2399 1888 2471; x_wconf 83' lang='grc' dir='ltr'><strong>ἀντισυγγρά-</strong></span> 
     </span>
    </p>
   </div>
   <div class='ocr_carea' id='block_1_45' title="bbox 320 2495 1888 2567">
    <p class='ocr_par' dir='ltr' id='par_1_45' title="bbox 320 2495 1888 2567">
     <span class='ocr_line' id='line_1_45' title="bbox 320 2495 1888 2567; baseline -0.002 -18"><span class='ocrx_word' id='word_1_325' title='bbox 320 2516 443 2566; x_wconf 76' lang='grc' dir='ltr'><strong>(ρων,</strong></span> <span class='ocrx_word' id='word_1_326' title='bbox 474 2499 605 2551; x_wconf 80' lang='grc' dir='ltr'><strong>ποτὲ</strong></span> <span class='ocrx_word' id='word_1_327' title='bbox 636 2498 698 2552; x_wconf 84' lang='grc' dir='ltr'><strong>δὲ</strong></span> <span class='ocrx_word' id='word_1_328' title='bbox 730 2498 817 2550; x_wconf 76' lang='grc' dir='ltr'><strong>διὰ</strong></span> <span class='ocrx_word' id='word_1_329' title='bbox 857 2496 1154 2567; x_wconf 77' lang='grc' dir='ltr'><strong>μαρτύρων</strong></span> <span class='ocrx_word' id='word_1_330' title='bbox 1188 2496 1503 2566; x_wconf 85' lang='grc' dir='ltr'><strong>όμνυόντων</strong></span> <span class='ocrx_word' id='word_1_331' title='bbox 1548 2495 1833 2567; x_wconf 78' lang='grc' dir='ltr'><strong>ἐλέγχεται</strong></span> <span class='ocrx_word' id='word_1_332' title='bbox 1859 2497 1888 2547; x_wconf 91' lang='grc' dir='ltr'><strong>ό</strong></span> 
     </span>
    </p>
   </div>
   <div class='ocr_carea' id='block_1_46' title="bbox 319 2587 1887 2660">
    <p class='ocr_par' dir='ltr' id='par_1_46' title="bbox 319 2587 1887 2660">
     <span class='ocr_line' id='line_1_46' title="bbox 319 2587 1887 2660; baseline -0.002 -17"><span class='ocrx_word' id='word_1_333' title='bbox 319 2592 639 2659; x_wconf 73' lang='grc' dir='ltr'><strong>ἀρνούμενος</strong></span> <span class='ocrx_word' id='word_1_334' title='bbox 689 2588 788 2660; x_wconf 74' lang='grc' dir='ltr'><strong>τὴν</strong></span> <span class='ocrx_word' id='word_1_335' title='bbox 833 2588 1046 2642; x_wconf 89' lang='grc' dir='ltr'><strong>οίκείαν</strong></span> <span class='ocrx_word' id='word_1_336' title='bbox 1096 2587 1447 2658; x_wconf 80' lang='grc' dir='ltr'><strong>ὑπογραφὴν,</strong></span> <span class='ocrx_word' id='word_1_337' title='bbox 1479 2589 1574 2639; x_wconf 84' lang='grc' dir='ltr'><strong>καὶ</strong></span> <span class='ocrx_word' id='word_1_338' title='bbox 1621 2588 1705 2639; x_wconf 84' lang='grc' dir='ltr'><strong>ὅτι</strong></span> <span class='ocrx_word' id='word_1_339' title='bbox 1742 2587 1887 2655; x_wconf 79' lang='grc' dir='ltr'><strong>μετὰ</strong></span> 
     </span>
    </p>
   </div>
   <div class='ocr_carea' id='block_1_47' title="bbox 319 2679 1887 2754">
    <p class='ocr_par' dir='ltr' id='par_1_47' title="bbox 319 2679 1887 2754">
     <span class='ocr_line' id='line_1_47' title="bbox 319 2679 1887 2754; baseline -0.002 -17"><span class='ocrx_word' id='word_1_340' title='bbox 319 2684 525 2753; x_wconf 67' lang='grc' dir='ltr'><strong>ἔλεγχον</strong></span> <span class='ocrx_word' id='word_1_341' title='bbox 546 2684 576 2737; x_wconf 83' lang='grc' dir='ltr'><strong>ό</strong></span> <span class='ocrx_word' id='word_1_342' title='bbox 607 2682 973 2754; x_wconf 74' lang='grc' dir='ltr'><strong>κατακριθεὶς</strong></span> <span class='ocrx_word' id='word_1_343' title='bbox 1017 2679 1395 2747; x_wconf 74' lang='grc' dir='ltr'><strong>ἀναγκάζεται</strong></span> <span class='ocrx_word' id='word_1_344' title='bbox 1433 2680 1659 2749; x_wconf 82' lang='grc' dir='ltr'><strong>ποιῆσαι</strong></span> <span class='ocrx_word' id='word_1_345' title='bbox 1685 2679 1763 2750; x_wconf 80' lang='grc' dir='ltr'><strong>τῷ</strong></span> <span class='ocrx_word' id='word_1_346' title='bbox 1793 2680 1887 2734; x_wconf 82' lang='grc' dir='ltr'><strong>ἁν-</strong></span> 
     </span>
    </p>
   </div>
   <div class='ocr_carea' id='block_1_48' title="bbox 319 2769 1889 2846">
    <p class='ocr_par' dir='ltr' id='par_1_48' title="bbox 319 2769 1889 2846">
     <span class='ocr_line' id='line_1_48' title="bbox 319 2769 1889 2846; baseline 0 -22"><span class='ocrx_word' id='word_1_347' title='bbox 319 2774 491 2844; x_wconf 78' lang='grc' dir='ltr'><strong>τιδξκῳ</strong></span> <span class='ocrx_word' id='word_1_348' title='bbox 526 2774 604 2846; x_wconf 75' lang='grc' dir='ltr'><strong>μὴ</strong></span> <span class='ocrx_word' id='word_1_349' title='bbox 637 2775 804 2844; x_wconf 85' lang='grc' dir='ltr'><strong>μόνον</strong></span> <span class='ocrx_word' id='word_1_350' title='bbox 842 2774 906 2827; x_wconf 80' lang='grc' dir='ltr'><strong>τὸ</strong></span> <span class='ocrx_word' id='word_1_351' title='bbox 945 2771 1133 2825; x_wconf 71' lang='grc' dir='ltr'><strong>ἱκανὸν</strong></span> <span class='ocrx_word' id='word_1_352' title='bbox 1161 2772 1255 2825; x_wconf 84' lang='grc' dir='ltr'><strong>τοῦ</strong></span> <span class='ocrx_word' id='word_1_353' title='bbox 1294 2771 1691 2843; x_wconf 78' lang='grc' dir='ltr'><strong>περιεχομένου</strong></span> <span class='ocrx_word' id='word_1_354' title='bbox 1725 2774 1785 2824; x_wconf 80' lang='grc' dir='ltr'><strong>ὲν</strong></span> <span class='ocrx_word' id='word_1_355' title='bbox 1807 2769 1889 2841; x_wconf 82' lang='grc' dir='ltr'><strong>τῷ</strong></span> 
     </span>
    </p>
   </div>
   <div class='ocr_carea' id='block_1_49' title="bbox 319 2862 1889 2937">
    <p class='ocr_par' dir='ltr' id='par_1_49' title="bbox 319 2862 1889 2937">
     <span class='ocr_line' id='line_1_49' title="bbox 319 2862 1889 2937; baseline -0.002 -17"><span class='ocrx_word' id='word_1_356' title='bbox 319 2868 568 2937; x_wconf 71' lang='grc' dir='ltr'><strong>ἐγγράφῳ</strong></span> <span class='ocrx_word' id='word_1_357' title='bbox 618 2864 819 2932; x_wconf 82' lang='grc' dir='ltr'><strong>ποσοῦ,</strong></span> <span class='ocrx_word' id='word_1_358' title='bbox 849 2864 987 2919; x_wconf 76' lang='grc' dir='ltr'><strong>ἀλλὰ</strong></span> <span class='ocrx_word' id='word_1_359' title='bbox 1035 2864 1131 2918; x_wconf 82' lang='grc' dir='ltr'><strong>καὶ</strong></span> <span class='ocrx_word' id='word_1_360' title='bbox 1163 2863 1352 2935; x_wconf 72' lang='grc' dir='ltr'><strong>ἕτερον</strong></span> <span class='ocrx_word' id='word_1_361' title='bbox 1403 2864 1681 2917; x_wconf 83' lang='grc' dir='ltr'><strong>τοσοῦτον.</strong></span> <span class='ocrx_word' id='word_1_362' title='bbox 1720 2862 1788 2916; x_wconf 83' lang='grc' dir='ltr'>Ἡ</span> <span class='ocrx_word' id='word_1_363' title='bbox 1829 2863 1889 2917; x_wconf 74' lang='grc' dir='ltr'><strong>δὲ</strong></span> 
     </span>
    </p>
   </div>
   <div class='ocr_carea' id='block_1_50' title="bbox 319 2955 1893 3029">
    <p class='ocr_par' dir='ltr' id='par_1_50' title="bbox 319 2955 1893 3029">
     <span class='ocr_line' id='line_1_50' title="bbox 319 2955 1893 3029; baseline -0.003 -18"><span class='ocrx_word' id='word_1_364' title='bbox 319 2957 387 3029; x_wconf 75' lang='grc' dir='ltr'><strong>οβ’</strong></span> <span class='ocrx_word' id='word_1_365' title='bbox 415 2959 603 3027; x_wconf 81' lang='grc' dir='ltr'><strong>Νεαρὰ</strong></span> <span class='ocrx_word' id='word_1_366' title='bbox 629 2957 734 3012; x_wconf 79' lang='grc' dir='ltr'><strong>τοῦ</strong></span> <span class='ocrx_word' id='word_1_367' title='bbox 768 2957 1033 3029; x_wconf 82' lang='grc' dir='ltr'><strong>βασιλέως</strong></span> <span class='ocrx_word' id='word_1_368' title='bbox 1065 2956 1238 3028; x_wconf 80' lang='grc' dir='ltr'><strong>κυροῦ</strong></span> <span class='ocrx_word' id='word_1_369' title='bbox 1269 2957 1500 3020; x_wconf 78' lang='grc' dir='ltr'><strong>Λέοντος</strong></span> <span class='ocrx_word' id='word_1_370' title='bbox 1529 2956 1625 3010; x_wconf 80' lang='grc' dir='ltr'><strong>τοῦ</strong></span> <span class='ocrx_word' id='word_1_371' title='bbox 1669 2955 1893 3009; x_wconf 68' lang='grc' dir='ltr'><strong>Φιλοσό.</strong></span> 
     </span>
    </p>
   </div>
   <div class='ocr_carea' id='block_1_51' title="bbox 322 3046 1889 3124">
    <p class='ocr_par' dir='ltr' id='par_1_51' title="bbox 322 3046 1889 3124">
     <span class='ocr_line' id='line_1_51' title="bbox 322 3046 1889 3124; baseline -0.004 -18"><span class='ocrx_word' id='word_1_372' title='bbox 322 3070 413 3122; x_wconf 68' lang='lat' dir='ltr'><strong>«pou</strong></span> <span class='ocrx_word' id='word_1_373' title='bbox 437 3052 744 3124; x_wconf 75' lang='grc' dir='ltr'><strong>διορίζεται</strong></span> <span class='ocrx_word' id='word_1_374' title='bbox 766 3053 881 3107; x_wconf 70' lang='grc' dir='ltr'><strong>πᾶν</strong></span> <span class='ocrx_word' id='word_1_375' title='bbox 908 3052 1210 3121; x_wconf 69' lang='grc' dir='ltr'><strong>ἔγγραφον,</strong></span> <span class='ocrx_word' id='word_1_376' title='bbox 1246 3051 1305 3103; x_wconf 80' lang='grc' dir='ltr'><strong>ὲν</strong></span> <span class='ocrx_word' id='word_1_377' title='bbox 1350 3046 1395 3119; x_wconf 79' lang='grc' dir='ltr'><strong>ᾧ</strong></span> <span class='ocrx_word' id='word_1_378' title='bbox 1426 3051 1836 3121; x_wconf 69' lang='grc' dir='ltr'><strong>ἐπιγέγραπται</strong></span> <span class='ocrx_word' id='word_1_379' title='bbox 1858 3048 1889 3100; x_wconf 90' lang='grc' dir='ltr'><strong>ό</strong></span> 
     </span>
    </p>
   </div>
   <div class='ocr_carea' id='block_1_52' title="bbox 1988 2213 3561 2285">
    <p class='ocr_par' dir='ltr' id='par_1_52' title="bbox 1988 2213 3561 2285">
     <span class='ocr_line' id='line_1_52' title="bbox 1988 2213 3561 2285; baseline -0.001 -15"><span class='ocrx_word' id='word_1_380' title='bbox 1988 2226 2049 2270; x_wconf 87' lang='lat' dir='ltr'><strong>et</strong></span> <span class='ocrx_word' id='word_1_381' title='bbox 2074 2216 2223 2269; x_wconf 86' lang='lat' dir='ltr'><strong>dices</strong></span> <span class='ocrx_word' id='word_1_382' title='bbox 2252 2218 2541 2283; x_wconf 84' lang='lat' dir='ltr'><strong>quomodo,</strong></span> <span class='ocrx_word' id='word_1_383' title='bbox 2574 2213 2866 2284; x_wconf 75' lang='lat' dir='ltr'><strong>aliquando</strong></span> <span class='ocrx_word' id='word_1_384' title='bbox 2888 2215 3101 2285; x_wconf 80' lang='lat' dir='ltr'><strong>quidem</strong></span> <span class='ocrx_word' id='word_1_385' title='bbox 3132 2229 3226 2283; x_wconf 90' lang='lat' dir='ltr'><strong>per</strong></span> <span class='ocrx_word' id='word_1_386' title='bbox 3254 2215 3561 2271; x_wconf 84' lang='lat' dir='ltr'><strong>litterarum</strong></span> 
     </span>
    </p>
   </div>
   <div class='ocr_carea' id='block_1_53' title="bbox 1991 2306 3557 2377">
    <p class='ocr_par' dir='ltr' id='par_1_53' title="bbox 1991 2306 3557 2377">
     <span class='ocr_line' id='line_1_53' title="bbox 1991 2306 3557 2377; baseline -0.001 -16"><span class='ocrx_word' id='word_1_387' title='bbox 1991 2306 2360 2373; x_wconf 80' lang='lat' dir='ltr'><strong>collationem,</strong></span> <span class='ocrx_word' id='word_1_388' title='bbox 2387 2306 2678 2375; x_wconf 81' lang='lat' dir='ltr'><strong>aliquando</strong></span> <span class='ocrx_word' id='word_1_389' title='bbox 2712 2316 2893 2363; x_wconf 87' lang='lat' dir='ltr'><strong>autem</strong></span> <span class='ocrx_word' id='word_1_390' title='bbox 2947 2323 3046 2377; x_wconf 87' lang='lat' dir='ltr'><strong>per</strong></span> <span class='ocrx_word' id='word_1_391' title='bbox 3072 2314 3240 2361; x_wconf 84' lang='lat' dir='ltr'><strong>testes</strong></span> <span class='ocrx_word' id='word_1_392' title='bbox 3286 2306 3557 2374; x_wconf 77' lang='lat' dir='ltr'><strong>iurantes,</strong></span> 
     </span>
    </p>
   </div>
   <div class='ocr_carea' id='block_1_54' title="bbox 1991 2397 3557 2468">
    <p class='ocr_par' dir='ltr' id='par_1_54' title="bbox 1991 2397 3557 2468">
     <span class='ocr_line' id='line_1_54' title="bbox 1991 2397 3557 2468; baseline -0.001 -15"><span class='ocrx_word' id='word_1_393' title='bbox 1991 2399 2337 2453; x_wconf 81' lang='lat' dir='ltr'><strong>convincitur</strong></span> <span class='ocrx_word' id='word_1_394' title='bbox 2361 2398 2412 2452; x_wconf 83' lang='lat' dir='ltr'><strong>is</strong></span> <span class='ocrx_word' id='word_1_395' title='bbox 2431 2399 2521 2467; x_wconf 90' lang='lat' dir='ltr'><strong>qni</strong></span> <span class='ocrx_word' id='word_1_396' title='bbox 2556 2408 2717 2467; x_wconf 83' lang='lat' dir='ltr'><strong>negat</strong></span> <span class='ocrx_word' id='word_1_397' title='bbox 2743 2399 3016 2468; x_wconf 79' lang='lat' dir='ltr'><strong>propriam</strong></span> <span class='ocrx_word' id='word_1_398' title='bbox 3042 2397 3504 2466; x_wconf 79' lang='lat' dir='ltr'><strong>subscriptiOuem</strong></span> <span class='ocrx_word' id='word_1_399' title='bbox 3542 2414 3557 2451; x_wconf 69' lang='grc' dir='ltr'><strong>ι</strong></span> 
     </span>
    </p>
   </div>
   <div class='ocr_carea' id='block_1_55' title="bbox 1990 2490 3562 2559">
    <p class='ocr_par' dir='ltr' id='par_1_55' title="bbox 1990 2490 3562 2559">
     <span class='ocr_line' id='line_1_55' title="bbox 1990 2490 3562 2559; baseline -0.003 -14"><span class='ocrx_word' id='word_1_400' title='bbox 1990 2501 2044 2545; x_wconf 87' lang='lat' dir='ltr'><strong>et</strong></span> <span class='ocrx_word' id='word_1_401' title='bbox 2070 2491 2211 2558; x_wconf 82' lang='lat' dir='ltr'><strong>quod</strong></span> <span class='ocrx_word' id='word_1_402' title='bbox 2237 2501 2352 2557; x_wconf 86' lang='lat' dir='ltr'><strong>post</strong></span> <span class='ocrx_word' id='word_1_403' title='bbox 2376 2491 2770 2559; x_wconf 79' lang='lat' dir='ltr'><strong>probationem,</strong></span> <span class='ocrx_word' id='word_1_404' title='bbox 2789 2491 2878 2559; x_wconf 84' lang='lat' dir='ltr'><strong>qui</strong></span> <span class='ocrx_word' id='word_1_405' title='bbox 2897 2491 3179 2545; x_wconf 77' lang='lat' dir='ltr'><strong>convictus</strong></span> <span class='ocrx_word' id='word_1_406' title='bbox 3196 2495 3301 2552; x_wconf 86' lang='lat' dir='ltr'><strong>est,</strong></span> <span class='ocrx_word' id='word_1_407' title='bbox 3327 2490 3562 2559; x_wconf 77' lang='lat' dir='ltr'><strong>cogitur,</strong></span> 
     </span>
    </p>
   </div>
   <div class='ocr_carea' id='block_1_56' title="bbox 1994 2583 3567 2652">
    <p class='ocr_par' dir='ltr' id='par_1_56' title="bbox 1994 2583 3567 2652">
     <span class='ocr_line' id='line_1_56' title="bbox 1994 2583 3567 2652; baseline -0.003 -13"><span class='ocrx_word' id='word_1_408' title='bbox 1994 2600 2096 2639; x_wconf 89' lang='lat' dir='ltr'><strong>non</strong></span> <span class='ocrx_word' id='word_1_409' title='bbox 2130 2584 2303 2638; x_wconf 88' lang='lat' dir='ltr'><strong>solum</strong></span> <span class='ocrx_word' id='word_1_410' title='bbox 2335 2585 2647 2641; x_wconf 78' lang='lat' dir='ltr'><strong>satisfacere</strong></span> <span class='ocrx_word' id='word_1_411' title='bbox 2672 2583 2988 2638; x_wconf 81' lang='lat' dir='ltr'><strong>adversario</strong></span> <span class='ocrx_word' id='word_1_412' title='bbox 3012 2583 3078 2640; x_wconf 88' lang='lat' dir='ltr'><strong>de</strong></span> <span class='ocrx_word' id='word_1_413' title='bbox 3111 2585 3411 2652; x_wconf 84' lang='lat' dir='ltr'><strong>quantitate</strong></span> <span class='ocrx_word' id='word_1_414' title='bbox 3444 2596 3567 2651; x_wconf 76' lang='lat' dir='ltr'><strong>qua:</strong></span> 
     </span>
    </p>
   </div>
   <div class='ocr_carea' id='block_1_57' title="bbox 1992 2675 3564 2746">
    <p class='ocr_par' dir='ltr' id='par_1_57' title="bbox 1992 2675 3564 2746">
     <span class='ocr_line' id='line_1_57' title="bbox 1992 2675 3564 2746; baseline -0.004 -14"><span class='ocrx_word' id='word_1_415' title='bbox 1992 2678 2047 2733; x_wconf 90' lang='lat' dir='ltr'><strong>in</strong></span> <span class='ocrx_word' id='word_1_416' title='bbox 2104 2676 2321 2746; x_wconf 81' lang='lat' dir='ltr'><strong>scriptis</strong></span> <span class='ocrx_word' id='word_1_417' title='bbox 2375 2677 2705 2741; x_wconf 83' lang='lat' dir='ltr'><strong>continetur,</strong></span> <span class='ocrx_word' id='word_1_418' title='bbox 2750 2678 2843 2731; x_wconf 86' lang='lat' dir='ltr'><strong>sed</strong></span> <span class='ocrx_word' id='word_1_419' title='bbox 2869 2686 2924 2730; x_wconf 92' lang='lat' dir='ltr'><strong>et</strong></span> <span class='ocrx_word' id='word_1_420' title='bbox 2959 2675 3188 2729; x_wconf 88' lang='lat' dir='ltr'><strong>alterum</strong></span> <span class='ocrx_word' id='word_1_421' title='bbox 3221 2677 3564 2728; x_wconf 81' lang='lat' dir='ltr'><strong>tantumdem</strong></span> 
     </span>
    </p>
   </div>
   <div class='ocr_carea' id='block_1_58' title="bbox 1991 2767 3566 2839">
    <p class='ocr_par' dir='ltr' id='par_1_58' title="bbox 1991 2767 3566 2839">
     <span class='ocr_line' id='line_1_58' title="bbox 1991 2767 3566 2839; baseline -0.004 -14"><span class='ocrx_word' id='word_1_422' title='bbox 1991 2770 2220 2825; x_wconf 84' lang='lat' dir='ltr'><strong>solvere.</strong></span> <span class='ocrx_word' id='word_1_423' title='bbox 2258 2769 2666 2839; x_wconf 80' lang='lat' dir='ltr'><strong>Septuagesima</strong></span> <span class='ocrx_word' id='word_1_424' title='bbox 2708 2769 2945 2823; x_wconf 81' lang='lat' dir='ltr'><strong>secunda</strong></span> <span class='ocrx_word' id='word_1_425' title='bbox 2978 2779 3158 2822; x_wconf 89' lang='lat' dir='ltr'><strong>autem</strong></span> <span class='ocrx_word' id='word_1_426' title='bbox 3220 2767 3566 2835; x_wconf 76' lang='lat' dir='ltr'><strong>imperatoris</strong></span> 
     </span>
    </p>
   </div>
   <div class='ocr_carea' id='block_1_59' title="bbox 1994 2858 3566 2929">
    <p class='ocr_par' dir='ltr' id='par_1_59' title="bbox 1994 2858 3566 2929">
     <span class='ocr_line' id='line_1_59' title="bbox 1994 2858 3566 2929; baseline -0.003 -12"><span class='ocrx_word' id='word_1_427' title='bbox 1994 2861 2196 2917; x_wconf 86' lang='lat' dir='ltr'><strong>domini</strong></span> <span class='ocrx_word' id='word_1_428' title='bbox 2226 2861 2424 2916; x_wconf 83' lang='lat' dir='ltr'><strong>Leonis</strong></span> <span class='ocrx_word' id='word_1_429' title='bbox 2455 2860 2765 2929; x_wconf 82' lang='lat' dir='ltr'><strong>Philosophi</strong></span> <span class='ocrx_word' id='word_1_430' title='bbox 2800 2860 3007 2915; x_wconf 84' lang='lat' dir='ltr'><strong>novella</strong></span> <span class='ocrx_word' id='word_1_431' title='bbox 3054 2861 3268 2923; x_wconf 83' lang='lat' dir='ltr'><strong>statuit,</strong></span> <span class='ocrx_word' id='word_1_432' title='bbox 3304 2870 3359 2913; x_wconf 84' lang='lat' dir='ltr'><strong>ut</strong></span> <span class='ocrx_word' id='word_1_433' title='bbox 3388 2858 3566 2927; x_wconf 85' lang='lat' dir='ltr'><strong>quod-</strong></span> 
     </span>
    </p>
   </div>
   <div class='ocr_carea' id='block_1_60' title="bbox 1993 2952 3568 3024">
    <p class='ocr_par' dir='ltr' id='par_1_60' title="bbox 1993 2952 3568 3024">
     <span class='ocr_line' id='line_1_60' title="bbox 1993 2952 3568 3024; baseline -0.002 -15"><span class='ocrx_word' id='word_1_434' title='bbox 1993 2970 2206 3024; x_wconf 82' lang='lat' dir='ltr'><strong>cunque</strong></span> <span class='ocrx_word' id='word_1_435' title='bbox 2258 2956 2545 3024; x_wconf 84' lang='lat' dir='ltr'><strong>scriptum,</strong></span> <span class='ocrx_word' id='word_1_436' title='bbox 2612 2955 2667 3006; x_wconf 91' lang='lat' dir='ltr'><strong>in</strong></span> <span class='ocrx_word' id='word_1_437' title='bbox 2726 2968 2834 3022; x_wconf 88' lang='lat' dir='ltr'><strong>quo</strong></span> <span class='ocrx_word' id='word_1_438' title='bbox 2900 2953 3217 3009; x_wconf 81' lang='lat' dir='ltr'><strong>venerandae</strong></span> <span class='ocrx_word' id='word_1_439' title='bbox 3253 2961 3309 3007; x_wconf 90' lang='lat' dir='ltr'><strong>et</strong></span> <span class='ocrx_word' id='word_1_440' title='bbox 3338 2952 3568 3006; x_wconf 70' lang='lat' dir='ltr'><strong>vivilicae</strong></span> 
     </span>
    </p>
   </div>
   <div class='ocr_carea' id='block_1_61' title="bbox 1996 3044 3570 3124">
    <p class='ocr_par' dir='ltr' id='par_1_61' title="bbox 1996 3044 3570 3124">
     <span class='ocr_line' id='line_1_61' title="bbox 1996 3044 3570 3124; baseline -0.003 -24"><span class='ocrx_word' id='word_1_441' title='bbox 1996 3046 2177 3101; x_wconf 87' lang='lat' dir='ltr'><strong>crucis</strong></span> <span class='ocrx_word' id='word_1_442' title='bbox 2213 3047 2382 3115; x_wconf 83' lang='lat' dir='ltr'><strong>ligura</strong></span> <span class='ocrx_word' id='word_1_443' title='bbox 2423 3060 2519 3116; x_wconf 89' lang='lat' dir='ltr'><strong>per</strong></span> <span class='ocrx_word' id='word_1_444' title='bbox 2540 3061 2759 3100; x_wconf 86' lang='lat' dir='ltr'><strong>manum</strong></span> <span class='ocrx_word' id='word_1_445' title='bbox 2798 3044 2915 3116; x_wconf 85' lang='lat' dir='ltr'><strong>ejus</strong></span> <span class='ocrx_word' id='word_1_446' title='bbox 2950 3046 3043 3124; x_wconf 84' lang='lat' dir='ltr'><strong>qui</strong></span> <span class='ocrx_word' id='word_1_447' title='bbox 3069 3046 3242 3113; x_wconf 87' lang='lat' dir='ltr'><strong>ipsum</strong></span> <span class='ocrx_word' id='word_1_448' title='bbox 3264 3044 3570 3111; x_wconf 83' lang='lat' dir='ltr'><strong>composuit</strong></span> 
     </span>
    </p>
   </div>
   <div class='ocr_carea' id='block_1_62' title="bbox 318 3134 1892 3228">
    <p class='ocr_par' dir='ltr' id='par_1_62' title="bbox 318 3136 1889 3218">
     <span class='ocr_line' id='line_1_62' title="bbox 318 3136 1889 3218; baseline -0.002 -18"><span class='ocrx_word' id='word_1_449' title='bbox 318 3148 401 3200; x_wconf 83' lang='grc' dir='ltr'><strong>τοῦ</strong></span> <span class='ocrx_word' id='word_1_450' title='bbox 446 3151 632 3218; x_wconf 79' lang='grc' dir='ltr'><strong>τιμίου</strong></span> <span class='ocrx_word' id='word_1_451' title='bbox 672 3145 773 3200; x_wconf 76' lang='grc' dir='ltr'><strong>καὶ</strong></span> <span class='ocrx_word' id='word_1_452' title='bbox 797 3136 1353 3216; x_wconf 40' lang='grc' dir='ltr'><strong>ζωοποιοιῖλσταυροῦ</strong></span> <span class='ocrx_word' id='word_1_453' title='bbox 1381 3144 1555 3207; x_wconf 81' lang='grc' dir='ltr'><strong>τύπος</strong></span> <span class='ocrx_word' id='word_1_454' title='bbox 1584 3144 1675 3197; x_wconf 80' lang='grc' dir='ltr'><strong>διὰ</strong></span> <span class='ocrx_word' id='word_1_455' title='bbox 1706 3145 1889 3215; x_wconf 73' lang='grc' dir='ltr'><strong>χειρὸς</strong></span> 
     </span>
    </p>
   </div>
   <div class='ocr_carea' id='block_1_63' title="bbox 1996 3134 3560 3228">
    <p class='ocr_par' dir='ltr' id='par_1_63' title="bbox 1996 3134 3560 3209">
     <span class='ocr_line' id='line_1_63' title="bbox 1996 3134 3560 3209; baseline -0.004 -15"><span class='ocrx_word' id='word_1_456' title='bbox 1996 3138 2195 3209; x_wconf 83' lang='lat' dir='ltr'><strong>scripta</strong></span> <span class='ocrx_word' id='word_1_457' title='bbox 2221 3146 2324 3202; x_wconf 89' lang='lat' dir='ltr'><strong>est,</strong></span> <span class='ocrx_word' id='word_1_458' title='bbox 2365 3136 2576 3192; x_wconf 81' lang='lat' dir='ltr'><strong>ﬁrmum</strong></span> <span class='ocrx_word' id='word_1_459' title='bbox 2628 3148 2682 3191; x_wconf 90' lang='lat' dir='ltr'><strong>et</strong></span> <span class='ocrx_word' id='word_1_460' title='bbox 2710 3136 3047 3191; x_wconf 83' lang='lat' dir='ltr'><strong>immutabile</strong></span> <span class='ocrx_word' id='word_1_461' title='bbox 3081 3144 3315 3203; x_wconf 80' lang='lat' dir='ltr'><strong>maneat,</strong></span> <span class='ocrx_word' id='word_1_462' title='bbox 3346 3134 3560 3191; x_wconf 83' lang='lat' dir='ltr'><strong>etiamsi</strong></span> 
     </span>
    </p>
   </div>
   <div class='ocr_carea' id='block_1_64' title="bbox 323 3236 1892 3310">
    <p class='ocr_par' dir='ltr' id='par_1_64' title="bbox 323 3236 1892 3310">
     <span class='ocr_line' id='line_1_64' title="bbox 323 3236 1892 3310; baseline -0.004 -16"><span class='ocrx_word' id='word_1_463' title='bbox 323 3238 423 3294; x_wconf 64' lang='grc' dir='ltr'><strong>τοῦ.</strong></span> <span class='ocrx_word' id='word_1_464' title='bbox 458 3238 801 3310; x_wconf 67' lang='grc' dir='ltr'><strong>συνθεμένου</strong></span> <span class='ocrx_word' id='word_1_465' title='bbox 853 3237 1009 3306; x_wconf 80' lang='grc' dir='ltr'><strong>αὐτὸ,</strong></span> <span class='ocrx_word' id='word_1_466' title='bbox 1055 3237 1202 3306; x_wconf 67' lang='lat' dir='ltr'><strong>[xciv</strong></span> <span class='ocrx_word' id='word_1_467' title='bbox 1241 3236 1306 3307; x_wconf 79' lang='grc' dir='ltr'><strong>τὸ</strong></span> <span class='ocrx_word' id='word_1_468' title='bbox 1350 3236 1575 3308; x_wconf 79' lang='grc' dir='ltr'><strong>ίσχυρδν</strong></span> <span class='ocrx_word' id='word_1_469' title='bbox 1614 3236 1712 3289; x_wconf 76' lang='grc' dir='ltr'><strong>καὶ</strong></span> <span class='ocrx_word' id='word_1_470' title='bbox 1753 3236 1892 3306; x_wconf 78' lang='grc' dir='ltr'><strong>ἁμε-</strong></span> 
     </span>
    </p>
   </div>
   <div class='ocr_carea' id='block_1_65' title="bbox 325 3326 1887 3400">
    <p class='ocr_par' dir='ltr' id='par_1_65' title="bbox 325 3326 1887 3400">
     <span class='ocr_line' id='line_1_65' title="bbox 325 3326 1887 3400; baseline -0.001 -18"><span class='ocrx_word' id='word_1_471' title='bbox 325 3331 613 3396; x_wconf 78' lang='grc' dir='ltr'><strong>ιάπτωτον,</strong></span> <span class='ocrx_word' id='word_1_472' title='bbox 671 3329 777 3383; x_wconf 79' lang='grc' dir='ltr'><strong>κᾶν</strong></span> <span class='ocrx_word' id='word_1_473' title='bbox 853 3329 955 3382; x_wconf 73' lang='grc' dir='ltr'><strong>οὐκ</strong></span> <span class='ocrx_word' id='word_1_474' title='bbox 1030 3328 1150 3382; x_wconf 79' lang='grc' dir='ltr'><strong>ἐστι</strong></span> <span class='ocrx_word' id='word_1_475' title='bbox 1216 3326 1733 3400; x_wconf 77' lang='grc' dir='ltr'><strong>κατησφαλισμένον</strong></span> <span class='ocrx_word' id='word_1_476' title='bbox 1798 3326 1887 3381; x_wconf 82' lang='grc' dir='ltr'><strong>διὰ</strong></span> 
     </span>
    </p>
   </div>
   <div class='ocr_carea' id='block_1_66' title="bbox 320 3418 1885 3493">
    <p class='ocr_par' dir='ltr' id='par_1_66' title="bbox 320 3418 1885 3493">
     <span class='ocr_line' id='line_1_66' title="bbox 320 3418 1885 3493; baseline -0.001 -17"><span class='ocrx_word' id='word_1_477' title='bbox 320 3422 632 3493; x_wconf 82' lang='grc' dir='ltr'><strong>προστίμου.</strong></span> <span class='ocrx_word' id='word_1_478' title='bbox 684 3420 797 3473; x_wconf 74' lang='grc' dir='ltr'><strong>Καὶ</strong></span> <span class='ocrx_word' id='word_1_479' title='bbox 850 3418 1127 3489; x_wconf 81' lang='grc' dir='ltr'><strong>ἀνάγνωθι</strong></span> <span class='ocrx_word' id='word_1_480' title='bbox 1184 3422 1286 3491; x_wconf 77' lang='grc' dir='ltr'><strong>τὴν</strong></span> <span class='ocrx_word' id='word_1_481' title='bbox 1337 3420 1599 3489; x_wconf 81' lang='grc' dir='ltr'><strong>τοιαύτην</strong></span> <span class='ocrx_word' id='word_1_482' title='bbox 1646 3418 1885 3490; x_wconf 81' lang='grc' dir='ltr'><strong>Νεαράν.</strong></span> 
     </span>
    </p>
   </div>
   <div class='ocr_carea' id='block_1_67' title="bbox 322 3512 1888 3585">
    <p class='ocr_par' dir='ltr' id='par_1_67' title="bbox 322 3512 1888 3585">
     <span class='ocr_line' id='line_1_67' title="bbox 322 3512 1888 3585; baseline 0 -19"><span class='ocrx_word' id='word_1_483' title='bbox 322 3515 418 3567; x_wconf 73' lang='grc' dir='ltr'><strong>Καὶ</strong></span> <span class='ocrx_word' id='word_1_484' title='bbox 445 3512 784 3583; x_wconf 85' lang='grc' dir='ltr'><strong>συναγαγὼν</strong></span> <span class='ocrx_word' id='word_1_485' title='bbox 815 3513 935 3565; x_wconf 79' lang='grc' dir='ltr'><strong>είπὲ</strong></span> <span class='ocrx_word' id='word_1_486' title='bbox 965 3514 1049 3567; x_wconf 79' lang='grc' dir='ltr'><strong>ὅτι</strong></span> <span class='ocrx_word' id='word_1_487' title='bbox 1079 3513 1138 3566; x_wconf 82' lang='grc' dir='ltr'><strong>τὸ</strong></span> <span class='ocrx_word' id='word_1_488' title='bbox 1179 3512 1567 3584; x_wconf 83' lang='grc' dir='ltr'><strong>καθαιρεῖσθαι</strong></span> <span class='ocrx_word' id='word_1_489' title='bbox 1614 3514 1740 3577; x_wconf 75' lang='grc' dir='ltr'><strong>τοὺς</strong></span> <span class='ocrx_word' id='word_1_490' title='bbox 1787 3516 1888 3585; x_wconf 84' lang='grc' dir='ltr'><strong>ἀρ·</strong></span> 
     </span>
    </p>
   </div>
   <div class='ocr_carea' id='block_1_68' title="bbox 322 3602 1887 3677">
    <p class='ocr_par' dir='ltr' id='par_1_68' title="bbox 322 3602 1887 3677">
     <span class='ocr_line' id='line_1_68' title="bbox 322 3602 1887 3677; baseline -0.001 -20"><span class='ocrx_word' id='word_1_491' title='bbox 322 3606 503 3677; x_wconf 69' lang='grc' dir='ltr'><strong>ιιιρείς</strong></span> <span class='ocrx_word' id='word_1_492' title='bbox 537 3604 922 3676; x_wconf 71' lang='grc' dir='ltr'><strong>ἀρνουμένους</strong></span> <span class='ocrx_word' id='word_1_493' title='bbox 945 3604 1045 3666; x_wconf 78' lang='grc' dir='ltr'><strong>τὰς</strong></span> <span class='ocrx_word' id='word_1_494' title='bbox 1075 3604 1135 3655; x_wconf 86' lang='grc' dir='ltr'><strong>ὲν</strong></span> <span class='ocrx_word' id='word_1_495' title='bbox 1173 3606 1297 3665; x_wconf 78' lang='grc' dir='ltr'><strong>ταῖς</strong></span> <span class='ocrx_word' id='word_1_496' title='bbox 1324 3603 1526 3673; x_wconf 79' lang='grc' dir='ltr'><strong>ψήφοις</strong></span> <span class='ocrx_word' id='word_1_497' title='bbox 1559 3602 1887 3672; x_wconf 76' lang='grc' dir='ltr'><strong>ὑπο-γραφὰς</strong></span> 
     </span>
    </p>
   </div>
   <div class='ocr_carea' id='block_1_69' title="bbox 322 3695 1887 3767">
    <p class='ocr_par' dir='ltr' id='par_1_69' title="bbox 322 3695 1887 3767">
     <span class='ocr_line' id='line_1_69' title="bbox 322 3695 1887 3767; baseline -0.001 -17"><span class='ocrx_word' id='word_1_498' title='bbox 322 3700 483 3752; x_wconf 76' lang='grc' dir='ltr'><strong>αὐτῶν</strong></span> <span class='ocrx_word' id='word_1_499' title='bbox 535 3698 715 3752; x_wconf 85' lang='grc' dir='ltr'><strong>ίδικόν</strong></span> <span class='ocrx_word' id='word_1_500' title='bbox 770 3696 891 3750; x_wconf 69' lang='grc' dir='ltr'><strong>ἐστι</strong></span> <span class='ocrx_word' id='word_1_501' title='bbox 940 3695 1040 3752; x_wconf 75' lang='grc' dir='ltr'><strong>καὶ</strong></span> <span class='ocrx_word' id='word_1_502' title='bbox 1094 3695 1300 3765; x_wconf 61' lang='grc' dir='ltr'><strong>ὀφείλει</strong></span> <span class='ocrx_word' id='word_1_503' title='bbox 1330 3699 1556 3767; x_wconf 82' lang='grc' dir='ltr'><strong>κρατεῖν</strong></span> <span class='ocrx_word' id='word_1_504' title='bbox 1599 3698 1680 3759; x_wconf 81' lang='grc' dir='ltr'><strong>είς</strong></span> <span class='ocrx_word' id='word_1_505' title='bbox 1725 3696 1887 3750; x_wconf 80' lang='grc' dir='ltr'><strong>τοῦτο</strong></span> 
     </span>
    </p>
   </div>
   <div class='ocr_carea' id='block_1_70' title="bbox 323 3786 1888 3863">
    <p class='ocr_par' dir='ltr' id='par_1_70' title="bbox 323 3786 1888 3863">
     <span class='ocr_line' id='line_1_70' title="bbox 323 3786 1888 3863; baseline -0.003 -18"><span class='ocrx_word' id='word_1_506' title='bbox 323 3794 405 3845; x_wconf 71' lang='grc' dir='ltr'><strong>ια).</strong></span> <span class='ocrx_word' id='word_1_507' title='bbox 441 3791 606 3863; x_wconf 87' lang='grc' dir='ltr'><strong>μόνον</strong></span> <span class='ocrx_word' id='word_1_508' title='bbox 649 3788 717 3843; x_wconf 75' lang='grc' dir='ltr'><strong>τὸ</strong></span> <span class='ocrx_word' id='word_1_509' title='bbox 764 3789 993 3857; x_wconf 83' lang='grc' dir='ltr'><strong>φάκτον.</strong></span> <span class='ocrx_word' id='word_1_510' title='bbox 1043 3786 1173 3842; x_wconf 82' lang='grc' dir='ltr'><strong>Ἐὰν</strong></span> <span class='ocrx_word' id='word_1_511' title='bbox 1218 3791 1330 3859; x_wconf 70' lang='grc' dir='ltr'><strong>γὰρ</strong></span> <span class='ocrx_word' id='word_1_512' title='bbox 1368 3790 1559 3860; x_wconf 73' lang='grc' dir='ltr'><strong>ἕτερον</strong></span> <span class='ocrx_word' id='word_1_513' title='bbox 1606 3788 1888 3859; x_wconf 65' lang='grc' dir='ltr'><strong>ἔγγραφον</strong></span> 
     </span>
    </p>
   </div>
   <div class='ocr_carea' id='block_1_71' title="bbox 324 3879 1888 3954">
    <p class='ocr_par' dir='ltr' id='par_1_71' title="bbox 324 3879 1888 3954">
     <span class='ocr_line' id='line_1_71' title="bbox 324 3879 1888 3954; baseline -0.001 -19"><span class='ocrx_word' id='word_1_514' title='bbox 324 3882 474 3935; x_wconf 67' lang='grc' dir='ltr'><strong>αὐτοῦ</strong></span> <span class='ocrx_word' id='word_1_515' title='bbox 512 3882 832 3954; x_wconf 81' lang='grc' dir='ltr'><strong>ἁρνήσηται</strong></span> <span class='ocrx_word' id='word_1_516' title='bbox 882 3880 1186 3943; x_wconf 63' lang='grc' dir='ltr'><strong>ἐπίσκοπος</strong></span> <span class='ocrx_word' id='word_1_517' title='bbox 1231 3879 1265 3949; x_wconf 77' lang='grc' dir='ltr'>ἢ</span> <span class='ocrx_word' id='word_1_518' title='bbox 1313 3880 1599 3950; x_wconf 78' lang='grc' dir='ltr'><strong>κληρικὸς,</strong></span> <span class='ocrx_word' id='word_1_519' title='bbox 1641 3880 1715 3942; x_wconf 81' lang='grc' dir='ltr'><strong>ὡς</strong></span> <span class='ocrx_word' id='word_1_520' title='bbox 1764 3882 1888 3950; x_wconf 69' lang='grc' dir='ltr'><strong>ἐμοὶ</strong></span> 
     </span>
    </p>
   </div>
   <div class='ocr_carea' id='block_1_72' title="bbox 325 3973 1933 4048">
    <p class='ocr_par' dir='ltr' id='par_1_72' title="bbox 325 3973 1933 4048">
     <span class='ocr_line' id='line_1_72' title="bbox 325 3973 1933 4048; baseline 0.003 -20"><span class='ocrx_word' id='word_1_521' title='bbox 325 3975 487 4040; x_wconf 71' lang='grc' dir='ltr'><strong>δοκεῖ,</strong></span> <span class='ocrx_word' id='word_1_522' title='bbox 535 3978 604 4029; x_wconf 81' lang='grc' dir='ltr'><strong>οὐ</strong></span> <span class='ocrx_word' id='word_1_523' title='bbox 679 3976 1190 4048; x_wconf 73' lang='grc' dir='ltr'><strong>καθαιρεθήσεται,</strong></span> <span class='ocrx_word' id='word_1_524' title='bbox 1228 3973 1375 4032; x_wconf 86' lang='grc' dir='ltr'><strong>καθὰ</strong></span> <span class='ocrx_word' id='word_1_525' title='bbox 1426 3991 1572 4039; x_wconf 76' lang='grc' dir='ltr'><strong>τινες</strong></span> <span class='ocrx_word' id='word_1_526' title='bbox 1652 3976 1933 4047; x_wconf 73' lang='grc' dir='ltr'><strong>λέγουσιν,</strong></span> 
     </span>
    </p>
   </div>
   <div class='ocr_carea' id='block_1_73' title="bbox 326 4068 737 4139">
    <p class='ocr_par' dir='ltr' id='par_1_73' title="bbox 326 4068 737 4139">
     <span class='ocr_line' id='line_1_73' title="bbox 326 4068 737 4139; baseline 0.005 -18"><span class='ocrx_word' id='word_1_527' title='bbox 326 4068 737 4139; x_wconf 53' lang='lat' dir='ltr'><strong>«amamur.</strong></span> 
     </span>
    </p>
   </div>
   <div class='ocr_carea' id='block_1_74' title="bbox 385 4158 1894 4233">
    <p class='ocr_par' dir='ltr' id='par_1_74' title="bbox 385 4158 1894 4233">
     <span class='ocr_line' id='line_1_74' title="bbox 385 4158 1894 4233; baseline -0.001 -18"><span class='ocrx_word' id='word_1_528' title='bbox 385 4160 629 4217; x_wconf 76' lang='lat' dir='ltr'><strong>ZﬂNAP.</strong></span> <span class='ocrx_word' id='word_1_529' title='bbox 668 4158 729 4213; x_wconf 83' lang='lat'><strong>&#39;0</strong></span> <span class='ocrx_word' id='word_1_530' title='bbox 758 4161 1024 4229; x_wconf 80' lang='grc' dir='ltr'><strong>τέταρτος</strong></span> <span class='ocrx_word' id='word_1_531' title='bbox 1058 4158 1242 4213; x_wconf 81' lang='grc' dir='ltr'><strong>κανὼν</strong></span> <span class='ocrx_word' id='word_1_532' title='bbox 1267 4158 1364 4229; x_wconf 78' lang='grc' dir='ltr'><strong>τῆς</strong></span> <span class='ocrx_word' id='word_1_533' title='bbox 1397 4159 1690 4233; x_wconf 68' lang='grc' dir='ltr'><strong>ὲνΝικαίᾳ</strong></span> <span class='ocrx_word' id='word_1_534' title='bbox 1742 4159 1894 4233; x_wconf 76' lang='grc' dir='ltr'><strong>πρῶ-</strong></span> 
     </span>
    </p>
   </div>
   <div class='ocr_carea' id='block_1_75' title="bbox 326 4234 1895 4324">
    <p class='ocr_par' dir='ltr' id='par_1_75' title="bbox 326 4234 1895 4324">
     <span class='ocr_line' id='line_1_75' title="bbox 326 4234 1895 4324; baseline 0 -19"><span class='ocrx_word' id='word_1_535' title='bbox 326 4234 413 4322; x_wconf 84' lang='grc' dir='ltr'><strong>της</strong></span> <span class='ocrx_word' id='word_1_536' title='bbox 457 4253 690 4307; x_wconf 79' lang='grc' dir='ltr'><strong>συνόδου</strong></span> <span class='ocrx_word' id='word_1_537' title='bbox 725 4251 833 4305; x_wconf 72' lang='grc' dir='ltr'><strong>ὑπὸ</strong></span> <span class='ocrx_word' id='word_1_538' title='bbox 883 4251 1105 4305; x_wconf 80' lang='grc' dir='ltr'><strong>πάντων</strong></span> <span class='ocrx_word' id='word_1_539' title='bbox 1138 4250 1248 4304; x_wconf 81' lang='grc' dir='ltr'><strong>τῶν</strong></span> <span class='ocrx_word' id='word_1_540' title='bbox 1278 4235 1337 4304; x_wconf 69' lang='grc' dir='ltr'><strong>ἐν</strong></span> <span class='ocrx_word' id='word_1_541' title='bbox 1371 4253 1438 4322; x_wconf 80' lang='grc' dir='ltr'><strong>τῇ</strong></span> <span class='ocrx_word' id='word_1_542' title='bbox 1487 4253 1728 4324; x_wconf 72' lang='grc' dir='ltr'><strong>ἐπαρχία</strong></span> <span class='ocrx_word' id='word_1_543' title='bbox 1770 4254 1895 4305; x_wconf 78' lang='grc' dir='ltr'><strong>ὲπι-</strong></span> 
     </span>
    </p>
   </div>
   <div class='ocr_carea' id='block_1_76' title="bbox 329 4339 1892 4416">
    <p class='ocr_par' dir='ltr' id='par_1_76' title="bbox 329 4339 1892 4416">
     <span class='ocr_line' id='line_1_76' title="bbox 329 4339 1892 4416; baseline 0 -18"><span class='ocrx_word' id='word_1_544' title='bbox 329 4345 531 4398; x_wconf 78' lang='grc' dir='ltr'><strong>σκόπων</strong></span> <span class='ocrx_word' id='word_1_545' title='bbox 561 4339 935 4400; x_wconf 81' lang='grc' dir='ltr'><strong>καθίστασθαι</strong></span> <span class='ocrx_word' id='word_1_546' title='bbox 955 4342 1131 4413; x_wconf 77' lang='grc' dir='ltr'><strong>ὁρίζει</strong></span> <span class='ocrx_word' id='word_1_547' title='bbox 1164 4344 1488 4398; x_wconf 72' lang='grc' dir='ltr'><strong>ἐπίσκοπον.</strong></span> <span class='ocrx_word' id='word_1_548' title='bbox 1518 4344 1582 4396; x_wconf 84' lang='lat' dir='ltr'><strong>Et</strong></span> <span class='ocrx_word' id='word_1_549' title='bbox 1611 4347 1669 4397; x_wconf 80' lang='grc' dir='ltr'><strong>δέ</strong></span> <span class='ocrx_word' id='word_1_550' title='bbox 1694 4362 1777 4408; x_wconf 88' lang='grc' dir='ltr'><strong>τις</strong></span> <span class='ocrx_word' id='word_1_551' title='bbox 1805 4344 1892 4416; x_wconf 85' lang='grc' dir='ltr'><strong>είη</strong></span> 
     </span>
    </p>
   </div>
   <div class='ocr_carea' id='block_1_77' title="bbox 328 4437 1891 4511">
    <p class='ocr_par' dir='ltr' id='par_1_77' title="bbox 328 4437 1891 4511">
     <span class='ocr_line' id='line_1_77' title="bbox 328 4437 1891 4511; baseline -0.001 -20"><span class='ocrx_word' id='word_1_552' title='bbox 328 4438 623 4511; x_wconf 80' lang='grc' dir='ltr'><strong>δυσχέρεια,</strong></span> <span class='ocrx_word' id='word_1_553' title='bbox 654 4441 808 4511; x_wconf 79' lang='grc' dir='ltr'><strong>τρεῖς</strong></span> <span class='ocrx_word' id='word_1_554' title='bbox 841 4437 1136 4492; x_wconf 73' lang='grc' dir='ltr'><strong>ἑπιτοαντδ</strong></span> <span class='ocrx_word' id='word_1_555' title='bbox 1165 4438 1528 4507; x_wconf 81' lang='grc' dir='ltr'><strong>συνάγεσθαι,</strong></span> <span class='ocrx_word' id='word_1_556' title='bbox 1579 4438 1891 4509; x_wconf 73' lang='grc' dir='ltr'><strong>συμψήφων</strong></span> 
     </span>
    </p>
   </div>
   <div class='ocr_carea' id='block_1_78' title="bbox 1997 3231 3569 3308">
    <p class='ocr_par' dir='ltr' id='par_1_78' title="bbox 1997 3231 3569 3308">
     <span class='ocr_line' id='line_1_78' title="bbox 1997 3231 3569 3308; baseline -0.003 -16"><span class='ocrx_word' id='word_1_557' title='bbox 1997 3250 2103 3293; x_wconf 85' lang='lat' dir='ltr'><strong>non</strong></span> <span class='ocrx_word' id='word_1_558' title='bbox 2128 3236 2200 3293; x_wconf 84' lang='lat' dir='ltr'><strong>sit</strong></span> <span class='ocrx_word' id='word_1_559' title='bbox 2242 3236 2543 3308; x_wconf 86' lang='lat' dir='ltr'><strong>adjectioue</strong></span> <span class='ocrx_word' id='word_1_560' title='bbox 2589 3250 2766 3305; x_wconf 60' lang='lat' dir='ltr'><strong>pana:</strong></span> <span class='ocrx_word' id='word_1_561' title='bbox 2826 3234 3114 3289; x_wconf 90' lang='lat' dir='ltr'><strong>munitum.</strong></span> <span class='ocrx_word' id='word_1_562' title='bbox 3174 3231 3317 3301; x_wconf 85' lang='lat' dir='ltr'><strong>Lege</strong></span> <span class='ocrx_word' id='word_1_563' title='bbox 3354 3246 3569 3303; x_wconf 79' lang='lat' dir='ltr'><strong>quoque</strong></span> 
     </span>
    </p>
   </div>
   <div class='ocr_carea' id='block_1_79' title="bbox 1994 3327 3569 3397">
    <p class='ocr_par' dir='ltr' id='par_1_79' title="bbox 1994 3327 3569 3397">
     <span class='ocr_line' id='line_1_79' title="bbox 1994 3327 3569 3397; baseline -0.008 -6"><span class='ocrx_word' id='word_1_564' title='bbox 1994 3337 2240 3391; x_wconf 86' lang='lat' dir='ltr'><strong>eamdem</strong></span> <span class='ocrx_word' id='word_1_565' title='bbox 2268 3331 2555 3388; x_wconf 85' lang='lat' dir='ltr'><strong>novellam.</strong></span> <span class='ocrx_word' id='word_1_566' title='bbox 2582 3332 2647 3385; x_wconf 86' lang='lat' dir='ltr'><strong>Et</strong></span> <span class='ocrx_word' id='word_1_567' title='bbox 2675 3330 2890 3385; x_wconf 83' lang='lat' dir='ltr'><strong>tandem</strong></span> <span class='ocrx_word' id='word_1_568' title='bbox 2920 3327 3207 3389; x_wconf 77' lang='lat' dir='ltr'><strong>concludo,</strong></span> <span class='ocrx_word' id='word_1_569' title='bbox 3232 3328 3374 3397; x_wconf 89' lang='lat' dir='ltr'><strong>quod</strong></span> <span class='ocrx_word' id='word_1_570' title='bbox 3399 3328 3569 3395; x_wconf 73' lang='lat' dir='ltr'><strong>depoo</strong></span> 
     </span>
    </p>
   </div>
   <div class='ocr_carea' id='block_1_80' title="bbox 1996 3417 3569 3492">
    <p class='ocr_par' dir='ltr' id='par_1_80' title="bbox 1996 3417 3569 3492">
     <span class='ocr_line' id='line_1_80' title="bbox 1996 3417 3569 3492; baseline -0.006 -12"><span class='ocrx_word' id='word_1_571' title='bbox 1996 3427 2049 3480; x_wconf 89' lang='lat' dir='ltr'><strong>ni</strong></span> <span class='ocrx_word' id='word_1_572' title='bbox 2081 3424 2353 3480; x_wconf 84' lang='lat' dir='ltr'><strong>antistites</strong></span> <span class='ocrx_word' id='word_1_573' title='bbox 2407 3422 2499 3492; x_wconf 87' lang='lat' dir='ltr'><strong>qui</strong></span> <span class='ocrx_word' id='word_1_574' title='bbox 2544 3432 2741 3491; x_wconf 83' lang='lat' dir='ltr'><strong>negant</strong></span> <span class='ocrx_word' id='word_1_575' title='bbox 2785 3435 2914 3473; x_wconf 88' lang='lat' dir='ltr'><strong>suas</strong></span> <span class='ocrx_word' id='word_1_576' title='bbox 2967 3419 3019 3472; x_wconf 87' lang='lat' dir='ltr'><strong>in</strong></span> <span class='ocrx_word' id='word_1_577' title='bbox 3049 3417 3406 3473; x_wconf 84' lang='lat' dir='ltr'><strong>clectionibus</strong></span> <span class='ocrx_word' id='word_1_578' title='bbox 3435 3418 3569 3470; x_wconf 78' lang='lat' dir='ltr'><strong>sub-</strong></span> 
     </span>
    </p>
   </div>
   <div class='ocr_carea' id='block_1_81' title="bbox 1997 3505 3571 3586">
    <p class='ocr_par' dir='ltr' id='par_1_81' title="bbox 1997 3505 3571 3586">
     <span class='ocr_line' id='line_1_81' title="bbox 1997 3505 3571 3586; baseline -0.008 -12"><span class='ocrx_word' id='word_1_579' title='bbox 1997 3518 2345 3586; x_wconf 89' lang='lat' dir='ltr'><strong>scriptiones,</strong></span> <span class='ocrx_word' id='word_1_580' title='bbox 2365 3514 2602 3586; x_wconf 80' lang='lat' dir='ltr'><strong>speciale</strong></span> <span class='ocrx_word' id='word_1_581' title='bbox 2626 3522 2735 3578; x_wconf 88' lang='lat' dir='ltr'><strong>est,</strong></span> <span class='ocrx_word' id='word_1_582' title='bbox 2767 3522 2824 3566; x_wconf 88' lang='lat' dir='ltr'><strong>et</strong></span> <span class='ocrx_word' id='word_1_583' title='bbox 2849 3511 3008 3564; x_wconf 84' lang='lat' dir='ltr'><strong>debet</strong></span> <span class='ocrx_word' id='word_1_584' title='bbox 3043 3509 3094 3561; x_wconf 89' lang='lat' dir='ltr'><strong>in</strong></span> <span class='ocrx_word' id='word_1_585' title='bbox 3134 3508 3238 3563; x_wconf 78' lang='lat' dir='ltr'><strong>hoc</strong></span> <span class='ocrx_word' id='word_1_586' title='bbox 3266 3505 3383 3563; x_wconf 87' lang='lat' dir='ltr'><strong>solo</strong></span> <span class='ocrx_word' id='word_1_587' title='bbox 3422 3506 3571 3563; x_wconf 80' lang='lat' dir='ltr'><strong>facto</strong></span> 
     </span>
    </p>
   </div>
   <div class='ocr_carea' id='block_1_82' title="bbox 1999 3601 3571 3671">
    <p class='ocr_par' dir='ltr' id='par_1_82' title="bbox 1999 3601 3571 3671">
     <span class='ocr_line' id='line_1_82' title="bbox 1999 3601 3571 3671; baseline -0.006 -7"><span class='ocrx_word' id='word_1_588' title='bbox 1999 3612 2203 3664; x_wconf 87' lang='lat' dir='ltr'><strong>valere.</strong></span> <span class='ocrx_word' id='word_1_589' title='bbox 2257 3606 2314 3662; x_wconf 92' lang='lat' dir='ltr'><strong>Si</strong></span> <span class='ocrx_word' id='word_1_590' title='bbox 2363 3606 2507 3662; x_wconf 88' lang='lat' dir='ltr'><strong>enim</strong></span> <span class='ocrx_word' id='word_1_591' title='bbox 2551 3605 2696 3663; x_wconf 85' lang='lat' dir='ltr'><strong>aliud</strong></span> <span class='ocrx_word' id='word_1_592' title='bbox 2743 3618 2899 3658; x_wconf 86' lang='lat' dir='ltr'><strong>suum</strong></span> <span class='ocrx_word' id='word_1_593' title='bbox 2963 3602 3223 3669; x_wconf 85' lang='lat' dir='ltr'><strong>scriptum</strong></span> <span class='ocrx_word' id='word_1_594' title='bbox 3294 3601 3571 3671; x_wconf 71' lang='lat' dir='ltr'><strong>negaverit</strong></span> 
     </span>
    </p>
   </div>
   <div class='ocr_carea' id='block_1_83' title="bbox 1995 3695 3573 3773">
    <p class='ocr_par' dir='ltr' id='par_1_83' title="bbox 1995 3695 3573 3773">
     <span class='ocr_line' id='line_1_83' title="bbox 1995 3695 3573 3773; baseline -0.004 -18"><span class='ocrx_word' id='word_1_595' title='bbox 1995 3704 2283 3773; x_wconf 87' lang='lat' dir='ltr'><strong>episcopus</strong></span> <span class='ocrx_word' id='word_1_596' title='bbox 2307 3702 2387 3755; x_wconf 84' lang='lat' dir='ltr'><strong>vel</strong></span> <span class='ocrx_word' id='word_1_597' title='bbox 2418 3698 2668 3760; x_wconf 88' lang='lat' dir='ltr'><strong>clericus,</strong></span> <span class='ocrx_word' id='word_1_598' title='bbox 2721 3699 2778 3749; x_wconf 86' lang='lat' dir='ltr'><strong>ut</strong></span> <span class='ocrx_word' id='word_1_599' title='bbox 2809 3695 2937 3749; x_wconf 87' lang='lat' dir='ltr'><strong>mihi</strong></span> <span class='ocrx_word' id='word_1_600' title='bbox 2981 3695 3213 3760; x_wconf 86' lang='lat' dir='ltr'><strong>videtur,</strong></span> <span class='ocrx_word' id='word_1_601' title='bbox 3265 3708 3371 3749; x_wconf 92' lang='lat' dir='ltr'><strong>non</strong></span> <span class='ocrx_word' id='word_1_602' title='bbox 3404 3695 3573 3765; x_wconf 84' lang='lat' dir='ltr'><strong>depo-</strong></span> 
     </span>
    </p>
   </div>
   <div class='ocr_carea' id='block_1_84' title="bbox 1997 3787 3573 3862">
    <p class='ocr_par' dir='ltr' id='par_1_84' title="bbox 1997 3787 3573 3862">
     <span class='ocr_line' id='line_1_84' title="bbox 1997 3787 3573 3862; baseline -0.002 -14"><span class='ocrx_word' id='word_1_603' title='bbox 1997 3807 2175 3856; x_wconf 89' lang='lat' dir='ltr'><strong>netur,</strong></span> <span class='ocrx_word' id='word_1_604' title='bbox 2199 3803 2257 3847; x_wconf 88' lang='lat' dir='ltr'><strong>ut</strong></span> <span class='ocrx_word' id='word_1_605' title='bbox 2280 3791 2667 3862; x_wconf 89' lang='lat' dir='ltr'><strong>dicuntaliqui,</strong></span> <span class='ocrx_word' id='word_1_606' title='bbox 2704 3789 2801 3846; x_wconf 85' lang='lat' dir='ltr'><strong>sed</strong></span> <span class='ocrx_word' id='word_1_607' title='bbox 2834 3804 2901 3844; x_wconf 77' lang='lat' dir='ltr'><strong>ex</strong></span> <span class='ocrx_word' id='word_1_608' title='bbox 2942 3787 3148 3860; x_wconf 80' lang='lat' dir='ltr'><strong>legibus</strong></span> <span class='ocrx_word' id='word_1_609' title='bbox 3187 3803 3351 3859; x_wconf 86' lang='lat' dir='ltr'><strong>supra</strong></span> <span class='ocrx_word' id='word_1_610' title='bbox 3383 3792 3573 3860; x_wconf 79' lang='lat' dir='ltr'><strong>positis</strong></span> 
     </span>
    </p>
   </div>
   <div class='ocr_carea' id='block_1_85' title="bbox 1996 3888 2273 3954">
    <p class='ocr_par' dir='ltr' id='par_1_85' title="bbox 1996 3888 2273 3954">
     <span class='ocr_line' id='line_1_85' title="bbox 1996 3888 2273 3954; baseline 0.007 -15"><span class='ocrx_word' id='word_1_611' title='bbox 1996 3888 2273 3954; x_wconf 83' lang='lat' dir='ltr'><strong>punietur.</strong></span> 
     </span>
    </p>
   </div>
   <div class='ocr_carea' id='block_1_86' title="bbox 2005 3980 3575 4061">
    <p class='ocr_par' dir='ltr' id='par_1_86' title="bbox 2005 3980 3575 4061">
     <span class='ocr_line' id='line_1_86' title="bbox 2005 3980 3575 4061; baseline 0.009 -28"><span class='ocrx_word' id='word_1_612' title='bbox 2005 3980 2142 4034; x_wconf 80' lang='grc' dir='ltr'><strong>ἀλλὰ</strong></span> <span class='ocrx_word' id='word_1_613' title='bbox 2195 3983 2338 4037; x_wconf 85' lang='grc' dir='ltr'><strong>κατὰ</strong></span> <span class='ocrx_word' id='word_1_614' title='bbox 2390 3986 2518 4050; x_wconf 74' lang='grc' dir='ltr'><strong>τοὺς</strong></span> <span class='ocrx_word' id='word_1_615' title='bbox 2572 3986 2780 4043; x_wconf 75' lang='grc' dir='ltr'><strong>ἄνωθεν</strong></span> <span class='ocrx_word' id='word_1_616' title='bbox 2833 3987 3325 4061; x_wconf 81' lang='grc' dir='ltr'><strong>καταστρωθέντας</strong></span> <span class='ocrx_word' id='word_1_617' title='bbox 3374 3986 3575 4057; x_wconf 77' lang='grc' dir='ltr'><strong>νόμους</strong></span> 
     </span>
    </p>
   </div>
   <div class='ocr_carea' id='block_1_87' title="bbox 2070 4166 3573 4238">
    <p class='ocr_par' dir='ltr' id='par_1_87' title="bbox 2070 4166 3573 4238">
     <span class='ocr_line' id='line_1_87' title="bbox 2070 4166 3573 4238; baseline 0.002 -15"><span class='ocrx_word' id='word_1_618' title='bbox 2070 4167 2320 4226; x_wconf 77' lang='lat' dir='ltr'><strong>ZONAR.</strong></span> <span class='ocrx_word' id='word_1_619' title='bbox 2395 4167 2729 4238; x_wconf 82' lang='lat' dir='ltr'><strong>Episcopum</strong></span> <span class='ocrx_word' id='word_1_620' title='bbox 2800 4177 3029 4237; x_wconf 87' lang='lat' dir='ltr'><strong>quartus</strong></span> <span class='ocrx_word' id='word_1_621' title='bbox 3099 4166 3330 4225; x_wconf 68' lang='lat' dir='ltr'><strong>Nicana:</strong></span> <span class='ocrx_word' id='word_1_622' title='bbox 3383 4168 3573 4237; x_wconf 84' lang='lat' dir='ltr'><strong>primae</strong></span> 
     </span>
    </p>
   </div>
   <div class='ocr_carea' id='block_1_88' title="bbox 2003 4259 3578 4336">
    <p class='ocr_par' dir='ltr' id='par_1_88' title="bbox 2003 4259 3578 4336">
     <span class='ocr_line' id='line_1_88' title="bbox 2003 4259 3578 4336; baseline -0.003 -18"><span class='ocrx_word' id='word_1_623' title='bbox 2003 4263 2197 4336; x_wconf 84' lang='lat' dir='ltr'><strong>synodi</strong></span> <span class='ocrx_word' id='word_1_624' title='bbox 2233 4276 2406 4317; x_wconf 86' lang='lat' dir='ltr'><strong>canon</strong></span> <span class='ocrx_word' id='word_1_625' title='bbox 2434 4266 2676 4316; x_wconf 87' lang='lat' dir='ltr'><strong>omnium</strong></span> <span class='ocrx_word' id='word_1_626' title='bbox 2713 4261 3010 4333; x_wconf 62' lang='lat' dir='ltr'><strong>provincia</strong></span> <span class='ocrx_word' id='word_1_627' title='bbox 3051 4261 3426 4329; x_wconf 83' lang='lat' dir='ltr'><strong>episcoporum</strong></span> <span class='ocrx_word' id='word_1_628' title='bbox 3457 4259 3578 4314; x_wconf 76' lang='lat' dir='ltr'><strong>suf-</strong></span> 
     </span>
    </p>
   </div>
   <div class='ocr_carea' id='block_1_89' title="bbox 2003 4352 3579 4427">
    <p class='ocr_par' dir='ltr' id='par_1_89' title="bbox 2003 4352 3579 4427">
     <span class='ocr_line' id='line_1_89' title="bbox 2003 4352 3579 4427; baseline -0.003 -16"><span class='ocrx_word' id='word_1_629' title='bbox 2003 4355 2176 4427; x_wconf 77' lang='lat' dir='ltr'><strong>fragio</strong></span> <span class='ocrx_word' id='word_1_630' title='bbox 2204 4355 2646 4411; x_wconf 77' lang='lat' dir='ltr'><strong>conetit&#39;uendum</strong></span> <span class='ocrx_word' id='word_1_631' title='bbox 2677 4369 2801 4411; x_wconf 86' lang='lat' dir='ltr'><strong>esse</strong></span> <span class='ocrx_word' id='word_1_632' title='bbox 2825 4355 3090 4410; x_wconf 85' lang='lat' dir='ltr'><strong>decernit.</strong></span> <span class='ocrx_word' id='word_1_633' title='bbox 3121 4356 3193 4407; x_wconf 83' lang='lat' dir='ltr'><strong>At</strong></span> <span class='ocrx_word' id='word_1_634' title='bbox 3218 4354 3262 4408; x_wconf 92' lang='lat' dir='ltr'><strong>si</strong></span> <span class='ocrx_word' id='word_1_635' title='bbox 3288 4352 3579 4423; x_wconf 86' lang='lat' dir='ltr'><strong>quonimus</strong></span> 
     </span>
    </p>
   </div>
   <div class='ocr_carea' id='block_1_90' title="bbox 2004 4445 3575 4519">
    <p class='ocr_par' dir='ltr' id='par_1_90' title="bbox 2004 4445 3575 4519">
     <span class='ocr_line' id='line_1_90' title="bbox 2004 4445 3575 4519; baseline -0.003 -18"><span class='ocrx_word' id='word_1_636' title='bbox 2004 4448 2055 4501; x_wconf 90' lang='lat' dir='ltr'><strong>id</strong></span> <span class='ocrx_word' id='word_1_637' title='bbox 2089 4448 2201 4502; x_wconf 88' lang='lat' dir='ltr'><strong>lieri</strong></span> <span class='ocrx_word' id='word_1_638' title='bbox 2226 4450 2417 4515; x_wconf 88' lang='lat' dir='ltr'><strong>possit,</strong></span> <span class='ocrx_word' id='word_1_639' title='bbox 2440 4462 2602 4504; x_wconf 83' lang='lat' dir='ltr'><strong>causa</strong></span> <span class='ocrx_word' id='word_1_640' title='bbox 2625 4446 2812 4518; x_wconf 87' lang='lat' dir='ltr'><strong>aliqua</strong></span> <span class='ocrx_word' id='word_1_641' title='bbox 2855 4448 3074 4519; x_wconf 85' lang='lat' dir='ltr'><strong>gravior</strong></span> <span class='ocrx_word' id='word_1_642' title='bbox 3118 4445 3426 4510; x_wconf 84' lang='lat' dir='ltr'><strong>obstiterit,</strong></span> <span class='ocrx_word' id='word_1_643' title='bbox 3461 4453 3575 4498; x_wconf 89' lang='lat' dir='ltr'><strong>tum</strong></span> 
     </span>
    </p>
   </div>
   <div class='ocr_carea' id='block_1_91' title="bbox 328 4530 1892 4615">
    <p class='ocr_par' dir='ltr' id='par_1_91' title="bbox 328 4530 1892 4602">
     <span class='ocr_line' id='line_1_91' title="bbox 328 4530 1892 4602; baseline 0.001 -21"><span class='ocrx_word' id='word_1_644' title='bbox 328 4530 410 4585; x_wconf 77' lang='grc' dir='ltr'><strong>διὰ</strong></span> <span class='ocrx_word' id='word_1_645' title='bbox 456 4531 810 4602; x_wconf 82' lang='grc' dir='ltr'><strong>γραμμάτων</strong></span> <span class='ocrx_word' id='word_1_646' title='bbox 863 4534 958 4585; x_wconf 71' lang='grc' dir='ltr'><strong>καὶ</strong></span> <span class='ocrx_word' id='word_1_647' title='bbox 1008 4532 1115 4586; x_wconf 82' lang='grc' dir='ltr'><strong>τῶν</strong></span> <span class='ocrx_word' id='word_1_648' title='bbox 1164 4530 1372 4597; x_wconf 84' lang='grc' dir='ltr'><strong>λοιπῶν</strong></span> <span class='ocrx_word' id='word_1_649' title='bbox 1416 4531 1749 4602; x_wconf 82' lang='grc' dir='ltr'><strong>γινομένων,</strong></span> <span class='ocrx_word' id='word_1_650' title='bbox 1800 4530 1892 4586; x_wconf 71' lang='grc' dir='ltr'><strong>καὶ</strong></span> 
     </span>
    </p>
   </div>
   <div class='ocr_carea' id='block_1_92' title="bbox 1996 4530 3577 4615">
    <p class='ocr_par' dir='ltr' id='par_1_92' title="bbox 2002 4538 3577 4615">
     <span class='ocr_line' id='line_1_92' title="bbox 2002 4538 3577 4615; baseline -0.001 -22"><span class='ocrx_word' id='word_1_651' title='bbox 2002 4554 2135 4594; x_wconf 89' lang='lat' dir='ltr'><strong>vero</strong></span> <span class='ocrx_word' id='word_1_652' title='bbox 2172 4549 2282 4594; x_wconf 88' lang='lat' dir='ltr'><strong>tres</strong></span> <span class='ocrx_word' id='word_1_653' title='bbox 2309 4539 2473 4594; x_wconf 82' lang='lat' dir='ltr'><strong>simul</strong></span> <span class='ocrx_word' id='word_1_654' title='bbox 2500 4542 2821 4615; x_wconf 82' lang='lat' dir='ltr'><strong>convenire,</strong></span> <span class='ocrx_word' id='word_1_655' title='bbox 2860 4556 2926 4595; x_wconf 87' lang='lat' dir='ltr'><strong>ac</strong></span> <span class='ocrx_word' id='word_1_656' title='bbox 2976 4540 3189 4595; x_wconf 76' lang='lat' dir='ltr'><strong>cteteris</strong></span> <span class='ocrx_word' id='word_1_657' title='bbox 3224 4552 3321 4606; x_wconf 84' lang='lat' dir='ltr'><strong>per</strong></span> <span class='ocrx_word' id='word_1_658' title='bbox 3366 4538 3577 4592; x_wconf 85' lang='lat' dir='ltr'><strong>litteras</strong></span> 
     </span>
    </p>
   </div>
   <div class='ocr_carea' id='block_1_93' title="bbox 329 4622 1900 4696">
    <p class='ocr_par' dir='ltr' id='par_1_93' title="bbox 329 4622 1900 4696">
     <span class='ocr_line' id='line_1_93' title="bbox 329 4622 1900 4696; baseline 0.003 -21"><span class='ocrx_word' id='word_1_659' title='bbox 329 4622 488 4688; x_wconf 75' lang='grc' dir='ltr'><strong>οὔτως</strong></span> <span class='ocrx_word' id='word_1_660' title='bbox 512 4628 613 4696; x_wconf 74' lang='grc' dir='ltr'><strong>τὴν</strong></span> <span class='ocrx_word' id='word_1_661' title='bbox 668 4626 1007 4695; x_wconf 83' lang='grc' dir='ltr'><strong>χειροτονίαν</strong></span> <span class='ocrx_word' id='word_1_662' title='bbox 1044 4626 1314 4693; x_wconf 81' lang='grc' dir='ltr'><strong>γίνεσθαι.</strong></span> <span class='ocrx_word' id='word_1_663' title='bbox 1363 4627 1431 4677; x_wconf 71' lang='grc' dir='ltr'><strong>Ἀ</strong></span> <span class='ocrx_word' id='word_1_664' title='bbox 1481 4626 1661 4679; x_wconf 83' lang='grc' dir='ltr'><strong>τοίνυν</strong></span> <span class='ocrx_word' id='word_1_665' title='bbox 1687 4628 1715 4678; x_wconf 85' lang='grc' dir='ltr'>ὁ</span> <span class='ocrx_word' id='word_1_666' title='bbox 1748 4627 1900 4696; x_wconf 83' lang='grc' dir='ltr'><strong>εἰρη-</strong></span> 
     </span>
    </p>
   </div>
   <div class='ocr_carea' id='block_1_94' title="bbox 2001 4634 3570 4705">
    <p class='ocr_par' dir='ltr' id='par_1_94' title="bbox 2001 4634 3570 4705">
     <span class='ocr_line' id='line_1_94' title="bbox 2001 4634 3570 4705; baseline -0.002 -15"><span class='ocrx_word' id='word_1_667' title='bbox 2001 4636 2424 4693; x_wconf 80' lang='lat' dir='ltr'><strong>assentientibus</strong></span> <span class='ocrx_word' id='word_1_668' title='bbox 2462 4635 2774 4705; x_wconf 86' lang='lat' dir='ltr'><strong>episcopum</strong></span> <span class='ocrx_word' id='word_1_669' title='bbox 2803 4636 3015 4690; x_wconf 90' lang='lat' dir='ltr'><strong>illorum</strong></span> <span class='ocrx_word' id='word_1_670' title='bbox 3044 4636 3367 4689; x_wconf 84' lang='lat' dir='ltr'><strong>auctoritate</strong></span> <span class='ocrx_word' id='word_1_671' title='bbox 3385 4634 3570 4689; x_wconf 76' lang='lat' dir='ltr'><strong>creari</strong></span> 
     </span>
    </p>
   </div>
   <div class='ocr_carea' id='block_1_95' title="bbox 336 4716 1892 4800">
    <p class='ocr_par' dir='ltr' id='par_1_95' title="bbox 336 4716 1892 4787">
     <span class='ocr_line' id='line_1_95' title="bbox 336 4716 1892 4787; baseline 0 -18"><span class='ocrx_word' id='word_1_672' title='bbox 336 4716 483 4783; x_wconf 73' lang='grc' dir='ltr'><strong>μένος</strong></span> <span class='ocrx_word' id='word_1_673' title='bbox 513 4717 698 4772; x_wconf 78' lang='grc' dir='ltr'><strong>κανὼν</strong></span> <span class='ocrx_word' id='word_1_674' title='bbox 718 4717 1086 4781; x_wconf 72' lang='grc' dir='ltr'><strong>διατάττεται,</strong></span> <span class='ocrx_word' id='word_1_675' title='bbox 1114 4718 1310 4781; x_wconf 79' lang='grc' dir='ltr'><strong>ταῦτα,</strong></span> <span class='ocrx_word' id='word_1_676' title='bbox 1341 4718 1508 4786; x_wconf 79' lang='grc' dir='ltr'><strong>φασὶν</strong></span> <span class='ocrx_word' id='word_1_677' title='bbox 1529 4718 1579 4770; x_wconf 80' lang='lat' dir='ltr'><strong>oi</strong></span> <span class='ocrx_word' id='word_1_678' title='bbox 1609 4718 1710 4787; x_wconf 81' lang='grc' dir='ltr'><strong>τῆς</strong></span> <span class='ocrx_word' id='word_1_679' title='bbox 1740 4719 1892 4771; x_wconf 90' lang='grc' dir='ltr'><strong>συνό-</strong></span> 
     </span>
    </p>
   </div>
   <div class='ocr_carea' id='block_1_96' title="bbox 1996 4716 3573 4800">
    <p class='ocr_par' dir='ltr' id='par_1_96' title="bbox 2002 4729 3573 4800">
     <span class='ocr_line' id='line_1_96' title="bbox 2002 4729 3573 4800; baseline 0.001 -19"><span class='ocrx_word' id='word_1_680' title='bbox 2002 4730 2197 4800; x_wconf 88' lang='lat' dir='ltr'><strong>placet.</strong></span> <span class='ocrx_word' id='word_1_681' title='bbox 2236 4729 2365 4797; x_wconf 76' lang='lat' dir='ltr'><strong>Quae</strong></span> <span class='ocrx_word' id='word_1_682' title='bbox 2406 4731 2569 4799; x_wconf 87' lang='lat' dir='ltr'><strong>igitur</strong></span> <span class='ocrx_word' id='word_1_683' title='bbox 2618 4731 2709 4785; x_wconf 93' lang='lat' dir='ltr'><strong>illo</strong></span> <span class='ocrx_word' id='word_1_684' title='bbox 2761 4745 2967 4785; x_wconf 78' lang='lat' dir='ltr'><strong>canone</strong></span> <span class='ocrx_word' id='word_1_685' title='bbox 3019 4729 3468 4799; x_wconf 71' lang='lat' dir='ltr'><strong>prtescribuntur,</strong></span> <span class='ocrx_word' id='word_1_686' title='bbox 3505 4744 3573 4791; x_wconf 83' lang='lat' dir='ltr'><strong>ea</strong></span> 
     </span>
    </p>
   </div>
   <div class='ocr_carea' id='block_1_97' title="bbox 335 4809 1892 4892">
    <p class='ocr_par' dir='ltr' id='par_1_97' title="bbox 335 4809 1892 4881">
     <span class='ocr_line' id='line_1_97' title="bbox 335 4809 1892 4881; baseline 0 -19"><span class='ocrx_word' id='word_1_687' title='bbox 335 4809 419 4863; x_wconf 87' lang='grc' dir='ltr'><strong>δου</strong></span> <span class='ocrx_word' id='word_1_688' title='bbox 439 4813 668 4881; x_wconf 85' lang='grc' dir='ltr'><strong>ταύτης.</strong></span> <span class='ocrx_word' id='word_1_689' title='bbox 710 4812 825 4865; x_wconf 74' lang='grc' dir='ltr'><strong>δεῖν</strong></span> <span class='ocrx_word' id='word_1_690' title='bbox 879 4810 1247 4881; x_wconf 77' lang='grc' dir='ltr'><strong>φυλαχθῆναι,</strong></span> <span class='ocrx_word' id='word_1_691' title='bbox 1281 4811 1357 4873; x_wconf 84' lang='grc' dir='ltr'><strong>ὡς</strong></span> <span class='ocrx_word' id='word_1_692' title='bbox 1400 4809 1691 4879; x_wconf 82' lang='grc' dir='ltr'><strong>ὁρισθέντα</strong></span> <span class='ocrx_word' id='word_1_693' title='bbox 1744 4812 1892 4881; x_wconf 82' lang='grc' dir='ltr'><strong>παρά</strong></span> 
     </span>
    </p>
   </div>
   <div class='ocr_carea' id='block_1_98' title="bbox 1996 4809 3580 4892">
    <p class='ocr_par' dir='ltr' id='par_1_98' title="bbox 2006 4820 3580 4892">
     <span class='ocr_line' id='line_1_98' title="bbox 2006 4820 3580 4892; baseline -0.001 -15"><span class='ocrx_word' id='word_1_694' title='bbox 2006 4821 2260 4877; x_wconf 83' lang='lat' dir='ltr'><strong>nimirum</strong></span> <span class='ocrx_word' id='word_1_695' title='bbox 2292 4838 2321 4875; x_wconf 88' lang='lat' dir='ltr'><strong>a</strong></span> <span class='ocrx_word' id='word_1_696' title='bbox 2350 4824 2644 4888; x_wconf 83' lang='lat' dir='ltr'><strong>majoribus</strong></span> <span class='ocrx_word' id='word_1_697' title='bbox 2668 4831 2871 4878; x_wconf 82' lang='lat' dir='ltr'><strong>statuta</strong></span> <span class='ocrx_word' id='word_1_698' title='bbox 2902 4822 3108 4876; x_wconf 79' lang='lat' dir='ltr'><strong>servari</strong></span> <span class='ocrx_word' id='word_1_699' title='bbox 3134 4830 3388 4889; x_wconf 84' lang='lat' dir='ltr'><strong>oportere</strong></span> <span class='ocrx_word' id='word_1_700' title='bbox 3414 4820 3580 4892; x_wconf 69' lang='lat' dir='ltr'><strong>hujus</strong></span> 
     </span>
    </p>
   </div>
   <div class='ocr_carea' id='block_1_99' title="bbox 334 4899 1892 4983">
    <p class='ocr_par' dir='ltr' id='par_1_99' title="bbox 334 4899 1892 4972">
     <span class='ocr_line' id='line_1_99' title="bbox 334 4899 1892 4972; baseline -0.001 -19"><span class='ocrx_word' id='word_1_701' title='bbox 334 4899 435 4955; x_wconf 78' lang='grc' dir='ltr'><strong>τῶν</strong></span> <span class='ocrx_word' id='word_1_702' title='bbox 480 4905 588 4972; x_wconf 78' lang='grc' dir='ltr'><strong>πρὸ</strong></span> <span class='ocrx_word' id='word_1_703' title='bbox 638 4903 887 4956; x_wconf 74' lang='grc' dir='ltr'><strong>ἐκείνων.</strong></span> <span class='ocrx_word' id='word_1_704' title='bbox 917 4900 1270 4972; x_wconf 82' lang='grc' dir='ltr'><strong>Χειροτονίαν</strong></span> <span class='ocrx_word' id='word_1_705' title='bbox 1310 4902 1355 4955; x_wconf 80' lang='grc' dir='ltr'><strong>δ’</strong></span> <span class='ocrx_word' id='word_1_706' title='bbox 1414 4901 1653 4955; x_wconf 60' lang='grc' dir='ltr'><strong>ἐνταῦθα</strong></span> <span class='ocrx_word' id='word_1_707' title='bbox 1690 4901 1765 4971; x_wconf 77' lang='grc' dir='ltr'><strong>μὴ</strong></span> <span class='ocrx_word' id='word_1_708' title='bbox 1803 4901 1892 4972; x_wconf 75' lang='grc' dir='ltr'><strong>τὴν</strong></span> 
     </span>
    </p>
   </div>
   <div class='ocr_carea' id='block_1_100' title="bbox 1996 4899 3580 4983">
    <p class='ocr_par' dir='ltr' id='par_1_100' title="bbox 2001 4910 3580 4983">
     <span class='ocr_line' id='line_1_100' title="bbox 2001 4910 3580 4983; baseline -0.001 -16"><span class='ocrx_word' id='word_1_709' title='bbox 2001 4912 2192 4983; x_wconf 83' lang='lat' dir='ltr'><strong>synodi</strong></span> <span class='ocrx_word' id='word_1_710' title='bbox 2236 4910 2428 4968; x_wconf 79' lang='lat' dir='ltr'><strong>Patres</strong></span> <span class='ocrx_word' id='word_1_711' title='bbox 2464 4912 2753 4967; x_wconf 69' lang='lat' dir='ltr'><strong>afﬁrmant.</strong></span> <span class='ocrx_word' id='word_1_712' title='bbox 2803 4910 3108 4969; x_wconf 84' lang='lat' dir='ltr'><strong>Creetionis</strong></span> <span class='ocrx_word' id='word_1_713' title='bbox 3144 4928 3305 4982; x_wconf 85' lang='lat' dir='ltr'><strong>porro</strong></span> <span class='ocrx_word' id='word_1_714' title='bbox 3335 4915 3580 4975; x_wconf 81' lang='lat' dir='ltr'><strong>nomine,</strong></span> 
     </span>
    </p>
   </div>
   <div class='ocr_carea' id='block_1_101' title="bbox 337 4994 1902 5066">
    <p class='ocr_par' dir='ltr' id='par_1_101' title="bbox 337 4994 1902 5066">
     <span class='ocr_line' id='line_1_101' title="bbox 337 4994 1902 5066; baseline 0.003 -21"><span class='ocrx_word' id='word_1_715' title='bbox 337 4995 669 5066; x_wconf 84' lang='grc' dir='ltr'><strong>χειροθεσίαν</strong></span> <span class='ocrx_word' id='word_1_716' title='bbox 699 4997 795 5049; x_wconf 75' lang='grc' dir='ltr'><strong>καὶ</strong></span> <span class='ocrx_word' id='word_1_717' title='bbox 826 4994 1163 5065; x_wconf 82' lang='grc' dir='ltr'><strong>καθιέρωσιν</strong></span> <span class='ocrx_word' id='word_1_718' title='bbox 1199 5011 1445 5064; x_wconf 84' lang='grc' dir='ltr'><strong>νοητεον,</strong></span> <span class='ocrx_word' id='word_1_719' title='bbox 1476 4994 1613 5049; x_wconf 82' lang='grc' dir='ltr'><strong>ἀλλὰ</strong></span> <span class='ocrx_word' id='word_1_720' title='bbox 1654 4997 1753 5065; x_wconf 72' lang='grc' dir='ltr'><strong>τὴν</strong></span> <span class='ocrx_word' id='word_1_721' title='bbox 1798 4995 1902 5065; x_wconf 77' lang='grc' dir='ltr'><strong>ψῆ-</strong></span> 
     </span>
    </p>
   </div>
   <div class='ocr_carea' id='block_1_102' title="bbox 340 5088 1901 5161">
    <p class='ocr_par' dir='ltr' id='par_1_102' title="bbox 340 5088 1901 5161">
     <span class='ocr_line' id='line_1_102' title="bbox 340 5088 1901 5161; baseline 0.001 -18"><span class='ocrx_word' id='word_1_722' title='bbox 340 5092 559 5158; x_wconf 76' lang='grc' dir='ltr'><strong>φον,ῖνα</strong></span> <span class='ocrx_word' id='word_1_723' title='bbox 598 5091 675 5161; x_wconf 73' lang='grc' dir='ltr'><strong>μὴ</strong></span> <span class='ocrx_word' id='word_1_724' title='bbox 704 5091 839 5160; x_wconf 80' lang='grc' dir='ltr'><strong>δοκῇ</strong></span> <span class='ocrx_word' id='word_1_725' title='bbox 879 5088 1263 5143; x_wconf 77' lang='grc' dir='ltr'><strong>ἐναντιοῦσθαι</strong></span> <span class='ocrx_word' id='word_1_726' title='bbox 1312 5088 1390 5159; x_wconf 83' lang='grc' dir='ltr'><strong>τῷ</strong></span> <span class='ocrx_word' id='word_1_727' title='bbox 1456 5090 1657 5158; x_wconf 79' lang='grc' dir='ltr'><strong>πρώτῳ</strong></span> <span class='ocrx_word' id='word_1_728' title='bbox 1713 5090 1901 5144; x_wconf 85' lang='grc' dir='ltr'><strong>κανόνι</strong></span> 
     </span>
    </p>
   </div>
   <div class='ocr_carea' id='block_1_103' title="bbox 340 5181 1902 5250">
    <p class='ocr_par' dir='ltr' id='par_1_103' title="bbox 340 5181 1902 5250">
     <span class='ocr_line' id='line_1_103' title="bbox 340 5181 1902 5250; baseline -0.001 -15"><span class='ocrx_word' id='word_1_729' title='bbox 340 5183 437 5235; x_wconf 74' lang='grc' dir='ltr'><strong>τῶν</strong></span> <span class='ocrx_word' id='word_1_730' title='bbox 476 5184 647 5250; x_wconf 75' lang='grc' dir='ltr'><strong>ἁγίων</strong></span> <span class='ocrx_word' id='word_1_731' title='bbox 695 5184 1045 5247; x_wconf 80' lang='grc' dir='ltr'><strong>ἀποστόλων,</strong></span> <span class='ocrx_word' id='word_1_732' title='bbox 1116 5182 1212 5236; x_wconf 64' lang='grc' dir='ltr'><strong>καὶ⁸</strong></span> <span class='ocrx_word' id='word_1_733' title='bbox 1267 5182 1373 5235; x_wconf 78' lang='grc' dir='ltr'><strong>ὑπὸ</strong></span> <span class='ocrx_word' id='word_1_734' title='bbox 1425 5181 1523 5235; x_wconf 83' lang='grc' dir='ltr'><strong>δύο</strong></span> <span class='ocrx_word' id='word_1_735' title='bbox 1577 5185 1902 5236; x_wconf 70' lang='grc' dir='ltr'><strong>ἐπισκόπων</strong></span> 
     </span>
    </p>
   </div>
   <div class='ocr_carea' id='block_1_104' title="bbox 343 5275 1904 5348">
    <p class='ocr_par' dir='ltr' id='par_1_104' title="bbox 343 5275 1904 5348">
     <span class='ocr_line' id='line_1_104' title="bbox 343 5275 1904 5348; baseline 0 -19"><span class='ocrx_word' id='word_1_736' title='bbox 343 5276 567 5345; x_wconf 73' lang='grc' dir='ltr'><strong>ὁρίζοντι</strong></span> <span class='ocrx_word' id='word_1_737' title='bbox 608 5277 1037 5348; x_wconf 75' lang='grc' dir='ltr'><strong>χειροτονεῖσθαι</strong></span> <span class='ocrx_word' id='word_1_738' title='bbox 1088 5276 1414 5331; x_wconf 71' lang='grc' dir='ltr'><strong>ἐπίσκοπον.</strong></span> <span class='ocrx_word' id='word_1_739' title='bbox 1446 5275 1635 5339; x_wconf 83' lang='grc' dir='ltr'><strong>Ὅπως</strong></span> <span class='ocrx_word' id='word_1_740' title='bbox 1698 5276 1754 5328; x_wconf 74' lang='grc' dir='ltr'><strong>δὲ</strong></span> <span class='ocrx_word' id='word_1_741' title='bbox 1801 5276 1904 5329; x_wconf 83' lang='grc' dir='ltr'><strong>οὐκ</strong></span> 
     </span>
    </p>
   </div>
   <div class='ocr_carea' id='block_1_105' title="bbox 345 5367 1905 5443">
    <p class='ocr_par' dir='ltr' id='par_1_105' title="bbox 345 5367 1905 5443">
     <span class='ocr_line' id='line_1_105' title="bbox 345 5367 1905 5443; baseline -0.002 -21"><span class='ocrx_word' id='word_1_742' title='bbox 345 5369 693 5438; x_wconf 63' lang='grc' dir='ltr'><strong>ἐναντιοῦται,</strong></span> <span class='ocrx_word' id='word_1_743' title='bbox 725 5369 941 5443; x_wconf 70' lang='grc' dir='ltr'><strong>εἴρηται</strong></span> <span class='ocrx_word' id='word_1_744' title='bbox 974 5374 1035 5425; x_wconf 75' lang='grc' dir='ltr'><strong>ὲν</strong></span> <span class='ocrx_word' id='word_1_745' title='bbox 1063 5372 1133 5442; x_wconf 80' lang='grc' dir='ltr'><strong>τῇ</strong></span> <span class='ocrx_word' id='word_1_746' title='bbox 1166 5369 1426 5442; x_wconf 68' lang='grc' dir='ltr'><strong>ἐξηγήσει</strong></span> <span class='ocrx_word' id='word_1_747' title='bbox 1474 5367 1573 5421; x_wconf 79' lang='grc' dir='ltr'><strong>τοῦ</strong></span> <span class='ocrx_word' id='word_1_748' title='bbox 1605 5368 1647 5421; x_wconf 83' lang='grc' dir='ltr'><strong>δ’</strong></span> <span class='ocrx_word' id='word_1_749' title='bbox 1682 5368 1905 5431; x_wconf 88' lang='grc' dir='ltr'><strong>κανόνος</strong></span> 
     </span>
    </p>
   </div>
   <div class='ocr_carea' id='block_1_106' title="bbox 346 5460 1900 5535">
    <p class='ocr_par' dir='ltr' id='par_1_106' title="bbox 346 5460 1900 5535">
     <span class='ocr_line' id='line_1_106' title="bbox 346 5460 1900 5535; baseline 0.003 -22"><span class='ocrx_word' id='word_1_750' title='bbox 346 5460 437 5527; x_wconf 77' lang='grc' dir='ltr'><strong>τῆς</strong></span> <span class='ocrx_word' id='word_1_751' title='bbox 463 5462 522 5514; x_wconf 66' lang='grc' dir='ltr'><strong>ἐν</strong></span> <span class='ocrx_word' id='word_1_752' title='bbox 541 5462 748 5535; x_wconf 76' lang='grc' dir='ltr'><strong>Νικαίᾳ</strong></span> <span class='ocrx_word' id='word_1_753' title='bbox 775 5462 1002 5534; x_wconf 81' lang='grc' dir='ltr'><strong>πρώτης</strong></span> <span class='ocrx_word' id='word_1_754' title='bbox 1034 5462 1277 5529; x_wconf 85' lang='grc' dir='ltr'><strong>συνόδου,</strong></span> <span class='ocrx_word' id='word_1_755' title='bbox 1312 5462 1350 5518; x_wconf 73' lang='grc' dir='ltr'><strong>ἃ.</strong></span> <span class='ocrx_word' id='word_1_756' title='bbox 1368 5462 1465 5519; x_wconf 78' lang='grc' dir='ltr'><strong>καὶ</strong></span> <span class='ocrx_word' id='word_1_757' title='bbox 1494 5465 1900 5534; x_wconf 80' lang='grc' dir='ltr'><strong>ἀναγνωστέον.</strong></span> 
     </span>
    </p>
   </div>
   <div class='ocr_carea' id='block_1_107' title="bbox 351 5554 1909 5631">
    <p class='ocr_par' dir='ltr' id='par_1_107' title="bbox 351 5554 1909 5631">
     <span class='ocr_line' id='line_1_107' title="bbox 351 5554 1909 5631; baseline 0.004 -24"><span class='ocrx_word' id='word_1_758' title='bbox 351 5554 723 5625; x_wconf 76' lang='grc' dir='ltr'><strong>Πρωτεὺοντας</strong></span> <span class='ocrx_word' id='word_1_759' title='bbox 766 5556 812 5610; x_wconf 84' lang='grc' dir='ltr'><strong>δ’</strong></span> <span class='ocrx_word' id='word_1_760' title='bbox 861 5554 1103 5612; x_wconf 68' lang='grc' dir='ltr'><strong>ἐνταῦθα</strong></span> <span class='ocrx_word' id='word_1_761' title='bbox 1147 5557 1259 5611; x_wconf 84' lang='grc' dir='ltr'><strong>τῶν</strong></span> <span class='ocrx_word' id='word_1_762' title='bbox 1294 5557 1581 5631; x_wconf 73' lang='grc' dir='ltr'><strong>ἐπαρχιῶν</strong></span> <span class='ocrx_word' id='word_1_763' title='bbox 1627 5558 1753 5621; x_wconf 84' lang='grc' dir='ltr'><strong>τοὺς</strong></span> <span class='ocrx_word' id='word_1_764' title='bbox 1809 5573 1909 5628; x_wconf 83' lang='grc' dir='ltr'><strong>μη·</strong></span> 
     </span>
    </p>
   </div>
   <div class='ocr_carea' id='block_1_108' title="bbox 349 5649 1905 5724">
    <p class='ocr_par' dir='ltr' id='par_1_108' title="bbox 349 5649 1905 5724">
     <span class='ocr_line' id='line_1_108' title="bbox 349 5649 1905 5724; baseline 0.015 -24"><span class='ocrx_word' id='word_1_765' title='bbox 349 5650 665 5717; x_wconf 79' lang='grc' dir='ltr'><strong>τροπολίτας</strong></span> <span class='ocrx_word' id='word_1_766' title='bbox 687 5652 871 5722; x_wconf 79' lang='grc' dir='ltr'><strong>φησὶν,</strong></span> <span class='ocrx_word' id='word_1_767' title='bbox 898 5649 974 5709; x_wconf 84' lang='grc' dir='ltr'><strong>ὧν</strong></span> <span class='ocrx_word' id='word_1_768' title='bbox 1009 5653 1459 5724; x_wconf 74' lang='grc' dir='ltr'><strong>παραγγέλματι.</strong></span> <span class='ocrx_word' id='word_1_769' title='bbox 1490 5652 1660 5723; x_wconf 70' lang='grc' dir='ltr'><strong>ἡγοον</strong></span> <span class='ocrx_word' id='word_1_770' title='bbox 1692 5654 1905 5722; x_wconf 67' lang='grc' dir='ltr'><strong>έντολῇν</strong></span> 
     </span>
    </p>
   </div>
   <div class='ocr_carea' id='block_1_109' title="bbox 352 5747 1909 5820">
    <p class='ocr_par' dir='ltr' id='par_1_109' title="bbox 352 5747 1909 5820">
     <span class='ocr_line' id='line_1_109' title="bbox 352 5747 1909 5820; baseline 0.001 -23"><span class='ocrx_word' id='word_1_771' title='bbox 352 5763 689 5818; x_wconf 75' lang='grc' dir='ltr'><strong>χειροτονειν,</strong></span> <span class='ocrx_word' id='word_1_772' title='bbox 710 5751 959 5803; x_wconf 79' lang='grc' dir='ltr'><strong>τουτέστι</strong></span> <span class='ocrx_word' id='word_1_773' title='bbox 1005 5748 1369 5820; x_wconf 71' lang='grc' dir='ltr'><strong>ψηφίζεσθαι,</strong></span> <span class='ocrx_word' id='word_1_774' title='bbox 1402 5747 1532 5811; x_wconf 80' lang='grc' dir='ltr'><strong>τοὺς</strong></span> <span class='ocrx_word' id='word_1_775' title='bbox 1573 5747 1909 5809; x_wconf 79' lang='grc' dir='ltr'><strong>ὲπισκίπους</strong></span> 
     </span>
    </p>
   </div>
   <div class='ocr_carea' id='block_1_110' title="bbox 359 5839 1908 5915">
    <p class='ocr_par' dir='ltr' id='par_1_110' title="bbox 359 5839 1908 5915">
     <span class='ocr_line' id='line_1_110' title="bbox 359 5839 1908 5915; baseline 0.017 -24"><span class='ocrx_word' id='word_1_776' title='bbox 359 5840 650 5895; x_wconf 71' lang='grc' dir='ltr'><strong>ἐπίσκοπον</strong></span> <span class='ocrx_word' id='word_1_777' title='bbox 675 5842 1046 5899; x_wconf 78' lang='grc' dir='ltr'><strong>διατάττεται.</strong></span> <span class='ocrx_word' id='word_1_778' title='bbox 1072 5844 1201 5897; x_wconf 85' lang='grc' dir='ltr'><strong>Ἐὰν</strong></span> <span class='ocrx_word' id='word_1_779' title='bbox 1234 5842 1293 5898; x_wconf 79' lang='grc' dir='ltr'><strong>δέ</strong></span> <span class='ocrx_word' id='word_1_780' title='bbox 1322 5858 1430 5911; x_wconf 85' lang='grc' dir='ltr'><strong>τις,</strong></span> <span class='ocrx_word' id='word_1_781' title='bbox 1473 5840 1631 5912; x_wconf 60' lang='grc' dir='ltr'><strong>φησιν</strong></span> <span class='ocrx_word' id='word_1_782' title='bbox 1661 5840 1771 5893; x_wconf 73' lang='grc' dir='ltr'><strong>τῶν</strong></span> <span class='ocrx_word' id='word_1_783' title='bbox 1798 5839 1873 5915; x_wconf 66' lang='grc' dir='ltr'><strong>φη</strong></span> <span class='ocrx_word' id='word_1_784' title='bbox 1897 5863 1908 5876; x_wconf 78' lang='grc'><strong><em>⁵</em></strong></span> 
     </span>
    </p>
   </div>
   <div class='ocr_carea' id='block_1_111' title="bbox 2004 5003 3579 5073">
    <p class='ocr_par' dir='ltr' id='par_1_111' title="bbox 2004 5003 3579 5073">
     <span class='ocr_line' id='line_1_111' title="bbox 2004 5003 3579 5073; baseline -0.001 -17"><span class='ocrx_word' id='word_1_785' title='bbox 2004 5020 2109 5056; x_wconf 85' lang='lat' dir='ltr'><strong>non</strong></span> <span class='ocrx_word' id='word_1_786' title='bbox 2173 5018 2427 5057; x_wconf 78' lang='lat' dir='ltr'><strong>manuum</strong></span> <span class='ocrx_word' id='word_1_787' title='bbox 2478 5004 2754 5073; x_wconf 81' lang='lat' dir='ltr'><strong>impositio</strong></span> <span class='ocrx_word' id='word_1_788' title='bbox 2780 5013 2837 5057; x_wconf 84' lang='lat' dir='ltr'><strong>et</strong></span> <span class='ocrx_word' id='word_1_789' title='bbox 2863 5006 3224 5064; x_wconf 80' lang='lat' dir='ltr'><strong>consecratio,</strong></span> <span class='ocrx_word' id='word_1_790' title='bbox 3259 5008 3353 5061; x_wconf 86' lang='lat' dir='ltr'><strong>sed</strong></span> <span class='ocrx_word' id='word_1_791' title='bbox 3381 5003 3579 5057; x_wconf 85' lang='lat' dir='ltr'><strong>electio</strong></span> 
     </span>
    </p>
   </div>
   <div class='ocr_carea' id='block_1_112' title="bbox 2004 5094 3575 5167">
    <p class='ocr_par' dir='ltr' id='par_1_112' title="bbox 2004 5094 3575 5167">
     <span class='ocr_line' id='line_1_112' title="bbox 2004 5094 3575 5167; baseline -0.001 -16"><span class='ocrx_word' id='word_1_792' title='bbox 2004 5099 2107 5151; x_wconf 85' lang='lat' dir='ltr'><strong>hoc</strong></span> <span class='ocrx_word' id='word_1_793' title='bbox 2134 5094 2256 5151; x_wconf 86' lang='lat' dir='ltr'><strong>loco</strong></span> <span class='ocrx_word' id='word_1_794' title='bbox 2284 5096 2504 5167; x_wconf 75' lang='lat' dir='ltr'><strong>intelligi</strong></span> <span class='ocrx_word' id='word_1_795' title='bbox 2557 5099 2749 5161; x_wconf 85' lang='lat' dir='ltr'><strong>debet;</strong></span> <span class='ocrx_word' id='word_1_796' title='bbox 2784 5112 2853 5150; x_wconf 89' lang='lat' dir='ltr'><strong>ne</strong></span> <span class='ocrx_word' id='word_1_797' title='bbox 2899 5096 3075 5165; x_wconf 88' lang='lat' dir='ltr'><strong>primo</strong></span> <span class='ocrx_word' id='word_1_798' title='bbox 3097 5110 3410 5151; x_wconf 80' lang='lat' dir='ltr'><strong>sanctorum</strong></span> <span class='ocrx_word' id='word_1_799' title='bbox 3447 5108 3575 5164; x_wconf 51' lang='lat' dir='ltr'><strong>apo.</strong></span> 
     </span>
    </p>
   </div>
   <div class='ocr_carea' id='block_1_113' title="bbox 2004 5187 3576 5258">
    <p class='ocr_par' dir='ltr' id='par_1_113' title="bbox 2004 5187 3576 5258">
     <span class='ocr_line' id='line_1_113' title="bbox 2004 5187 3576 5258; baseline -0.003 -16"><span class='ocrx_word' id='word_1_800' title='bbox 2004 5192 2267 5243; x_wconf 83' lang='lat' dir='ltr'><strong>stolorum</strong></span> <span class='ocrx_word' id='word_1_801' title='bbox 2313 5189 2528 5252; x_wconf 89' lang='lat' dir='ltr'><strong>canoni,</strong></span> <span class='ocrx_word' id='word_1_802' title='bbox 2554 5189 2646 5258; x_wconf 91' lang='lat' dir='ltr'><strong>qui</strong></span> <span class='ocrx_word' id='word_1_803' title='bbox 2692 5204 2721 5241; x_wconf 90' lang='lat' dir='ltr'><strong>a</strong></span> <span class='ocrx_word' id='word_1_804' title='bbox 2752 5187 2961 5243; x_wconf 85' lang='lat' dir='ltr'><strong>duobus</strong></span> <span class='ocrx_word' id='word_1_805' title='bbox 2988 5187 3255 5256; x_wconf 83' lang='lat' dir='ltr'><strong>episcopis</strong></span> <span class='ocrx_word' id='word_1_806' title='bbox 3281 5187 3576 5243; x_wconf 86' lang='lat' dir='ltr'><strong>creandum</strong></span> 
     </span>
    </p>
   </div>
   <div class='ocr_carea' id='block_1_114' title="bbox 2005 5282 3576 5353">
    <p class='ocr_par' dir='ltr' id='par_1_114' title="bbox 2005 5282 3576 5353">
     <span class='ocr_line' id='line_1_114' title="bbox 2005 5282 3576 5353; baseline -0.002 -15"><span class='ocrx_word' id='word_1_807' title='bbox 2005 5298 2127 5340; x_wconf 86' lang='lat' dir='ltr'><strong>esse</strong></span> <span class='ocrx_word' id='word_1_808' title='bbox 2156 5285 2466 5353; x_wconf 86' lang='lat' dir='ltr'><strong>episcopum</strong></span> <span class='ocrx_word' id='word_1_809' title='bbox 2496 5283 2764 5351; x_wconf 89' lang='lat' dir='ltr'><strong>decernit,</strong></span> <span class='ocrx_word' id='word_1_810' title='bbox 2799 5284 2890 5338; x_wconf 87' lang='lat' dir='ltr'><strong>hic</strong></span> <span class='ocrx_word' id='word_1_811' title='bbox 2918 5296 3095 5337; x_wconf 89' lang='lat' dir='ltr'><strong>canon</strong></span> <span class='ocrx_word' id='word_1_812' title='bbox 3117 5282 3427 5337; x_wconf 82' lang='lat' dir='ltr'><strong>contrarius</strong></span> <span class='ocrx_word' id='word_1_813' title='bbox 3451 5296 3576 5337; x_wconf 87' lang='lat' dir='ltr'><strong>esse</strong></span> 
     </span>
    </p>
   </div>
   <div class='ocr_carea' id='block_1_115' title="bbox 2006 5373 3575 5446">
    <p class='ocr_par' dir='ltr' id='par_1_115' title="bbox 2006 5373 3575 5446">
     <span class='ocr_line' id='line_1_115' title="bbox 2006 5373 3575 5446; baseline -0.003 -15"><span class='ocrx_word' id='word_1_814' title='bbox 2006 5378 2369 5431; x_wconf 77' lang='lat' dir='ltr'><strong>existimetur.</strong></span> <span class='ocrx_word' id='word_1_815' title='bbox 2397 5373 2531 5429; x_wconf 80' lang='lat' dir='ltr'><strong>Nam</strong></span> <span class='ocrx_word' id='word_1_816' title='bbox 2559 5374 2636 5432; x_wconf 86' lang='lat' dir='ltr'><strong>illi</strong></span> <span class='ocrx_word' id='word_1_817' title='bbox 2660 5376 2877 5446; x_wconf 89' lang='lat' dir='ltr'><strong>quidem</strong></span> <span class='ocrx_word' id='word_1_818' title='bbox 2907 5373 3054 5430; x_wconf 90' lang='lat' dir='ltr'><strong>nullo</strong></span> <span class='ocrx_word' id='word_1_819' title='bbox 3086 5375 3245 5430; x_wconf 88' lang='lat' dir='ltr'><strong>modo</strong></span> <span class='ocrx_word' id='word_1_820' title='bbox 3276 5374 3575 5440; x_wconf 82' lang='lat' dir='ltr'><strong>adversari,</strong></span> 
     </span>
    </p>
   </div>
   <div class='ocr_carea' id='block_1_116' title="bbox 2009 5464 3570 5538">
    <p class='ocr_par' dir='ltr' id='par_1_116' title="bbox 2009 5464 3570 5538">
     <span class='ocr_line' id='line_1_116' title="bbox 2009 5464 3570 5538; baseline -0.004 -16"><span class='ocrx_word' id='word_1_821' title='bbox 2009 5469 2062 5522; x_wconf 90' lang='lat' dir='ltr'><strong>in</strong></span> <span class='ocrx_word' id='word_1_822' title='bbox 2107 5465 2468 5538; x_wconf 79' lang='lat' dir='ltr'><strong>explicatione</strong></span> <span class='ocrx_word' id='word_1_823' title='bbox 2518 5467 2749 5522; x_wconf 77' lang='lat' dir='ltr'><strong>canonis</strong></span> <span class='ocrx_word' id='word_1_824' title='bbox 2799 5467 2834 5523; x_wconf 72' lang='grc'><strong>4</strong></span> <span class='ocrx_word' id='word_1_825' title='bbox 2891 5466 3117 5522; x_wconf 61' lang='lat' dir='ltr'><strong>Nicena:</strong></span> <span class='ocrx_word' id='word_1_826' title='bbox 3146 5466 3334 5538; x_wconf 60' lang='lat' dir='ltr'><strong>prima</strong></span> <span class='ocrx_word' id='word_1_827' title='bbox 3385 5464 3570 5535; x_wconf 82' lang='lat' dir='ltr'><strong>synodi</strong></span> 
     </span>
    </p>
   </div>
   <div class='ocr_carea' id='block_1_117' title="bbox 2011 5548 3578 5627">
    <p class='ocr_par' dir='ltr' id='par_1_117' title="bbox 2011 5548 3578 5627">
     <span class='ocr_line' id='line_1_117' title="bbox 2011 5548 3578 5627; baseline -0.005 -10"><span class='ocrx_word' id='word_1_828' title='bbox 2011 5548 2548 5627; x_wconf 82' lang='lat' dir='ltr'><strong>demonstravimus;</strong></span> <span class='ocrx_word' id='word_1_829' title='bbox 2586 5570 2642 5615; x_wconf 91' lang='lat' dir='ltr'><strong>tu</strong></span> <span class='ocrx_word' id='word_1_830' title='bbox 2670 5574 2788 5616; x_wconf 88' lang='lat' dir='ltr'><strong>eam</strong></span> <span class='ocrx_word' id='word_1_831' title='bbox 2836 5559 2983 5615; x_wconf 87' lang='lat' dir='ltr'><strong>vide.</strong></span> <span class='ocrx_word' id='word_1_832' title='bbox 3036 5558 3304 5615; x_wconf 85' lang='lat' dir='ltr'><strong>Primates</strong></span> <span class='ocrx_word' id='word_1_833' title='bbox 3337 5571 3465 5611; x_wconf 76' lang='lat' dir='ltr'><strong>vero</strong></span> <span class='ocrx_word' id='word_1_834' title='bbox 3488 5556 3578 5610; x_wconf 82' lang='lat' dir='ltr'><strong>hic</strong></span> 
     </span>
    </p>
   </div>
   <div class='ocr_carea' id='block_1_118' title="bbox 2010 5652 3577 5726">
    <p class='ocr_par' dir='ltr' id='par_1_118' title="bbox 2010 5652 3577 5726">
     <span class='ocr_line' id='line_1_118' title="bbox 2010 5652 3577 5726; baseline -0.005 -17"><span class='ocrx_word' id='word_1_835' title='bbox 2010 5655 2414 5726; x_wconf 87' lang='lat' dir='ltr'><strong>provinciarum</strong></span> <span class='ocrx_word' id='word_1_836' title='bbox 2450 5693 2467 5719; x_wconf 94' lang='lat'><strong>,</strong></span> <span class='ocrx_word' id='word_1_837' title='bbox 2530 5653 2901 5724; x_wconf 84' lang='lat' dir='ltr'><strong>metropolitas</strong></span> <span class='ocrx_word' id='word_1_838' title='bbox 2955 5652 3221 5717; x_wconf 88' lang='lat' dir='ltr'><strong>nominat,</strong></span> <span class='ocrx_word' id='word_1_839' title='bbox 3277 5661 3577 5717; x_wconf 85' lang='lat' dir='ltr'><strong>eorumque</strong></span> 
     </span>
    </p>
   </div>
   <div class='ocr_carea' id='block_1_119' title="bbox 2013 5741 3576 5821">
    <p class='ocr_par' dir='ltr' id='par_1_119' title="bbox 2013 5741 3576 5821">
     <span class='ocr_line' id='line_1_119' title="bbox 2013 5741 3576 5821; baseline -0.006 -19"><span class='ocrx_word' id='word_1_840' title='bbox 2013 5748 2286 5813; x_wconf 87' lang='lat' dir='ltr'><strong>mandato,</strong></span> <span class='ocrx_word' id='word_1_841' title='bbox 2342 5747 2443 5801; x_wconf 84' lang='lat' dir='ltr'><strong>hoc</strong></span> <span class='ocrx_word' id='word_1_842' title='bbox 2488 5753 2589 5812; x_wconf 79' lang='lat' dir='ltr'><strong>est,</strong></span> <span class='ocrx_word' id='word_1_843' title='bbox 2619 5743 2801 5814; x_wconf 85' lang='lat' dir='ltr'><strong>jussu,</strong></span> <span class='ocrx_word' id='word_1_844' title='bbox 2839 5746 2909 5801; x_wconf 88' lang='lat' dir='ltr'><strong>ab</strong></span> <span class='ocrx_word' id='word_1_845' title='bbox 2932 5746 3196 5818; x_wconf 85' lang='lat' dir='ltr'><strong>episcopis</strong></span> <span class='ocrx_word' id='word_1_846' title='bbox 3260 5741 3576 5821; x_wconf 80' lang='lat' dir='ltr'><strong>creandum,</strong></span> 
     </span>
    </p>
   </div>
   <div class='ocr_carea' id='block_1_120' title="bbox 2015 5829 3578 5909">
    <p class='ocr_par' dir='ltr' id='par_1_120' title="bbox 2015 5829 3578 5909">
     <span class='ocr_line' id='line_1_120' title="bbox 2015 5829 3578 5909; baseline -0.006 -15"><span class='ocrx_word' id='word_1_847' title='bbox 2015 5842 2120 5895; x_wconf 88' lang='lat' dir='ltr'><strong>boc</strong></span> <span class='ocrx_word' id='word_1_848' title='bbox 2143 5850 2255 5903; x_wconf 87' lang='lat' dir='ltr'><strong>est,</strong></span> <span class='ocrx_word' id='word_1_849' title='bbox 2297 5836 2605 5906; x_wconf 80' lang='lat' dir='ltr'><strong>eligendum</strong></span> <span class='ocrx_word' id='word_1_850' title='bbox 2636 5853 2759 5896; x_wconf 87' lang='lat' dir='ltr'><strong>esse</strong></span> <span class='ocrx_word' id='word_1_851' title='bbox 2780 5839 3084 5909; x_wconf 81' lang='lat' dir='ltr'><strong>episcopum</strong></span> <span class='ocrx_word' id='word_1_852' title='bbox 3113 5832 3375 5893; x_wconf 83' lang='lat' dir='ltr'><strong>decernit.</strong></span> <span class='ocrx_word' id='word_1_853' title='bbox 3422 5829 3578 5897; x_wconf 84' lang='lat' dir='ltr'><strong>Quod</strong></span> 
     </span>
    </p>
   </div>
  </div>
