  <div class='ocr_page' id='page_1' title='image "/cluster/home/n/w/nwhite01/storage/ocr_20150623/138/hvd.32044073502544/041.png"; bbox 0 0 4084 6202; ppageno 0'>
   <div class='ocr_carea' id='block_1_1' title="bbox 518 303 3779 394">
    <p class='ocr_par' dir='ltr' id='par_1_1' title="bbox 518 303 3779 394">
     <span class='ocr_line' id='line_1_1' title="bbox 518 303 3779 394; baseline -0.004 -18"><span class='ocrx_word' id='word_1_1' title='bbox 518 331 586 394; x_wconf 74' lang='lat'><strong>71</strong></span> <span class='ocrx_word' id='word_1_2' title='bbox 1774 312 1877 374; x_wconf 84' lang='grc' dir='ltr'><strong>ΤΗ</strong></span> <span class='ocrx_word' id='word_1_3' title='bbox 1888 313 2052 372; x_wconf 82' lang='lat' dir='ltr'>E01).</span> <span class='ocrx_word' id='word_1_4' title='bbox 2103 309 2333 370; x_wconf 85' lang='lat' dir='ltr'><strong>BALSA</strong></span> <span class='ocrx_word' id='word_1_5' title='bbox 2346 308 2502 370; x_wconf 81' lang='grc' dir='ltr'><strong>ΜοΝ</strong></span> <span class='ocrx_word' id='word_1_6' title='bbox 3705 303 3779 364; x_wconf 71' lang='grc' dir='ltr'><em>Ἷῖ</em></span> 
     </span>
    </p>
   </div>
   <div class='ocr_carea' id='block_1_2' title="bbox 515 416 2116 507">
    <p class='ocr_par' dir='ltr' id='par_1_2' title="bbox 515 423 2092 507">
     <span class='ocr_line' id='line_1_2' title="bbox 515 423 2092 507; baseline -0.008 -18"><span class='ocrx_word' id='word_1_7' title='bbox 515 437 720 507; x_wconf 81' lang='lat' dir='ltr'><strong>judicio</strong></span> <span class='ocrx_word' id='word_1_8' title='bbox 750 433 1010 486; x_wconf 82' lang='lat' dir='ltr'><strong>adversus</strong></span> <span class='ocrx_word' id='word_1_9' title='bbox 1052 437 1324 482; x_wconf 78' lang='lat' dir='ltr'><strong>sacratum</strong></span> <span class='ocrx_word' id='word_1_10' title='bbox 1362 424 1445 480; x_wconf 88' lang='lat' dir='ltr'><strong>vel</strong></span> <span class='ocrx_word' id='word_1_11' title='bbox 1475 423 1798 481; x_wconf 77' lang='lat' dir='ltr'><strong>monachum</strong></span> <span class='ocrx_word' id='word_1_12' title='bbox 1835 424 2092 477; x_wconf 83' lang='lat' dir='ltr'><strong>crimina-</strong></span> 
     </span>
    </p>
   </div>
   <div class='ocr_carea' id='block_1_3' title="bbox 2220 416 3774 507">
    <p class='ocr_par' dir='ltr' id='par_1_3' title="bbox 2221 416 3774 493">
     <span class='ocr_line' id='line_1_3' title="bbox 2221 416 3774 493; baseline -0.002 -18"><span class='ocrx_word' id='word_1_13' title='bbox 2221 421 2318 488; x_wconf 85' lang='grc' dir='ltr'>ὼν,</span> <span class='ocrx_word' id='word_1_14' title='bbox 2387 422 2812 493; x_wconf 72' lang='grc' dir='ltr'><strong>καταφρονήσας</strong></span> <span class='ocrx_word' id='word_1_15' title='bbox 2888 419 2985 490; x_wconf 75' lang='grc' dir='ltr'>τῆς</span> <span class='ocrx_word' id='word_1_16' title='bbox 3057 418 3315 491; x_wconf 78' lang='grc' dir='ltr'><strong>τοιαύτης</strong></span> <span class='ocrx_word' id='word_1_17' title='bbox 3385 416 3774 490; x_wconf 69' lang='grc' dir='ltr'>θεσμοθεσίας,</span> 
     </span>
    </p>
   </div>
   <div class='ocr_carea' id='block_1_4' title="bbox 523 517 2091 587">
    <p class='ocr_par' dir='ltr' id='par_1_4' title="bbox 523 517 2091 587">
     <span class='ocr_line' id='line_1_4' title="bbox 523 517 2091 587; baseline -0.006 -6"><span class='ocrx_word' id='word_1_18' title='bbox 523 534 625 583; x_wconf 77' lang='lat' dir='ltr'><strong>tem</strong></span> <span class='ocrx_word' id='word_1_19' title='bbox 657 527 924 580; x_wconf 82' lang='lat' dir='ltr'><strong>actionem</strong></span> <span class='ocrx_word' id='word_1_20' title='bbox 958 521 1288 586; x_wconf 84' lang='lat' dir='ltr'><strong>intenderit;</strong></span> <span class='ocrx_word' id='word_1_21' title='bbox 1318 517 1400 572; x_wconf 88' lang='lat' dir='ltr'><strong>vel</strong></span> <span class='ocrx_word' id='word_1_22' title='bbox 1446 518 1494 574; x_wconf 88' lang='lat' dir='ltr'><strong>si</strong></span> <span class='ocrx_word' id='word_1_23' title='bbox 1533 520 1656 587; x_wconf 89' lang='lat' dir='ltr'><strong>quis</strong></span> <span class='ocrx_word' id='word_1_24' title='bbox 1681 518 1747 572; x_wconf 87' lang='lat' dir='ltr'><strong>ad</strong></span> <span class='ocrx_word' id='word_1_25' title='bbox 1778 524 2091 584; x_wconf 74' lang='lat' dir='ltr'><strong>competens</strong></span> 
     </span>
    </p>
   </div>
   <div class='ocr_carea' id='block_1_5' title="bbox 517 610 2093 678">
    <p class='ocr_par' dir='ltr' id='par_1_5' title="bbox 517 610 2093 678">
     <span class='ocr_line' id='line_1_5' title="bbox 517 610 2093 678; baseline -0.006 -5"><span class='ocrx_word' id='word_1_26' title='bbox 517 620 697 673; x_wconf 77' lang='lat' dir='ltr'><strong>forum</strong></span> <span class='ocrx_word' id='word_1_27' title='bbox 756 616 1187 671; x_wconf 80' lang='lat' dir='ltr'><strong>ecclesiasticum</strong></span> <span class='ocrx_word' id='word_1_28' title='bbox 1254 623 1482 678; x_wconf 84' lang='lat' dir='ltr'><strong>tractus,</strong></span> <span class='ocrx_word' id='word_1_29' title='bbox 1547 613 1595 665; x_wconf 92' lang='lat' dir='ltr'><strong>id</strong></span> <span class='ocrx_word' id='word_1_30' title='bbox 1656 610 2008 674; x_wconf 82' lang='lat' dir='ltr'><strong>recusaverit,</strong></span> <span class='ocrx_word' id='word_1_31' title='bbox 2040 616 2093 664; x_wconf 88' lang='lat' dir='ltr'><strong>et</strong></span> 
     </span>
    </p>
   </div>
   <div class='ocr_carea' id='block_1_6' title="bbox 521 703 2094 783">
    <p class='ocr_par' dir='ltr' id='par_1_6' title="bbox 521 703 2094 783">
     <span class='ocr_line' id='line_1_6' title="bbox 521 703 2094 783; baseline -0.004 -19"><span class='ocrx_word' id='word_1_32' title='bbox 521 711 794 783; x_wconf 88' lang='lat' dir='ltr'><strong>publicum</strong></span> <span class='ocrx_word' id='word_1_33' title='bbox 856 724 952 763; x_wconf 89' lang='lat' dir='ltr'><strong>seu</strong></span> <span class='ocrx_word' id='word_1_34' title='bbox 1004 708 1163 764; x_wconf 84' lang='lat' dir='ltr'><strong>civile</strong></span> <span class='ocrx_word' id='word_1_35' title='bbox 1215 708 1438 775; x_wconf 78' lang='lat' dir='ltr'><strong>elegerit</strong></span> <span class='ocrx_word' id='word_1_36' title='bbox 1494 706 1568 782; x_wconf 83' lang='lat' dir='ltr'><strong>(id</strong></span> <span class='ocrx_word' id='word_1_37' title='bbox 1623 704 1768 759; x_wconf 86' lang='lat' dir='ltr'><strong>enim</strong></span> <span class='ocrx_word' id='word_1_38' title='bbox 1816 715 1902 760; x_wconf 89' lang='lat' dir='ltr'><strong>est</strong></span> <span class='ocrx_word' id='word_1_39' title='bbox 1960 703 2094 758; x_wconf 80' lang='lat' dir='ltr'><strong>velle</strong></span> 
     </span>
    </p>
   </div>
   <div class='ocr_carea' id='block_1_7' title="bbox 521 797 2095 876">
    <p class='ocr_par' dir='ltr' id='par_1_7' title="bbox 521 797 2095 876">
     <span class='ocr_line' id='line_1_7' title="bbox 521 797 2095 876; baseline -0.006 -17"><span class='ocrx_word' id='word_1_40' title='bbox 521 806 765 876; x_wconf 70' lang='lat' dir='ltr'><strong>purgari,</strong></span> <span class='ocrx_word' id='word_1_41' title='bbox 827 821 922 857; x_wconf 87' lang='lat' dir='ltr'><strong>seu</strong></span> <span class='ocrx_word' id='word_1_42' title='bbox 974 818 1003 854; x_wconf 71' lang='grc' dir='ltr'><strong>δ</strong></span> <span class='ocrx_word' id='word_1_43' title='bbox 1046 800 1273 854; x_wconf 80' lang='lat' dir='ltr'><strong>crimine</strong></span> <span class='ocrx_word' id='word_1_44' title='bbox 1308 799 1445 853; x_wconf 86' lang='lat' dir='ltr'><strong>velle</strong></span> <span class='ocrx_word' id='word_1_45' title='bbox 1477 797 1683 852; x_wconf 77' lang='lat' dir='ltr'><strong>absolvi</strong></span> <span class='ocrx_word' id='word_1_46' title='bbox 1727 798 2095 862; x_wconf 85' lang='lat' dir='ltr'><strong>innocensque</strong></span> 
     </span>
    </p>
   </div>
   <div class='ocr_carea' id='block_1_8' title="bbox 522 888 2096 962">
    <p class='ocr_par' dir='ltr' id='par_1_8' title="bbox 522 888 2096 962">
     <span class='ocr_line' id='line_1_8' title="bbox 522 888 2096 962; baseline -0.006 -13"><span class='ocrx_word' id='word_1_47' title='bbox 522 897 788 952; x_wconf 80' lang='lat' dir='ltr'><strong>declarari</strong></span> <span class='ocrx_word' id='word_1_48' title='bbox 855 910 951 962; x_wconf 90' lang='lat' dir='ltr'><strong>per</strong></span> <span class='ocrx_word' id='word_1_49' title='bbox 1005 894 1279 962; x_wconf 85' lang='lat' dir='ltr'><strong>publicum</strong></span> <span class='ocrx_word' id='word_1_50' title='bbox 1304 890 1614 960; x_wconf 81' lang='lat' dir='ltr'><strong>judicium),</strong></span> <span class='ocrx_word' id='word_1_51' title='bbox 1659 890 1872 942; x_wconf 79' lang='lat' dir='ltr'><strong>etiamsi</strong></span> <span class='ocrx_word' id='word_1_52' title='bbox 1903 889 1956 942; x_wconf 92' lang='lat' dir='ltr'><strong>in</strong></span> <span class='ocrx_word' id='word_1_53' title='bbox 2005 888 2096 942; x_wconf 89' lang='lat' dir='ltr'><strong>illo</strong></span> 
     </span>
    </p>
   </div>
   <div class='ocr_carea' id='block_1_9' title="bbox 525 982 2100 1059">
    <p class='ocr_par' dir='ltr' id='par_1_9' title="bbox 525 982 2100 1059">
     <span class='ocr_line' id='line_1_9' title="bbox 525 982 2100 1059; baseline -0.006 -17"><span class='ocrx_word' id='word_1_54' title='bbox 525 991 742 1059; x_wconf 85' lang='lat' dir='ltr'><strong>publico</strong></span> <span class='ocrx_word' id='word_1_55' title='bbox 799 987 1001 1055; x_wconf 84' lang='lat' dir='ltr'><strong>judicio</strong></span> <span class='ocrx_word' id='word_1_56' title='bbox 1065 984 1280 1049; x_wconf 80' lang='lat' dir='ltr'><strong>vicerit,</strong></span> <span class='ocrx_word' id='word_1_57' title='bbox 1315 983 1430 1036; x_wconf 89' lang='lat' dir='ltr'><strong>sive</strong></span> <span class='ocrx_word' id='word_1_58' title='bbox 1463 991 1632 1045; x_wconf 82' lang='lat' dir='ltr'><strong>actor,</strong></span> <span class='ocrx_word' id='word_1_59' title='bbox 1679 982 1796 1035; x_wconf 86' lang='lat' dir='ltr'><strong>sive</strong></span> <span class='ocrx_word' id='word_1_60' title='bbox 1823 997 1986 1034; x_wconf 88' lang='lat' dir='ltr'><strong>reus:</strong></span> <span class='ocrx_word' id='word_1_61' title='bbox 2021 990 2100 1034; x_wconf 84' lang='lat' dir='ltr'><strong>ta-</strong></span> 
     </span>
    </p>
   </div>
   <div class='ocr_carea' id='block_1_10' title="bbox 527 1074 2096 1152">
    <p class='ocr_par' dir='ltr' id='par_1_10' title="bbox 527 1074 2096 1152">
     <span class='ocr_line' id='line_1_10' title="bbox 527 1074 2096 1152; baseline -0.006 -16"><span class='ocrx_word' id='word_1_62' title='bbox 527 1100 648 1138; x_wconf 87' lang='lat' dir='ltr'><strong>men</strong></span> <span class='ocrx_word' id='word_1_63' title='bbox 685 1081 957 1152; x_wconf 88' lang='lat' dir='ltr'><strong>pr0prium</strong></span> <span class='ocrx_word' id='word_1_64' title='bbox 1001 1079 1204 1141; x_wconf 85' lang='lat' dir='ltr'><strong>locum,</strong></span> <span class='ocrx_word' id='word_1_65' title='bbox 1265 1078 1379 1130; x_wconf 89' lang='lat' dir='ltr'><strong>sive</strong></span> <span class='ocrx_word' id='word_1_66' title='bbox 1446 1075 1668 1146; x_wconf 76' lang='lat' dir='ltr'><strong>gradum</strong></span> <span class='ocrx_word' id='word_1_67' title='bbox 1727 1083 1782 1127; x_wconf 90' lang='lat' dir='ltr'><strong>et</strong></span> <span class='ocrx_word' id='word_1_68' title='bbox 1839 1074 2096 1130; x_wconf 84' lang='lat' dir='ltr'><strong>honorem</strong></span> 
     </span>
    </p>
   </div>
   <div class='ocr_carea' id='block_1_11' title="bbox 522 1166 2096 1238">
    <p class='ocr_par' dir='ltr' id='par_1_11' title="bbox 522 1166 2096 1238">
     <span class='ocr_line' id='line_1_11' title="bbox 522 1166 2096 1238; baseline -0.01 -6"><span class='ocrx_word' id='word_1_69' title='bbox 522 1175 920 1232; x_wconf 82' lang='lat' dir='ltr'><strong>sacerdotalem</strong></span> <span class='ocrx_word' id='word_1_70' title='bbox 978 1171 1223 1234; x_wconf 83' lang='lat' dir='ltr'><strong>amittet;</strong></span> <span class='ocrx_word' id='word_1_71' title='bbox 1274 1178 1491 1238; x_wconf 84' lang='lat' dir='ltr'><strong>prepter</strong></span> <span class='ocrx_word' id='word_1_72' title='bbox 1555 1167 1654 1219; x_wconf 88' lang='lat' dir='ltr'><strong>hoc</strong></span> <span class='ocrx_word' id='word_1_73' title='bbox 1698 1166 1872 1234; x_wconf 87' lang='lat' dir='ltr'><strong>ipsum</strong></span> <span class='ocrx_word' id='word_1_74' title='bbox 1925 1170 2096 1219; x_wconf 90' lang='lat' dir='ltr'><strong>solum</strong></span> 
     </span>
    </p>
   </div>
   <div class='ocr_carea' id='block_1_12' title="bbox 525 1259 2098 1334">
    <p class='ocr_par' dir='ltr' id='par_1_12' title="bbox 525 1259 2098 1334">
     <span class='ocr_line' id='line_1_12' title="bbox 525 1259 2098 1334; baseline -0.01 -10"><span class='ocrx_word' id='word_1_75' title='bbox 525 1267 827 1334; x_wconf 82' lang='lat' dir='ltr'><strong>depositus,</strong></span> <span class='ocrx_word' id='word_1_76' title='bbox 861 1265 1002 1333; x_wconf 81' lang='lat' dir='ltr'><strong>quod</strong></span> <span class='ocrx_word' id='word_1_77' title='bbox 1043 1260 1249 1316; x_wconf 87' lang='lat' dir='ltr'><strong>scilicet</strong></span> <span class='ocrx_word' id='word_1_78' title='bbox 1275 1259 1450 1315; x_wconf 73' lang='lat' dir='ltr'><strong>fortun</strong></span> <span class='ocrx_word' id='word_1_79' title='bbox 1469 1259 1898 1315; x_wconf 78' lang='lat' dir='ltr'><strong>ecclesiasticum</strong></span> <span class='ocrx_word' id='word_1_80' title='bbox 1939 1272 2098 1310; x_wconf 88' lang='lat' dir='ltr'><strong>recu-</strong></span> 
     </span>
    </p>
   </div>
   <div class='ocr_carea' id='block_1_13' title="bbox 532 1348 2099 1421">
    <p class='ocr_par' dir='ltr' id='par_1_13' title="bbox 532 1348 2099 1421">
     <span class='ocr_line' id='line_1_13' title="bbox 532 1348 2099 1421; baseline -0.008 -9"><span class='ocrx_word' id='word_1_81' title='bbox 532 1359 757 1421; x_wconf 89' lang='lat' dir='ltr'><strong>saverit,</strong></span> <span class='ocrx_word' id='word_1_82' title='bbox 785 1365 838 1411; x_wconf 87' lang='lat' dir='ltr'><strong>et</strong></span> <span class='ocrx_word' id='word_1_83' title='bbox 868 1355 1024 1409; x_wconf 88' lang='lat' dir='ltr'><strong>civile</strong></span> <span class='ocrx_word' id='word_1_84' title='bbox 1058 1352 1307 1421; x_wconf 78' lang='lat' dir='ltr'><strong>elegerit.</strong></span> <span class='ocrx_word' id='word_1_85' title='bbox 1337 1353 1405 1406; x_wconf 88' lang='lat' dir='ltr'><strong>Et</strong></span> <span class='ocrx_word' id='word_1_86' title='bbox 1444 1353 1665 1420; x_wconf 77' lang='lat' dir='ltr'><strong>quando</strong></span> <span class='ocrx_word' id='word_1_87' title='bbox 1692 1348 1858 1403; x_wconf 75' lang='lat' dir='ltr'><strong>fuerit</strong></span> <span class='ocrx_word' id='word_1_88' title='bbox 1883 1349 2099 1417; x_wconf 81' lang='lat' dir='ltr'><strong>quidem</strong></span> 
     </span>
    </p>
   </div>
   <div class='ocr_carea' id='block_1_14' title="bbox 529 1444 2103 1516">
    <p class='ocr_par' dir='ltr' id='par_1_14' title="bbox 529 1444 2103 1516">
     <span class='ocr_line' id='line_1_14' title="bbox 529 1444 2103 1516; baseline -0.008 -11"><span class='ocrx_word' id='word_1_89' title='bbox 529 1449 812 1505; x_wconf 86' lang='lat' dir='ltr'><strong>criminale</strong></span> <span class='ocrx_word' id='word_1_90' title='bbox 875 1444 1163 1516; x_wconf 87' lang='lat' dir='ltr'><strong>judicium,</strong></span> <span class='ocrx_word' id='word_1_91' title='bbox 1193 1445 1270 1498; x_wconf 89' lang='lat' dir='ltr'><strong>sic</strong></span> <span class='ocrx_word' id='word_1_92' title='bbox 1323 1444 1467 1497; x_wconf 81' lang='lat' dir='ltr'><strong>erit:</strong></span> <span class='ocrx_word' id='word_1_93' title='bbox 1530 1444 1747 1511; x_wconf 83' lang='lat' dir='ltr'><strong>quando</strong></span> <span class='ocrx_word' id='word_1_94' title='bbox 1802 1452 1985 1494; x_wconf 84' lang='lat' dir='ltr'><strong>autem</strong></span> <span class='ocrx_word' id='word_1_95' title='bbox 2019 1450 2103 1494; x_wconf 85' lang='lat' dir='ltr'><strong>est</strong></span> 
     </span>
    </p>
   </div>
   <div class='ocr_carea' id='block_1_15' title="bbox 529 1535 2101 1610">
    <p class='ocr_par' dir='ltr' id='par_1_15' title="bbox 529 1535 2101 1610">
     <span class='ocr_line' id='line_1_15' title="bbox 529 1535 2101 1610; baseline -0.006 -12"><span class='ocrx_word' id='word_1_96' title='bbox 529 1543 689 1598; x_wconf 85' lang='lat' dir='ltr'><strong>civile</strong></span> <span class='ocrx_word' id='word_1_97' title='bbox 719 1543 862 1610; x_wconf 89' lang='lat' dir='ltr'><strong>quod</strong></span> <span class='ocrx_word' id='word_1_98' title='bbox 889 1547 1154 1604; x_wconf 80' lang='lat' dir='ltr'><strong>movetur,</strong></span> <span class='ocrx_word' id='word_1_99' title='bbox 1188 1553 1278 1590; x_wconf 81' lang='lat' dir='ltr'><strong>seu</strong></span> <span class='ocrx_word' id='word_1_100' title='bbox 1323 1537 1720 1606; x_wconf 86' lang='lat' dir='ltr'><strong>pecuniarium,</strong></span> <span class='ocrx_word' id='word_1_101' title='bbox 1765 1535 1977 1588; x_wconf 81' lang='lat' dir='ltr'><strong>etiamsi</strong></span> <span class='ocrx_word' id='word_1_102' title='bbox 2010 1549 2101 1588; x_wconf 80' lang='lat' dir='ltr'><strong>sa-</strong></span> 
     </span>
    </p>
   </div>
   <div class='ocr_carea' id='block_1_16' title="bbox 529 1627 2105 1698">
    <p class='ocr_par' dir='ltr' id='par_1_16' title="bbox 529 1627 2105 1698">
     <span class='ocr_line' id='line_1_16' title="bbox 529 1627 2105 1698; baseline -0.007 -8"><span class='ocrx_word' id='word_1_103' title='bbox 529 1647 720 1690; x_wconf 85' lang='lat' dir='ltr'><strong>cratus</strong></span> <span class='ocrx_word' id='word_1_104' title='bbox 752 1634 1076 1687; x_wconf 79' lang='lat' dir='ltr'><strong>sententiam</strong></span> <span class='ocrx_word' id='word_1_105' title='bbox 1114 1629 1430 1693; x_wconf 88' lang='lat' dir='ltr'><strong>obtinuerit,</strong></span> <span class='ocrx_word' id='word_1_106' title='bbox 1469 1627 1550 1682; x_wconf 90' lang='lat' dir='ltr'><strong>sic</strong></span> <span class='ocrx_word' id='word_1_107' title='bbox 1579 1639 1796 1697; x_wconf 84' lang='lat' dir='ltr'><strong>quoque</strong></span> <span class='ocrx_word' id='word_1_108' title='bbox 1821 1643 1855 1681; x_wconf 71' lang='grc' dir='ltr'><strong>ιι</strong></span> <span class='ocrx_word' id='word_1_109' title='bbox 1883 1628 2105 1698; x_wconf 83' lang='lat' dir='ltr'><strong>preprio</strong></span> 
     </span>
    </p>
   </div>
   <div class='ocr_carea' id='block_1_17' title="bbox 535 1723 2100 1798">
    <p class='ocr_par' dir='ltr' id='par_1_17' title="bbox 535 1723 2100 1798">
     <span class='ocr_line' id='line_1_17' title="bbox 535 1723 2100 1798; baseline -0.005 -17"><span class='ocrx_word' id='word_1_110' title='bbox 535 1729 700 1798; x_wconf 77' lang='lat' dir='ltr'><strong>gradu</strong></span> <span class='ocrx_word' id='word_1_111' title='bbox 762 1723 996 1791; x_wconf 78' lang='lat' dir='ltr'><strong>excidet,</strong></span> <span class='ocrx_word' id='word_1_112' title='bbox 1039 1724 1139 1778; x_wconf 88' lang='lat' dir='ltr'><strong>nisi</strong></span> <span class='ocrx_word' id='word_1_113' title='bbox 1200 1738 1312 1777; x_wconf 88' lang='lat' dir='ltr'><strong>rem</strong></span> <span class='ocrx_word' id='word_1_114' title='bbox 1376 1723 1782 1790; x_wconf 81' lang='lat' dir='ltr'><strong>contempserit,</strong></span> <span class='ocrx_word' id='word_1_115' title='bbox 1835 1737 1930 1790; x_wconf 81' lang='lat' dir='ltr'><strong>pm</strong></span> <span class='ocrx_word' id='word_1_116' title='bbox 1995 1735 2100 1792; x_wconf 83' lang='lat' dir='ltr'><strong>qua</strong></span> 
     </span>
    </p>
   </div>
   <div class='ocr_carea' id='block_1_18' title="bbox 533 1813 2102 1880">
    <p class='ocr_par' dir='ltr' id='par_1_18' title="bbox 533 1813 2102 1880">
     <span class='ocr_line' id='line_1_18' title="bbox 533 1813 2102 1880; baseline -0.006 -3"><span class='ocrx_word' id='word_1_117' title='bbox 533 1823 858 1877; x_wconf 77' lang='lat' dir='ltr'><strong>sententiam</strong></span> <span class='ocrx_word' id='word_1_118' title='bbox 903 1818 1153 1880; x_wconf 83' lang='lat' dir='ltr'><strong>obtinuit,</strong></span> <span class='ocrx_word' id='word_1_119' title='bbox 1187 1825 1240 1870; x_wconf 91' lang='lat' dir='ltr'><strong>et</strong></span> <span class='ocrx_word' id='word_1_120' title='bbox 1285 1830 1348 1869; x_wconf 85' lang='lat' dir='ltr'><strong>ea</strong></span> <span class='ocrx_word' id='word_1_121' title='bbox 1396 1816 1619 1868; x_wconf 83' lang='lat' dir='ltr'><strong>cesserit</strong></span> <span class='ocrx_word' id='word_1_122' title='bbox 1669 1813 1980 1868; x_wconf 77' lang='lat' dir='ltr'><strong>adversario</strong></span> <span class='ocrx_word' id='word_1_123' title='bbox 2003 1828 2102 1868; x_wconf 81' lang='lat' dir='ltr'><strong>suo</strong></span> 
     </span>
    </p>
   </div>
   <div class='ocr_carea' id='block_1_19' title="bbox 535 1901 2101 1978">
    <p class='ocr_par' dir='ltr' id='par_1_19' title="bbox 535 1901 2101 1978">
     <span class='ocr_line' id='line_1_19' title="bbox 535 1901 2101 1978; baseline -0.006 -11"><span class='ocrx_word' id='word_1_124' title='bbox 535 1931 562 1967; x_wconf 85' lang='lat' dir='ltr'><strong>a</strong></span> <span class='ocrx_word' id='word_1_125' title='bbox 593 1928 652 1967; x_wconf 91' lang='lat' dir='ltr'><strong>se</strong></span> <span class='ocrx_word' id='word_1_126' title='bbox 687 1917 963 1978; x_wconf 77' lang='lat' dir='ltr'><strong>supcrat-0.</strong></span> <span class='ocrx_word' id='word_1_127' title='bbox 1003 1911 1266 1965; x_wconf 71' lang='lat' dir='ltr'><strong>Praeterea</strong></span> <span class='ocrx_word' id='word_1_128' title='bbox 1316 1908 1673 1962; x_wconf 81' lang='lat' dir='ltr'><strong>decreverunt</strong></span> <span class='ocrx_word' id='word_1_129' title='bbox 1717 1901 1930 1971; x_wconf 70' lang='lat' dir='ltr'><strong>Patres,</strong></span> <span class='ocrx_word' id='word_1_130' title='bbox 1968 1915 2025 1959; x_wconf 87' lang='lat' dir='ltr'><strong>ut</strong></span> <span class='ocrx_word' id='word_1_131' title='bbox 2058 1905 2101 1959; x_wconf 90' lang='lat' dir='ltr'><strong>si</strong></span> 
     </span>
    </p>
   </div>
   <div class='ocr_carea' id='block_1_20' title="bbox 536 1999 2106 2075">
    <p class='ocr_par' dir='ltr' id='par_1_20' title="bbox 536 1999 2106 2075">
     <span class='ocr_line' id='line_1_20' title="bbox 536 1999 2106 2075; baseline -0.003 -17"><span class='ocrx_word' id='word_1_132' title='bbox 536 2007 660 2075; x_wconf 85' lang='lat' dir='ltr'><strong>quis</strong></span> <span class='ocrx_word' id='word_1_133' title='bbox 689 2006 950 2060; x_wconf 81' lang='lat' dir='ltr'><strong>adversus</strong></span> <span class='ocrx_word' id='word_1_134' title='bbox 981 2004 1358 2073; x_wconf 59' lang='lat' dir='ltr'><strong>episcoporum</strong></span> <span class='ocrx_word' id='word_1_135' title='bbox 1397 2000 1478 2052; x_wconf 90' lang='lat' dir='ltr'><strong>vel</strong></span> <span class='ocrx_word' id='word_1_136' title='bbox 1521 2000 1748 2052; x_wconf 79' lang='lat' dir='ltr'><strong>aliorum</strong></span> <span class='ocrx_word' id='word_1_137' title='bbox 1775 1999 2106 2054; x_wconf 84' lang='lat' dir='ltr'><strong>ecclesiasti-</strong></span> 
     </span>
    </p>
   </div>
   <div class='ocr_carea' id='block_1_21' title="bbox 537 2093 2107 2165">
    <p class='ocr_par' dir='ltr' id='par_1_21' title="bbox 537 2093 2107 2165">
     <span class='ocr_line' id='line_1_21' title="bbox 537 2093 2107 2165; baseline -0.006 -12"><span class='ocrx_word' id='word_1_138' title='bbox 537 2113 723 2153; x_wconf 83' lang='lat' dir='ltr'><strong>corum</strong></span> <span class='ocrx_word' id='word_1_139' title='bbox 777 2096 1018 2165; x_wconf 89' lang='lat' dir='ltr'><strong>judicum</strong></span> <span class='ocrx_word' id='word_1_140' title='bbox 1052 2093 1376 2148; x_wconf 76' lang='lat' dir='ltr'><strong>sententiam</strong></span> <span class='ocrx_word' id='word_1_141' title='bbox 1436 2093 1806 2163; x_wconf 73' lang='lat' dir='ltr'><strong>appellaverit,</strong></span> <span class='ocrx_word' id='word_1_142' title='bbox 1842 2101 1896 2145; x_wconf 88' lang='lat' dir='ltr'><strong>et</strong></span> <span class='ocrx_word' id='word_1_143' title='bbox 1929 2093 2107 2160; x_wconf 86' lang='lat' dir='ltr'><strong>appel-</strong></span> 
     </span>
    </p>
   </div>
   <div class='ocr_carea' id='block_1_22' title="bbox 538 2186 2105 2258">
    <p class='ocr_par' dir='ltr' id='par_1_22' title="bbox 538 2186 2105 2258">
     <span class='ocr_line' id='line_1_22' title="bbox 538 2186 2105 2258; baseline -0.006 -15"><span class='ocrx_word' id='word_1_144' title='bbox 538 2189 666 2244; x_wconf 82' lang='lat' dir='ltr'><strong>latio</strong></span> <span class='ocrx_word' id='word_1_145' title='bbox 705 2190 771 2243; x_wconf 85' lang='lat' dir='ltr'><strong>ad</strong></span> <span class='ocrx_word' id='word_1_146' title='bbox 805 2189 1063 2257; x_wconf 82' lang='lat' dir='ltr'><strong>majorem</strong></span> <span class='ocrx_word' id='word_1_147' title='bbox 1087 2189 1347 2258; x_wconf 87' lang='lat' dir='ltr'><strong>judicem,</strong></span> <span class='ocrx_word' id='word_1_148' title='bbox 1377 2186 1810 2241; x_wconf 85' lang='lat' dir='ltr'><strong>ecclesiasticum</strong></span> <span class='ocrx_word' id='word_1_149' title='bbox 1837 2187 2105 2251; x_wconf 82' lang='lat' dir='ltr'><strong>videlicet,</strong></span> 
     </span>
    </p>
   </div>
   <div class='ocr_carea' id='block_1_23' title="bbox 546 2279 2107 2349">
    <p class='ocr_par' dir='ltr' id='par_1_23' title="bbox 546 2279 2107 2349">
     <span class='ocr_line' id='line_1_23' title="bbox 546 2279 2107 2349; baseline -0.003 -14"><span class='ocrx_word' id='word_1_150' title='bbox 546 2283 798 2345; x_wconf 86' lang='lat' dir='ltr'><strong>redierit,</strong></span> <span class='ocrx_word' id='word_1_151' title='bbox 866 2279 1014 2349; x_wconf 80' lang='lat' dir='ltr'><strong>juxta</strong></span> <span class='ocrx_word' id='word_1_152' title='bbox 1069 2282 1429 2335; x_wconf 84' lang='lat' dir='ltr'><strong>universalem</strong></span> <span class='ocrx_word' id='word_1_153' title='bbox 1480 2279 1620 2345; x_wconf 88' lang='lat' dir='ltr'><strong>juris</strong></span> <span class='ocrx_word' id='word_1_154' title='bbox 1686 2281 1945 2345; x_wconf 75' lang='lat' dir='ltr'><strong>regulam,</strong></span> <span class='ocrx_word' id='word_1_155' title='bbox 1988 2291 2107 2345; x_wconf 72' lang='lat' dir='ltr'><strong>qua:</strong></span> 
     </span>
    </p>
   </div>
   <div class='ocr_carea' id='block_1_24' title="bbox 542 2372 2110 2442">
    <p class='ocr_par' dir='ltr' id='par_1_24' title="bbox 542 2372 2110 2442">
     <span class='ocr_line' id='line_1_24' title="bbox 542 2372 2110 2442; baseline -0.004 -13"><span class='ocrx_word' id='word_1_156' title='bbox 542 2375 752 2435; x_wconf 81' lang='lat' dir='ltr'><strong>statuit,</strong></span> <span class='ocrx_word' id='word_1_157' title='bbox 798 2372 1029 2442; x_wconf 85' lang='lat' dir='ltr'><strong>judices,</strong></span> <span class='ocrx_word' id='word_1_158' title='bbox 1060 2372 1126 2425; x_wconf 84' lang='lat' dir='ltr'><strong>ad</strong></span> <span class='ocrx_word' id='word_1_159' title='bbox 1157 2388 1292 2439; x_wconf 88' lang='lat' dir='ltr'><strong>quos</strong></span> <span class='ocrx_word' id='word_1_160' title='bbox 1323 2372 1644 2442; x_wconf 68' lang='lat' dir='ltr'><strong>appellatur,</strong></span> <span class='ocrx_word' id='word_1_161' title='bbox 1695 2381 1951 2438; x_wconf 86' lang='lat' dir='ltr'><strong>oportere</strong></span> <span class='ocrx_word' id='word_1_162' title='bbox 1988 2383 2110 2424; x_wconf 87' lang='lat' dir='ltr'><strong>esse</strong></span> 
     </span>
    </p>
   </div>
   <div class='ocr_carea' id='block_1_25' title="bbox 544 2461 2112 2531">
    <p class='ocr_par' dir='ltr' id='par_1_25' title="bbox 544 2461 2112 2531">
     <span class='ocr_line' id='line_1_25' title="bbox 544 2461 2112 2531; baseline -0.001 -17"><span class='ocrx_word' id='word_1_163' title='bbox 544 2463 778 2528; x_wconf 79' lang='lat' dir='ltr'><strong>majores</strong></span> <span class='ocrx_word' id='word_1_164' title='bbox 804 2462 869 2514; x_wconf 87' lang='lat' dir='ltr'><strong>iis</strong></span> <span class='ocrx_word' id='word_1_165' title='bbox 902 2462 990 2530; x_wconf 86' lang='lat' dir='ltr'><strong>qui</strong></span> <span class='ocrx_word' id='word_1_166' title='bbox 1024 2462 1257 2529; x_wconf 88' lang='lat' dir='ltr'><strong>primum</strong></span> <span class='ocrx_word' id='word_1_167' title='bbox 1301 2461 1659 2531; x_wconf 84' lang='lat' dir='ltr'><strong>judicaverint</strong></span> <span class='ocrx_word' id='word_1_168' title='bbox 1691 2478 1705 2513; x_wconf 84' lang='lat'><strong>:</strong></span> <span class='ocrx_word' id='word_1_169' title='bbox 1740 2467 1793 2514; x_wconf 85' lang='lat' dir='ltr'><strong>et</strong></span> <span class='ocrx_word' id='word_1_170' title='bbox 1824 2463 2112 2531; x_wconf 82' lang='lat' dir='ltr'><strong>contigerit</strong></span> 
     </span>
    </p>
   </div>
   <div class='ocr_carea' id='block_1_26' title="bbox 541 2552 2110 2623">
    <p class='ocr_par' dir='ltr' id='par_1_26' title="bbox 541 2552 2110 2623">
     <span class='ocr_line' id='line_1_26' title="bbox 541 2552 2110 2623; baseline 0.001 -17"><span class='ocrx_word' id='word_1_171' title='bbox 541 2569 574 2606; x_wconf 84' lang='lat' dir='ltr'><strong>a</strong></span> <span class='ocrx_word' id='word_1_172' title='bbox 597 2552 867 2623; x_wconf 86' lang='lat' dir='ltr'><strong>judicibus</strong></span> <span class='ocrx_word' id='word_1_173' title='bbox 889 2554 1263 2622; x_wconf 75' lang='lat' dir='ltr'><strong>appellationis</strong></span> <span class='ocrx_word' id='word_1_174' title='bbox 1295 2555 1519 2622; x_wconf 83' lang='lat' dir='ltr'><strong>primam</strong></span> <span class='ocrx_word' id='word_1_175' title='bbox 1547 2556 1868 2608; x_wconf 79' lang='lat' dir='ltr'><strong>sententiam</strong></span> <span class='ocrx_word' id='word_1_176' title='bbox 1900 2555 2067 2607; x_wconf 78' lang='lat' dir='ltr'><strong>everti</strong></span> <span class='ocrx_word' id='word_1_177' title='bbox 2094 2571 2110 2620; x_wconf 91' lang='lat'><strong>;</strong></span> 
     </span>
    </p>
   </div>
   <div class='ocr_carea' id='block_1_27' title="bbox 545 2642 2115 2711">
    <p class='ocr_par' dir='ltr' id='par_1_27' title="bbox 545 2642 2115 2711">
     <span class='ocr_line' id='line_1_27' title="bbox 545 2642 2115 2711; baseline 0.001 -16"><span class='ocrx_word' id='word_1_178' title='bbox 545 2643 690 2695; x_wconf 87' lang='lat' dir='ltr'><strong>nulla</strong></span> <span class='ocrx_word' id='word_1_179' title='bbox 721 2643 772 2694; x_wconf 89' lang='lat' dir='ltr'><strong>in</strong></span> <span class='ocrx_word' id='word_1_180' title='bbox 811 2657 870 2696; x_wconf 88' lang='lat' dir='ltr'><strong>re</strong></span> <span class='ocrx_word' id='word_1_181' title='bbox 900 2642 1165 2695; x_wconf 75' lang='lat' dir='ltr'><strong>laedantur</strong></span> <span class='ocrx_word' id='word_1_182' title='bbox 1190 2643 1245 2706; x_wconf 89' lang='lat' dir='ltr'><strong>ii,</strong></span> <span class='ocrx_word' id='word_1_183' title='bbox 1276 2644 1366 2711; x_wconf 90' lang='lat' dir='ltr'><strong>qui</strong></span> <span class='ocrx_word' id='word_1_184' title='bbox 1401 2642 1630 2711; x_wconf 88' lang='lat' dir='ltr'><strong>primam</strong></span> <span class='ocrx_word' id='word_1_185' title='bbox 1671 2647 1999 2699; x_wconf 84' lang='lat' dir='ltr'><strong>sententiam</strong></span> <span class='ocrx_word' id='word_1_186' title='bbox 2033 2653 2115 2697; x_wconf 82' lang='grc' dir='ltr'>ιιι-</span> 
     </span>
    </p>
   </div>
   <div class='ocr_carea' id='block_1_28' title="bbox 548 2735 2112 2806">
    <p class='ocr_par' dir='ltr' id='par_1_28' title="bbox 548 2735 2112 2806">
     <span class='ocr_line' id='line_1_28' title="bbox 548 2735 2112 2806; baseline 0.004 -20"><span class='ocrx_word' id='word_1_187' title='bbox 548 2735 744 2800; x_wconf 88' lang='lat' dir='ltr'><strong>lerunt,</strong></span> <span class='ocrx_word' id='word_1_188' title='bbox 767 2736 882 2788; x_wconf 87' lang='lat' dir='ltr'><strong>sive</strong></span> <span class='ocrx_word' id='word_1_189' title='bbox 931 2736 1000 2786; x_wconf 82' lang='lat' dir='ltr'><strong>sit</strong></span> <span class='ocrx_word' id='word_1_190' title='bbox 1055 2749 1217 2787; x_wconf 81' lang='lat' dir='ltr'><strong>causa</strong></span> <span class='ocrx_word' id='word_1_191' title='bbox 1252 2736 1571 2797; x_wconf 84' lang='lat' dir='ltr'><strong>criminalis,</strong></span> <span class='ocrx_word' id='word_1_192' title='bbox 1613 2738 1730 2789; x_wconf 83' lang='lat' dir='ltr'><strong>sive</strong></span> <span class='ocrx_word' id='word_1_193' title='bbox 1762 2739 2112 2806; x_wconf 75' lang='lat' dir='ltr'><strong>pecuniaria;</strong></span> 
     </span>
    </p>
   </div>
   <div class='ocr_carea' id='block_1_29' title="bbox 548 2823 2116 2895">
    <p class='ocr_par' dir='ltr' id='par_1_29' title="bbox 548 2823 2116 2895">
     <span class='ocr_line' id='line_1_29' title="bbox 548 2823 2116 2895; baseline 0.002 -17"><span class='ocrx_word' id='word_1_194' title='bbox 548 2823 651 2878; x_wconf 87' lang='lat' dir='ltr'><strong>nisi</strong></span> <span class='ocrx_word' id='word_1_195' title='bbox 688 2825 722 2877; x_wconf 90' lang='lat' dir='ltr'><strong>ii</strong></span> <span class='ocrx_word' id='word_1_196' title='bbox 760 2823 996 2879; x_wconf 78' lang='lat' dir='ltr'><strong>convicti</strong></span> <span class='ocrx_word' id='word_1_197' title='bbox 1049 2823 1250 2877; x_wconf 78' lang='lat' dir='ltr'><strong>iuerint</strong></span> <span class='ocrx_word' id='word_1_198' title='bbox 1280 2826 1606 2876; x_wconf 84' lang='lat' dir='ltr'><strong>sententiam</strong></span> <span class='ocrx_word' id='word_1_199' title='bbox 1642 2826 1832 2879; x_wconf 84' lang='lat' dir='ltr'><strong>tulisse</strong></span> <span class='ocrx_word' id='word_1_200' title='bbox 1898 2823 2116 2895; x_wconf 84' lang='lat' dir='ltr'><strong>propter</strong></span> 
     </span>
    </p>
   </div>
   <div class='ocr_carea' id='block_1_30' title="bbox 546 2915 2115 2987">
    <p class='ocr_par' dir='ltr' id='par_1_30' title="bbox 546 2915 2115 2987">
     <span class='ocr_line' id='line_1_30' title="bbox 546 2915 2115 2987; baseline 0.002 -19"><span class='ocrx_word' id='word_1_201' title='bbox 546 2917 728 2970; x_wconf 88' lang='lat' dir='ltr'><strong>odium</strong></span> <span class='ocrx_word' id='word_1_202' title='bbox 760 2917 879 2985; x_wconf 81' lang='lat' dir='ltr'><strong>ejus</strong></span> <span class='ocrx_word' id='word_1_203' title='bbox 909 2916 1003 2983; x_wconf 89' lang='lat' dir='ltr'><strong>qui</strong></span> <span class='ocrx_word' id='word_1_204' title='bbox 1051 2915 1344 2970; x_wconf 78' lang='lat' dir='ltr'><strong>damnatus</strong></span> <span class='ocrx_word' id='word_1_205' title='bbox 1371 2926 1474 2979; x_wconf 85' lang='lat' dir='ltr'><strong>est,</strong></span> <span class='ocrx_word' id='word_1_206' title='bbox 1511 2917 1594 2971; x_wconf 86' lang='lat' dir='ltr'><strong>vel</strong></span> <span class='ocrx_word' id='word_1_207' title='bbox 1627 2927 1846 2987; x_wconf 88' lang='lat' dir='ltr'><strong>propter</strong></span> <span class='ocrx_word' id='word_1_208' title='bbox 1873 2917 2115 2972; x_wconf 73' lang='lat' dir='ltr'><strong>aﬂeetio-</strong></span> 
     </span>
    </p>
   </div>
   <div class='ocr_carea' id='block_1_31' title="bbox 547 3007 2120 3075">
    <p class='ocr_par' dir='ltr' id='par_1_31' title="bbox 547 3007 2120 3075">
     <span class='ocr_line' id='line_1_31' title="bbox 547 3007 2120 3075; baseline 0.001 -14"><span class='ocrx_word' id='word_1_209' title='bbox 547 3022 669 3061; x_wconf 88' lang='lat' dir='ltr'><strong>nem</strong></span> <span class='ocrx_word' id='word_1_210' title='bbox 702 3009 755 3061; x_wconf 90' lang='lat' dir='ltr'><strong>in</strong></span> <span class='ocrx_word' id='word_1_211' title='bbox 791 3023 916 3060; x_wconf 88' lang='lat' dir='ltr'><strong>eum</strong></span> <span class='ocrx_word' id='word_1_212' title='bbox 970 3007 1063 3075; x_wconf 86' lang='lat' dir='ltr'><strong>qui</strong></span> <span class='ocrx_word' id='word_1_213' title='bbox 1105 3011 1186 3062; x_wconf 86' lang='lat' dir='ltr'><strong>est</strong></span> <span class='ocrx_word' id='word_1_214' title='bbox 1239 3008 1539 3073; x_wconf 86' lang='lat' dir='ltr'><strong>absolutus,</strong></span> <span class='ocrx_word' id='word_1_215' title='bbox 1569 3010 1652 3062; x_wconf 89' lang='lat' dir='ltr'><strong>vel</strong></span> <span class='ocrx_word' id='word_1_216' title='bbox 1698 3019 1753 3063; x_wconf 88' lang='lat' dir='ltr'><strong>ut</strong></span> <span class='ocrx_word' id='word_1_217' title='bbox 1803 3011 2120 3064; x_wconf 87' lang='lat' dir='ltr'><strong>muneribus</strong></span> 
     </span>
    </p>
   </div>
   <div class='ocr_carea' id='block_1_32' title="bbox 2195 510 3774 585">
    <p class='ocr_par' dir='ltr' id='par_1_32' title="bbox 2195 510 3774 585">
     <span class='ocr_line' id='line_1_32' title="bbox 2195 510 3774 585; baseline -0.003 -17"><span class='ocrx_word' id='word_1_218' title='bbox 2195 516 2441 585; x_wconf 74' lang='grc' dir='ltr'>ἐναγάγῃ</span> <span class='ocrx_word' id='word_1_219' title='bbox 2494 514 2650 576; x_wconf 78' lang='grc' dir='ltr'><strong>παρὰ</strong></span> <span class='ocrx_word' id='word_1_220' title='bbox 2713 512 2975 576; x_wconf 80' lang='grc' dir='ltr'>πολιτικῷ</span> <span class='ocrx_word' id='word_1_221' title='bbox 3031 510 3374 582; x_wconf 77' lang='grc' dir='ltr'><strong>δικαστηρίῳ</strong></span> <span class='ocrx_word' id='word_1_222' title='bbox 3431 512 3577 566; x_wconf 75' lang='grc' dir='ltr'>κατὰ</span> <span class='ocrx_word' id='word_1_223' title='bbox 3612 513 3774 580; x_wconf 80' lang='grc' dir='ltr'>ἱερω-</span> 
     </span>
    </p>
   </div>
   <div class='ocr_carea' id='block_1_33' title="bbox 2199 605 3776 682">
    <p class='ocr_par' dir='ltr' id='par_1_33' title="bbox 2199 605 3776 682">
     <span class='ocr_line' id='line_1_33' title="bbox 2199 605 3776 682; baseline -0.004 -19"><span class='ocrx_word' id='word_1_224' title='bbox 2199 611 2430 682; x_wconf 79' lang='grc' dir='ltr'>μένουῆ</span> <span class='ocrx_word' id='word_1_225' title='bbox 2477 607 2716 682; x_wconf 80' lang='grc' dir='ltr'>μοναχοῦ</span> <span class='ocrx_word' id='word_1_226' title='bbox 2771 607 2901 675; x_wconf 75' lang='grc' dir='ltr'>περὶ</span> <span class='ocrx_word' id='word_1_227' title='bbox 2951 605 3373 677; x_wconf 81' lang='grc' dir='ltr'>ὲγκληματικῆς</span> <span class='ocrx_word' id='word_1_228' title='bbox 3434 605 3776 670; x_wconf 79' lang='grc' dir='ltr'><strong>ὑποθέσεως,</strong></span> 
     </span>
    </p>
   </div>
   <div class='ocr_carea' id='block_1_34' title="bbox 2197 697 3774 776">
    <p class='ocr_par' dir='ltr' id='par_1_34' title="bbox 2197 697 3774 776">
     <span class='ocr_line' id='line_1_34' title="bbox 2197 697 3774 776; baseline -0.003 -19"><span class='ocrx_word' id='word_1_229' title='bbox 2197 706 2230 776; x_wconf 82' lang='grc' dir='ltr'>ἢ</span> <span class='ocrx_word' id='word_1_230' title='bbox 2263 707 2314 757; x_wconf 81' lang='grc' dir='ltr'>εἰ</span> <span class='ocrx_word' id='word_1_231' title='bbox 2339 722 2424 767; x_wconf 91' lang='grc' dir='ltr'><strong>τις</strong></span> <span class='ocrx_word' id='word_1_232' title='bbox 2453 701 2657 762; x_wconf 76' lang='grc' dir='ltr'>αὐτῶν.</span> <span class='ocrx_word' id='word_1_233' title='bbox 2694 701 2842 772; x_wconf 81' lang='grc' dir='ltr'>παρὰ</span> <span class='ocrx_word' id='word_1_234' title='bbox 2872 699 2948 770; x_wconf 87' lang='grc' dir='ltr'><strong>τῷ</strong></span> <span class='ocrx_word' id='word_1_235' title='bbox 2979 701 3279 769; x_wconf 74' lang='grc' dir='ltr'>προσφόρῳ</span> <span class='ocrx_word' id='word_1_236' title='bbox 3318 697 3774 768; x_wconf 79' lang='grc' dir='ltr'>ὲκκλησιαστικῷ</span> 
     </span>
    </p>
   </div>
   <div class='ocr_carea' id='block_1_35' title="bbox 2197 789 3775 863">
    <p class='ocr_par' dir='ltr' id='par_1_35' title="bbox 2197 789 3775 863">
     <span class='ocr_line' id='line_1_35' title="bbox 2197 789 3775 863; baseline -0.005 -16"><span class='ocrx_word' id='word_1_237' title='bbox 2197 795 2534 863; x_wconf 72' lang='grc' dir='ltr'><strong>δικαστηρίῳ</strong></span> <span class='ocrx_word' id='word_1_238' title='bbox 2590 790 2913 853; x_wconf 80' lang='grc' dir='ltr'>ὲλκυσθεὶς,</span> <span class='ocrx_word' id='word_1_239' title='bbox 2969 791 3372 861; x_wconf 74' lang='grc' dir='ltr'><strong>παραιτήσεται</strong></span> <span class='ocrx_word' id='word_1_240' title='bbox 3433 789 3613 854; x_wconf 72' lang='grc' dir='ltr'>τοῦτο,</span> <span class='ocrx_word' id='word_1_241' title='bbox 3675 791 3775 841; x_wconf 77' lang='grc' dir='ltr'>καὶ</span> 
     </span>
    </p>
   </div>
   <div class='ocr_carea' id='block_1_36' title="bbox 2198 879 3772 953">
    <p class='ocr_par' dir='ltr' id='par_1_36' title="bbox 2198 879 3772 953">
     <span class='ocr_line' id='line_1_36' title="bbox 2198 879 3772 953; baseline -0.004 -14"><span class='ocrx_word' id='word_1_242' title='bbox 2198 885 2504 949; x_wconf 76' lang='grc' dir='ltr'>ἑπιλέξεται</span> <span class='ocrx_word' id='word_1_243' title='bbox 2545 883 2902 953; x_wconf 84' lang='grc' dir='ltr'>δικαστήριον</span> <span class='ocrx_word' id='word_1_244' title='bbox 2951 879 3254 949; x_wconf 80' lang='grc' dir='ltr'>δημοτικὸν</span> <span class='ocrx_word' id='word_1_245' title='bbox 3302 881 3424 951; x_wconf 84' lang='grc' dir='ltr'>ήτοι</span> <span class='ocrx_word' id='word_1_246' title='bbox 3488 880 3772 934; x_wconf 85' lang='grc' dir='ltr'>πολιτικὸν</span> 
     </span>
    </p>
   </div>
   <div class='ocr_carea' id='block_1_37' title="bbox 2201 972 3774 1051">
    <p class='ocr_par' dir='ltr' id='par_1_37' title="bbox 2201 972 3774 1051">
     <span class='ocr_line' id='line_1_37' title="bbox 2201 972 3774 1051; baseline -0.004 -21"><span class='ocrx_word' id='word_1_247' title='bbox 2201 976 2382 1051; x_wconf 79' lang='grc' dir='ltr'>(τοῦτο</span> <span class='ocrx_word' id='word_1_248' title='bbox 2459 975 2568 1046; x_wconf 83' lang='grc' dir='ltr'><strong>γάρ</strong></span> <span class='ocrx_word' id='word_1_249' title='bbox 2630 976 2743 1028; x_wconf 79' lang='grc' dir='ltr'>ἐστι</span> <span class='ocrx_word' id='word_1_250' title='bbox 2816 975 2878 1025; x_wconf 84' lang='grc' dir='ltr'><strong>τὸ</strong></span> <span class='ocrx_word' id='word_1_251' title='bbox 2955 972 3162 1028; x_wconf 78' lang='grc' dir='ltr'><strong>ἐθέλειν</strong></span> <span class='ocrx_word' id='word_1_252' title='bbox 3233 974 3579 1044; x_wconf 80' lang='grc' dir='ltr'>καθαρθῆναι</span> <span class='ocrx_word' id='word_1_253' title='bbox 3651 974 3774 1045; x_wconf 85' lang='grc' dir='ltr'>ήτοι</span> 
     </span>
    </p>
   </div>
   <div class='ocr_carea' id='block_1_38' title="bbox 2199 1065 3770 1152">
    <p class='ocr_par' dir='ltr' id='par_1_38' title="bbox 2199 1065 3770 1152">
     <span class='ocr_line' id='line_1_38' title="bbox 2199 1065 3770 1152; baseline -0.003 -30"><span class='ocrx_word' id='word_1_254' title='bbox 2199 1069 2528 1138; x_wconf 80' lang='grc' dir='ltr'>ὰθωωθῆναι</span> <span class='ocrx_word' id='word_1_255' title='bbox 2566 1066 2663 1120; x_wconf 76' lang='grc' dir='ltr'>τοῦ</span> <span class='ocrx_word' id='word_1_256' title='bbox 2693 1066 3023 1133; x_wconf 87' lang='grc' dir='ltr'>αἱτιάματος</span> <span class='ocrx_word' id='word_1_257' title='bbox 3064 1066 3159 1120; x_wconf 74' lang='grc' dir='ltr'>διὰ</span> <span class='ocrx_word' id='word_1_258' title='bbox 3194 1067 3458 1137; x_wconf 73' lang='grc' dir='ltr'><strong>δημοσίου</strong></span> <span class='ocrx_word' id='word_1_259' title='bbox 3504 1065 3770 1152; x_wconf 78' lang='grc' dir='ltr'>δικαστη-</span> 
     </span>
    </p>
   </div>
   <div class='ocr_carea' id='block_1_39' title="bbox 2203 1155 3778 1229">
    <p class='ocr_par' dir='ltr' id='par_1_39' title="bbox 2203 1155 3778 1229">
     <span class='ocr_line' id='line_1_39' title="bbox 2203 1155 3778 1229; baseline -0.003 -19"><span class='ocrx_word' id='word_1_260' title='bbox 2203 1160 2367 1229; x_wconf 87' lang='grc' dir='ltr'>ρίου),</span> <span class='ocrx_word' id='word_1_261' title='bbox 2413 1158 2516 1212; x_wconf 80' lang='grc' dir='ltr'><strong>κᾶν</strong></span> <span class='ocrx_word' id='word_1_262' title='bbox 2557 1157 2757 1228; x_wconf 80' lang='grc' dir='ltr'>νικήσῃ</span> <span class='ocrx_word' id='word_1_263' title='bbox 2803 1157 2862 1207; x_wconf 70' lang='grc' dir='ltr'>ἐν</span> <span class='ocrx_word' id='word_1_264' title='bbox 2929 1155 3008 1224; x_wconf 83' lang='grc' dir='ltr'>τῷ</span> <span class='ocrx_word' id='word_1_265' title='bbox 3063 1156 3335 1226; x_wconf 80' lang='grc' dir='ltr'>δικαστηρ</span> <span class='ocrx_word' id='word_1_266' title='bbox 3362 1172 3408 1226; x_wconf 79' lang='grc' dir='ltr'>ῳ</span> <span class='ocrx_word' id='word_1_267' title='bbox 3453 1157 3650 1227; x_wconf 76' lang='grc' dir='ltr'>ἐκείνῳ</span> <span class='ocrx_word' id='word_1_268' title='bbox 3696 1155 3778 1226; x_wconf 79' lang='grc' dir='ltr'><strong>τῷ</strong></span> 
     </span>
    </p>
   </div>
   <div class='ocr_carea' id='block_1_40' title="bbox 2201 1246 3780 1322">
    <p class='ocr_par' dir='ltr' id='par_1_40' title="bbox 2201 1246 3780 1322">
     <span class='ocr_line' id='line_1_40' title="bbox 2201 1246 3780 1322; baseline -0.001 -17"><span class='ocrx_word' id='word_1_269' title='bbox 2201 1251 2491 1322; x_wconf 83' lang='grc' dir='ltr'>πολιτικῷ,</span> <span class='ocrx_word' id='word_1_270' title='bbox 2538 1251 2650 1304; x_wconf 73' lang='grc' dir='ltr'>εἴτε</span> <span class='ocrx_word' id='word_1_271' title='bbox 2693 1248 2772 1314; x_wconf 84' lang='grc' dir='ltr'>ὡς</span> <span class='ocrx_word' id='word_1_272' title='bbox 2814 1246 3063 1314; x_wconf 82' lang='grc' dir='ltr'>ὲνάγων,</span> <span class='ocrx_word' id='word_1_273' title='bbox 3111 1249 3166 1301; x_wconf 77' lang='grc' dir='ltr'>εἴ</span> <span class='ocrx_word' id='word_1_274' title='bbox 3207 1267 3268 1302; x_wconf 86' lang='grc' dir='ltr'><strong>τε</strong></span> <span class='ocrx_word' id='word_1_275' title='bbox 3307 1251 3382 1315; x_wconf 80' lang='grc' dir='ltr'>ὡς</span> <span class='ocrx_word' id='word_1_276' title='bbox 3424 1253 3780 1319; x_wconf 80' lang='grc' dir='ltr'>ὲναγόμενος.</span> 
     </span>
    </p>
   </div>
   <div class='ocr_carea' id='block_1_41' title="bbox 2202 1344 3787 1420">
    <p class='ocr_par' dir='ltr' id='par_1_41' title="bbox 2202 1344 3787 1420">
     <span class='ocr_line' id='line_1_41' title="bbox 2202 1344 3787 1420; baseline 0.001 -22"><span class='ocrx_word' id='word_1_277' title='bbox 2202 1345 2358 1415; x_wconf 81' lang='grc' dir='ltr'>ὅμως</span> <span class='ocrx_word' id='word_1_278' title='bbox 2387 1346 2478 1397; x_wconf 82' lang='grc' dir='ltr'><strong>τὸν</strong></span> <span class='ocrx_word' id='word_1_279' title='bbox 2512 1344 2648 1402; x_wconf 81' lang='grc' dir='ltr'>ῐδιον</span> <span class='ocrx_word' id='word_1_280' title='bbox 2673 1347 2859 1413; x_wconf 81' lang='grc' dir='ltr'><strong>τόπον,</strong></span> <span class='ocrx_word' id='word_1_281' title='bbox 2881 1349 2999 1420; x_wconf 86' lang='grc' dir='ltr'>ήτοι</span> <span class='ocrx_word' id='word_1_282' title='bbox 3026 1346 3236 1417; x_wconf 79' lang='grc' dir='ltr'><strong>βαθμὸν</strong></span> <span class='ocrx_word' id='word_1_283' title='bbox 3257 1347 3353 1400; x_wconf 79' lang='grc' dir='ltr'>καὶ</span> <span class='ocrx_word' id='word_1_284' title='bbox 3379 1344 3476 1416; x_wconf 81' lang='grc' dir='ltr'><strong>τὴν</strong></span> <span class='ocrx_word' id='word_1_285' title='bbox 3499 1344 3787 1418; x_wconf 74' lang='grc' dir='ltr'>ἱερατικὴν</span> 
     </span>
    </p>
   </div>
   <div class='ocr_carea' id='block_1_42' title="bbox 2202 1432 3783 1505">
    <p class='ocr_par' dir='ltr' id='par_1_42' title="bbox 2202 1432 3783 1505">
     <span class='ocr_line' id='line_1_42' title="bbox 2202 1432 3783 1505; baseline 0.001 -20"><span class='ocrx_word' id='word_1_286' title='bbox 2202 1433 2370 1502; x_wconf 82' lang='grc' dir='ltr'>τιμὴν</span> <span class='ocrx_word' id='word_1_287' title='bbox 2398 1432 2660 1487; x_wconf 75' lang='grc' dir='ltr'>ἀπολέσει</span> <span class='ocrx_word' id='word_1_288' title='bbox 2689 1451 2704 1465; x_wconf 74' lang='grc'><strong><em>⁸</em></strong></span> <span class='ocrx_word' id='word_1_289' title='bbox 2731 1435 2821 1488; x_wconf 83' lang='grc' dir='ltr'><strong>διὰ</strong></span> <span class='ocrx_word' id='word_1_290' title='bbox 2854 1436 3014 1489; x_wconf 83' lang='grc' dir='ltr'>τοῦτο</span> <span class='ocrx_word' id='word_1_291' title='bbox 3062 1435 3196 1489; x_wconf 75' lang='grc' dir='ltr'>αὐτὸ</span> <span class='ocrx_word' id='word_1_292' title='bbox 3225 1437 3322 1489; x_wconf 74' lang='grc' dir='ltr'><strong>καὶ</strong></span> <span class='ocrx_word' id='word_1_293' title='bbox 3369 1435 3530 1505; x_wconf 82' lang='grc' dir='ltr'>μόνον</span> <span class='ocrx_word' id='word_1_294' title='bbox 3583 1435 3752 1489; x_wconf 88' lang='grc' dir='ltr'>καθαι</span> <span class='ocrx_word' id='word_1_295' title='bbox 3772 1467 3783 1476; x_wconf 85' lang='lat'><strong>-</strong></span> 
     </span>
    </p>
   </div>
   <div class='ocr_carea' id='block_1_43' title="bbox 2209 1523 3780 1598">
    <p class='ocr_par' dir='ltr' id='par_1_43' title="bbox 2209 1523 3780 1598">
     <span class='ocr_line' id='line_1_43' title="bbox 2209 1523 3780 1598; baseline -0.001 -20"><span class='ocrx_word' id='word_1_296' title='bbox 2209 1523 2492 1596; x_wconf 80' lang='grc' dir='ltr'>ροόμενος,</span> <span class='ocrx_word' id='word_1_297' title='bbox 2527 1526 2615 1580; x_wconf 83' lang='grc' dir='ltr'>διὰ</span> <span class='ocrx_word' id='word_1_298' title='bbox 2646 1527 2708 1579; x_wconf 87' lang='grc' dir='ltr'><strong>τὸ</strong></span> <span class='ocrx_word' id='word_1_299' title='bbox 2739 1527 3184 1598; x_wconf 76' lang='grc' dir='ltr'>παραιτήσασθαι</span> <span class='ocrx_word' id='word_1_300' title='bbox 3215 1527 3278 1580; x_wconf 85' lang='grc' dir='ltr'><strong>τὸ</strong></span> <span class='ocrx_word' id='word_1_301' title='bbox 3306 1525 3780 1597; x_wconf 77' lang='grc' dir='ltr'>ἐκκλησιαστικὸν</span> 
     </span>
    </p>
   </div>
   <div class='ocr_carea' id='block_1_44' title="bbox 2205 1618 3782 1690">
    <p class='ocr_par' dir='ltr' id='par_1_44' title="bbox 2205 1618 3782 1690">
     <span class='ocr_line' id='line_1_44' title="bbox 2205 1618 3782 1690; baseline -0.001 -18"><span class='ocrx_word' id='word_1_302' title='bbox 2205 1618 2580 1690; x_wconf 86' lang='grc' dir='ltr'>δικαστήριον,</span> <span class='ocrx_word' id='word_1_303' title='bbox 2607 1620 2703 1673; x_wconf 75' lang='grc' dir='ltr'><strong>καὶ</strong></span> <span class='ocrx_word' id='word_1_304' title='bbox 2735 1619 3096 1684; x_wconf 68' lang='grc' dir='ltr'>ἐπιλέξασθαι</span> <span class='ocrx_word' id='word_1_305' title='bbox 3123 1618 3185 1672; x_wconf 85' lang='grc' dir='ltr'><strong>τὸ</strong></span> <span class='ocrx_word' id='word_1_306' title='bbox 3211 1620 3512 1672; x_wconf 84' lang='grc' dir='ltr'>πολιτικόν.</span> <span class='ocrx_word' id='word_1_307' title='bbox 3541 1619 3668 1673; x_wconf 76' lang='grc' dir='ltr'><strong>Καὶ·</strong></span> <span class='ocrx_word' id='word_1_308' title='bbox 3687 1620 3782 1672; x_wconf 83' lang='grc' dir='ltr'><strong>ὅτε</strong></span> 
     </span>
    </p>
   </div>
   <div class='ocr_carea' id='block_1_45' title="bbox 2214 1711 3785 1782">
    <p class='ocr_par' dir='ltr' id='par_1_45' title="bbox 2214 1711 3785 1782">
     <span class='ocr_line' id='line_1_45' title="bbox 2214 1711 3785 1782; baseline 0 -20"><span class='ocrx_word' id='word_1_309' title='bbox 2214 1713 2312 1780; x_wconf 82' lang='grc' dir='ltr'>μὲν</span> <span class='ocrx_word' id='word_1_310' title='bbox 2363 1711 2769 1781; x_wconf 72' lang='grc' dir='ltr'>ἐγκληματικὸν</span> <span class='ocrx_word' id='word_1_311' title='bbox 2820 1713 2909 1782; x_wconf 80' lang='grc' dir='ltr'><strong>εἴη</strong></span> <span class='ocrx_word' id='word_1_312' title='bbox 2949 1712 3009 1765; x_wconf 89' lang='grc' dir='ltr'><strong>τὸ</strong></span> <span class='ocrx_word' id='word_1_313' title='bbox 3063 1712 3438 1781; x_wconf 82' lang='grc' dir='ltr'>δικαστήριον,</span> <span class='ocrx_word' id='word_1_314' title='bbox 3485 1712 3785 1780; x_wconf 83' lang='grc' dir='ltr'>γενήσεται</span> 
     </span>
    </p>
   </div>
   <div class='ocr_carea' id='block_1_46' title="bbox 2209 1803 3786 1877">
    <p class='ocr_par' dir='ltr' id='par_1_46' title="bbox 2209 1803 3786 1877">
     <span class='ocr_line' id='line_1_46' title="bbox 2209 1803 3786 1877; baseline -0.003 -16"><span class='ocrx_word' id='word_1_315' title='bbox 2209 1807 2369 1861; x_wconf 75' lang='grc' dir='ltr'>τοῦτο</span> <span class='ocrx_word' id='word_1_316' title='bbox 2397 1826 2410 1839; x_wconf 90' lang='grc'><strong>·</strong></span> <span class='ocrx_word' id='word_1_317' title='bbox 2461 1809 2549 1861; x_wconf 80' lang='grc' dir='ltr'>ὅτε</span> <span class='ocrx_word' id='word_1_318' title='bbox 2597 1808 2655 1861; x_wconf 86' lang='grc' dir='ltr'><strong>δὲ</strong></span> <span class='ocrx_word' id='word_1_319' title='bbox 2707 1806 2988 1861; x_wconf 86' lang='grc' dir='ltr'>πολιτικόν</span> <span class='ocrx_word' id='word_1_320' title='bbox 3042 1809 3162 1860; x_wconf 77' lang='grc' dir='ltr'>ἐστι</span> <span class='ocrx_word' id='word_1_321' title='bbox 3203 1807 3265 1859; x_wconf 88' lang='grc' dir='ltr'><strong>τὸ</strong></span> <span class='ocrx_word' id='word_1_322' title='bbox 3315 1803 3628 1877; x_wconf 79' lang='grc' dir='ltr'>κινούμενον</span> <span class='ocrx_word' id='word_1_323' title='bbox 3659 1805 3786 1877; x_wconf 84' lang='grc' dir='ltr'>ήτοι</span> 
     </span>
    </p>
   </div>
   <div class='ocr_carea' id='block_1_47' title="bbox 2209 1897 3786 1974">
    <p class='ocr_par' dir='ltr' id='par_1_47' title="bbox 2209 1897 3786 1974">
     <span class='ocr_line' id='line_1_47' title="bbox 2209 1897 3786 1974; baseline -0.001 -21"><span class='ocrx_word' id='word_1_324' title='bbox 2209 1901 2572 1974; x_wconf 82' lang='grc' dir='ltr'>χρηματικὸν,</span> <span class='ocrx_word' id='word_1_325' title='bbox 2609 1900 2713 1955; x_wconf 84' lang='grc' dir='ltr'><strong>κᾶν</strong></span> <span class='ocrx_word' id='word_1_326' title='bbox 2755 1899 3020 1970; x_wconf 76' lang='grc' dir='ltr'>δικαιωθῇ</span> <span class='ocrx_word' id='word_1_327' title='bbox 3054 1903 3082 1953; x_wconf 84' lang='grc' dir='ltr'><strong>ό</strong></span> <span class='ocrx_word' id='word_1_328' title='bbox 3115 1899 3429 1969; x_wconf 81' lang='grc' dir='ltr'>ἱερωμένος,</span> <span class='ocrx_word' id='word_1_329' title='bbox 3485 1903 3580 1951; x_wconf 80' lang='grc' dir='ltr'>καὶ</span> <span class='ocrx_word' id='word_1_330' title='bbox 3607 1897 3786 1963; x_wconf 76' lang='grc' dir='ltr'>οὕτως</span> 
     </span>
    </p>
   </div>
   <div class='ocr_carea' id='block_1_48' title="bbox 2213 1990 3787 2060">
    <p class='ocr_par' dir='ltr' id='par_1_48' title="bbox 2213 1990 3787 2060">
     <span class='ocr_line' id='line_1_48' title="bbox 2213 1990 3787 2060; baseline -0.004 -14"><span class='ocrx_word' id='word_1_331' title='bbox 2213 1995 2527 2047; x_wconf 76' lang='grc' dir='ltr'>ἐκπεσεῖται</span> <span class='ocrx_word' id='word_1_332' title='bbox 2555 1994 2649 2045; x_wconf 78' lang='grc' dir='ltr'><strong>τοῦ</strong></span> <span class='ocrx_word' id='word_1_333' title='bbox 2681 1993 2886 2045; x_wconf 75' lang='grc' dir='ltr'>οἰκείου</span> <span class='ocrx_word' id='word_1_334' title='bbox 2918 1990 3153 2060; x_wconf 76' lang='grc' dir='ltr'>βαθμοῦ,</span> <span class='ocrx_word' id='word_1_335' title='bbox 3182 1995 3230 2044; x_wconf 83' lang='grc' dir='ltr'><strong>εί</strong></span> <span class='ocrx_word' id='word_1_336' title='bbox 3266 1991 3341 2060; x_wconf 73' lang='grc' dir='ltr'><strong>μή</strong></span> <span class='ocrx_word' id='word_1_337' title='bbox 3367 1990 3787 2060; x_wconf 75' lang='grc' dir='ltr'>καταφρονήσει</span> 
     </span>
    </p>
   </div>
   <div class='ocr_carea' id='block_1_49' title="bbox 2211 2077 3784 2156">
    <p class='ocr_par' dir='ltr' id='par_1_49' title="bbox 2211 2077 3784 2156">
     <span class='ocr_line' id='line_1_49' title="bbox 2211 2077 3784 2156; baseline -0.003 -18"><span class='ocrx_word' id='word_1_338' title='bbox 2211 2086 2304 2138; x_wconf 83' lang='grc' dir='ltr'><strong>τοῦ</strong></span> <span class='ocrx_word' id='word_1_339' title='bbox 2332 2085 2660 2156; x_wconf 78' lang='grc' dir='ltr'>πράγματος</span> <span class='ocrx_word' id='word_1_340' title='bbox 2687 2085 2777 2154; x_wconf 76' lang='grc' dir='ltr'><strong>ἐφ’</strong></span> <span class='ocrx_word' id='word_1_341' title='bbox 2809 2077 2853 2152; x_wconf 82' lang='grc' dir='ltr'>ᾧ</span> <span class='ocrx_word' id='word_1_342' title='bbox 2888 2082 3207 2151; x_wconf 76' lang='grc' dir='ltr'>ἐδικαιώθη,</span> <span class='ocrx_word' id='word_1_343' title='bbox 3240 2085 3334 2136; x_wconf 71' lang='grc' dir='ltr'><strong>καὶ</strong></span> <span class='ocrx_word' id='word_1_344' title='bbox 3379 2084 3784 2153; x_wconf 75' lang='grc' dir='ltr'>παραχωρήσει</span> 
     </span>
    </p>
   </div>
   <div class='ocr_carea' id='block_1_50' title="bbox 2212 2174 3781 2248">
    <p class='ocr_par' dir='ltr' id='par_1_50' title="bbox 2212 2174 3781 2248">
     <span class='ocr_line' id='line_1_50' title="bbox 2212 2174 3781 2248; baseline -0.002 -18"><span class='ocrx_word' id='word_1_345' title='bbox 2212 2176 2352 2230; x_wconf 82' lang='grc' dir='ltr'>εἶναι</span> <span class='ocrx_word' id='word_1_346' title='bbox 2377 2180 2510 2230; x_wconf 75' lang='grc' dir='ltr'>αὐτὸ</span> <span class='ocrx_word' id='word_1_347' title='bbox 2545 2178 2695 2248; x_wconf 82' lang='grc' dir='ltr'>παρὰ</span> <span class='ocrx_word' id='word_1_348' title='bbox 2717 2176 2794 2248; x_wconf 83' lang='grc' dir='ltr'>τῷ</span> <span class='ocrx_word' id='word_1_349' title='bbox 2829 2176 3087 2247; x_wconf 75' lang='grc' dir='ltr'>ἀντιδίκῳ</span> <span class='ocrx_word' id='word_1_350' title='bbox 3132 2175 3298 2229; x_wconf 76' lang='grc' dir='ltr'>αὑτοῦ</span> <span class='ocrx_word' id='word_1_351' title='bbox 3339 2175 3416 2244; x_wconf 84' lang='grc' dir='ltr'>τῷ</span> <span class='ocrx_word' id='word_1_352' title='bbox 3460 2174 3781 2246; x_wconf 77' lang='grc' dir='ltr'>ἡττηθέντι.</span> 
     </span>
    </p>
   </div>
   <div class='ocr_carea' id='block_1_51' title="bbox 2215 2267 3781 2340">
    <p class='ocr_par' dir='ltr' id='par_1_51' title="bbox 2215 2267 3781 2340">
     <span class='ocr_line' id='line_1_51' title="bbox 2215 2267 3781 2340; baseline -0.001 -17"><span class='ocrx_word' id='word_1_353' title='bbox 2215 2272 2357 2340; x_wconf 83' lang='grc' dir='ltr'>Πρὸς</span> <span class='ocrx_word' id='word_1_354' title='bbox 2390 2268 2603 2330; x_wconf 80' lang='grc' dir='ltr'>τούτοις</span> <span class='ocrx_word' id='word_1_355' title='bbox 2634 2269 2845 2337; x_wconf 80' lang='grc' dir='ltr'>ὥρισαν</span> <span class='ocrx_word' id='word_1_356' title='bbox 2873 2271 2922 2322; x_wconf 87' lang='grc' dir='ltr'><strong>οἱ</strong></span> <span class='ocrx_word' id='word_1_357' title='bbox 2947 2269 3215 2340; x_wconf 83' lang='grc' dir='ltr'>Πατέρες,</span> <span class='ocrx_word' id='word_1_358' title='bbox 3254 2267 3364 2331; x_wconf 80' lang='grc' dir='ltr'>ἵνα,</span> <span class='ocrx_word' id='word_1_359' title='bbox 3399 2268 3498 2321; x_wconf 76' lang='grc' dir='ltr'><strong>ἐὰν</strong></span> <span class='ocrx_word' id='word_1_360' title='bbox 3545 2269 3781 2322; x_wconf 76' lang='grc' dir='ltr'><strong>ἐκχαλὲ-</strong></span> 
     </span>
    </p>
   </div>
   <div class='ocr_carea' id='block_1_52' title="bbox 2218 2361 3791 2434">
    <p class='ocr_par' dir='ltr' id='par_1_52' title="bbox 2218 2361 3791 2434">
     <span class='ocr_line' id='line_1_52' title="bbox 2218 2361 3791 2434; baseline 0 -18"><span class='ocrx_word' id='word_1_361' title='bbox 2218 2364 2377 2434; x_wconf 85' lang='grc' dir='ltr'>σηταί</span> <span class='ocrx_word' id='word_1_362' title='bbox 2424 2379 2508 2425; x_wconf 85' lang='grc' dir='ltr'><strong>τις</strong></span> <span class='ocrx_word' id='word_1_363' title='bbox 2563 2365 2707 2415; x_wconf 85' lang='grc' dir='ltr'>κατὰ</span> <span class='ocrx_word' id='word_1_364' title='bbox 2750 2361 3082 2429; x_wconf 80' lang='grc' dir='ltr'>ἀποφάσεως</span> <span class='ocrx_word' id='word_1_365' title='bbox 3127 2362 3450 2414; x_wconf 73' lang='grc' dir='ltr'>ἐπισκόπων</span> <span class='ocrx_word' id='word_1_366' title='bbox 3496 2361 3528 2432; x_wconf 84' lang='grc' dir='ltr'>ἢ</span> <span class='ocrx_word' id='word_1_367' title='bbox 3582 2363 3791 2432; x_wconf 79' lang='grc' dir='ltr'>ἐτέρων</span> 
     </span>
    </p>
   </div>
   <div class='ocr_carea' id='block_1_53' title="bbox 2215 2454 3788 2525">
    <p class='ocr_par' dir='ltr' id='par_1_53' title="bbox 2215 2454 3788 2525">
     <span class='ocr_line' id='line_1_53' title="bbox 2215 2454 3788 2525; baseline -0.001 -16"><span class='ocrx_word' id='word_1_368' title='bbox 2215 2455 2487 2509; x_wconf 81' lang='grc' dir='ltr'>δικαστῶν</span> <span class='ocrx_word' id='word_1_369' title='bbox 2527 2455 3026 2525; x_wconf 78' lang='grc' dir='ltr'>ἑκκλησιαστικῶν,</span> <span class='ocrx_word' id='word_1_370' title='bbox 3058 2456 3151 2507; x_wconf 75' lang='grc' dir='ltr'>καὶ</span> <span class='ocrx_word' id='word_1_371' title='bbox 3205 2456 3240 2524; x_wconf 86' lang='grc' dir='ltr'><strong>ή</strong></span> <span class='ocrx_word' id='word_1_372' title='bbox 3274 2454 3540 2525; x_wconf 77' lang='grc' dir='ltr'>ἔκκλητος</span> <span class='ocrx_word' id='word_1_373' title='bbox 3575 2457 3788 2508; x_wconf 69' lang='grc' dir='ltr'>ἐπανα-</span> 
     </span>
    </p>
   </div>
   <div class='ocr_carea' id='block_1_54' title="bbox 2215 2546 3787 2619">
    <p class='ocr_par' dir='ltr' id='par_1_54' title="bbox 2215 2546 3787 2619">
     <span class='ocr_line' id='line_1_54' title="bbox 2215 2546 3787 2619; baseline -0.003 -17"><span class='ocrx_word' id='word_1_374' title='bbox 2215 2550 2398 2619; x_wconf 78' lang='grc' dir='ltr'>δράμῃ</span> <span class='ocrx_word' id='word_1_375' title='bbox 2427 2548 2502 2610; x_wconf 85' lang='grc' dir='ltr'><strong>εἱς</strong></span> <span class='ocrx_word' id='word_1_376' title='bbox 2529 2547 2748 2618; x_wconf 72' lang='grc' dir='ltr'>μείζονα</span> <span class='ocrx_word' id='word_1_377' title='bbox 2771 2547 3053 2612; x_wconf 80' lang='grc' dir='ltr'>δικαστὴν,</span> <span class='ocrx_word' id='word_1_378' title='bbox 3074 2546 3288 2608; x_wconf 89' lang='grc' dir='ltr'>πάντως</span> <span class='ocrx_word' id='word_1_379' title='bbox 3310 2547 3787 2618; x_wconf 77' lang='grc' dir='ltr'>ἐκκλησιαστικὸν,</span> 
     </span>
    </p>
   </div>
   <div class='ocr_carea' id='block_1_55' title="bbox 2217 2639 3791 2711">
    <p class='ocr_par' dir='ltr' id='par_1_55' title="bbox 2217 2639 3791 2711">
     <span class='ocr_line' id='line_1_55' title="bbox 2217 2639 3791 2711; baseline -0.001 -16"><span class='ocrx_word' id='word_1_380' title='bbox 2217 2643 2357 2696; x_wconf 86' lang='grc' dir='ltr'>κατὰ</span> <span class='ocrx_word' id='word_1_381' title='bbox 2401 2644 2498 2710; x_wconf 71' lang='grc' dir='ltr'><strong>τὴν</strong></span> <span class='ocrx_word' id='word_1_382' title='bbox 2540 2640 2773 2694; x_wconf 84' lang='grc' dir='ltr'>καθόλου</span> <span class='ocrx_word' id='word_1_383' title='bbox 2806 2639 3038 2710; x_wconf 80' lang='grc' dir='ltr'>νομικὴν</span> <span class='ocrx_word' id='word_1_384' title='bbox 3073 2639 3454 2703; x_wconf 76' lang='grc' dir='ltr'>διδασκαλίαν,</span> <span class='ocrx_word' id='word_1_385' title='bbox 3479 2639 3579 2711; x_wconf 77' lang='grc' dir='ltr'><strong>τήν</strong></span> <span class='ocrx_word' id='word_1_386' title='bbox 3609 2641 3791 2711; x_wconf 87' lang='grc' dir='ltr'>διορι-</span> 
     </span>
    </p>
   </div>
   <div class='ocr_carea' id='block_1_56' title="bbox 2221 2726 3789 2804">
    <p class='ocr_par' dir='ltr' id='par_1_56' title="bbox 2221 2726 3789 2804">
     <span class='ocr_line' id='line_1_56' title="bbox 2221 2726 3789 2804; baseline -0.002 -16"><span class='ocrx_word' id='word_1_387' title='bbox 2221 2734 2458 2804; x_wconf 72' lang='grc' dir='ltr'>ζομόνην</span> <span class='ocrx_word' id='word_1_388' title='bbox 2502 2735 2628 2797; x_wconf 80' lang='grc' dir='ltr'>τοὺς</span> <span class='ocrx_word' id='word_1_389' title='bbox 2691 2731 2987 2803; x_wconf 75' lang='grc' dir='ltr'>ἐκκλήτους</span> <span class='ocrx_word' id='word_1_390' title='bbox 3034 2733 3300 2795; x_wconf 74' lang='grc' dir='ltr'>δικαστὰς</span> <span class='ocrx_word' id='word_1_391' title='bbox 3346 2731 3589 2798; x_wconf 73' lang='grc' dir='ltr'>ὀφείλειν</span> <span class='ocrx_word' id='word_1_392' title='bbox 3639 2726 3789 2787; x_wconf 78' lang='grc' dir='ltr'>εἶναι</span> 
     </span>
    </p>
   </div>
   <div class='ocr_carea' id='block_1_57' title="bbox 2223 2825 3790 2898">
    <p class='ocr_par' dir='ltr' id='par_1_57' title="bbox 2223 2825 3790 2898">
     <span class='ocr_line' id='line_1_57' title="bbox 2223 2825 3790 2898; baseline -0.001 -18"><span class='ocrx_word' id='word_1_393' title='bbox 2223 2829 2473 2898; x_wconf 79' lang='grc' dir='ltr'>μείζονας</span> <span class='ocrx_word' id='word_1_394' title='bbox 2523 2827 2631 2878; x_wconf 80' lang='grc' dir='ltr'><strong>τῶν</strong></span> <span class='ocrx_word' id='word_1_395' title='bbox 2696 2825 2930 2895; x_wconf 84' lang='grc' dir='ltr'>πρώτως</span> <span class='ocrx_word' id='word_1_396' title='bbox 3005 2825 3382 2887; x_wconf 82' lang='grc' dir='ltr'>δικασάντων,</span> <span class='ocrx_word' id='word_1_397' title='bbox 3441 2825 3537 2880; x_wconf 78' lang='grc' dir='ltr'>καὶ</span> <span class='ocrx_word' id='word_1_398' title='bbox 3604 2826 3790 2897; x_wconf 72' lang='grc' dir='ltr'>συμϐῇ</span> 
     </span>
    </p>
   </div>
   <div class='ocr_carea' id='block_1_58' title="bbox 2219 2916 3796 2989">
    <p class='ocr_par' dir='ltr' id='par_1_58' title="bbox 2219 2916 3796 2989">
     <span class='ocr_line' id='line_1_58' title="bbox 2219 2916 3796 2989; baseline -0.002 -17"><span class='ocrx_word' id='word_1_399' title='bbox 2219 2919 2608 2989; x_wconf 75' lang='grc' dir='ltr'>ἀνατραπῆναι</span> <span class='ocrx_word' id='word_1_400' title='bbox 2658 2918 2758 2989; x_wconf 77' lang='grc' dir='ltr'>τὴν</span> <span class='ocrx_word' id='word_1_401' title='bbox 2828 2916 3054 2986; x_wconf 80' lang='grc' dir='ltr'>πρώτην</span> <span class='ocrx_word' id='word_1_402' title='bbox 3123 2919 3404 2985; x_wconf 71' lang='grc' dir='ltr'>ἀπόφασιν</span> <span class='ocrx_word' id='word_1_403' title='bbox 3470 2917 3622 2989; x_wconf 79' lang='grc' dir='ltr'>παρὰ</span> <span class='ocrx_word' id='word_1_404' title='bbox 3682 2918 3796 2970; x_wconf 86' lang='grc' dir='ltr'><strong>τῶν</strong></span> 
     </span>
    </p>
   </div>
   <div class='ocr_carea' id='block_1_59' title="bbox 2222 3009 3794 3082">
    <p class='ocr_par' dir='ltr' id='par_1_59' title="bbox 2222 3009 3794 3082">
     <span class='ocr_line' id='line_1_59' title="bbox 2222 3009 3794 3082; baseline -0.001 -18"><span class='ocrx_word' id='word_1_405' title='bbox 2222 3010 2597 3080; x_wconf 81' lang='grc' dir='ltr'>ὲκκληταρίων</span> <span class='ocrx_word' id='word_1_406' title='bbox 2643 3009 2958 3074; x_wconf 85' lang='grc' dir='ltr'>δικαστῶν,</span> <span class='ocrx_word' id='word_1_407' title='bbox 3023 3009 3170 3063; x_wconf 83' lang='grc' dir='ltr'>κατὰ</span> <span class='ocrx_word' id='word_1_408' title='bbox 3226 3010 3394 3082; x_wconf 73' lang='grc' dir='ltr'>μηδὲν</span> <span class='ocrx_word' id='word_1_409' title='bbox 3454 3009 3794 3080; x_wconf 84' lang='grc' dir='ltr'>βλάπτεσθαι</span> 
     </span>
    </p>
   </div>
   <div class='ocr_carea' id='block_1_60' title="bbox 546 3098 2116 3180">
    <p class='ocr_par' dir='ltr' id='par_1_60' title="bbox 546 3098 2114 3171">
     <span class='ocr_line' id='line_1_60' title="bbox 546 3098 2114 3171; baseline -0.001 -16"><span class='ocrx_word' id='word_1_410' title='bbox 546 3103 788 3170; x_wconf 90' lang='lat' dir='ltr'><strong>corrupti</strong></span> <span class='ocrx_word' id='word_1_411' title='bbox 816 3117 831 3164; x_wconf 91' lang='lat'><strong>;</strong></span> <span class='ocrx_word' id='word_1_412' title='bbox 877 3102 928 3154; x_wconf 89' lang='lat' dir='ltr'><strong>id</strong></span> <span class='ocrx_word' id='word_1_413' title='bbox 961 3103 1105 3154; x_wconf 89' lang='lat' dir='ltr'><strong>enim</strong></span> <span class='ocrx_word' id='word_1_414' title='bbox 1138 3111 1220 3154; x_wconf 89' lang='lat' dir='ltr'><strong>est</strong></span> <span class='ocrx_word' id='word_1_415' title='bbox 1247 3098 1418 3170; x_wconf 78' lang='lat' dir='ltr'><strong>gratia</strong></span> <span class='ocrx_word' id='word_1_416' title='bbox 1464 3111 1780 3171; x_wconf 87' lang='lat' dir='ltr'><strong>corruptum</strong></span> <span class='ocrx_word' id='word_1_417' title='bbox 1817 3115 1978 3159; x_wconf 78' lang='lat' dir='ltr'><strong>esse:</strong></span> <span class='ocrx_word' id='word_1_418' title='bbox 2021 3109 2114 3154; x_wconf 84' lang='lat' dir='ltr'><strong>aut</strong></span> 
     </span>
    </p>
   </div>
   <div class='ocr_carea' id='block_1_61' title="bbox 2220 3098 3790 3180">
    <p class='ocr_par' dir='ltr' id='par_1_61' title="bbox 2221 3101 3790 3172">
     <span class='ocr_line' id='line_1_61' title="bbox 2221 3101 3790 3172; baseline -0.001 -16"><span class='ocrx_word' id='word_1_419' title='bbox 2221 3103 2349 3165; x_wconf 74' lang='grc' dir='ltr'>τοὺς</span> <span class='ocrx_word' id='word_1_420' title='bbox 2396 3102 2630 3171; x_wconf 78' lang='grc' dir='ltr'>πρώτως</span> <span class='ocrx_word' id='word_1_421' title='bbox 2692 3101 3195 3171; x_wconf 69' lang='grc' dir='ltr'>ἀποφηναμένους,</span> <span class='ocrx_word' id='word_1_422' title='bbox 3241 3102 3347 3154; x_wconf 81' lang='grc' dir='ltr'>κᾶν</span> <span class='ocrx_word' id='word_1_423' title='bbox 3398 3103 3790 3172; x_wconf 78' lang='grc' dir='ltr'>ὲγκληματική</span> 
     </span>
    </p>
   </div>
   <div class='ocr_carea' id='block_1_62' title="bbox 551 3192 2115 3261">
    <p class='ocr_par' dir='ltr' id='par_1_62' title="bbox 551 3192 2115 3261">
     <span class='ocr_line' id='line_1_62' title="bbox 551 3192 2115 3261; baseline 0 -15"><span class='ocrx_word' id='word_1_424' title='bbox 551 3196 864 3247; x_wconf 80' lang='lat' dir='ltr'><strong>muneribus</strong></span> <span class='ocrx_word' id='word_1_425' title='bbox 927 3193 1300 3261; x_wconf 78' lang='lat' dir='ltr'><strong>corrumpitur</strong></span> <span class='ocrx_word' id='word_1_426' title='bbox 1345 3193 1661 3260; x_wconf 81' lang='lat' dir='ltr'><strong>quispiam,</strong></span> <span class='ocrx_word' id='word_1_427' title='bbox 1721 3192 1805 3246; x_wconf 88' lang='lat' dir='ltr'><strong>vel</strong></span> <span class='ocrx_word' id='word_1_428' title='bbox 1858 3194 2115 3261; x_wconf 73' lang='lat' dir='ltr'><strong>pecunias</strong></span> 
     </span>
    </p>
   </div>
   <div class='ocr_carea' id='block_1_63' title="bbox 550 3281 2113 3355">
    <p class='ocr_par' dir='ltr' id='par_1_63' title="bbox 550 3281 2113 3355">
     <span class='ocr_line' id='line_1_63' title="bbox 550 3281 2113 3355; baseline 0.001 -18"><span class='ocrx_word' id='word_1_429' title='bbox 550 3284 885 3353; x_wconf 86' lang='lat' dir='ltr'><strong>accipiendo,</strong></span> <span class='ocrx_word' id='word_1_430' title='bbox 911 3281 992 3336; x_wconf 86' lang='lat' dir='ltr'><strong>vel</strong></span> <span class='ocrx_word' id='word_1_431' title='bbox 1020 3300 1085 3338; x_wconf 87' lang='lat' dir='ltr'><strong>eo</strong></span> <span class='ocrx_word' id='word_1_432' title='bbox 1107 3284 1198 3351; x_wconf 89' lang='lat' dir='ltr'><strong>qui</strong></span> <span class='ocrx_word' id='word_1_433' title='bbox 1222 3286 1396 3351; x_wconf 89' lang='lat' dir='ltr'><strong>ipsum</strong></span> <span class='ocrx_word' id='word_1_434' title='bbox 1430 3285 1696 3352; x_wconf 86' lang='lat' dir='ltr'><strong>corrupit,</strong></span> <span class='ocrx_word' id='word_1_435' title='bbox 1730 3285 1910 3355; x_wconf 86' lang='lat' dir='ltr'><strong>aliqua</strong></span> <span class='ocrx_word' id='word_1_436' title='bbox 1937 3285 2113 3355; x_wconf 77' lang='lat' dir='ltr'><strong>gratia</strong></span> 
     </span>
    </p>
   </div>
   <div class='ocr_carea' id='block_1_64' title="bbox 549 3374 2119 3447">
    <p class='ocr_par' dir='ltr' id='par_1_64' title="bbox 549 3374 2119 3447">
     <span class='ocr_line' id='line_1_64' title="bbox 549 3374 2119 3447; baseline -0.001 -16"><span class='ocrx_word' id='word_1_437' title='bbox 549 3377 636 3431; x_wconf 87' lang='lat' dir='ltr'><strong>vel</strong></span> <span class='ocrx_word' id='word_1_438' title='bbox 666 3377 928 3434; x_wconf 89' lang='lat' dir='ltr'><strong>benelicio</strong></span> <span class='ocrx_word' id='word_1_439' title='bbox 962 3378 1293 3430; x_wconf 85' lang='lat' dir='ltr'><strong>demerente.</strong></span> <span class='ocrx_word' id='word_1_440' title='bbox 1337 3374 1473 3429; x_wconf 79' lang='lat' dir='ltr'><strong>Nota</strong></span> <span class='ocrx_word' id='word_1_441' title='bbox 1509 3391 1636 3446; x_wconf 80' lang='lat' dir='ltr'><strong>ergo</strong></span> <span class='ocrx_word' id='word_1_442' title='bbox 1661 3387 1983 3447; x_wconf 69' lang='lat' dir='ltr'><strong>praesentem</strong></span> <span class='ocrx_word' id='word_1_443' title='bbox 2020 3393 2119 3430; x_wconf 80' lang='lat' dir='ltr'><strong>ca-</strong></span> 
     </span>
    </p>
   </div>
   <div class='ocr_carea' id='block_1_65' title="bbox 552 3470 2116 3542">
    <p class='ocr_par' dir='ltr' id='par_1_65' title="bbox 552 3470 2116 3542">
     <span class='ocr_line' id='line_1_65' title="bbox 552 3470 2116 3542; baseline -0.002 -16"><span class='ocrx_word' id='word_1_444' title='bbox 552 3487 770 3538; x_wconf 84' lang='lat' dir='ltr'><strong>nonetu,</strong></span> <span class='ocrx_word' id='word_1_445' title='bbox 829 3470 1072 3525; x_wconf 84' lang='lat' dir='ltr'><strong>homines</strong></span> <span class='ocrx_word' id='word_1_446' title='bbox 1105 3477 1348 3525; x_wconf 81' lang='lat' dir='ltr'><strong>sacratos</strong></span> <span class='ocrx_word' id='word_1_447' title='bbox 1403 3473 1554 3527; x_wconf 82' lang='lat' dir='ltr'><strong>valde</strong></span> <span class='ocrx_word' id='word_1_448' title='bbox 1613 3474 1970 3542; x_wconf 85' lang='lat' dir='ltr'><strong>punientem,</strong></span> <span class='ocrx_word' id='word_1_449' title='bbox 2027 3472 2116 3538; x_wconf 85' lang='lat' dir='ltr'><strong>qui</strong></span> 
     </span>
    </p>
   </div>
   <div class='ocr_carea' id='block_1_66' title="bbox 552 3555 2120 3632">
    <p class='ocr_par' dir='ltr' id='par_1_66' title="bbox 552 3555 2120 3632">
     <span class='ocr_line' id='line_1_66' title="bbox 552 3555 2120 3632; baseline -0.001 -16"><span class='ocrx_word' id='word_1_450' title='bbox 552 3568 1038 3632; x_wconf 79' lang='lat' dir='ltr'><strong>quomodocunque</strong></span> <span class='ocrx_word' id='word_1_451' title='bbox 1094 3564 1146 3614; x_wconf 92' lang='lat' dir='ltr'><strong>in</strong></span> <span class='ocrx_word' id='word_1_452' title='bbox 1205 3555 1439 3629; x_wconf 85' lang='lat' dir='ltr'><strong>politicis</strong></span> <span class='ocrx_word' id='word_1_453' title='bbox 1491 3564 1711 3630; x_wconf 87' lang='lat' dir='ltr'><strong>judiciis</strong></span> <span class='ocrx_word' id='word_1_454' title='bbox 1744 3564 1971 3632; x_wconf 74' lang='lat' dir='ltr'><strong>litigant.</strong></span> <span class='ocrx_word' id='word_1_455' title='bbox 2007 3562 2120 3616; x_wconf 87' lang='lat' dir='ltr'><strong>Nec</strong></span> 
     </span>
    </p>
   </div>
   <div class='ocr_carea' id='block_1_67' title="bbox 559 3655 2121 3722">
    <p class='ocr_par' dir='ltr' id='par_1_67' title="bbox 559 3655 2121 3722">
     <span class='ocr_line' id='line_1_67' title="bbox 559 3655 2121 3722; baseline -0.001 -12"><span class='ocrx_word' id='word_1_456' title='bbox 559 3657 656 3710; x_wconf 86' lang='lat' dir='ltr'><strong>tibi</strong></span> <span class='ocrx_word' id='word_1_457' title='bbox 707 3657 1038 3709; x_wconf 83' lang='lat' dir='ltr'><strong>contrarium</strong></span> <span class='ocrx_word' id='word_1_458' title='bbox 1086 3656 1326 3708; x_wconf 81' lang='lat' dir='ltr'><strong>videatur</strong></span> <span class='ocrx_word' id='word_1_459' title='bbox 1373 3670 1492 3722; x_wconf 80' lang='lat' dir='ltr'><strong>cap.</strong></span> <span class='ocrx_word' id='word_1_460' title='bbox 1536 3655 1626 3716; x_wconf 82' lang='lat'><strong>90,</strong></span> <span class='ocrx_word' id='word_1_461' title='bbox 1679 3656 1762 3710; x_wconf 85' lang='lat' dir='ltr'><strong>tit.</strong></span> <span class='ocrx_word' id='word_1_462' title='bbox 1818 3657 1869 3720; x_wconf 80' lang='lat' dir='ltr'><strong>l,</strong></span> <span class='ocrx_word' id='word_1_463' title='bbox 1926 3655 2018 3708; x_wconf 82' lang='lat' dir='ltr'><strong>lib.</strong></span> <span class='ocrx_word' id='word_1_464' title='bbox 2071 3670 2121 3708; x_wconf 71' lang='grc' dir='ltr'>χι</span> 
     </span>
    </p>
   </div>
   <div class='ocr_carea' id='block_1_68' title="bbox 554 3743 2123 3814">
    <p class='ocr_par' dir='ltr' id='par_1_68' title="bbox 554 3743 2123 3814">
     <span class='ocr_line' id='line_1_68' title="bbox 554 3743 2123 3814; baseline 0 -15"><span class='ocrx_word' id='word_1_465' title='bbox 554 3745 750 3800; x_wconf 80' lang='lat' dir='ltr'><strong>Basilio</strong></span> <span class='ocrx_word' id='word_1_466' title='bbox 782 3786 797 3810; x_wconf 89' lang='lat'><strong>,</strong></span> <span class='ocrx_word' id='word_1_467' title='bbox 831 3757 885 3799; x_wconf 88' lang='lat' dir='ltr'><strong>et</strong></span> <span class='ocrx_word' id='word_1_468' title='bbox 916 3761 1041 3814; x_wconf 84' lang='lat' dir='ltr'><strong>cap.</strong></span> <span class='ocrx_word' id='word_1_469' title='bbox 1075 3744 1131 3806; x_wconf 84' lang='lat'><strong>9,</strong></span> <span class='ocrx_word' id='word_1_470' title='bbox 1158 3747 1242 3799; x_wconf 91' lang='lat' dir='ltr'><strong>tit.</strong></span> <span class='ocrx_word' id='word_1_471' title='bbox 1269 3743 1322 3809; x_wconf 82' lang='grc'>5,</span> <span class='ocrx_word' id='word_1_472' title='bbox 1353 3744 1446 3797; x_wconf 82' lang='lat' dir='ltr'><strong>lib.</strong></span> <span class='ocrx_word' id='word_1_473' title='bbox 1476 3760 1556 3809; x_wconf 82' lang='lat' dir='ltr'><strong>tu,</strong></span> <span class='ocrx_word' id='word_1_474' title='bbox 1589 3747 1728 3813; x_wconf 90' lang='lat' dir='ltr'><strong>quod</strong></span> <span class='ocrx_word' id='word_1_475' title='bbox 1755 3747 1904 3810; x_wconf 81' lang='lat' dir='ltr'><strong>dicit,</strong></span> <span class='ocrx_word' id='word_1_476' title='bbox 1939 3763 2123 3801; x_wconf 84' lang='lat' dir='ltr'><strong>saera-</strong></span> 
     </span>
    </p>
   </div>
   <div class='ocr_carea' id='block_1_69' title="bbox 556 3837 2124 3908">
    <p class='ocr_par' dir='ltr' id='par_1_69' title="bbox 556 3837 2124 3908">
     <span class='ocr_line' id='line_1_69' title="bbox 556 3837 2124 3908; baseline 0.002 -20"><span class='ocrx_word' id='word_1_477' title='bbox 556 3851 640 3892; x_wconf 89' lang='lat' dir='ltr'><strong>tos</strong></span> <span class='ocrx_word' id='word_1_478' title='bbox 667 3841 980 3892; x_wconf 82' lang='lat' dir='ltr'><strong>renuntiare</strong></span> <span class='ocrx_word' id='word_1_479' title='bbox 1006 3853 1161 3906; x_wconf 88' lang='lat' dir='ltr'><strong>posse</strong></span> <span class='ocrx_word' id='word_1_480' title='bbox 1189 3842 1478 3894; x_wconf 83' lang='lat' dir='ltr'><strong>sacerdotii</strong></span> <span class='ocrx_word' id='word_1_481' title='bbox 1510 3838 1917 3908; x_wconf 74' lang='lat' dir='ltr'><strong>prtescriptioni.</strong></span> <span class='ocrx_word' id='word_1_482' title='bbox 1940 3837 2124 3903; x_wconf 81' lang='lat' dir='ltr'><strong>Quan-</strong></span> 
     </span>
    </p>
   </div>
   <div class='ocr_carea' id='block_1_70' title="bbox 556 3929 2120 3999">
    <p class='ocr_par' dir='ltr' id='par_1_70' title="bbox 556 3929 2120 3999">
     <span class='ocr_line' id='line_1_70' title="bbox 556 3929 2120 3999; baseline 0.001 -16"><span class='ocrx_word' id='word_1_483' title='bbox 556 3939 668 3983; x_wconf 86' lang='lat' dir='ltr'><strong>tum</strong></span> <span class='ocrx_word' id='word_1_484' title='bbox 727 3930 869 3984; x_wconf 86' lang='lat' dir='ltr'><strong>enim</strong></span> <span class='ocrx_word' id='word_1_485' title='bbox 927 3934 993 3983; x_wconf 82' lang='lat' dir='ltr'><strong>ad</strong></span> <span class='ocrx_word' id='word_1_486' title='bbox 1053 3935 1422 3988; x_wconf 82' lang='lat' dir='ltr'><strong>adversarium</strong></span> <span class='ocrx_word' id='word_1_487' title='bbox 1454 3929 1670 3996; x_wconf 80' lang='lat' dir='ltr'><strong>attinet,</strong></span> <span class='ocrx_word' id='word_1_488' title='bbox 1703 3933 1837 3983; x_wconf 85' lang='lat' dir='ltr'><strong>valet</strong></span> <span class='ocrx_word' id='word_1_489' title='bbox 1890 3933 1994 3986; x_wconf 86' lang='lat' dir='ltr'><strong>hoc</strong></span> <span class='ocrx_word' id='word_1_490' title='bbox 2024 3944 2120 3999; x_wconf 60' lang='lat' dir='ltr'><strong>pec</strong></span> 
     </span>
    </p>
   </div>
   <div class='ocr_carea' id='block_1_71' title="bbox 556 4021 2125 4093">
    <p class='ocr_par' dir='ltr' id='par_1_71' title="bbox 556 4021 2125 4093">
     <span class='ocr_line' id='line_1_71' title="bbox 556 4021 2125 4093; baseline 0.004 -19"><span class='ocrx_word' id='word_1_491' title='bbox 556 4032 724 4076; x_wconf 87' lang='lat' dir='ltr'><strong>ctum.</strong></span> <span class='ocrx_word' id='word_1_492' title='bbox 789 4021 882 4075; x_wconf 85' lang='lat' dir='ltr'><strong>Est</strong></span> <span class='ocrx_word' id='word_1_493' title='bbox 933 4034 1112 4075; x_wconf 80' lang='lat' dir='ltr'><strong>autem</strong></span> <span class='ocrx_word' id='word_1_494' title='bbox 1167 4025 1272 4077; x_wconf 85' lang='lat' dir='ltr'><strong>alia</strong></span> <span class='ocrx_word' id='word_1_495' title='bbox 1299 4025 1440 4079; x_wconf 82' lang='lat' dir='ltr'><strong>ratio</strong></span> <span class='ocrx_word' id='word_1_496' title='bbox 1465 4025 1609 4092; x_wconf 87' lang='lat' dir='ltr'><strong>quod</strong></span> <span class='ocrx_word' id='word_1_497' title='bbox 1638 4025 1938 4078; x_wconf 89' lang='lat' dir='ltr'><strong>secundum</strong></span> <span class='ocrx_word' id='word_1_498' title='bbox 1988 4039 2125 4093; x_wconf 73' lang='lat' dir='ltr'><strong>prm-</strong></span> 
     </span>
    </p>
   </div>
   <div class='ocr_carea' id='block_1_72' title="bbox 559 4117 2128 4186">
    <p class='ocr_par' dir='ltr' id='par_1_72' title="bbox 559 4117 2128 4186">
     <span class='ocr_line' id='line_1_72' title="bbox 559 4117 2128 4186; baseline 0.001 -17"><span class='ocrx_word' id='word_1_499' title='bbox 559 4127 766 4170; x_wconf 82' lang='lat' dir='ltr'><strong>sentem</strong></span> <span class='ocrx_word' id='word_1_500' title='bbox 801 4132 1062 4170; x_wconf 86' lang='lat' dir='ltr'><strong>canonem</strong></span> <span class='ocrx_word' id='word_1_501' title='bbox 1123 4117 1334 4170; x_wconf 63' lang='lat' dir='ltr'><strong>laeditur</strong></span> <span class='ocrx_word' id='word_1_502' title='bbox 1398 4117 1487 4186; x_wconf 89' lang='lat' dir='ltr'><strong>qni</strong></span> <span class='ocrx_word' id='word_1_503' title='bbox 1548 4133 1672 4172; x_wconf 89' lang='lat' dir='ltr'><strong>eum</strong></span> <span class='ocrx_word' id='word_1_504' title='bbox 1739 4119 2128 4186; x_wconf 81' lang='lat' dir='ltr'><strong>contempserit</strong></span> 
     </span>
    </p>
   </div>
   <div class='ocr_carea' id='block_1_73' title="bbox 559 4208 2126 4276">
    <p class='ocr_par' dir='ltr' id='par_1_73' title="bbox 559 4208 2126 4276">
     <span class='ocr_line' id='line_1_73' title="bbox 559 4208 2126 4276; baseline 0 -17"><span class='ocrx_word' id='word_1_505' title='bbox 559 4208 733 4262; x_wconf 83' lang='lat' dir='ltr'><strong>sacris</strong></span> <span class='ocrx_word' id='word_1_506' title='bbox 816 4209 1080 4262; x_wconf 87' lang='lat' dir='ltr'><strong>initiatus.</strong></span> <span class='ocrx_word' id='word_1_507' title='bbox 1141 4208 1281 4276; x_wconf 79' lang='lat' dir='ltr'><strong>Lege</strong></span> <span class='ocrx_word' id='word_1_508' title='bbox 1343 4218 1396 4262; x_wconf 89' lang='lat' dir='ltr'><strong>et</strong></span> <span class='ocrx_word' id='word_1_509' title='bbox 1456 4208 1817 4263; x_wconf 82' lang='lat' dir='ltr'><strong>centesimum</strong></span> <span class='ocrx_word' id='word_1_510' title='bbox 1873 4218 2126 4276; x_wconf 83' lang='lat' dir='ltr'><strong>quartum</strong></span> 
     </span>
    </p>
   </div>
   <div class='ocr_carea' id='block_1_74' title="bbox 559 4297 2126 4368">
    <p class='ocr_par' dir='ltr' id='par_1_74' title="bbox 559 4297 2126 4368">
     <span class='ocr_line' id='line_1_74' title="bbox 559 4297 2126 4368; baseline -0.003 -16"><span class='ocrx_word' id='word_1_511' title='bbox 559 4313 821 4359; x_wconf 80' lang='lat' dir='ltr'><strong>canonetn</strong></span> <span class='ocrx_word' id='word_1_512' title='bbox 906 4299 1093 4368; x_wconf 84' lang='lat' dir='ltr'><strong>synodi</strong></span> <span class='ocrx_word' id='word_1_513' title='bbox 1150 4298 1451 4367; x_wconf 67' lang='lat' dir='ltr'><strong>praesentis,</strong></span> <span class='ocrx_word' id='word_1_514' title='bbox 1502 4309 1558 4351; x_wconf 89' lang='lat' dir='ltr'><strong>et</strong></span> <span class='ocrx_word' id='word_1_515' title='bbox 1603 4297 1862 4350; x_wconf 77' lang='lat' dir='ltr'><strong>Chaiced.</strong></span> <span class='ocrx_word' id='word_1_516' title='bbox 1936 4297 2126 4366; x_wconf 84' lang='lat' dir='ltr'><strong>synodi</strong></span> 
     </span>
    </p>
   </div>
   <div class='ocr_carea' id='block_1_75' title="bbox 561 4387 2128 4454">
    <p class='ocr_par' dir='ltr' id='par_1_75' title="bbox 561 4387 2128 4454">
     <span class='ocr_line' id='line_1_75' title="bbox 561 4387 2128 4454; baseline -0.004 -12"><span class='ocrx_word' id='word_1_517' title='bbox 561 4405 820 4443; x_wconf 87' lang='lat' dir='ltr'><strong>canonem</strong></span> <span class='ocrx_word' id='word_1_518' title='bbox 855 4387 909 4442; x_wconf 86' lang='lat'><strong>9.</strong></span> <span class='ocrx_word' id='word_1_519' title='bbox 933 4387 1067 4441; x_wconf 88' lang='lat' dir='ltr'><strong>Cum</strong></span> <span class='ocrx_word' id='word_1_520' title='bbox 1101 4390 1280 4442; x_wconf 79' lang='lat' dir='ltr'><strong>autem</strong></span> <span class='ocrx_word' id='word_1_521' title='bbox 1302 4402 1474 4440; x_wconf 84' lang='lat' dir='ltr'><strong>canon</strong></span> <span class='ocrx_word' id='word_1_522' title='bbox 1494 4388 1741 4454; x_wconf 85' lang='lat' dir='ltr'><strong>superius</strong></span> <span class='ocrx_word' id='word_1_523' title='bbox 1772 4389 2040 4444; x_wconf 82' lang='lat' dir='ltr'><strong>statuerit,</strong></span> <span class='ocrx_word' id='word_1_524' title='bbox 2074 4393 2128 4436; x_wconf 90' lang='lat' dir='ltr'><strong>ut</strong></span> 
     </span>
    </p>
   </div>
   <div class='ocr_carea' id='block_1_76' title="bbox 2221 3193 3790 3266">
    <p class='ocr_par' dir='ltr' id='par_1_76' title="bbox 2221 3193 3790 3266">
     <span class='ocr_line' id='line_1_76' title="bbox 2221 3193 3790 3266; baseline -0.002 -18"><span class='ocrx_word' id='word_1_525' title='bbox 2221 3194 2477 3262; x_wconf 66' lang='grc' dir='ltr'>ὲστῳιᾶν</span> <span class='ocrx_word' id='word_1_526' title='bbox 2505 3196 2824 3265; x_wconf 78' lang='grc' dir='ltr'>χρηματικὴ</span> <span class='ocrx_word' id='word_1_527' title='bbox 2863 3195 3140 3258; x_wconf 75' lang='grc' dir='ltr'>ὑπόθεσιςο</span> <span class='ocrx_word' id='word_1_528' title='bbox 3176 3195 3223 3248; x_wconf 82' lang='grc' dir='ltr'><strong>εἱ</strong></span> <span class='ocrx_word' id='word_1_529' title='bbox 3255 3195 3422 3266; x_wconf 82' lang='grc' dir='ltr'>μήπω</span> <span class='ocrx_word' id='word_1_530' title='bbox 3454 3193 3790 3265; x_wconf 74' lang='grc' dir='ltr'>ἐλεγχθῶσιν</span> 
     </span>
    </p>
   </div>
   <div class='ocr_carea' id='block_1_77' title="bbox 2221 3285 3798 3358">
    <p class='ocr_par' dir='ltr' id='par_1_77' title="bbox 2221 3285 3798 3358">
     <span class='ocr_line' id='line_1_77' title="bbox 2221 3285 3798 3358; baseline 0 -16"><span class='ocrx_word' id='word_1_531' title='bbox 2221 3285 2366 3342; x_wconf 72' lang='grc' dir='ltr'>οὗτοι</span> <span class='ocrx_word' id='word_1_532' title='bbox 2401 3290 2812 3357; x_wconf 78' lang='grc' dir='ltr'>ἀποφηνάμενοι</span> <span class='ocrx_word' id='word_1_533' title='bbox 2840 3290 2982 3341; x_wconf 70' lang='grc' dir='ltr'>κατὰ</span> <span class='ocrx_word' id='word_1_534' title='bbox 3010 3288 3210 3358; x_wconf 76' lang='grc' dir='ltr'>ἔχθραν</span> <span class='ocrx_word' id='word_1_535' title='bbox 3241 3286 3334 3342; x_wconf 77' lang='grc' dir='ltr'><strong>τοῦ</strong></span> <span class='ocrx_word' id='word_1_536' title='bbox 3362 3289 3798 3346; x_wconf 82' lang='grc' dir='ltr'>καταδικασθέν-</span> 
     </span>
    </p>
   </div>
   <div class='ocr_carea' id='block_1_78' title="bbox 2223 3378 3797 3450">
    <p class='ocr_par' dir='ltr' id='par_1_78' title="bbox 2223 3378 3797 3450">
     <span class='ocr_line' id='line_1_78' title="bbox 2223 3378 3797 3450; baseline 0 -16"><span class='ocrx_word' id='word_1_537' title='bbox 2223 3397 2335 3444; x_wconf 86' lang='grc' dir='ltr'>τος,</span> <span class='ocrx_word' id='word_1_538' title='bbox 2370 3381 2403 3450; x_wconf 81' lang='grc' dir='ltr'>ἢ</span> <span class='ocrx_word' id='word_1_539' title='bbox 2433 3379 2573 3432; x_wconf 76' lang='grc' dir='ltr'>κατά</span> <span class='ocrx_word' id='word_1_540' title='bbox 2632 3379 3014 3448; x_wconf 85' lang='grc' dir='ltr'>προσπάθειαν</span> <span class='ocrx_word' id='word_1_541' title='bbox 3050 3379 3146 3432; x_wconf 80' lang='grc' dir='ltr'><strong>τοῦ</strong></span> <span class='ocrx_word' id='word_1_542' title='bbox 3197 3379 3603 3444; x_wconf 84' lang='grc' dir='ltr'>δικαιωθέντος,</span> <span class='ocrx_word' id='word_1_543' title='bbox 3644 3380 3677 3450; x_wconf 75' lang='grc' dir='ltr'><strong>ἢ</strong></span> <span class='ocrx_word' id='word_1_544' title='bbox 3714 3378 3797 3441; x_wconf 78' lang='grc' dir='ltr'>ὣς</span> 
     </span>
    </p>
   </div>
   <div class='ocr_carea' id='block_1_79' title="bbox 2223 3470 3792 3544">
    <p class='ocr_par' dir='ltr' id='par_1_79' title="bbox 2223 3470 3792 3544">
     <span class='ocr_line' id='line_1_79' title="bbox 2223 3470 3792 3544; baseline -0.001 -18"><span class='ocrx_word' id='word_1_545' title='bbox 2223 3471 2684 3544; x_wconf 83' lang='grc' dir='ltr'>δωροδοκηθέντες</span> <span class='ocrx_word' id='word_1_546' title='bbox 2706 3488 2720 3503; x_wconf 81' lang='grc'><em>’</em></span> <span class='ocrx_word' id='word_1_547' title='bbox 2753 3471 2912 3528; x_wconf 82' lang='grc' dir='ltr'>τοῦτο</span> <span class='ocrx_word' id='word_1_548' title='bbox 2950 3471 3060 3541; x_wconf 83' lang='grc' dir='ltr'><strong>γάρ</strong></span> <span class='ocrx_word' id='word_1_549' title='bbox 3092 3473 3208 3525; x_wconf 78' lang='grc' dir='ltr'>ἐστι</span> <span class='ocrx_word' id='word_1_550' title='bbox 3238 3473 3300 3524; x_wconf 83' lang='grc' dir='ltr'><strong>τὸ</strong></span> <span class='ocrx_word' id='word_1_551' title='bbox 3330 3472 3517 3544; x_wconf 82' lang='grc' dir='ltr'>χάριτι</span> <span class='ocrx_word' id='word_1_552' title='bbox 3549 3470 3792 3539; x_wconf 75' lang='grc' dir='ltr'>ὑποφθαο</span> 
     </span>
    </p>
   </div>
   <div class='ocr_carea' id='block_1_80' title="bbox 2229 3564 3854 3638">
    <p class='ocr_par' dir='ltr' id='par_1_80' title="bbox 2229 3564 3854 3638">
     <span class='ocr_line' id='line_1_80' title="bbox 2229 3564 3854 3638; baseline -0.001 -21"><span class='ocrx_word' id='word_1_553' title='bbox 2229 3566 2417 3636; x_wconf 80' lang='grc' dir='ltr'>ρῆναι’</span> <span class='ocrx_word' id='word_1_554' title='bbox 2441 3565 2560 3636; x_wconf 81' lang='grc' dir='ltr'>ήτοι</span> <span class='ocrx_word' id='word_1_555' title='bbox 2592 3564 2972 3636; x_wconf 83' lang='grc' dir='ltr'>δωροδοκεῖταί</span> <span class='ocrx_word' id='word_1_556' title='bbox 3000 3581 3082 3625; x_wconf 85' lang='grc' dir='ltr'><strong>τις</strong></span> <span class='ocrx_word' id='word_1_557' title='bbox 3109 3564 3144 3637; x_wconf 75' lang='grc' dir='ltr'><strong>ἢ</strong></span> <span class='ocrx_word' id='word_1_558' title='bbox 3176 3565 3443 3638; x_wconf 82' lang='grc' dir='ltr'>χρήματα</span> <span class='ocrx_word' id='word_1_559' title='bbox 3473 3565 3797 3635; x_wconf 73' lang='grc' dir='ltr'>λαμϐάνων,</span> <span class='ocrx_word' id='word_1_560' title='bbox 3847 3566 3854 3570; x_wconf 77' lang='grc'><strong>⁷</strong></span> 
     </span>
    </p>
   </div>
   <div class='ocr_carea' id='block_1_81' title="bbox 2225 3654 3802 3726">
    <p class='ocr_par' dir='ltr' id='par_1_81' title="bbox 2225 3654 3802 3726">
     <span class='ocr_line' id='line_1_81' title="bbox 2225 3654 3802 3726; baseline -0.002 -17"><span class='ocrx_word' id='word_1_561' title='bbox 2225 3657 2258 3726; x_wconf 76' lang='grc' dir='ltr'><strong>ἢ</strong></span> <span class='ocrx_word' id='word_1_562' title='bbox 2310 3656 2478 3725; x_wconf 73' lang='grc' dir='ltr'>ἄλλην</span> <span class='ocrx_word' id='word_1_563' title='bbox 2521 3658 2644 3710; x_wconf 81' lang='grc' dir='ltr'>τινὰ</span> <span class='ocrx_word' id='word_1_564' title='bbox 2690 3657 2855 3726; x_wconf 84' lang='grc' dir='ltr'>χάριν</span> <span class='ocrx_word' id='word_1_565' title='bbox 2899 3655 3049 3726; x_wconf 77' lang='grc' dir='ltr'>αὐτῷ</span> <span class='ocrx_word' id='word_1_566' title='bbox 3097 3654 3436 3724; x_wconf 83' lang='grc' dir='ltr'>πληροῦντος</span> <span class='ocrx_word' id='word_1_567' title='bbox 3481 3655 3577 3709; x_wconf 80' lang='grc' dir='ltr'><strong>τοῦ</strong></span> <span class='ocrx_word' id='word_1_568' title='bbox 3633 3657 3802 3710; x_wconf 80' lang='grc' dir='ltr'>αὐτὸν</span> 
     </span>
    </p>
   </div>
   <div class='ocr_carea' id='block_1_82' title="bbox 2225 3745 3792 3818">
    <p class='ocr_par' dir='ltr' id='par_1_82' title="bbox 2225 3745 3792 3818">
     <span class='ocr_line' id='line_1_82' title="bbox 2225 3745 3792 3818; baseline 0.003 -21"><span class='ocrx_word' id='word_1_569' title='bbox 2225 3745 2676 3816; x_wconf 83' lang='grc' dir='ltr'>ὐποφθείραντος.</span> <span class='ocrx_word' id='word_1_570' title='bbox 2702 3747 3017 3816; x_wconf 81' lang='grc' dir='ltr'>Σημείωσαι</span> <span class='ocrx_word' id='word_1_571' title='bbox 3052 3746 3145 3800; x_wconf 79' lang='grc' dir='ltr'><strong>οὖν</strong></span> <span class='ocrx_word' id='word_1_572' title='bbox 3179 3749 3269 3799; x_wconf 79' lang='grc' dir='ltr'><strong>τὸν</strong></span> <span class='ocrx_word' id='word_1_573' title='bbox 3295 3747 3540 3818; x_wconf 79' lang='grc' dir='ltr'>παρόντα</span> <span class='ocrx_word' id='word_1_574' title='bbox 3566 3750 3792 3810; x_wconf 66' lang='grc' dir='ltr'>κανόνα,</span> 
     </span>
    </p>
   </div>
   <div class='ocr_carea' id='block_1_83' title="bbox 2229 3837 3798 3910">
    <p class='ocr_par' dir='ltr' id='par_1_83' title="bbox 2229 3837 3798 3910">
     <span class='ocr_line' id='line_1_83' title="bbox 2229 3837 3798 3910; baseline 0.001 -20"><span class='ocrx_word' id='word_1_575' title='bbox 2229 3838 2479 3907; x_wconf 81' lang='grc' dir='ltr'>μεγάλως</span> <span class='ocrx_word' id='word_1_576' title='bbox 2525 3837 2825 3902; x_wconf 71' lang='grc' dir='ltr'>κολάζοντα</span> <span class='ocrx_word' id='word_1_577' title='bbox 2863 3839 2990 3902; x_wconf 79' lang='grc' dir='ltr'>τοὺς</span> <span class='ocrx_word' id='word_1_578' title='bbox 3037 3841 3350 3910; x_wconf 77' lang='grc' dir='ltr'>ἱερατικοὺς</span> <span class='ocrx_word' id='word_1_579' title='bbox 3397 3839 3798 3908; x_wconf 76' lang='grc' dir='ltr'>δικαζομένους</span> 
     </span>
    </p>
   </div>
   <div class='ocr_carea' id='block_1_84' title="bbox 2227 3923 3805 4001">
    <p class='ocr_par' dir='ltr' id='par_1_84' title="bbox 2227 3923 3805 4001">
     <span class='ocr_line' id='line_1_84' title="bbox 2227 3923 3805 4001; baseline -0.001 -16"><span class='ocrx_word' id='word_1_580' title='bbox 2227 3931 2586 4000; x_wconf 72' lang='grc' dir='ltr'>ὁπωσδήποτε</span> <span class='ocrx_word' id='word_1_581' title='bbox 2650 3932 2730 3992; x_wconf 89' lang='grc' dir='ltr'><strong>εἱς</strong></span> <span class='ocrx_word' id='word_1_582' title='bbox 2793 3923 3125 4001; x_wconf 84' lang='grc' dir='ltr'>δικαστήρια</span> <span class='ocrx_word' id='word_1_583' title='bbox 3189 3933 3467 3986; x_wconf 83' lang='grc' dir='ltr'>πολιτικά.</span> <span class='ocrx_word' id='word_1_584' title='bbox 3531 3934 3645 3987; x_wconf 67' lang='grc' dir='ltr'><strong>Καὶ·</strong></span> <span class='ocrx_word' id='word_1_585' title='bbox 3720 3937 3805 4001; x_wconf 78' lang='grc' dir='ltr'>μὴ</span> 
     </span>
    </p>
   </div>
   <div class='ocr_carea' id='block_1_85' title="bbox 2229 4022 3803 4094">
    <p class='ocr_par' dir='ltr' id='par_1_85' title="bbox 2229 4022 3803 4094">
     <span class='ocr_line' id='line_1_85' title="bbox 2229 4022 3803 4094; baseline 0.001 -16"><span class='ocrx_word' id='word_1_586' title='bbox 2229 4025 2520 4094; x_wconf 67' lang='grc' dir='ltr'>ἐναντιωθῇ</span> <span class='ocrx_word' id='word_1_587' title='bbox 2551 4040 2632 4076; x_wconf 88' lang='grc' dir='ltr'><strong>σοι</strong></span> <span class='ocrx_word' id='word_1_588' title='bbox 2653 4025 2711 4075; x_wconf 87' lang='grc' dir='ltr'><strong>τὸ</strong></span> <span class='ocrx_word' id='word_1_589' title='bbox 2740 4040 2864 4092; x_wconf 78' lang='grc' dir='ltr'>κεςρ.</span> <span class='ocrx_word' id='word_1_590' title='bbox 2885 4028 2933 4091; x_wconf 67' lang='lat' dir='ltr'><strong>t,’</strong></span> <span class='ocrx_word' id='word_1_591' title='bbox 2961 4023 3056 4077; x_wconf 59' lang='grc' dir='ltr'>τοῦ</span> <span class='ocrx_word' id='word_1_592' title='bbox 3082 4022 3133 4077; x_wconf 89' lang='grc' dir='ltr'>α’</span> <span class='ocrx_word' id='word_1_593' title='bbox 3155 4023 3337 4077; x_wconf 79' lang='grc' dir='ltr'>τίτλου</span> <span class='ocrx_word' id='word_1_594' title='bbox 3367 4025 3461 4081; x_wconf 85' lang='grc' dir='ltr'><strong>τού</strong></span> <span class='ocrx_word' id='word_1_595' title='bbox 3493 4032 3560 4079; x_wconf 84' lang='grc' dir='ltr'>ια’</span> <span class='ocrx_word' id='word_1_596' title='bbox 3591 4026 3803 4092; x_wconf 74' lang='grc' dir='ltr'>βιϐλίου</span> 
     </span>
    </p>
   </div>
   <div class='ocr_carea' id='block_1_86' title="bbox 2228 4115 3804 4186">
    <p class='ocr_par' dir='ltr' id='par_1_86' title="bbox 2228 4115 3804 4186">
     <span class='ocr_line' id='line_1_86' title="bbox 2228 4115 3804 4186; baseline -0.001 -16"><span class='ocrx_word' id='word_1_597' title='bbox 2228 4118 2335 4170; x_wconf 85' lang='grc' dir='ltr'>τῶν</span> <span class='ocrx_word' id='word_1_598' title='bbox 2365 4115 2691 4180; x_wconf 84' lang='grc' dir='ltr'>Βασιλικῶν,</span> <span class='ocrx_word' id='word_1_599' title='bbox 2717 4118 2811 4170; x_wconf 72' lang='grc' dir='ltr'><strong>καὶ</strong></span> <span class='ocrx_word' id='word_1_600' title='bbox 2859 4117 2918 4168; x_wconf 88' lang='grc' dir='ltr'><strong>τὸ</strong></span> <span class='ocrx_word' id='word_1_601' title='bbox 2954 4116 3179 4182; x_wconf 80' lang='grc' dir='ltr'>θ’-κεφ,</span> <span class='ocrx_word' id='word_1_602' title='bbox 3229 4115 3324 4168; x_wconf 81' lang='grc' dir='ltr'><strong>τοῦ</strong></span> <span class='ocrx_word' id='word_1_603' title='bbox 3360 4115 3538 4184; x_wconf 83' lang='grc' dir='ltr'>γ’τίτ.</span> <span class='ocrx_word' id='word_1_604' title='bbox 3591 4117 3804 4186; x_wconf 73' lang='grc' dir='ltr'>βιϐλίου</span> 
     </span>
    </p>
   </div>
   <div class='ocr_carea' id='block_1_87' title="bbox 2227 4207 3809 4278">
    <p class='ocr_par' dir='ltr' id='par_1_87' title="bbox 2227 4207 3809 4278">
     <span class='ocr_line' id='line_1_87' title="bbox 2227 4207 3809 4278; baseline -0.001 -17"><span class='ocrx_word' id='word_1_605' title='bbox 2227 4207 2322 4265; x_wconf 82' lang='grc' dir='ltr'><strong>τοῦ</strong></span> <span class='ocrx_word' id='word_1_606' title='bbox 2360 4207 2408 4277; x_wconf 86' lang='grc' dir='ltr'>γ’</span> <span class='ocrx_word' id='word_1_607' title='bbox 2441 4208 2692 4276; x_wconf 80' lang='grc' dir='ltr'>λέγοντος</span> <span class='ocrx_word' id='word_1_608' title='bbox 2736 4207 2996 4260; x_wconf 78' lang='grc' dir='ltr'>δύνασθαι</span> <span class='ocrx_word' id='word_1_609' title='bbox 3033 4207 3159 4271; x_wconf 81' lang='grc' dir='ltr'>τοὺς</span> <span class='ocrx_word' id='word_1_610' title='bbox 3200 4208 3529 4278; x_wconf 78' lang='grc' dir='ltr'>ἱερωμένους</span> <span class='ocrx_word' id='word_1_611' title='bbox 3567 4210 3809 4262; x_wconf 80' lang='grc' dir='ltr'>ἀποτάτ-</span> 
     </span>
    </p>
   </div>
   <div class='ocr_carea' id='block_1_88' title="bbox 2229 4299 3808 4372">
    <p class='ocr_par' dir='ltr' id='par_1_88' title="bbox 2229 4299 3808 4372">
     <span class='ocr_line' id='line_1_88' title="bbox 2229 4299 3808 4372; baseline 0.001 -20"><span class='ocrx_word' id='word_1_612' title='bbox 2229 4301 2418 4352; x_wconf 79' lang='grc' dir='ltr'>τεσθαι</span> <span class='ocrx_word' id='word_1_613' title='bbox 2474 4302 2539 4368; x_wconf 79' lang='grc' dir='ltr'>τῇ</span> <span class='ocrx_word' id='word_1_614' title='bbox 2587 4300 2687 4367; x_wconf 84' lang='grc' dir='ltr'>τῆς</span> <span class='ocrx_word' id='word_1_615' title='bbox 2743 4299 3048 4370; x_wconf 78' lang='grc' dir='ltr'>ἱερωσύνης</span> <span class='ocrx_word' id='word_1_616' title='bbox 3097 4303 3471 4372; x_wconf 75' lang='grc' dir='ltr'>παραγραφῇο</span> <span class='ocrx_word' id='word_1_617' title='bbox 3523 4301 3648 4354; x_wconf 84' lang='grc' dir='ltr'>ὅσον</span> <span class='ocrx_word' id='word_1_618' title='bbox 3693 4303 3808 4372; x_wconf 72' lang='grc' dir='ltr'>γὰρ</span> 
     </span>
    </p>
   </div>
   <div class='ocr_carea' id='block_1_89' title="bbox 2233 4390 3805 4464">
    <p class='ocr_par' dir='ltr' id='par_1_89' title="bbox 2233 4390 3805 4464">
     <span class='ocr_line' id='line_1_89' title="bbox 2233 4390 3805 4464; baseline 0.002 -22"><span class='ocrx_word' id='word_1_619' title='bbox 2233 4393 2368 4464; x_wconf 75' lang='grc' dir='ltr'>πρὸς</span> <span class='ocrx_word' id='word_1_620' title='bbox 2414 4392 2505 4442; x_wconf 83' lang='grc' dir='ltr'><strong>τὸν</strong></span> <span class='ocrx_word' id='word_1_621' title='bbox 2561 4390 2833 4443; x_wconf 78' lang='grc' dir='ltr'>ἀντίδικον</span> <span class='ocrx_word' id='word_1_622' title='bbox 2896 4390 3132 4463; x_wconf 72' lang='grc' dir='ltr'>ἔρρωται</span> <span class='ocrx_word' id='word_1_623' title='bbox 3174 4393 3235 4444; x_wconf 90' lang='grc' dir='ltr'><strong>τὸ</strong></span> <span class='ocrx_word' id='word_1_624' title='bbox 3287 4392 3580 4462; x_wconf 79' lang='grc' dir='ltr'>σύμφωνον</span> <span class='ocrx_word' id='word_1_625' title='bbox 3621 4391 3805 4445; x_wconf 83' lang='grc' dir='ltr'>τοῦτο.</span> 
     </span>
    </p>
   </div>
   <div class='ocr_carea' id='block_1_90' title="bbox 559 4461 2116 4556">
    <p class='ocr_par' dir='ltr' id='par_1_90' title="bbox 559 4479 2116 4554">
     <span class='ocr_line' id='line_1_90' title="bbox 559 4479 2116 4554; baseline -0.005 -16"><span class='ocrx_word' id='word_1_626' title='bbox 559 4485 800 4554; x_wconf 87' lang='lat' dir='ltr'><strong>episcopi</strong></span> <span class='ocrx_word' id='word_1_627' title='bbox 819 4482 975 4553; x_wconf 76' lang='lat'><strong>531</strong></span> <span class='ocrx_word' id='word_1_628' title='bbox 1006 4497 1031 4531; x_wconf 87' lang='lat' dir='ltr'><strong>a</strong></span> <span class='ocrx_word' id='word_1_629' title='bbox 1057 4481 1337 4534; x_wconf 82' lang='lat' dir='ltr'><strong>duodecim</strong></span> <span class='ocrx_word' id='word_1_630' title='bbox 1354 4479 1964 4548; x_wconf 78' lang='lat' dir='ltr'><strong>episcopisjudieentut&#39;,</strong></span> <span class='ocrx_word' id='word_1_631' title='bbox 1989 4493 2116 4534; x_wconf 62' lang='lat' dir='ltr'><strong>asc:</strong></span> 
     </span>
    </p>
   </div>
   <div class='ocr_carea' id='block_1_91' title="bbox 2220 4461 3807 4556">
    <p class='ocr_par' dir='ltr' id='par_1_91' title="bbox 2237 4461 3807 4556">
     <span class='ocr_line' id='line_1_91' title="bbox 2237 4461 3807 4556; baseline 0.001 -21"><span class='ocrx_word' id='word_1_632' title='bbox 2237 4461 2464 4553; x_wconf 78' lang='grc' dir='ltr'>Ἕτερον</span> <span class='ocrx_word' id='word_1_633' title='bbox 2496 4482 2552 4535; x_wconf 82' lang='grc' dir='ltr'>δὲ</span> <span class='ocrx_word' id='word_1_634' title='bbox 2581 4482 2740 4549; x_wconf 83' lang='grc' dir='ltr'>λόγου</span> <span class='ocrx_word' id='word_1_635' title='bbox 2768 4484 2904 4546; x_wconf 83' lang='grc' dir='ltr'>ὲστὶ,</span> <span class='ocrx_word' id='word_1_636' title='bbox 2928 4461 3019 4538; x_wconf 22' lang='grc' dir='ltr'>*ότι</span> <span class='ocrx_word' id='word_1_637' title='bbox 3052 4461 3514 4554; x_wconf 77' lang='grc' dir='ltr'>βλάπτεταικατὰ</span> <span class='ocrx_word' id='word_1_638' title='bbox 3537 4486 3628 4539; x_wconf 90' lang='grc' dir='ltr'><strong>τὸν</strong></span> <span class='ocrx_word' id='word_1_639' title='bbox 3663 4501 3807 4556; x_wconf 85' lang='grc' dir='ltr'>παρ-</span> 
     </span>
    </p>
   </div>
   <div class='ocr_carea' id='block_1_92' title="bbox 564 4571 2132 4639">
    <p class='ocr_par' dir='ltr' id='par_1_92' title="bbox 564 4571 2132 4639">
     <span class='ocr_line' id='line_1_92' title="bbox 564 4571 2132 4639; baseline -0.004 -11"><span class='ocrx_word' id='word_1_640' title='bbox 564 4584 742 4630; x_wconf 83' lang='lat' dir='ltr'><strong>autem</strong></span> <span class='ocrx_word' id='word_1_641' title='bbox 794 4576 1130 4637; x_wconf 82' lang='lat' dir='ltr'><strong>sacerdotes,</strong></span> <span class='ocrx_word' id='word_1_642' title='bbox 1163 4584 1216 4627; x_wconf 89' lang='lat' dir='ltr'><strong>et</strong></span> <span class='ocrx_word' id='word_1_643' title='bbox 1245 4573 1457 4626; x_wconf 82' lang='lat' dir='ltr'><strong>diaconi</strong></span> <span class='ocrx_word' id='word_1_644' title='bbox 1496 4587 1524 4624; x_wconf 85' lang='lat' dir='ltr'><strong>a</strong></span> <span class='ocrx_word' id='word_1_645' title='bbox 1577 4573 1750 4625; x_wconf 89' lang='lat' dir='ltr'><strong>tribus</strong></span> <span class='ocrx_word' id='word_1_646' title='bbox 1785 4589 1799 4624; x_wconf 92' lang='lat'>:</span> <span class='ocrx_word' id='word_1_647' title='bbox 1835 4571 2132 4639; x_wconf 71' lang='lat' dir='ltr'><strong>solijunxe-</strong></span> 
     </span>
    </p>
   </div>
   <div class='ocr_carea' id='block_1_93' title="bbox 568 4663 2129 4735">
    <p class='ocr_par' dir='ltr' id='par_1_93' title="bbox 568 4663 2129 4735">
     <span class='ocr_line' id='line_1_93' title="bbox 568 4663 2129 4735; baseline -0.007 -11"><span class='ocrx_word' id='word_1_648' title='bbox 568 4680 694 4724; x_wconf 88' lang='lat' dir='ltr'><strong>runt</strong></span> <span class='ocrx_word' id='word_1_649' title='bbox 761 4669 970 4728; x_wconf 74' lang='lat' dir='ltr'><strong>Patres,</strong></span> <span class='ocrx_word' id='word_1_650' title='bbox 1024 4666 1167 4735; x_wconf 87' lang='lat' dir='ltr'><strong>quod</strong></span> <span class='ocrx_word' id='word_1_651' title='bbox 1228 4681 1347 4734; x_wconf 67' lang='lat' dir='ltr'><strong>quae</strong></span> <span class='ocrx_word' id='word_1_652' title='bbox 1401 4669 1466 4718; x_wconf 91' lang='lat' dir='ltr'><strong>de</strong></span> <span class='ocrx_word' id='word_1_653' title='bbox 1499 4663 1957 4733; x_wconf 81' lang='lat' dir='ltr'><strong>appellationibus</strong></span> <span class='ocrx_word' id='word_1_654' title='bbox 1989 4665 2129 4714; x_wconf 84' lang='lat' dir='ltr'><strong>dicta</strong></span> 
     </span>
    </p>
   </div>
   <div class='ocr_carea' id='block_1_94' title="bbox 565 4755 2130 4827">
    <p class='ocr_par' dir='ltr' id='par_1_94' title="bbox 565 4755 2130 4827">
     <span class='ocr_line' id='line_1_94' title="bbox 565 4755 2130 4827; baseline -0.003 -14"><span class='ocrx_word' id='word_1_655' title='bbox 565 4772 686 4814; x_wconf 81' lang='lat' dir='ltr'><strong>sunt</strong></span> <span class='ocrx_word' id='word_1_656' title='bbox 723 4775 774 4815; x_wconf 93' lang='lat' dir='ltr'><strong>et</strong></span> <span class='ocrx_word' id='word_1_657' title='bbox 815 4765 1014 4827; x_wconf 80' lang='lat' dir='ltr'><strong>reliqua</strong></span> <span class='ocrx_word' id='word_1_658' title='bbox 1063 4759 1236 4814; x_wconf 86' lang='lat' dir='ltr'><strong>locum</strong></span> <span class='ocrx_word' id='word_1_659' title='bbox 1276 4761 1492 4822; x_wconf 79' lang='lat' dir='ltr'><strong>habent,</strong></span> <span class='ocrx_word' id='word_1_660' title='bbox 1536 4760 1756 4827; x_wconf 77' lang='lat' dir='ltr'><strong>quando</strong></span> <span class='ocrx_word' id='word_1_661' title='bbox 1803 4755 2010 4822; x_wconf 77' lang='lat' dir='ltr'><strong>judicia</strong></span> <span class='ocrx_word' id='word_1_662' title='bbox 2039 4770 2130 4809; x_wconf 82' lang='lat' dir='ltr'><strong>ec-</strong></span> 
     </span>
    </p>
   </div>
   <div class='ocr_carea' id='block_1_95' title="bbox 563 4850 2129 4922">
    <p class='ocr_par' dir='ltr' id='par_1_95' title="bbox 563 4850 2129 4922">
     <span class='ocr_line' id='line_1_95' title="bbox 563 4850 2129 4922; baseline -0.003 -15"><span class='ocrx_word' id='word_1_663' title='bbox 563 4854 864 4907; x_wconf 84' lang='lat' dir='ltr'><strong>clesiastica</strong></span> <span class='ocrx_word' id='word_1_664' title='bbox 922 4855 1061 4921; x_wconf 86' lang='lat' dir='ltr'><strong>apud</strong></span> <span class='ocrx_word' id='word_1_665' title='bbox 1089 4863 1167 4907; x_wconf 86' lang='lat' dir='ltr'><strong>tot</strong></span> <span class='ocrx_word' id='word_1_666' title='bbox 1194 4861 1564 4922; x_wconf 81' lang='lat' dir='ltr'><strong>competentes</strong></span> <span class='ocrx_word' id='word_1_667' title='bbox 1613 4851 1826 4919; x_wconf 81' lang='lat' dir='ltr'><strong>judices</strong></span> <span class='ocrx_word' id='word_1_668' title='bbox 1875 4850 2074 4902; x_wconf 81' lang='lat' dir='ltr'><strong>iuerint</strong></span> <span class='ocrx_word' id='word_1_669' title='bbox 2112 4865 2129 4902; x_wconf 92' lang='lat'><strong>:</strong></span> 
     </span>
    </p>
   </div>
   <div class='ocr_carea' id='block_1_96' title="bbox 567 4941 2136 5012">
    <p class='ocr_par' dir='ltr' id='par_1_96' title="bbox 567 4941 2136 5012">
     <span class='ocr_line' id='line_1_96' title="bbox 567 4941 2136 5012; baseline -0.001 -16"><span class='ocrx_word' id='word_1_670' title='bbox 567 4960 671 4998; x_wconf 92' lang='lat' dir='ltr'><strong>non</strong></span> <span class='ocrx_word' id='word_1_671' title='bbox 726 4957 929 5006; x_wconf 86' lang='lat' dir='ltr'><strong>autem,</strong></span> <span class='ocrx_word' id='word_1_672' title='bbox 956 4947 1173 5012; x_wconf 73' lang='lat' dir='ltr'><strong>(piendo</strong></span> <span class='ocrx_word' id='word_1_673' title='bbox 1204 4961 1266 4997; x_wconf 81' lang='lat' dir='ltr'><strong>ex</strong></span> <span class='ocrx_word' id='word_1_674' title='bbox 1297 4943 1633 4999; x_wconf 85' lang='lat' dir='ltr'><strong>accusatoris</strong></span> <span class='ocrx_word' id='word_1_675' title='bbox 1676 4952 1731 4996; x_wconf 89' lang='lat' dir='ltr'><strong>et</strong></span> <span class='ocrx_word' id='word_1_676' title='bbox 1766 4941 1881 5007; x_wconf 77' lang='lat' dir='ltr'><strong>ejus</strong></span> <span class='ocrx_word' id='word_1_677' title='bbox 1921 4941 2013 5011; x_wconf 89' lang='lat' dir='ltr'><strong>qui</strong></span> <span class='ocrx_word' id='word_1_678' title='bbox 2045 4955 2136 4994; x_wconf 70' lang='grc' dir='ltr'>ερ-</span> 
     </span>
    </p>
   </div>
   <div class='ocr_carea' id='block_1_97' title="bbox 565 5032 2135 5106">
    <p class='ocr_par' dir='ltr' id='par_1_97' title="bbox 565 5032 2135 5106">
     <span class='ocr_line' id='line_1_97' title="bbox 565 5032 2135 5106; baseline -0.003 -18"><span class='ocrx_word' id='word_1_679' title='bbox 565 5045 786 5089; x_wconf 85' lang='lat' dir='ltr'><strong>cusatur</strong></span> <span class='ocrx_word' id='word_1_680' title='bbox 813 5036 1115 5096; x_wconf 78' lang='lat' dir='ltr'><strong>voluntate.</strong></span> <span class='ocrx_word' id='word_1_681' title='bbox 1155 5039 1295 5105; x_wconf 89' lang='lat' dir='ltr'><strong>apud</strong></span> <span class='ocrx_word' id='word_1_682' title='bbox 1325 5037 1537 5106; x_wconf 83' lang='lat' dir='ltr'><strong>aliquos</strong></span> <span class='ocrx_word' id='word_1_683' title='bbox 1568 5036 1771 5088; x_wconf 81' lang='lat' dir='ltr'><strong>electos</strong></span> <span class='ocrx_word' id='word_1_684' title='bbox 1812 5049 1903 5088; x_wconf 83' lang='lat' dir='ltr'><strong>seu</strong></span> <span class='ocrx_word' id='word_1_685' title='bbox 1935 5049 1999 5087; x_wconf 80' lang='lat' dir='ltr'><strong>ex</strong></span> <span class='ocrx_word' id='word_1_686' title='bbox 2024 5032 2135 5085; x_wconf 89' lang='lat' dir='ltr'><strong>ele-</strong></span> 
     </span>
    </p>
   </div>
   <div class='ocr_carea' id='block_1_98' title="bbox 566 5125 2136 5198">
    <p class='ocr_par' dir='ltr' id='par_1_98' title="bbox 566 5125 2136 5198">
     <span class='ocr_line' id='line_1_98' title="bbox 566 5125 2136 5198; baseline -0.001 -18"><span class='ocrx_word' id='word_1_687' title='bbox 566 5129 748 5182; x_wconf 84' lang='lat' dir='ltr'><strong>ctione</strong></span> <span class='ocrx_word' id='word_1_688' title='bbox 797 5138 1078 5196; x_wconf 86' lang='lat' dir='ltr'><strong>susceptos</strong></span> <span class='ocrx_word' id='word_1_689' title='bbox 1102 5129 1334 5195; x_wconf 86' lang='lat' dir='ltr'><strong>judices,</strong></span> <span class='ocrx_word' id='word_1_690' title='bbox 1367 5129 1458 5198; x_wconf 81' lang='lat' dir='ltr'><strong>qni</strong></span> <span class='ocrx_word' id='word_1_691' title='bbox 1508 5143 1650 5194; x_wconf 73' lang='lat' dir='ltr'><strong>saepe</strong></span> <span class='ocrx_word' id='word_1_692' title='bbox 1699 5138 1829 5181; x_wconf 82' lang='lat' dir='ltr'><strong>sunt.</strong></span> <span class='ocrx_word' id='word_1_693' title='bbox 1853 5125 2136 5196; x_wconf 81' lang='lat' dir='ltr'><strong>pauciores</strong></span> 
     </span>
    </p>
   </div>
   <div class='ocr_carea' id='block_1_99' title="bbox 568 5211 2137 5290">
    <p class='ocr_par' dir='ltr' id='par_1_99' title="bbox 568 5211 2137 5290">
     <span class='ocr_line' id='line_1_99' title="bbox 568 5211 2137 5290; baseline -0.003 -16"><span class='ocrx_word' id='word_1_694' title='bbox 568 5237 731 5290; x_wconf 79' lang='lat' dir='ltr'><strong>quam</strong></span> <span class='ocrx_word' id='word_1_695' title='bbox 787 5221 1091 5276; x_wconf 83' lang='lat' dir='ltr'><strong>canonibus</strong></span> <span class='ocrx_word' id='word_1_696' title='bbox 1145 5223 1501 5275; x_wconf 79' lang='lat' dir='ltr'><strong>constitutum</strong></span> <span class='ocrx_word' id='word_1_697' title='bbox 1566 5221 1659 5284; x_wconf 89' lang='lat' dir='ltr'><strong>sit,</strong></span> <span class='ocrx_word' id='word_1_698' title='bbox 1719 5218 1886 5287; x_wconf 87' lang='lat' dir='ltr'><strong>aliqui</strong></span> <span class='ocrx_word' id='word_1_699' title='bbox 1931 5211 2137 5287; x_wconf 88' lang='lat' dir='ltr'><strong>judicio</strong></span> 
     </span>
    </p>
   </div>
   <div class='ocr_carea' id='block_1_100' title="bbox 565 5311 2138 5373">
    <p class='ocr_par' dir='ltr' id='par_1_100' title="bbox 565 5311 2138 5373">
     <span class='ocr_line' id='line_1_100' title="bbox 565 5311 2138 5373; baseline 0 -9"><span class='ocrx_word' id='word_1_700' title='bbox 565 5313 962 5373; x_wconf 79' lang='lat' dir='ltr'><strong>contenderim.</strong></span> <span class='ocrx_word' id='word_1_701' title='bbox 1016 5311 1170 5368; x_wconf 81' lang='lat' dir='ltr'><strong>Tunc</strong></span> <span class='ocrx_word' id='word_1_702' title='bbox 1199 5312 1344 5367; x_wconf 89' lang='lat' dir='ltr'><strong>enim</strong></span> <span class='ocrx_word' id='word_1_703' title='bbox 1376 5313 1430 5364; x_wconf 92' lang='lat' dir='ltr'><strong>in</strong></span> <span class='ocrx_word' id='word_1_704' title='bbox 1485 5325 1672 5365; x_wconf 88' lang='lat' dir='ltr'><strong>eorum</strong></span> <span class='ocrx_word' id='word_1_705' title='bbox 1708 5314 2036 5364; x_wconf 83' lang='lat' dir='ltr'><strong>sententiam</strong></span> <span class='ocrx_word' id='word_1_706' title='bbox 2072 5324 2138 5364; x_wconf 88' lang='lat' dir='ltr'><strong>ne</strong></span> 
     </span>
    </p>
   </div>
   <div class='ocr_carea' id='block_1_101' title="bbox 566 5400 2136 5474">
    <p class='ocr_par' dir='ltr' id='par_1_101' title="bbox 566 5400 2136 5474">
     <span class='ocr_line' id='line_1_101' title="bbox 566 5400 2136 5474; baseline -0.002 -19"><span class='ocrx_word' id='word_1_707' title='bbox 566 5402 854 5470; x_wconf 86' lang='lat' dir='ltr'><strong>appellatio</strong></span> <span class='ocrx_word' id='word_1_708' title='bbox 907 5404 1120 5474; x_wconf 85' lang='lat' dir='ltr'><strong>quidem</strong></span> <span class='ocrx_word' id='word_1_709' title='bbox 1175 5402 1358 5466; x_wconf 86' lang='lat' dir='ltr'><strong>cadit,</strong></span> <span class='ocrx_word' id='word_1_710' title='bbox 1391 5411 1449 5455; x_wconf 81' lang='lat' dir='ltr'><strong>ut</strong></span> <span class='ocrx_word' id='word_1_711' title='bbox 1506 5400 1636 5457; x_wconf 78' lang='lat' dir='ltr'><strong>dicit</strong></span> <span class='ocrx_word' id='word_1_712' title='bbox 1687 5401 1766 5454; x_wconf 77' lang='lat' dir='ltr'><strong>lex</strong></span> <span class='ocrx_word' id='word_1_713' title='bbox 1825 5402 1877 5454; x_wconf 93' lang='lat' dir='ltr'><strong>in</strong></span> <span class='ocrx_word' id='word_1_714' title='bbox 1912 5401 2002 5455; x_wconf 89' lang='lat' dir='ltr'><strong>lib.</strong></span> <span class='ocrx_word' id='word_1_715' title='bbox 2041 5415 2136 5461; x_wconf 83' lang='lat' dir='ltr'><strong>vn,</strong></span> 
     </span>
    </p>
   </div>
   <div class='ocr_carea' id='block_1_102' title="bbox 570 5495 2140 5568">
    <p class='ocr_par' dir='ltr' id='par_1_102' title="bbox 570 5495 2140 5568">
     <span class='ocr_line' id='line_1_102' title="bbox 570 5495 2140 5568; baseline -0.001 -18"><span class='ocrx_word' id='word_1_716' title='bbox 570 5498 655 5551; x_wconf 87' lang='lat' dir='ltr'><strong>tit.</strong></span> <span class='ocrx_word' id='word_1_717' title='bbox 690 5497 761 5562; x_wconf 75' lang='grc'><strong>2,-</strong></span> <span class='ocrx_word' id='word_1_718' title='bbox 805 5511 925 5568; x_wconf 79' lang='lat' dir='ltr'><strong>cap.</strong></span> <span class='ocrx_word' id='word_1_719' title='bbox 952 5497 1048 5563; x_wconf 72' lang='grc'><strong>27,</strong></span> <span class='ocrx_word' id='word_1_720' title='bbox 1081 5499 1244 5554; x_wconf 83' lang='lat' dir='ltr'><strong>them.</strong></span> <span class='ocrx_word' id='word_1_721' title='bbox 1273 5497 1329 5562; x_wconf 79' lang='lat'><strong>3,</strong></span> <span class='ocrx_word' id='word_1_722' title='bbox 1382 5495 1526 5567; x_wconf 86' lang='lat' dir='ltr'><strong>quod</strong></span> <span class='ocrx_word' id='word_1_723' title='bbox 1560 5496 1648 5549; x_wconf 87' lang='lat' dir='ltr'><strong>hic</strong></span> <span class='ocrx_word' id='word_1_724' title='bbox 1680 5510 1739 5550; x_wconf 85' lang='lat' dir='ltr'><strong>se</strong></span> <span class='ocrx_word' id='word_1_725' title='bbox 1772 5496 1975 5562; x_wconf 83' lang='lat' dir='ltr'><strong>habet;</strong></span> <span class='ocrx_word' id='word_1_726' title='bbox 2010 5496 2140 5550; x_wconf 81' lang='lat' dir='ltr'><strong>Sive</strong></span> 
     </span>
    </p>
   </div>
   <div class='ocr_carea' id='block_1_103' title="bbox 563 5589 2136 5661">
    <p class='ocr_par' dir='ltr' id='par_1_103' title="bbox 563 5589 2136 5661">
     <span class='ocr_line' id='line_1_103' title="bbox 563 5589 2136 5661; baseline -0.001 -18"><span class='ocrx_word' id='word_1_727' title='bbox 563 5591 716 5660; x_wconf 81' lang='lat' dir='ltr'><strong>justa</strong></span> <span class='ocrx_word' id='word_1_728' title='bbox 773 5591 890 5646; x_wconf 85' lang='lat' dir='ltr'><strong>sive</strong></span> <span class='ocrx_word' id='word_1_729' title='bbox 945 5591 1142 5661; x_wconf 86' lang='lat' dir='ltr'><strong>injusta</strong></span> <span class='ocrx_word' id='word_1_730' title='bbox 1177 5601 1257 5646; x_wconf 89' lang='lat' dir='ltr'><strong>est</strong></span> <span class='ocrx_word' id='word_1_731' title='bbox 1289 5591 1446 5646; x_wconf 87' lang='lat' dir='ltr'><strong>electi</strong></span> <span class='ocrx_word' id='word_1_732' title='bbox 1493 5589 1694 5661; x_wconf 89' lang='lat' dir='ltr'><strong>judicis</strong></span> <span class='ocrx_word' id='word_1_733' title='bbox 1765 5594 2053 5655; x_wconf 84' lang='lat' dir='ltr'><strong>sententia,</strong></span> <span class='ocrx_word' id='word_1_734' title='bbox 2088 5590 2136 5642; x_wconf 89' lang='lat' dir='ltr'><strong>ei</strong></span> 
     </span>
    </p>
   </div>
   <div class='ocr_carea' id='block_1_104' title="bbox 567 5683 2140 5756">
    <p class='ocr_par' dir='ltr' id='par_1_104' title="bbox 567 5683 2140 5756">
     <span class='ocr_line' id='line_1_104' title="bbox 567 5683 2140 5756; baseline -0.001 -18"><span class='ocrx_word' id='word_1_735' title='bbox 567 5686 713 5738; x_wconf 81' lang='lat' dir='ltr'><strong>stare</strong></span> <span class='ocrx_word' id='word_1_736' title='bbox 757 5692 993 5752; x_wconf 87' lang='lat' dir='ltr'><strong>oportet.</strong></span> <span class='ocrx_word' id='word_1_737' title='bbox 1034 5683 1096 5737; x_wconf 85' lang='lat' dir='ltr'><strong>Et</strong></span> <span class='ocrx_word' id='word_1_738' title='bbox 1131 5697 1295 5754; x_wconf 89' lang='lat' dir='ltr'><strong>caput</strong></span> <span class='ocrx_word' id='word_1_739' title='bbox 1341 5685 1559 5741; x_wconf 86' lang='lat' dir='ltr'><strong>tertium</strong></span> <span class='ocrx_word' id='word_1_740' title='bbox 1617 5685 1860 5756; x_wconf 86' lang='lat' dir='ltr'><strong>ejusdem</strong></span> <span class='ocrx_word' id='word_1_741' title='bbox 1914 5683 2039 5737; x_wconf 86' lang='lat' dir='ltr'><strong>libri</strong></span> <span class='ocrx_word' id='word_1_742' title='bbox 2075 5698 2140 5737; x_wconf 86' lang='lat' dir='ltr'><strong>ac</strong></span> 
     </span>
    </p>
   </div>
   <div class='ocr_carea' id='block_1_105' title="bbox 568 5772 2141 5847">
    <p class='ocr_par' dir='ltr' id='par_1_105' title="bbox 568 5772 2141 5847">
     <span class='ocr_line' id='line_1_105' title="bbox 568 5772 2141 5847; baseline 0.001 -19"><span class='ocrx_word' id='word_1_743' title='bbox 568 5777 708 5830; x_wconf 86' lang='lat' dir='ltr'><strong>tituli</strong></span> <span class='ocrx_word' id='word_1_744' title='bbox 736 5791 751 5830; x_wconf 84' lang='lat'><strong>:</strong></span> <span class='ocrx_word' id='word_1_745' title='bbox 781 5772 896 5831; x_wconf 81' lang='lat' dir='ltr'><strong>Non</strong></span> <span class='ocrx_word' id='word_1_746' title='bbox 925 5779 1160 5844; x_wconf 82' lang='lat' dir='ltr'><strong>indigent</strong></span> <span class='ocrx_word' id='word_1_747' title='bbox 1197 5780 1578 5847; x_wconf 75' lang='lat' dir='ltr'><strong>provoczitione</strong></span> <span class='ocrx_word' id='word_1_748' title='bbox 1604 5777 1804 5846; x_wconf 85' lang='lat' dir='ltr'><strong>judicis</strong></span> <span class='ocrx_word' id='word_1_749' title='bbox 1832 5777 1989 5833; x_wconf 85' lang='lat' dir='ltr'><strong>electi</strong></span> <span class='ocrx_word' id='word_1_750' title='bbox 2018 5790 2141 5831; x_wconf 86' lang='lat' dir='ltr'><strong>scn-</strong></span> 
     </span>
    </p>
   </div>
   <div class='ocr_carea' id='block_1_106' title="bbox 2234 4577 3804 4649">
    <p class='ocr_par' dir='ltr' id='par_1_106' title="bbox 2234 4577 3804 4649">
     <span class='ocr_line' id='line_1_106' title="bbox 2234 4577 3804 4649; baseline 0.001 -20"><span class='ocrx_word' id='word_1_751' title='bbox 2234 4577 2360 4630; x_wconf 86' lang='grc' dir='ltr'>όντα</span> <span class='ocrx_word' id='word_1_752' title='bbox 2405 4578 2606 4628; x_wconf 81' lang='grc' dir='ltr'>κανόνα</span> <span class='ocrx_word' id='word_1_753' title='bbox 2650 4579 2677 4628; x_wconf 90' lang='grc' dir='ltr'><strong>ό</strong></span> <span class='ocrx_word' id='word_1_754' title='bbox 2707 4579 3130 4647; x_wconf 72' lang='grc' dir='ltr'>καταφρονήσας</span> <span class='ocrx_word' id='word_1_755' title='bbox 3174 4579 3368 4632; x_wconf 87' lang='grc' dir='ltr'>τούτου</span> <span class='ocrx_word' id='word_1_756' title='bbox 3399 4581 3427 4632; x_wconf 88' lang='grc' dir='ltr'><strong>ό</strong></span> <span class='ocrx_word' id='word_1_757' title='bbox 3465 4580 3804 4649; x_wconf 78' lang='grc' dir='ltr'>ἱερωμένοςο</span> 
     </span>
    </p>
   </div>
   <div class='ocr_carea' id='block_1_107' title="bbox 2236 4655 3805 4739">
    <p class='ocr_par' dir='ltr' id='par_1_107' title="bbox 2236 4655 3805 4739">
     <span class='ocr_line' id='line_1_107' title="bbox 2236 4655 3805 4739; baseline 0.001 -19"><span class='ocrx_word' id='word_1_758' title='bbox 2236 4669 2328 4720; x_wconf 76' lang='grc' dir='ltr'><strong>καὶ</strong></span> <span class='ocrx_word' id='word_1_759' title='bbox 2357 4669 2627 4734; x_wconf 76' lang='grc' dir='ltr'>ἀνάγνωθι</span> <span class='ocrx_word' id='word_1_760' title='bbox 2665 4669 2754 4720; x_wconf 81' lang='grc' dir='ltr'><strong>τὸν</strong></span> <span class='ocrx_word' id='word_1_761' title='bbox 2785 4666 2860 4739; x_wconf 84' lang='grc' dir='ltr'>ρδ¹</span> <span class='ocrx_word' id='word_1_762' title='bbox 2898 4671 3097 4720; x_wconf 73' lang='grc' dir='ltr'>κανόνα</span> <span class='ocrx_word' id='word_1_763' title='bbox 3127 4655 3227 4737; x_wconf 57' lang='grc' dir='ltr'>τῆς</span> <span class='ocrx_word' id='word_1_764' title='bbox 3262 4672 3550 4739; x_wconf 76' lang='grc' dir='ltr'>παρούσης</span> <span class='ocrx_word' id='word_1_765' title='bbox 3580 4667 3805 4723; x_wconf 81' lang='grc' dir='ltr'>συνόδου</span> 
     </span>
    </p>
   </div>
   <div class='ocr_carea' id='block_1_108' title="bbox 2235 4757 3810 4827">
    <p class='ocr_par' dir='ltr' id='par_1_108' title="bbox 2235 4757 3810 4827">
     <span class='ocr_line' id='line_1_108' title="bbox 2235 4757 3810 4827; baseline 0.001 -16"><span class='ocrx_word' id='word_1_766' title='bbox 2235 4761 2328 4811; x_wconf 66' lang='grc' dir='ltr'><strong>καὶ</strong></span> <span class='ocrx_word' id='word_1_767' title='bbox 2377 4760 2475 4824; x_wconf 81' lang='grc' dir='ltr'>τῆς</span> <span class='ocrx_word' id='word_1_768' title='bbox 2523 4762 2580 4809; x_wconf 74' lang='grc' dir='ltr'>ἐν</span> <span class='ocrx_word' id='word_1_769' title='bbox 2623 4757 2932 4827; x_wconf 74' lang='grc' dir='ltr'>Χαλκηδόνι</span> <span class='ocrx_word' id='word_1_770' title='bbox 2984 4761 3186 4812; x_wconf 72' lang='grc' dir='ltr'>κανόνα</span> <span class='ocrx_word' id='word_1_771' title='bbox 3225 4759 3290 4815; x_wconf 90' lang='grc' dir='ltr'><strong>θ’.</strong></span> <span class='ocrx_word' id='word_1_772' title='bbox 3338 4762 3443 4812; x_wconf 79' lang='grc' dir='ltr'><strong>Τοῦ</strong></span> <span class='ocrx_word' id='word_1_773' title='bbox 3485 4757 3543 4814; x_wconf 80' lang='grc' dir='ltr'>δὲ</span> <span class='ocrx_word' id='word_1_774' title='bbox 3582 4767 3810 4823; x_wconf 83' lang='grc' dir='ltr'>κανόνος</span> 
     </span>
    </p>
   </div>
   <div class='ocr_carea' id='block_1_109' title="bbox 2238 4850 3811 4923">
    <p class='ocr_par' dir='ltr' id='par_1_109' title="bbox 2238 4850 3811 4923">
     <span class='ocr_line' id='line_1_109' title="bbox 2238 4850 3811 4923; baseline 0.001 -19"><span class='ocrx_word' id='word_1_775' title='bbox 2238 4853 2443 4904; x_wconf 77' lang='grc' dir='ltr'>ἄνωθεν</span> <span class='ocrx_word' id='word_1_776' title='bbox 2478 4850 2859 4919; x_wconf 77' lang='grc' dir='ltr'>διορισαμένου</span> <span class='ocrx_word' id='word_1_777' title='bbox 2893 4852 2996 4902; x_wconf 77' lang='grc' dir='ltr'><strong>ὑπὸ</strong></span> <span class='ocrx_word' id='word_1_778' title='bbox 3027 4853 3236 4904; x_wconf 74' lang='grc' dir='ltr'>δώδεκα</span> <span class='ocrx_word' id='word_1_779' title='bbox 3268 4855 3589 4906; x_wconf 79' lang='grc' dir='ltr'>ἐπισκόπων</span> <span class='ocrx_word' id='word_1_780' title='bbox 3619 4860 3811 4923; x_wconf 71' lang='grc' dir='ltr'>κς-ῖνε-</span> 
     </span>
    </p>
   </div>
   <div class='ocr_carea' id='block_1_110' title="bbox 2238 4942 3809 5014">
    <p class='ocr_par' dir='ltr' id='par_1_110' title="bbox 2238 4942 3809 5014">
     <span class='ocr_line' id='line_1_110' title="bbox 2238 4942 3809 5014; baseline 0.002 -19"><span class='ocrx_word' id='word_1_781' title='bbox 2238 4943 2360 4995; x_wconf 76' lang='grc' dir='ltr'>σθαι</span> <span class='ocrx_word' id='word_1_782' title='bbox 2386 4945 2510 5003; x_wconf 79' lang='grc' dir='ltr'>τοὺς</span> <span class='ocrx_word' id='word_1_783' title='bbox 2536 4942 2886 5004; x_wconf 67' lang='grc' dir='ltr'>ἐπισκόπους,</span> <span class='ocrx_word' id='word_1_784' title='bbox 2919 4947 3022 4995; x_wconf 80' lang='grc' dir='ltr'>ὑπὸ</span> <span class='ocrx_word' id='word_1_785' title='bbox 3063 4943 3124 5007; x_wconf 76' lang='grc' dir='ltr'>ἒξ</span> <span class='ocrx_word' id='word_1_786' title='bbox 3148 4947 3273 5007; x_wconf 75' lang='grc' dir='ltr'>τοὺς</span> <span class='ocrx_word' id='word_1_787' title='bbox 3326 4946 3511 5014; x_wconf 79' lang='grc' dir='ltr'>ἱερεῖς,</span> <span class='ocrx_word' id='word_1_788' title='bbox 3544 4947 3636 4997; x_wconf 82' lang='grc' dir='ltr'><strong>καὶ</strong></span> <span class='ocrx_word' id='word_1_789' title='bbox 3677 4949 3809 5007; x_wconf 66' lang='grc' dir='ltr'>τοῦς</span> 
     </span>
    </p>
   </div>
   <div class='ocr_carea' id='block_1_111' title="bbox 2235 5032 3815 5103">
    <p class='ocr_par' dir='ltr' id='par_1_111' title="bbox 2235 5032 3815 5103">
     <span class='ocr_line' id='line_1_111' title="bbox 2235 5032 3815 5103; baseline -0.001 -16"><span class='ocrx_word' id='word_1_790' title='bbox 2235 5032 2520 5095; x_wconf 85' lang='grc' dir='ltr'>διακόνους</span> <span class='ocrx_word' id='word_1_791' title='bbox 2567 5033 2670 5084; x_wconf 81' lang='grc' dir='ltr'><strong>ὑπὸ</strong></span> <span class='ocrx_word' id='word_1_792' title='bbox 2711 5033 2900 5101; x_wconf 77' lang='grc' dir='ltr'>τριῶν,</span> <span class='ocrx_word' id='word_1_793' title='bbox 2934 5034 3211 5102; x_wconf 71' lang='grc' dir='ltr'>ἐπήγαγον</span> <span class='ocrx_word' id='word_1_794' title='bbox 3259 5037 3309 5085; x_wconf 85' lang='grc' dir='ltr'><strong>οἱ</strong></span> <span class='ocrx_word' id='word_1_795' title='bbox 3360 5035 3600 5103; x_wconf 77' lang='grc' dir='ltr'>Πατέρες</span> <span class='ocrx_word' id='word_1_796' title='bbox 3639 5035 3714 5096; x_wconf 84' lang='grc' dir='ltr'>ὡς</span> <span class='ocrx_word' id='word_1_797' title='bbox 3744 5041 3815 5087; x_wconf 68' lang='grc' dir='ltr'><strong>τὰ</strong></span> 
     </span>
    </p>
   </div>
   <div class='ocr_carea' id='block_1_112' title="bbox 2239 5120 3813 5196">
    <p class='ocr_par' dir='ltr' id='par_1_112' title="bbox 2239 5120 3813 5196">
     <span class='ocr_line' id='line_1_112' title="bbox 2239 5120 3813 5196; baseline 0.001 -21"><span class='ocrx_word' id='word_1_798' title='bbox 2239 5124 2368 5193; x_wconf 73' lang='grc' dir='ltr'>περὶ</span> <span class='ocrx_word' id='word_1_799' title='bbox 2407 5123 2516 5177; x_wconf 83' lang='grc' dir='ltr'>τῶν</span> <span class='ocrx_word' id='word_1_800' title='bbox 2571 5120 2853 5192; x_wconf 82' lang='grc' dir='ltr'>ἐκκλήτων</span> <span class='ocrx_word' id='word_1_801' title='bbox 2888 5128 2980 5176; x_wconf 79' lang='grc' dir='ltr'>καὶ</span> <span class='ocrx_word' id='word_1_802' title='bbox 3014 5125 3082 5176; x_wconf 73' lang='grc' dir='ltr'>τὰ</span> <span class='ocrx_word' id='word_1_803' title='bbox 3130 5126 3289 5178; x_wconf 69' lang='grc' dir='ltr'>λοιπά</span> <span class='ocrx_word' id='word_1_804' title='bbox 3340 5126 3526 5196; x_wconf 81' lang='grc' dir='ltr'>χώραν</span> <span class='ocrx_word' id='word_1_805' title='bbox 3569 5126 3813 5196; x_wconf 79' lang='grc' dir='ltr'>ἔχουσιν,</span> 
     </span>
    </p>
   </div>
   <div class='ocr_carea' id='block_1_113' title="bbox 2239 5215 3815 5288">
    <p class='ocr_par' dir='ltr' id='par_1_113' title="bbox 2239 5215 3815 5288">
     <span class='ocr_line' id='line_1_113' title="bbox 2239 5215 3815 5288; baseline 0.001 -21"><span class='ocrx_word' id='word_1_806' title='bbox 2239 5217 2324 5267; x_wconf 74' lang='grc' dir='ltr'><strong>ὅτε</strong></span> <span class='ocrx_word' id='word_1_807' title='bbox 2366 5218 2434 5266; x_wconf 79' lang='grc' dir='ltr'>τὰ</span> <span class='ocrx_word' id='word_1_808' title='bbox 2474 5215 2903 5281; x_wconf 74' lang='grc' dir='ltr'>ἐκκλησιαστικὰ</span> <span class='ocrx_word' id='word_1_809' title='bbox 2953 5215 3283 5285; x_wconf 83' lang='grc' dir='ltr'>δικαστήρια</span> <span class='ocrx_word' id='word_1_810' title='bbox 3331 5219 3484 5288; x_wconf 82' lang='grc' dir='ltr'><strong>παρὰ</strong></span> <span class='ocrx_word' id='word_1_811' title='bbox 3534 5219 3815 5279; x_wconf 84' lang='grc' dir='ltr'>τοσούτοις</span> 
     </span>
    </p>
   </div>
   <div class='ocr_carea' id='block_1_114' title="bbox 2241 5309 3814 5383">
    <p class='ocr_par' dir='ltr' id='par_1_114' title="bbox 2241 5309 3814 5383">
     <span class='ocr_line' id='line_1_114' title="bbox 2241 5309 3814 5383; baseline 0.004 -22"><span class='ocrx_word' id='word_1_812' title='bbox 2241 5309 2572 5381; x_wconf 79' lang='grc' dir='ltr'>προσφόροις</span> <span class='ocrx_word' id='word_1_813' title='bbox 2602 5311 2882 5374; x_wconf 83' lang='grc' dir='ltr'>δικασταῖς</span> <span class='ocrx_word' id='word_1_814' title='bbox 2922 5314 3224 5377; x_wconf 72' lang='grc' dir='ltr'>γένωνται*</span> <span class='ocrx_word' id='word_1_815' title='bbox 3264 5313 3325 5365; x_wconf 87' lang='grc' dir='ltr'>οὐ</span> <span class='ocrx_word' id='word_1_816' title='bbox 3360 5317 3491 5383; x_wconf 79' lang='grc' dir='ltr'>μὴν.</span> <span class='ocrx_word' id='word_1_817' title='bbox 3527 5315 3620 5367; x_wconf 77' lang='grc' dir='ltr'><strong>ὅτε</strong></span> <span class='ocrx_word' id='word_1_818' title='bbox 3662 5316 3814 5367; x_wconf 75' lang='grc' dir='ltr'>κατὰ</span> 
     </span>
    </p>
   </div>
   <div class='ocr_carea' id='block_1_115' title="bbox 2241 5403 3818 5478">
    <p class='ocr_par' dir='ltr' id='par_1_115' title="bbox 2241 5403 3818 5478">
     <span class='ocr_line' id='line_1_115' title="bbox 2241 5403 3818 5478; baseline 0.004 -23"><span class='ocrx_word' id='word_1_819' title='bbox 2241 5404 2462 5470; x_wconf 83' lang='grc' dir='ltr'>θέλησιν</span> <span class='ocrx_word' id='word_1_820' title='bbox 2525 5403 2624 5456; x_wconf 84' lang='grc' dir='ltr'><strong>τοῦ</strong></span> <span class='ocrx_word' id='word_1_821' title='bbox 2691 5405 3004 5475; x_wconf 86' lang='grc' dir='ltr'>κατηγόρου</span> <span class='ocrx_word' id='word_1_822' title='bbox 3050 5409 3143 5459; x_wconf 85' lang='grc' dir='ltr'>καὶ</span> <span class='ocrx_word' id='word_1_823' title='bbox 3183 5405 3279 5459; x_wconf 80' lang='grc' dir='ltr'>τοῦ</span> <span class='ocrx_word' id='word_1_824' title='bbox 3333 5409 3818 5478; x_wconf 82' lang='grc' dir='ltr'>κατηγορουμένου</span> 
     </span>
    </p>
   </div>
   <div class='ocr_carea' id='block_1_116' title="bbox 2241 5496 3818 5569">
    <p class='ocr_par' dir='ltr' id='par_1_116' title="bbox 2241 5496 3818 5569">
     <span class='ocr_line' id='line_1_116' title="bbox 2241 5496 3818 5569; baseline 0 -19"><span class='ocrx_word' id='word_1_825' title='bbox 2241 5497 2393 5569; x_wconf 85' lang='grc' dir='ltr'>παρά</span> <span class='ocrx_word' id='word_1_826' title='bbox 2445 5513 2586 5550; x_wconf 80' lang='grc' dir='ltr'>τισιν</span> <span class='ocrx_word' id='word_1_827' title='bbox 2652 5496 3008 5564; x_wconf 70' lang='grc' dir='ltr'>ὲπιλιγεῖσιν,</span> <span class='ocrx_word' id='word_1_828' title='bbox 3065 5496 3140 5561; x_wconf 83' lang='grc' dir='ltr'>ὡς</span> <span class='ocrx_word' id='word_1_829' title='bbox 3212 5499 3455 5568; x_wconf 81' lang='grc' dir='ltr'>αἱρετοὶς</span> <span class='ocrx_word' id='word_1_830' title='bbox 3525 5499 3818 5560; x_wconf 78' lang='grc' dir='ltr'>δικασταῖς</span> 
     </span>
    </p>
   </div>
   <div class='ocr_carea' id='block_1_117' title="bbox 2243 5585 3815 5664">
    <p class='ocr_par' dir='ltr' id='par_1_117' title="bbox 2243 5585 3815 5664">
     <span class='ocr_line' id='line_1_117' title="bbox 2243 5585 3815 5664; baseline -0.002 -19"><span class='ocrx_word' id='word_1_831' title='bbox 2243 5591 2502 5654; x_wconf 82' lang='grc' dir='ltr'>πολλάκις</span> <span class='ocrx_word' id='word_1_832' title='bbox 2525 5589 2617 5643; x_wconf 70' lang='grc' dir='ltr'>καὶ</span> <span class='ocrx_word' id='word_1_833' title='bbox 2641 5589 2989 5658; x_wconf 77' lang='grc' dir='ltr'>ὀλιγωτέροις</span> <span class='ocrx_word' id='word_1_834' title='bbox 3013 5585 3132 5642; x_wconf 79' lang='grc' dir='ltr'>οὖσι</span> <span class='ocrx_word' id='word_1_835' title='bbox 3165 5589 3274 5643; x_wconf 83' lang='grc' dir='ltr'>τῶν</span> <span class='ocrx_word' id='word_1_836' title='bbox 3293 5591 3625 5664; x_wconf 73' lang='grc' dir='ltr'>ὁρισθέντων</span> <span class='ocrx_word' id='word_1_837' title='bbox 3660 5591 3815 5658; x_wconf 81' lang='grc' dir='ltr'>παρὰ</span> 
     </span>
    </p>
   </div>
   <div class='ocr_carea' id='block_1_118' title="bbox 2242 5682 3820 5753">
    <p class='ocr_par' dir='ltr' id='par_1_118' title="bbox 2242 5682 3820 5753">
     <span class='ocr_line' id='line_1_118' title="bbox 2242 5682 3820 5753; baseline -0.001 -17"><span class='ocrx_word' id='word_1_838' title='bbox 2242 5685 2349 5737; x_wconf 79' lang='grc' dir='ltr'>τῶν</span> <span class='ocrx_word' id='word_1_839' title='bbox 2396 5683 2673 5745; x_wconf 77' lang='grc' dir='ltr'>κανόνων,</span> <span class='ocrx_word' id='word_1_840' title='bbox 2725 5682 3026 5736; x_wconf 80' lang='grc' dir='ltr'>δικασθῶσί</span> <span class='ocrx_word' id='word_1_841' title='bbox 3093 5701 3258 5747; x_wconf 82' lang='grc' dir='ltr'>τινες.</span> <span class='ocrx_word' id='word_1_842' title='bbox 3316 5684 3630 5753; x_wconf 77' lang='grc' dir='ltr'>Τηνικκῦτα</span> <span class='ocrx_word' id='word_1_843' title='bbox 3705 5682 3820 5750; x_wconf 67' lang='grc' dir='ltr'>γὰρ</span> 
     </span>
    </p>
   </div>
   <div class='ocr_carea' id='block_1_119' title="bbox 2245 5773 3816 5846">
    <p class='ocr_par' dir='ltr' id='par_1_119' title="bbox 2245 5773 3816 5846">
     <span class='ocr_line' id='line_1_119' title="bbox 2245 5773 3816 5846; baseline 0.001 -16"><span class='ocrx_word' id='word_1_844' title='bbox 2245 5777 2366 5831; x_wconf 67' lang='grc' dir='ltr'>οὐδὲ</span> <span class='ocrx_word' id='word_1_845' title='bbox 2395 5775 2646 5846; x_wconf 70' lang='grc' dir='ltr'>ἐκκλήτῳ</span> <span class='ocrx_word' id='word_1_846' title='bbox 2671 5774 3030 5831; x_wconf 75' lang='grc' dir='ltr'>ύποκισεῖται</span> <span class='ocrx_word' id='word_1_847' title='bbox 3064 5780 3099 5846; x_wconf 77' lang='grc' dir='ltr'>ἡ</span> <span class='ocrx_word' id='word_1_848' title='bbox 3142 5778 3348 5834; x_wconf 83' lang='grc' dir='ltr'>τούτων</span> <span class='ocrx_word' id='word_1_849' title='bbox 3374 5773 3696 5839; x_wconf 79' lang='grc' dir='ltr'>’ἁπόφασις.</span> <span class='ocrx_word' id='word_1_850' title='bbox 3743 5775 3816 5837; x_wconf 79' lang='grc' dir='ltr'>ὥς</span> 
     </span>
    </p>
   </div>
  </div>
