4084 6202
475 341 549 402 75
1486 390 1489 391 ν
1734 325 2002 390 THEOD.
2043 324 2443 389 BALSAMON
3649 328 3724 394 76

475 467 636 526 posse
691 452 954 507 adversus
1002 447 1290 519 episcopos
1338 446 1443 515 agi,
1478 454 1534 497 et
1572 457 1665 497 eos
1694 444 1817 499 sisti
1865 456 2048 498 coram

2154 460 2284 513 κεφ.
2316 442 2415 501 τοῦ
2456 449 2509 495 α’
2564 442 2750 496 τίτλον
2780 440 2876 496 τοῦ
2920 438 3232 511 γυβιϐλίου,
3262 436 3372 496 κᾶν
3417 437 3724 512 διορίζηται

475 543 722 599 civilibus
744 541 1017 613 judicibus
1038 556 1052 591 :
1076 536 1182 594 hoc
1208 540 1407 601 tamen,
1435 544 1494 589 ut
1522 535 1653 590 milii
1680 535 1913 599 videtur,
1942 549 2049 589 non

476 635 706 704 quadrat
766 632 1046 687 canonica
1086 630 1365 688 doctrinm.
1402 628 1562 700 532
1604 628 1877 683 Debemus
1905 628 2049 683 enim

478 727 683 791 dicere,
720 735 850 780 tunc
876 725 1013 779 trahi
1044 724 1356 793 episcopum
1391 737 1492 791 pro
1520 736 1598 787 re,
1642 736 1763 790 quae
1793 721 2047 791 privatim

474 819 541 871 ad
578 820 751 887 ipsum
818 816 1057 887 pertinet
1094 831 1253 869 :Anon
1283 823 1460 868 autem
1496 826 1592 882 pro
1632 813 1928 881 quaestione
1949 827 2049 866 ec-

474 909 807 964 clesiastica.
860 906 940 959 Re
965 906 1109 960 enim
1138 903 1402 973 ejusmodi
1456 904 1760 975 proposita,
1811 902 2051 958 non-de-

477 1001 603 1054 bent
635 999 819 1052 civiles
843 996 1055 1067 judices
1090 996 1253 1049 ullam
1274 995 1392 1065 ejus
1424 996 1633 1050 habere
1659 995 2049 1063 cognitionem.

472 1088 589 1145 Jam
627 1104 753 1144 vero
794 1104 987 1158 magna
1029 1102 1243 1155 quoque
1299 1094 1384 1141 est
1431 1086 1550 1155 ejus
1594 1086 1924 1151 diﬂerentia,
1955 1090 2047 1156 qui

473 1201 571 1239 soa
598 1194 791 1253 sponte
832 1182 1257 1237 ecclesiasticum
1304 1178 1568 1249 judicium
1604 1188 1818 1233 recusat
1860 1189 1918 1233 et
1948 1194 2048 1232 επε-

475 1278 661 1331 eularc
682 1294 746 1329 ex
785 1274 1137 1342 imperatoris
1164 1272 1421 1328 mandato
1470 1270 1689 1339 quaerit,
1724 1278 1779 1325 et
1807 1269 1922 1335 ejus
1956 1269 2048 1338 qui

474 1372 627 1438 jussu
665 1366 1006 1436 imperatoris
1060 1364 1262 1418 invitus
1295 1372 1497 1418 tractus
1552 1372 1635 1417 est
1686 1364 1753 1417 ad
1792 1363 2051 1417 saeculare

472 1460 758 1528 judicium.
834 1454 976 1524 Lege
1044 1458 1207 1508 etiam
1284 1468 1407 1522 cap.
1468 1454 1487 1506 Ι
1560 1452 1713 1508 tit.9
1768 1455 2052 1521 praesentis

480 1551 683 1619 Operis,
721 1561 773 1601 et
806 1564 925 1616 qua:
958 1548 1150 1616 inipso
1175 1562 1203 1598 a
1246 1546 1646 1614 nobisscripta
1677 1554 1826 1599 sunt.
1864 1545 2053 1602 Petere

476 1652 657 1694 autem
690 1638 1029 1705 conjudicem
1053 1634 1269 1689 civilem
1304 1649 1399 1704 per
1420 1634 1731 1687 mandatum
1771 1631 2050 1702 imperiale

476 1741 710 1793 nonest,
759 1741 815 1783 ut
870 1729 999 1783 mihi
1042 1728 1279 1786 videtur,
1324 1725 1656 1795 prohibitum
1711 1732 1765 1777 et
1816 1724 2051 1780 maxime

2158 538 2300 607 μετά
2336 534 2631 607 βασιλικῆς
2656 534 2959 599 κελεύσεως
2991 534 3275 604 διάγεσθαι
3323 536 3415 589 καὶ
3449 535 3726 605 παρίστα-

2152 632 2280 684 σθαι
2326 630 2455 693 τοὺς
2490 629 2826 693 ἐπισκόπους
2858 628 3011 699 παρά
3066 628 3368 693 πολιτικοῖς
3404 628 3718 699 ’ἄρχουσιν,

2150 720 2287 777 ἀλλά
2311 722 2469 777 τοῦτο
2503 723 2563 777 ού
2606 722 2993 794 προσίσταται,
3028 722 3104 785 ὡς
3136 723 3262 791 ἐμοὶ
3317 720 3488 786 δοκεῖ,
3522 724 3588 790 τῇ
3624 734 3726 774 κα·

2150 818 2340 883 νονικῇ
2361 814 2705 884 διδασκαλίᾳ.
2746 813 3069 883 Ὀφείλομεν
3105 812 3217 881 γὰρ
3260 812 3438 865 είπεῖν
3483 811 3574 863 τὸν
3602 811 3722 866 snt.

2154 924 2361 960 σκοπον
2386 907 2694 976 τηνικαῦτα
2718 906 2978 960 ἕλκεσθαι
3017 905 3148 975 περὶ
3171 902 3501 973 πράγματος
3526 892 3722 965 teme;

2152 999 2303 1070 αύτῷ
2335 1000 2714 1070 διαφέροντος,
2745 1000 2805 1051 ού
2836 998 2943 1069 μὴν
2971 999 3100 1069 περὶ
3135 995 3593 1065 ἐκκλησιαστικοῦ
3623 995 3727 1063 ζη-

2150 1093 2397 1161 τήματος
2424 1108 2439 1123 ’
2469 1093 2720 1144 τοιούτου
2752 1092 2860 1161 γὰρ
2886 1092 3255 1158 προκειμένου
3287 1088 3431 1149 τινὸς
3462 1088 3725 1157 ἀμέτοχοι

2154 1179 2298 1239 εἶναι
2330 1184 2648 1253 ὀφείλουσιν
2684 1184 2731 1236 οί
2768 1182 3037 1236 πολιτικοὶ
3059 1180 3512 1243 δικασταί.·Τέως
3539 1180 3597 1233 δέ
3626 1180 3723 1231 καὶ

2156 1275 2369 1345 μεγάλη
2392 1276 2509 1328 ἐστὶ
2536 1276 2771 1346 διαφορά
2798 1273 2891 1328 τοῦ
2914 1273 3255 1341 αὐθαιρέτως
3280 1270 3724 1341 παραιτουμένου

2152 1367 2213 1418 τὸ
2258 1366 2712 1434 ἐκκλησιαστικὸν
2750 1365 3125 1436 δικαστήριον,
3170 1364 3262 1416 καὶ
3324 1361 3610 1433 ζητοῦντος
3644 1360 3725 1413 τὸ

2168 1454 2447 1508 πολιτικὸν
2495 1455 2846 1525 δικαστήριον
2892 1454 2979 1507 διὰ
3016 1454 3365 1523 προστάξεως
3414 1450 3723 1522 βασιλικῆς,

2156 1549 2251 1599 καὶ
2276 1547 2371 1601 τοῦ
2407 1548 2760 1610 ἑλκυσθέντος
2783 1546 3053 1607 ἀκουσίως
3102 1546 3243 1597 κατά
3275 1544 3521 1596 κέλευσιν
3574 1542 3728 1615 βασι-

2152 1640 2313 1710 λικὴν
2372 1642 2453 1704 εἰς
2502 1641 2771 1709 κοσμικδν
2829 1641 3200 1709 δικαστήριον.
3279 1634 3583 1703 ’Λνάγνωθι
3630 1633 3727 1687 καὶ

2154 1748 2283 1801 κεφ.
2323 1729 2372 1785 α’
2408 1732 2504 1786 τοῦ
2550 1734 2594 1787 θ’
2647 1732 2831 1787 τίτλου
2862 1731 2957 1785 τοῦ
3000 1730 3269 1802 παρόντος
3316 1729 3721 1797 συντάγματος,

477 1825 703 1897 quando
724 1833 991 1877 estcausa
1032 1818 1372 1890 pecuniaria,
1412 1832 1533 1884 quae
1586 1816 2048 1887 estsyuodallter

2157 1800 2254 1877 xui.
2282 1825 2350 1879 τὰ
2382 1828 2442 1879 ἐν
2472 1825 2623 1895 αύτῷ
2649 1825 2780 1896 παρ’
2816 1824 2976 1895 ἡμῶν
3024 1800 3409 1895 γεγραμμένα.
3438 1822 3511 1874 Τὸ
3538 1820 3725 1890 μέντοι

474 1918 727 1975 dicenda.
2147 1913 2397 1984 ζητῆσαι
2431 1915 2794 1986 συνδικαστὴν
2822 1915 3102 1970 πολιτικὸν
3124 1914 3215 1967 διὰ
3252 1913 3601 1983 προστάξεως
3633 1906 3756 1981 βα-’

474 2010 709 2078 σιλικῆς,
740 2006 817 2071 ὡς
846 2005 969 2075 ἐμοὶ
999 2004 1169 2069 δοκεῖ,
1194 2002 1295 2056 οὐκ
1336 2002 1455 2054 ἐστι
1487 1999 1892 2071 κεκωλυμένον,
1932 2002 2033 2057 καὶ
2068 2007 2277 2075 μᾶλλον
2299 2010 2429 2063 ὅταν
2456 2010 2780 2081 χρηματική
2801 2010 2951 2062 ἐστιν
2974 2042 2977 2045 -
3002 2009 3280 2073 ὑπόθεσις,
3322 2010 3384 2080 »ἡ
3458 2010 3728 2079 μέλλουσα

473 2101 777 2172 λαληθῆναι
814 2098 1133 2159 συνοδικῶς.

544 2190 973 2260 luterrogaverit
1014 2199 1197 2246 autem
1254 2187 1546 2258 quiSpiam,
1576 2187 1709 2240 Cum
1760 2187 1848 2243 lex
1876 2186 2043 2251 dicat,

2218 2185 2537 2258 τἘρωτήσει
2578 2188 2636 2242 δέ
2666 2206 2776 2255 τις,
2809 2189 2899 2251 Ὠς
2929 2186 3027 2241 τοῦ
3060 2187 3226 2256 νόμου
3281 2187 3533 2256 λέγοντος
3564 2190 3727 2243 ἐκπίο

473 2305 594 2344 eum
629 2289 697 2341 ab
746 2288 965 2340 actione
1000 2299 1095 2337 sua
1138 2281 1414 2345 excidere,
1452 2280 1543 2348 qui
1599 2293 1757 2333 suum
1790 2278 2048 2331 adversa-

2152 2283 2439 2348 πτειντῆς
2468 2281 2675 2344 οἰκείας
2711 2281 2999 2351 ὲναγωγῆς
3014 2280 3102 2334 τὸν
3136 2282 3216 2343 είς
3251 2281 3597 2351 ἀπρόσφορον
3640 2284 3726 2335 διο

476 2384 616 2435 rium
665 2378 728 2433 ad
782 2376 1055 2447 judicium
1106 2374 1480 2439 incompetens
1520 2371 1784 2434 traxerit,
1816 2369 1907 2437 qui
1958 2384 2048 2425 sa-

2153 2372 2453 2442 καστήριον
2481 2372 2790 2425 ἑλκύσαντα
2814 2373 2908 2424 τὸν
2924 2373 3062 2424 ίδιον
3085 2372 3378 2436 ἀντίδικον,
3398 2373 3499 2425 οὐκ
3524 2373 3721 2441 ἔμελλε

474 2485 682 2529 cratum
720 2471 786 2524 ad
822 2468 979 2524 civile
1021 2465 1284 2536 judicium
1320 2463 1547 2518 traxerit
1579 2502 1593 2527 ,
1646 2476 1824 2516 annon
1851 2478 1915 2515 ex
1948 2462 2048 2516 hoc

2156 2462 2255 2516 καὶ
2280 2466 2385 2533 πρὸ
2415 2462 2509 2515 τοῦ
2548 2464 2779 2527 κανόνος
2810 2464 3007 2517 τούτου
3038 2466 3065 2516 ὁ
3088 2464 3196 2517 τὸν
3231 2466 3534 2535 ἱερωμένον
3564 2465 3730 2517 ἑλκύ-

475 2578 682 2619 canone
738 2576 836 2616 suo
872 2560 995 2629 jure
1028 2558 1244 2613 excidet
1277 2556 1301 2608 ?
1342 2552 1570 2610 Salutio.
1617 2548 2040 2623 lucom‘petemis

2159 2574 2258 2618 σας
2290 2560 2369 2619 εἰς
2404 2556 2683 2609 πολιτικὸν
2713 2557 3066 2626 δικαστήριον
3099 2557 3356 2609 ἐκπεσεῖν
3382 2558 3477 2610 τοῦ
3507 2559 3727 2611 δικαίου

471 2656 675 2727 judicis
705 2653 1044 2726 praescriptio
1075 2650 1128 2704 in
1159 2648 1423 2718 principio
1466 2647 1654 2716 judicii
1687 2647 1865 2701 solum
1914 2661 2040 2715 pro.

2156 2648 2320 2701 αὐτοῦ
2346 2666 2360 2715 ;
2390 2642 2603 2715 Λύσις.
2637 2649 2701 2701 Ἦ
2728 2647 2820 2702 τοῦ
2848 2649 3199 2720 ἀπροσφόρου
3226 2651 3567 2721 παραγραφὴ
3585 2655 3727 2705 κατὰ

480 2748 725 2815 ponitur,
759 2760 862 2797 non
892 2751 1068 2796 autem
1099 2741 1263 2797 etiam
1288 2749 1499 2808 postea.
1524 2731 1690 2806 Finge
1715 2750 1869 2805 ergo,
1906 2737 2048 2804 quod

2152 2744 2454 2815 τὴνάρχὴν
2491 2742 2586 2795 τοῦ
2624 2743 2978 2813 δικαστηρίου
3023 2743 3343 2812 προτίθεται
3386 2745 3482 2796 καὶ
3525 2744 3717 2813 μόνον,

476 2853 537 2891 ea
570 2851 599 2889 a
641 2835 903 2904 principio
956 2845 1061 2886 non
1095 2840 1183 2888 est
1215 2829 1498 2901 proposita
1533 2843 1687 2885 areo
1721 2842 1737 2880 :
1780 2828 1867 2882 vel
1902 2843 2048 2897 pnu-

479 2927 656 2997 posita
686 2942 713 2979 a
748 2924 932 2994 judice
959 2924 1197 2978 admissa
1248 2937 1353 2975 non
1384 2930 1488 2976 est.
1525 2919 1596 2973 Et
1635 2928 1927 2989 propterea
1950 2922 2047 2973 de-

478 3019 735 3072 [inierunt
785 3011 971 3069 Patres
999 3055 1013 3077 ,
1070 3012 1240 3082 quod,
1275 3012 1489 3068 etiamsi
1523 3021 1679 3066 actor
1724 3005 1950 3075 vicerit,
1981 3024 2048 3064 eo

2154 2834 2215 2885 ού
2272 2832 2380 2903 μὴν
2442 2833 2537 2887 καὶ
2591 2834 2729 2903 μετά
2781 2832 2973 2886 ταῦτα.
3020 2832 3327 2903 Θεμάτισον
3371 2829 3486 2888 ιὀὖν
3525 2836 3607 2888 ὅτι
3655 2835 3723 2886 οὐ

2156 2923 2600 2992 πρωτέθηηαῦτη
2634 2922 2786 2993 παρὰ
2815 2923 2910 2976 τοῦ
2941 2923 3356 2994 ἐναγομένου,ἢ
3391 2924 3725 2994 προτεθεῖσα

2153 3013 2255 3072 ούκ
2285 3013 2664 3084 ὶδέχθηπαρὰ
2686 3014 2779 3066 τοῦ
2813 3014 3101 3068 δικαστοῦε
3122 3014 3234 3070 Καὶ
3266 3014 3359 3068 διὰ
3388 3016 3549 3068 τοῦτο
3584 3014 3725 3085 ὥρι-

475 3111 621 3181 quod
677 3108 1096 3175 incompetentis
1130 3105 1328 3173 judicis
1361 3104 1608 3173 exceptio
1641 3104 2048 3173 quomodocun-

2156 3127 2256 3163 σαν
2285 3112 2333 3163 oi
2377 3112 2620 3180 Πατέρες
2650 3110 2750 3175 ὡς,
2788 3110 2892 3163 κᾶν
2918 3111 3119 3181 νικήσῃ
3149 3112 3179 3163 ό
3204 3111 3514 3179 ἐναγαγὼν,
3549 3111 3636 3164 διὰ
3658 3110 3724 3163 τὸ

474 3217 577 3270 que
630 3200 878 3257 inefﬁcax
947 3196 1104 3251 fuerit
1150 3214 1163 3251 :
1227 3198 1309 3258 sic
1347 3210 1565 3265 quoque
1619 3197 1799 3250 tamen
1828 3201 2049 3263 propter

481 3295 739 3350 honorem
767 3291 1026 3346 Ecclesia
1054 3304 1239 3342 eorum
1271 3287 1498 3342 victoria
1536 3287 1669 3339 nihil
1693 3289 1740 3341 ei
1772 3287 2047 3355 proderit;

478 3388 572 3441 sed
603 3388 925 3455 deponetur,
948 3386 1015 3438 isi
1056 3396 1177 3436 eam
1212 3378 1465 3437 retineat.
1496 3377 1772 3433 Praeterea
1810 3378 2049 3432 interro-

477 3479 690 3549 gaverit
743 3477 1031 3546 quispiam,
1070 3490 1229 3545 quam
1292 3487 1505 3544 pinnam
1563 3472 1911 3526 sustinebunt
1964 3484 2055 3525 ec-

478 3566 779 3639 clesiastici
804 3564 1043 3633 iudices,
1082 3564 1125 3616 si
1154 3564 1388 3617 convicti
1426 3558 1647 3625 fuerint,
1678 3575 1745 3613 ex
1782 3561 1931 3623 odio,
1967 3559 2052 3615 vel

478 3656 785 3722 aﬂectione,
818 3656 902 3709 vel
943 3665 1166 3724 propter
1199 3657 1433 3724 gratiam
1486 3654 1812 3708 sententiam
1841 3653 2051 3719 tulisse,

476 3763 598 3802 cum
628 3759 803 3801 canon
865 3747 930 3803 de
979 3761 1045 3801 eo
1088 3746 1221 3800 nihil
1271 3745 1509 3813 jubeat?
1561 3744 1794 3799 Salutio.
1865 3742 2048 3798 Genus

474 3852 669 3903 poenae,
707 3835 808 3887 etsi
834 3849 899 3887 ex
934 3848 1145 3886 canone
1168 3819 1574 3903 nonappareat,
1608 3849 1673 3889 ex
1708 3832 1916 3899 legibus
1964 3835 2047 3885 ta-

477 3942 599 3982 men
649 3927 984 3980 declaratur.
1049 3924 1169 3977 Jam
1204 3925 1349 3979 enim
1386 3925 1452 3979 de
1492 3923 1679 3993 judice
1729 3925 2048 3978 muneribus

476 4028 730 4088 corrupto
760 4017 892 4072 dicit
921 4032 1041 4085 cap.
1071 4017 1127 4083 ὅ,
1154 4017 1247 4072 tit.
1285 4015 1374 4077 25.
1408 4016 1499 4069 lib.
1555 4031 1606 4071 ιτ
1634 4057 1649 4081 ,
1682 4014 2046 4083 Magistratus,

476 4112 567 4182 qui
607 4110 871 4181 pecunias
900 4110 1102 4179 accipit
1153 4107 1339 4178 adjus
1396 4107 1710 4173 dicendum,
1743 4107 1823 4161 vel
1856 4107 2045 4160 decer-

477 4208 739 4269 nendum,
770 4203 853 4263 vel
895 4206 960 4257 ad
996 4204 1119 4271 plus
1148 4203 1233 4257 vel
1285 4203 1460 4257 minus
1489 4216 1587 4256 suo
1631 4198 1812 4255 ofﬁcio
1838 4198 2047 4254 facien-

478 4301 641 4361 dum,
689 4307 743 4350 et
794 4297 1208 4365 magistratuum
1264 4309 1478 4364 quoque
1528 4306 1867 4360 assessores,
1908 4292 2048 4359 .lege

484 4398 761 4442 tenentur.
814 4386 879 4440 Et
929 4386 1105 4441 thema
1137 4387 1192 4451 5,
1230 4401 1350 4454 cap.
1385 4386 1453 4441 8:
1482 4384 1645 4440 Pinna
1687 4385 1820 4454 legis
1842 4392 1923 4439 est
1954 4398 2048 4441 ex-

2154 3203 2509 3274 ἀπρακτῆσαι
2550 3204 2907 3272 ὁπωσδήποτε
2935 3204 3036 3270 τὴν
3066 3202 3157 3256 τοῦ
3185 3205 3537 3275 ἀπροσφόρου
3570 3204 3724 3257 δικα-

2153 3294 2281 3348 στοῦ
2305 3298 2724 3365 παραγραφὴν,
2770 3294 2908 3349 ἀλλά
2946 3297 3040 3348 καὶ
3081 3296 3226 3349 οὕτω
3255 3296 3365 3349 -διά
3404 3296 3503 3365 τὴν
3556 3294 3723 3366 τιμὴν

2150 3385 2253 3454 τῆς
2289 3385 2620 3455 Ἐκκλησίας
2653 3387 2733 3449 εἰς
2763 3386 2919 3439 οὐδὲν
2944 3386 3097 3455 αὐτῷ
3129 3389 3163 3457 ἠ
3194 3388 3321 3457 νίκη
3352 3385 3719 3459 λυσιτελήσει·

2148 3478 2288 3532 ἀλλά
2314 3478 2804 3549 καθαιρεθήσεται,
2843 3480 3002 3549 ειπερ
3024 3478 3314 3550 ἀντέχεται
3338 3479 3564 3548 ταύτης.
3601 3476 3724 3533 Ἔτι

2154 3570 2424 3639 ἐρωτήσει
2455 3587 2563 3632 τις,
2602 3569 2763 3622 ποίαν
2796 3568 3005 3640 βλάϐην
3024 3572 3425 3641 ύποστήσονται
3450 3572 3499 3623 οἱ
3526 3571 3727 3642 ἐκκλη-

2152 3662 2429 3714 σιαστικοὶ
2456 3662 2736 3727 δικασταί,
2788 3662 3291 3734 εἴπερ-ἐλεγχθῶσι
3322 3665 3467 3718 κατά
3521 3664 3725 3735 ἔχθραν

2151 3751 2183 3823 ἦ
2215 3754 2360 3806 κατὰ
2392 3754 2775 3823 πρωπὰθειαν
2804 3755 2946 3825 ἦδιά
2966 3756 3127 3827 χάριν
3158 3757 3595 3827 ἀποφηνάμενοι,
3628 3758 3724 3810 τοῦ

2149 3846 2372 3909 κανόνος
2392 3846 2559 3917 μηδὲν
2582 3863 2648 3898 πε
2657 3847 2708 3915 pl.
2724 3846 2918 3900 τούτου
2930 3849 3448 3921 παρακελευομένου
3466 3868 3483 3919 ;
3506 3851 3691 3917 Λύσις
3704 3872 3723 3907 .'

2148 3937 2223 3991 Τὸ
2258 3933 2399 4000 εἶδος
2438 3936 2541 4008 τῆς
2610 3939 2837 4007 βλάϐης,
2898 3940 3003 3993 κᾶν
3036 3942 3146 3995 ἀπὸ
3209 3942 3307 3996 τοῦ
3364 3945 3590 4005 κανόνος
3621 3944 3726 3998 οὐκ

2148 4030 2540 4100 ἀναφαίνηται,
2566 4031 2704 4085 ἀλλὰ
2735 4033 2843 4085 ἀπὸ
2865 4034 2972 4086 τῶν
2999 4033 3181 4104 νόμων
3204 4033 3483 4105 δηλοῦται.
3512 4037 3725 4090 Αὐτίκα

2150 4123 2261 4193 γὰρ
2290 4122 2539 4193 περὶτοῦ
2565 4123 3034 4196 δωροδοκηθέντος
3076 4125 3337 4182 δικαποῦ
3374 4145 3507 4198 φησι
3546 4128 3609 4182 τὸ
3661 4130 3722 4198 γ’
3798 4152 3799 4155 η

2146 4232 2275 4283 κεφ.
2306 4214 2402 4267 τοῦ
2434 4211 2524 4284 μγ¹
2550 4214 2737 4267 τίτλου
2772 4216 2869 4270 τοῦ
2892 4215 2936 4284 ξ’
2976 4216 3187 4287 βιϐλίου
3211 4236 3228 4251 ·
3273 4218 3332 4272 '0
3371 4214 3556 4290 ἄρχων
3580 4222 3725 4293 λαμ-

2148 4304 2326 4357 ϐάνων
2358 4306 2619 4375 χρήματα
2658 4306 2752 4359 ἐπὶ
2777 4304 2855 4376 τῷ
2882 4308 3130 4373 δικάσαι,
3157 4310 3191 4379 ἢ
3222 4310 3591 4379 ψηφίσασθαι,
3626 4315 3724 4368 ἐπὶ

2149 4395 2227 4466 τῷ
2260 4397 2487 4465 ποιῆσαί
2520 4413 2571 4449 τι
2628 4395 2793 4452 πλέον
2831 4398 2862 4468 ἢ
2906 4394 3076 4470 ἧττον
3121 4402 3218 4455 τοῦ
3270 4403 3403 4456 ίδίου
3436 4405 3726 4472 όφφικίου,

479 4481 866 4543 traordioaria,
898 4492 948 4534 et
1008 4489 1065 4533 ut
1107 4480 1393 4548 plurimum
1442 4479 1637 4533 exsilio
1674 4481 2042 4539 condemnat,

2158 4488 2253 4540 καὶ
2281 4489 2333 4540 οἱ
2362 4487 2612 4559 σύνεδροι
2630 4488 2749 4544 τῶν
2781 4492 3067 4561 ἀρχόντων
3098 4494 3421 4551 ὑπόκεινται
3446 4497 3523 4566 τῷ
3551 4496 3727 4567 νόμῳ.

478 4588 871 4642 nonnunquam
930 4573 1095 4631 etiam
1142 4570 1381 4640 gravius.
1418 4570 1486 4625 Et
1532 4571 1711 4625 thema
1732 4569 1788 4633 2,
1823 4584 1943 4638 cap.
1970 4568 2049 4629 9:

2157 4583 2269 4635 Καὶ
2295 4584 2355 4634 τὸ
2381 4579 2428 4648 γ’
2467 4582 2610 4652 θέμα
2636 4583 2731 4637 τοῦ
2756 4584 2809 4655 η’
2850 4603 2980 4655 κεφ.
3014 4586 3115 4657 (⁸11
3139 4588 3300 4657 ποινὴ
3326 4588 3420 4641 τοῦ
3445 4594 3608 4660 νόμου
3630 4592 3726 4643 ἐκ-

477 4667 577 4733 Qui
643 4670 747 4722 hac
810 4666 924 4736 lege
977 4669 1394 4730 condemnatur,
1443 4678 1543 4719 nec
1603 4668 1781 4731 potest
1840 4663 2048 4733 publice

2156 4674 2586 4743 στραορδιναρία
2613 4676 2761 4740 ἐστὶ,
2792 4678 2886 4731 καὶ
2908 4678 3119 4732 ἐπίπαν
3146 4682 3225 4743 εἰς
3262 4680 3482 4751 ἐξορίαν
3505 4684 3725 4737 καταδι-

479 4760 854 4813 restinionium
907 4758 1113 4821 dicere,
1159 4772 1259 4812 nec
1306 4758 1468 4825 judex
1502 4772 1661 4818 esse,
1719 4771 1821 4810 nec
1861 4770 2053 4811 causas

476 4863 657 4917 agere.
717 4849 858 4916 Lege
906 4860 957 4902 et
994 4850 1169 4903 thema
1207 4848 1263 4912 2,
1322 4863 1447 4919 cap.
1511 4850 1576 4913 6,
1607 4850 1690 4902 tit.
1742 4847 1919 4907 ιλιι).
1950 4863 2044 4915 hx,

475 4942 617 5009 quod
655 4942 871 5009 quidem
905 4951 990 4994 est
1031 4956 1153 5009 pars
1190 4939 1291 4994 124
1332 4938 1629 4999 Justiniani
1668 4940 1904 5003 novellae,
1933 4955 2052 5008 quae

474 5036 557 5087 sic
580 5032 751 5086 dicit:
788 5028 844 5085 Si
880 5031 1000 5101 quis
1032 5043 1209 5086 autem
1247 5046 1458 5095 eorum,
1491 5034 1579 5102 qui
1631 5032 1863 5101 litigant,
1892 5033 2051 5084 dixe-

477 5126 545 5177 rit
579 5138 639 5177 se
676 5124 879 5193 aliquid
904 5123 1138 5187 dedisse,
1169 5125 1252 5178 vel
1307 5140 1430 5179 esse
1490 5123 1813 5194 pollicitum,
1843 5134 1901 5177 et
1928 5139 2049 5193 per-

476 5232 666 5270 sonam
696 5216 1083 5283 nominaverit,
1112 5226 1167 5273 et
1208 5216 1309 5271 hoc
1338 5218 1669 5285 probaverit,
1697 5217 1810 5282 ipse
1830 5219 2047 5284 quidem

477 5308 529 5362 in
587 5310 695 5365 litis
747 5312 894 5364 exitu
934 5310 1087 5363 venia
1134 5310 1343 5378 dignus
1376 5310 1664 5364 habeatur.
1708 5307 1808 5372 Qui
1866 5300 2046 5365 autem

477 5401 677 5456 donum
708 5402 788 5457 vel
845 5404 1174 5472 promissum
1217 5402 1510 5457 admisisse
1556 5401 1834 5455 convictus
1860 5398 2046 5463 fuerit,

477 5498 521 5549 si
557 5497 871 5563 sitquidem
928 5497 1089 5551 causa
1148 5496 1482 5563 pecuniaria,
1525 5494 1667 5562 quod
1718 5494 1907 5547 datum
1940 5502 2045 5556 est,

480 5588 723 5656 triplum,
762 5589 906 5657 quod
948 5605 1078 5642 vero
1108 5588 1459 5658 promissum,
1504 5586 1723 5655 duplum
1786 5600 1815 5637 a
1846 5585 2046 5639 comite

480 5681 811 5749 privatarum
868 5691 1183 5733 nOStrarum
1242 5678 1555 5731 facultatum
1587 5677 1853 5746 exigatur,
1881 5680 1937 5728 et
1963 5676 2046 5728 di-

476 5773 733 5841 gnitatem
760 5788 853 5828 seu
885 5774 1280 5841 magistratum,
1319 5788 1475 5841 quem
1511 5771 1694 5841 habet,
1737 5771 1787 5824 in
1817 5779 2044 5839 utroque

2152 4763 2333 4829 διάξει,
2365 4765 2480 4820 ἐσθ’
2527 4765 2619 4819 ὅτε
2652 4767 2710 4820 δὲ
2739 4770 2838 4823 καὶ
2877 4769 3261 4842 σφοδρότερον.
3283 4775 3394 4827 Καὶ
3420 4775 3481 4827 τὸ
3514 4775 3556 4843 β’
3582 4776 3726 4846 θέμα

2158 4857 2256 4912 τοῦ
2303 4856 2537 4927 θ’ῖκεφ.)
2582 4857 2761 4931 Ὀοτῷ
2811 4861 2961 4931 νόμῳ
3016 4863 3193 4936 τούτῳ
3227 4866 3727 4937 καταδικαζόμενος

2153 4948 2278 5002 οὔτε
2322 4956 2629 5023 μαρτυρεῖν
2685 4953 2925 5025 δημοσίᾳ
2974 4955 3225 5025 δύναται,
3275 4958 3400 5013 οὔτε
3454 4960 3723 5026 δικάζειν,

2157 5038 2281 5091 οὔτε
2313 5044 2656 5110 συνηγορεῖν.
2715 5044 3018 5110 Ἀνάγνωθι
3065 5050 3161 5100 καὶ
3188 5048 3251 5101 τὸ
3292 5049 3509 5120 β’θέμα
3535 5050 3630 5106 τοῦ
3670 5060 3723 5117 ς’

2154 5148 2279 5199 κεφ.
2314 5130 2409 5183 τοῦ
2444 5133 2485 5184 δ’
2510 5133 2693 5186 τίτλου
2720 5135 2811 5187 τοῦ
2856 5135 2895 5200 ξ’
2945 5137 3178 5207 βιϐλίου,
3226 5142 3365 5212 ὅπερ
3394 5144 3513 5196 ἐστὶ
3557 5145 3724 5215 μέρος

2150 5222 2250 5289 τῆς
2286 5220 2400 5289 ρκδ¹
2439 5222 2875 5278 Ἰουστινιανείου
2923 5229 3148 5297 νεαρᾶς,
3204 5228 3381 5296 λέγων
3408 5232 3581 5297 οὓτως
3608 5249 3622 5263 ⁸
3658 5236 3721 5287 Εί

2149 5312 2205 5363 δέ
2236 5328 2319 5373 τις
2351 5311 2415 5363 ἐκ
2472 5315 2583 5364 τῶν
2639 5314 3014 5385 δικαζομένων
3066 5319 3215 5369 είποι
3262 5318 3552 5375 δεδωκέναι
3597 5340 3650 5375 τι
3686 5326 3719 5395 ἦ

2151 5403 2507 5473 ὑποσχέσθαι,
2564 5406 2659 5458 καὶ
2701 5406 2762 5457 τὸ
2810 5406 3110 5476 πρόσωπον
3152 5408 3368 5483 ἐξείπῃ,
3411 5414 3524 5467 καὶ
3562 5414 3723 5467 τοῦτο

2151 5495 2449 5561 ἀποδείξει,
2478 5497 2643 5560 αὐτὸς
2668 5499 2767 5567 μὲν
2793 5499 2890 5553 ἐπὶ
2910 5502 2979 5570 τῇ
3020 5500 3119 5567 τῆς
3148 5500 3305 5570 δίκης
3333 5502 3558 5557 ἐκϐάσει
3588 5521 3721 5573 συγο

2149 5587 2374 5656 γνώμης
2405 5589 2713 5654 ἀξιούσθω·
2738 5593 2768 5642 ὁ
2794 5591 2849 5643 δέ
2887 5591 3036 5645 δόσιν
3077 5594 3109 5663 ἢ
3148 5595 3442 5664 ὑπόσχεσιν
3490 5597 3722 5650 καταδέ-

2151 5680 2342 5744 ξασθαι
2370 5680 2740 5751 δεικνύμενος,
2760 5685 2807 5735 εἰ
2832 5684 2933 5752 μὲν
2950 5687 3267 5757 χρηματικῇ
3281 5685 3368 5754 εἴη
3392 5688 3426 5757 ἡ
3444 5687 3722 5755 ὑπόθεσις,

2148 5772 2207 5823 τὸ
2239 5770 2336 5840 μὲν
2365 5771 2650 5842 δεδομένον
2680 5775 2963 5846 τριπλοῦν,
2990 5779 3047 5829 τὸ
3074 5777 3130 5829 δὲ
3163 5778 3467 5849 ὑποσχεοὲν
3496 5778 3722 5834 διπλοῦν
