4084 6202
449 356 520 418 79
1707 344 1986 406 THEOD.
2036 338 2437 401 BALSAMON
3638 331 3710 396 80

455 473 538 519 est
563 471 715 518 extra
750 458 1094 530 iudiciariam
1123 456 1597 529 consequentiam,
1622 457 1779 511 venia
1805 457 2025 510 dabitur

2148 451 2457 515 inlunem;
2490 446 2727 519 ἔξωθεν,
2766 448 3251 520 συγγνωσθήσιται
3277 448 3366 504 διά
3407 448 3512 519 τὴν
3545 450 3711 503 ἀπει-

458 564 676 624 propter
733 552 1063 623 imperitiam
1120 592 1135 618 ,
1188 551 1386 622 utqui
1443 565 1542 604 nec
1594 548 1834 620 perfecte
1883 549 2028 618 leges

2148 544 2277 609 ιίαν,
2330 543 2407 609 ὡς
2448 543 2587 615 μηδὲ
2635 542 2872 611 ὀφείλων
2923 541 3126 596 ειδέναι
3180 542 3382 612 νόμους
3434 540 3707 612 ἀκριϐῶς.

455 644 597 700 scire
647 644 858 699 debeat.
908 643 1033 699 Haec
1081 652 1260 698 autem
1294 642 1758 706 observabuntur,
1809 640 2028 712 quando

2148 637 2318 693 ταῦτα
2339 637 2395 691 δὲ
2416 639 2810 709 κρατήσουσιν,
2830 638 2959 690 ὃταν
2989 635 3411 706 ὲγκληματικὴν
3443 635 3712 688 ὑπόθεσιν

455 736 793 790 criminalem
817 751 1037 792 causam
1065 735 1393 807 jndicaverit
1426 735 1736 804 episcopus,
1761 736 1842 788 vel
1867 734 2027 789 aliam

2148 731 2328 802 ἰικάσῃ
2387 732 2712 794 ἐπίσκοπος,
2774 729 2943 800 ἀλλην
2975 729 3447 799 ὲκκλησιαστικὴν
3474 729 3707 798 ζήτησιν

455 828 887 883 ecclesiasticam
940 828 1338 899 quaestionem,
1384 841 1508 898 qua
1558 827 1765 881 inducit
1811 828 2031 897 deposi-

460 920 686 974 tionem.
722 920 779 973 bi
805 919 950 974 enim
980 919 1354 990 pecuniariam
1382 926 1581 973 contra
1631 917 1778 987 leges
1817 926 2034 973 senten-

461 1012 588 1063 tiam
624 1011 916 1080 protulerit
946 1024 1042 1080 per
1089 1010 1442 1079 imperitiam,
1476 1011 1528 1064 id
1565 1009 1616 1063 ei
1665 1009 2030 1077 prtejudicium

460 1118 566 1156 non
600 1102 812 1158 aﬂ‘eret.
846 1102 1117 1158 Praeterea
1166 1101 1528 1170 interrogabit
1579 1103 1872 1172 quispiam,
1907 1117 2032 1158 cum

461 1209 637 1248 canon
672 1195 952 1263 permittat
998 1195 1174 1250 sacris
1222 1193 1465 1247 initiatos
1508 1192 1721 1262 judices
1765 1194 2034 1249 electitios

461 1290 683 1353 eligere,
715 1287 865 1341 eisne
897 1286 1082 1340 licebit
1119 1285 1307 1340 civiles
1334 1282 1580 1354 eligere?
1630 1281 1864 1339 Salutio.
1899 1285 2034 1351 Quia

461 1379 653 1431 statuit
679 1393 878 1445 canon,
915 1388 975 1431 ιιι
1006 1377 1306 1432 electorum
1332 1376 1578 1446 judicum
1609 1377 2035 1432 valeat-senten-

462 1473 556 1534 tia,
612 1485 712 1525 nec
762 1470 1110 1541 appellationi
1163 1470 1239 1525 sit
1272 1468 1533 1534 obnoxia,
1567 1467 1781 1522 etiamsi
1840 1468 1875 1522 ii
1923 1468 2038 1524 sint

462 1565 744 1631 pauciores
795 1579 959 1633 quam
1013 1563 1339 1628 duodecim,
1379 1574 1543 1632 quam
1599 1575 1718 1627 sex,
1764 1571 1827 1615 et
1873 1575 2036 1629 quam

465 1667 594 1720 tres,
627 1656 910 1710 evidenter
929 1666 1152 1725 apparet
1178 1653 1422 1708 civilium
1449 1652 1694 1724 judicum
1717 1652 2037 1709 electionem

467 1765 572 1801 non
607 1749 822 1823 admitti
854 1763 885 1802 a
915 1747 1236 1802 canonibus.
1285 1746 1459 1812 Unde,
1518 1755 1576 1800 ut
1628 1746 1760 1801 mihi
1805 1747 2036 1814 videtur,

464 1843 758 1892 St‘ClllltiUlll
793 1850 1119 1910 praesentem
1169 1853 1436 1893 canonent
1472 1840 1770 1907 punientur
1813 1842 2034 1904 sacrati,

463 1932 553 1998 qui
585 1947 612 1982 a
646 1930 896 1985 civilibus
919 1929 1195 1999 judicibus
1223 1928 1459 1999 judicari
1487 1930 1776 2000 elegerint.
1814 1929 2046 1987 Videtur

463 2032 647 2076 autem
700 2037 765 2076 ex
818 2022 1005 2077 verbis
1027 2020 1279 2086 canonis,
1315 2037 1439 2092 quae
1474 2021 1665 2076 dicunt
1701 2024 1902 2091 deponi
1956 2039 2046 2078 sa-

466 2122 673 2176 cratos,
713 2113 805 2181 qtti
854 2112 1192 2183 litigaverint
1244 2111 1296 2165 in
1355 2111 1476 2166 foro
1525 2112 1672 2167 civili
1731 2129 1829 2183 pro
1880 2130 2045 2170 causa

467 2205 776 2273 pecuniaria
809 2246 824 2268 ,
856 2212 909 2256 ct
955 2204 1209 2270 vicerint,
1255 2206 1356 2262 nisi
1403 2222 1433 2260 ιι
1490 2223 1584 2261 sua
1629 2211 1892 2263 sententia
1947 2209 2046 2264 de-

469 2299 688 2363 sistant,
723 2296 1156 2366 quodjutliciunt
1193 2285 1412 2369 quidem
1461 2299 1667 2354 factum
1717 2304 1785 2354 ab
1838 2303 2046 2355 incont-

468 2389 668 2456 petenti
694 2388 901 2456 judice,
936 2404 998 2441 ex
1038 2390 1316 2445 voluntate
1345 2391 1464 2458 ejus
1494 2394 1586 2461 qui
1631 2402 1716 2447 est
1769 2404 2044 2460 sacratus,

470 2478 761 2532 tenendum
804 2489 890 2533 est
937 2491 993 2534 et
1049 2496 1154 2535 non
1199 2481 1660 2537 labefactandum.
1719 2484 2045 2550 Quiautent

467 2568 902 2623 ecclesiasticum
938 2572 1207 2627 recusavit
1233 2571 1496 2640 judicium
1531 2584 1588 2629 et
1638 2575 1740 2629 fori
1793 2581 2038 2647 prtescri-

469 2662 652 2730 ptione
686 2675 791 2714 non
822 2669 905 2714 est
941 2678 1096 2726 usus,
1133 2674 1378 2719 sacratus
1404 2667 1678 2734 punietur,
1713 2679 1770 2721 ut
1795 2672 2048 2737 superius

469 2755 669 2808 dictum
721 2765 824 2808 est.
861 2754 1141 2811 Electitius
1172 2771 1352 2812 autent
1392 2760 1598 2828 judices
1626 2762 1715 2816 ltic
1755 2779 1822 2817 ne
1848 2763 2048 2818 dixeris

468 2845 771 2914 cujusntodi
808 2848 898 2901 tit.
931 2847 965 2900 2
1003 2849 1125 2902 libri
1178 2865 1256 2905 vit
1310 2851 1465 2914 dicit,
1515 2853 1609 2923 qui
1662 2854 1873 2908 scilicet
1923 2872 2046 2910 cum

472 2953 646 3006 [mnta
735 2941 1085 3011 stipulatione
1148 2943 1440 3013 jttdicant,
1494 2948 1586 3000 sed
1653 2947 2050 3003 ecclesiasticos

472 3033 804 3088 crdinarios.
843 3033 924 3089 Illi
950 3035 1246 3089 enimnon
1276 3045 1503 3105 possunt
1540 3053 1758 3091 causam
1786 3039 2052 3094 crimina-

477 3142 576 3179 .em
628 3127 876 3197 judicare
909 3145 922 3182 :
959 3127 1010 3181 Ιιί
1075 3141 1225 3191 vero,
1289 3139 1350 3182 ut
1397 3143 1464 3182 ex
1519 3131 1776 3199 praesenti
1840 3147 2118 3222 canonec

473 3219 800 3282 (hiendillﬂ',
837 3232 1054 3271 omnem
1082 3232 1300 3272 causam
1329 3217 1598 3288 judicant.
1625 3218 1702 3274 De
1721 3223 2048 3289 spectaculis

469 3317 672 3374 autem,
703 3317 761 3364 et
781 3308 1050 3380 equorum
1084 3309 1398 3376 curriculis,
1441 3318 1499 3367 et
1540 3313 1954 3378 venationibus,
1989 3324 2045 3370 et

470 3401 711 3456 scenicis
735 3402 1154 3466 saltationibus,
1187 3401 1325 3457 satis
1359 3403 1599 3457 diximus
1649 3403 1702 3458 in
1734 3419 1946 3461 canone
1974 3405 2046 3461 24

469 3493 662 3567 synodi
713 3495 763 3549 itt
814 3493 1120 3560 Trullo,-et
1164 3495 1218 3549 in
1280 3493 1345 3550 51
1404 3496 1498 3551 ubi
1541 3495 1706 3552 etiam
1742 3498 2047 3568 praesentis

471 3587 699 3641 canonis
729 3585 1130 3645 meminimus:
1183 3585 1406 3657 ett-lege
1456 3602 1573 3642 eos.
1631 3587 1826 3655 Quaere
1875 3589 2043 3644 etiam

470 3689 779 3734 sanctorum
801 3678 1178 3748 apostolorum
1225 3691 1506 3734 .canonem
1559 3679 1649 3743 74,
1695 3681 1884 3751 synodi
1933 3684 2048 3736 An-

477 3771 743 3825 tiochense
775 3784 1017 3823 canones
1047 3768 1116 3823 ιι
1146 3778 1198 3823 et
1225 3765 1314 3834 15,
1362 3769 1552 3839 synodi
1581 3770 2049 3827 Chalcedonensis

473 3877 711 3918 canones
749 3861 835 3924 10,
873 3861 963 3925 l7,
1013 3861 1202 3931 synodi
1233 3860 1574 3915 Sardicensis
1604 3876 1847 3916 canones
1886 3864 1946 3929 5,
1987 3865 2046 3930 5,

475 3959 565 4022 M,
606 3970 655 4010 et
689 3955 847 4022 hujus
875 3969 1111 4010 canones
1149 3953 1239 4015 28,
1292 3952 1396 4007 120
1437 3964 1491 4008 et
1524 3953 1648 4008 12L
1680 3954 1831 4020 Quod
1866 3965 2044 4010 autem

473 4051 682 4121 possint
711 4049 911 4103 sacrati
947 4048 1263 4102 renuntiare
1288 4048 1680 4115 prwscriptioni
1707 4048 1829 4115 fori,
1862 4064 2044 4120 qurere

470 4159 589 4210 cap.
623 4145 655 4197 9
687 4144 772 4195 tit.
804 4141 837 4192 3
869 4141 960 4195 lib.
987 4155 1042 4193 Ill
1073 4139 1450 4192 Basilicarum.

2132 824 2448 892 ἐπάγουσαν
2478 823 2822 894 καθαίρεσιν.
2870 823 2933 876 Εἰ
2978 823 3089 892 γὰρ
3134 820 3492 892 χρηματικήν
3527 837 3709 892 παρα-

2133 917 2320 987 νόμως
2351 915 2619 988 ἐξενέγκῃ
2651 917 2932 984 ἀπόφασιν
2961 913 3022 978 ἐξ
3045 915 3329 984 ἀπειρίας,
3377 913 3456 975 οὐ,
3476 929 3712 984 προκρι·

2138 1010 2562 1083 ματισθήσεται.
2590 1010 2713 1064 Ἔτι
2768 1009 3041 1081 ἐρωτήσει
3094 1023 3201 1072 τις,
3255 1005 3331 1069 ὡς
3359 1006 3452 1059 τοῦ
3481 1001 3711 1066 κανόνος

2135 1102 2431 1166 ἐνδιδόντος
2487 1104 2602 1167 τοῖς
2658 1103 2978 1174 ίερωμένοις
3036 1099 3391 1168 ἐπιλέγεσθαι
3446 1097 3713 1161 δικαστὰς

2136 1197 2412 1266 αἱρετοὺς.
2445 1195 2667 1263 ἐξέσται
2699 1195 2886 1258 αὐτοῖς
2942 1193 3302 1262 ἐπιλέγεσθαι
3352 1189 3711 1256 πολιτικούςς

2138 1289 2352 1351 Λύσις.
2389 1284 2541 1339 Ἐπεὶ
2569 1287 2600 1339 ό
2624 1283 2803 1339 κανὼν
2826 1283 3124 1356 διορίζεται
3153 1285 3378 1353 κρατεῖν
3403 1281 3503 1352 τὴν
3529 1281 3713 1352 ψῆφον

2135 1377 2250 1431 τῶν
2301 1376 2600 1449 αἱρετικῶν
2649 1376 2947 1440 δικαστῶν,
2993 1375 3091 1429 καλΙ
3137 1375 3213 1447 μὴ
3249 1375 3575 1429 ὑποκεῖσθαι
3610 1375 3713 1428 ὲκ-

2141 1471 2346 1542 κλὴτῳ,
2382 1469 2489 1524 κᾶν
2515 1470 2741 1542 ἥττονες
2772 1463 2910 1524 ὦσιν
2938 1461 3089 1522 οὗτοι
3120 1469 3228 1521 τῶν
3253 1467 3490 1533 δώδεκα,
3519 1467 3627 1521 τῶν
3653 1465 3716 1533 ἒξ

2140 1563 2239 1615 καὶ
2266 1561 2375 1616 τῶν
2401 1561 2592 1632 τριῶν,
2637 1561 2893 1630 φαίνεται
2938 1559 3189 1631 ἐναργῶς
3222 1560 3543 1614 ἀνένδεκτόν
3573 1555 3715 1612 εἴναι

2139 1657 2253 1716 τοῖς
2285 1652 2478 1708 κανόσι
2507 1655 2608 1725 τὴν
2633 1653 2897 1725 ἐπιλογὴν
2941 1653 3052 1706 τῶν
3084 1653 3380 1706 πολιτικῶν
3417 1653 3714 1707 δικαστῶν.

2147 1745 2336 1811 Ὅθεν,
2399 1748 2476 1810 ὡς
2530 1744 2655 1819 ἐμοὶ
2699 1745 2872 1810 δοκεῖ,
2935 1743 3370 1814 κολασθήσονται
3421 1743 3566 1798 κατά
3621 1743 3718 1796 τὸν

2145 1838 2394 1907 παρόντα
2427 1836 2634 1891 κανόνα
2668 1839 2719 1888 οἱ
2755 1835 2911 1906 παρά
2936 1835 3239 1898 πολιτικοῖς
3288 1834 3575 1897 δικασταῖς
3632 1834 3722 1887 αι-

2149 1928 2498 1999 ρετισάμενοι
2553 1927 2885 1997 δικασθῆναι
2931 1925 3456 1998 ίερωμένοιοξέοικε
3502 1925 3559 1979 δὲ
3610 1925 3722 1979 ἀπὸ

2146 2023 2258 2075 τῶν
2283 2021 2550 2094 ῥημάτων
2577 2019 2672 2075 τοῦ
2698 2023 2944 2085 κανόνος,
2997 2017 3108 2073 τῶν
3135 2004 3408 2088 λεγόντων
3434 2019 3723 2097 καθαιρεῖ-

2149 2117 2274 2170 σθαι
2299 2118 2426 2180 τοὺς
2456 2117 2785 2187 ίερωμένους
2831 2114 3237 2186 δικασαμένους
3270 2114 3424 2184 παρὰ
3449 2110 3718 2181 πολιτικῷ

2146 2207 2486 2279 δικαστηρίῳ
2514 2209 2680 2279 χάριν
2709 2206 3063 2278 χρηματικῆς
3090 2205 3407 2272 αῑτιάσεως,
3438 2205 3534 2259 καὶ
3567 2204 3723 2276 νική-

2149 2317 2372 2368 σαντας,
2405 2301 2500 2352 ὲάν
2528 2300 2606 2372 μὴ
2637 2299 2918 2353 ἀποστῶσι
2962 2299 3061 2368 τῆς
3089 2298 3233 2368 ὑπὲρ
3267 2299 3452 2353 αὐτῶν
3500 2298 3720 2366 ἀποφά-

2151 2408 2310 2458 σεως,
2336 2392 2412 2455 ὡς
2439 2393 2473 2464 ή
2509 2393 2608 2462 μὲν
2637 2393 2908 2462 γενομένη
2931 2391 3116 2460 κρίσις
3161 2392 3315 2460 παρὰ
3358 2391 3714 2461 ἀπροσφόρου

2147 2483 2404 2537 δικαστοῦ
2461 2485 2606 2539 κατὰ
2657 2483 2879 2553 θέλησιν
2929 2483 3024 2535 τοῦ
3080 2482 3382 2554 ἱερωμένου
3445 2480 3721 2552 στερκτέα

2149 2578 2305 2632 ἔσται
2361 2577 2457 2630 καὶ
2504 2578 2943 2639 άκατάσειστος·
3002 2575 3119 2629 est
3146 2575 3206 2627 τὸ
3259 2572 3718 2637 ἐκκλησιαστικὸν

2151 2670 2640 2740 παραιτησάμενος
2665 2669 3021 2737 δικαστήριον
3047 2669 3139 2720 καὶ
3179 2665 3254 2737 μὴ
3276 2667 3626 2735 χρησάμενος
3652 2669 3720 2735 τῇ

2147 2762 2241 2812 τοῦ
2294 2763 2462 2832 φόρου
2517 2762 2864 2831 παραγραφῇ
2930 2759 3232 2829 ἱερωμένος
3292 2759 3722 2826 κολασθήσεται,

2147 2852 2333 2916 καθὼς
2389 2853 2597 2906 ἀνωθεν
2655 2853 2894 2924 εἴρηται.
2927 2852 3192 2922 Αἱρετοὺς
3231 2852 3286 2905 δὲ
3336 2852 3599 2915 δικαστὰς
3633 2854 3723 2904 ὲν-

2148 2946 2323 2999 ταῦθα
2350 2949 2426 3017 μὴ
2457 2947 2618 3016 εῖπῃς
2644 2947 2791 3009 οἴους
2820 2947 2847 2997 ό
2874 2943 2918 3014 β’
2941 2947 3082 3000 τίτλ.
3106 2946 3202 2998 τοῦ
3229 2943 3276 3010 ζ’
3305 2945 3513 3016 βιϐλίου
3564 2934 3735 3014 φησι,

2155 3034 2293 3106 μετά
2342 3039 2743 3105 ἐπερωτήσεως
2796 3033 3046 3106 δηλονότι
3110 3033 3303 3103 ποινῆς
3353 3031 3719 3096 δικάζοντας·

2149 3128 2288 3182 ἀλλὰ
2320 3128 2814 3198 ἐκκλησιαστικοὺς
2867 3127 3197 3196 ὲνορδίνους.
3237 3127 3468 3179 Ἐκεῖνοι
3496 3128 3603 3195 γὰρ
3631 3119 3738 3194 έγέ

2152 3222 2507 3293 κληματικὴν
2544 3219 2809 3274 ὑπόθεσιν
2837 3220 2896 3272 οὐ
2953 3219 3213 3272 δύνανται
3268 3216 3543 3281 δικάζειν·
3575 3211 3742 3270 οὗτοι

2150 3315 2229 3380 δὲ,
2259 3315 2333 3379 ὡς
2355 3313 2464 3369 ἀπὸ
2491 3313 2587 3368 τοῦ
2620 3313 2886 3385 παρόντος
2915 3313 3141 3375 κανόνος
3165 3311 3520 3382 παρίσταται,
3539 3311 3726 3364 πᾶσαν

2152 3405 2412 3462 ὑπόθεσιν
2472 3405 2744 3477 κρίνουσι.
2795 3405 2938 3476 Περὶ
2973 3405 3162 3475 μέντοι
3195 3403 3309 3457 τῶν
3339 3403 3589 3474 θεωρίων
3623 3404 3725 3456 καὶ

2151 3499 2262 3552 τῶν
2300 3498 2674 3568 ίπποδρομίων
2701 3499 2797 3551 καὶ
2829 3498 2941 3551 τῶν
2988 3497 3338 3566 κυνηγεσίων
3371 3497 3594 3550 καὶτῶν
3628 3497 3728 3551 ἐπὶ

2154 3593 2383 3660 σκηναῖς
2409 3591 2693 3661 ὀρχήσεων
2739 3589 2946 3654 ἱκανῶς
2987 3589 3312 3660 ἐγράψαμεν
3337 3591 3396 3643 ἐν
3425 3588 3508 3661 τῷ
3533 3588 3610 3643 κδ’
3620 3607 3696 3644 κα
3708 3588 3750 3631 σθ

2154 3683 2268 3736 νόνι
2291 3683 2392 3753 τῆς
2415 3685 2477 3736 ὲν
2506 3681 2585 3752 τῷ
2616 3680 2876 3753 Τρούλλῳ
2917 3681 3166 3744 συνόδου,
3199 3682 3298 3735 καὶ
3349 3680 3428 3752 τῷ
3455 3678 3557 3746 να’,
3587 3682 3727 3734 ὅπου

2152 3775 2250 3827 καὶ
2299 3774 2394 3828 τοῦ
2440 3774 2713 3842 παρόντος
2745 3773 2975 3836 κανόνος
3033 3773 3396 3843 ἐμνήσθημεν
3420 3789 3434 3804 ⁸
3464 3774 3560 3826 καὶ
3589 3773 3728 3827 ἀνά-

2151 3883 2362 3934 γνωσον
2391 3865 2642 3926 τούτους.
2689 3864 2853 3934 Ζήτει
2884 3863 3122 3917 καὶτῶν
3168 3865 3342 3933 ἁγίων
3404 3861 3728 3916 ἀποστόλων

2150 3961 2354 4014 κανόνα
2375 3959 2470 4019 οδ⁹,
2505 3956 2606 4026 τῆς
2635 3959 2694 4008 ὲν
2716 3956 3024 4028 ’Δντιοχείᾳ
3056 3956 3275 4008 συνόδου
3311 3957 3513 4008 κανόνα
3541 3951 3603 4008 ιδ’
3629 3955 3727 4009 καὶ

2154 4057 2238 4114 ιε’,
2272 4051 2375 4120 τῇς
2433 4050 2493 4101 ὲν
2542 4045 2853 4115 Χαλκηδόνι
2877 4062 3001 4099 καν.
3061 4049 3117 4109 ι’,
3149 4045 3238 4110 ιζ’,
3265 4046 3363 4115 τῆς
3390 4047 3449 4099 ὲν
3482 4046 3724 4116 Σαρίκῇ

2153 4145 2358 4198 κανόνα
2401 4147 2473 4210 γ’,
2506 4147 2571 4206 ε’,
2620 4139 2707 4205 ιδ’,
2739 4139 3075 4210 statuti-:1};
3105 4139 3310 4192 κανόνα
3341 4137 3448 4211 κη’,
3485 4142 3576 4193 καὶ
3614 4146 3724 4209 ρκ’,

473 4236 566 4285 καὶ
635 4230 776 4303 ρκα¹.
812 4231 951 4300 Περὶ
1033 4228 1091 4282 δὲ
1135 4228 1229 4281 τοῦ
1280 4227 1543 4282 δύνασθαι
1595 4230 1722 4292 τοὺς
1778 4232 2112 4303 ἱερωμένους
2179 4233 2580 4288 ἀποτάττεσθαι
2638 4235 2706 4303 τῇ
2767 4230 2863 4285 τοῦ
2938 4233 3106 4302 φόρου
3170 4236 3508 4305 παραγραφῇ
3563 4232 3727 4304 ζήτει

473 4340 597 4393 κεφ.
628 4321 672 4374 θ’
699 4322 796 4375 τοῦ
830 4318 876 4389 γ’
897 4320 1080 4373 τίτλου
1110 4316 1205 4371 τοῦ
1242 4323 1294 4386 γ’
1328 4319 1540 4389 βιϐλίου
1566 4321 1676 4373 τῶν
1704 4322 2029 4382 Βασιλικάμλ.

545 4414 708 4487 534
725 4411 974 4468 ZONAR.
999 4413 1053 4465 ιιι
1082 4411 1449 4482 omnium,qui
1474 4415 1646 4468 sacris
1684 4416 1880 4470 initiati
1907 4428 2060 4484 sunt,

2239 4417 2488 4472 ΖΩΝΑΡ.
2543 4416 2670 4478 Τοῖς
2726 4415 3047 4485 ἱερωμένοις
3078 4415 3308 4477 ἅπασιν,
3370 4413 3506 4467 ἀλλὰ
3541 4417 3728 4483 μέντοι

472 4512 602 4578 quin
653 4519 708 4562 et
747 4509 798 4560 in
855 4506 1254 4558 monachorum
1313 4505 1730 4572 controversiis,
1789 4509 1910 4578 ejus
1960 4511 2045 4565 cui

2154 4511 2250 4562 καὶ
2303 4511 2558 4578 μοναχοῖς
2598 4508 2890 4577 πρόσφορά
2947 4510 3054 4558 εἰσι
3118 4505 3450 4575 δικαστήρια
3501 4507 3568 4559 τὰ
3616 4505 3729 4560 τῶν

473 4600 702 4670 subjecti
732 4608 858 4652 sunt
891 4598 1132 4665 episc0pi
1171 4596 1392 4665 propria
1441 4610 1618 4650 causae
1653 4601 1896 4669 cognitio
1938 4613 2042 4657 est.

474 4695 598 4747 Sive
627 4692 789 4762 igitur
834 4688 1031 4757 aliquis
1087 4687 1283 4742 horum
1319 4685 1614 4754 deferatur,
1667 4691 1785 4743 sive
1836 4690 2046 4746 deferat

474 4783 865 4847 conclericum,
902 4796 1085 4835 coram
1117 4781 1287 4849 ipsius
1313 4783 1594 4852 episc0po,
1629 4779 1743 4836 sive
1777 4785 1865 4837 rei
1892 4787 2046 4855 capi-

477 4873 618 4935 talis,
650 4888 745 4926 seu
772 4870 974 4932 civilis,
1003 4878 1097 4923 aut
1133 4871 1466 4936 pecuniariae
1509 4871 1742 4940 quaestio
1784 4872 1875 4935 sit,
1927 4888 2044 4928 rem

477 4963 698 5031 transigi
754 4971 991 5029 oportet.
1043 4960 1197 5025 Quod
1238 4961 1283 5014 si
1315 4976 1381 5015 ex
1436 4961 1503 5017 iis
1543 4962 1836 5033 quispiam,
1883 4979 1942 5018 se
1980 4964 2049 5019 ab

474 5054 843 5112 ecclesiastica
863 5052 1250 5121 jurisdictione
1278 5054 1628 5121 subtrahens,
1664 5055 2050 5125 publicojudi-

474 5153 580 5212 cio,
612 5152 751 5217 apud
781 5147 1127 5215 magistratus
1163 5145 1415 5200 ttitnirunt
1449 5150 1764 5216 populares,
1798 5151 1901 5204 ltoc
1959 5159 2044 5204 est

475 5243 692 5306 civiles,
724 5238 968 5308 purgari,
1014 5237 1062 5290 id
1099 5243 1200 5298 est,
1235 5251 1294 5289 se
1323 5250 1351 5288 a
1384 5238 1538 5306 culpa
1577 5241 1868 5294 immunem
1919 5256 2048 5308 pro-

477 5339 605 5389 hare
649 5334 976 5395 contendat;
1030 5328 1278 5398 quamvis
1312 5329 1380 5396 ,ιιι
1432 5344 1497 5383 eo
1544 5329 1751 5396 judicio
1799 5336 2050 5402 superior

474 5427 732 5490 evaserit,
767 5437 997 5491 eumque
1026 5425 1093 5476 ab
1127 5421 1327 5491 objecti
1359 5421 1616 5477 facinoris
1638 5424 1795 5492 culpa
1823 5429 2075 5480 omnino

477 5521 663 5590 procul
689 5517 925 5572 abfuisse
946 5516 1156 5581 judices
1191 5514 1627 5584 pronuntiarint;
1657 5518 1835 5570 locum
1868 5526 2048 5573 tamen

477 5613 779 5685 preprium,
819 5609 1041 5679 gradum
1093 5609 1369 5673 videlicet,
1407 5623 1470 5661 ac
1527 5609 1822 5664 sacerdotii
1872 5612 2050 5680 digni-

479 5718 639 5759 latent
697 5704 928 5764 amittet,
994 5711 1156 5770 atque
1192 5700 1279 5754 vel
1329 5705 1398 5755 ob
1459 5703 1508 5755 id
1563 5702 1764 5770 ipsum,
1808 5703 1951 5770 quod
1981 5702 2059 5756 ab

477 5797 815 5854 eclcsiastica
861 5793 1246 5864 jurisdictione
1295 5810 1354 5849 se
1412 5793 1760 5859 subduxerit,
1803 5792 2035 5859 demisi-

2154 4603 2492 4667 ἐπισκόπων,
2520 4594 2602 4662 οἷς
2626 4599 2972 4652 ὑπόκεινται.
3033 4598 3157 4650 Εἴτε
3187 4593 3282 4650 οὖν
3328 4597 3586 4666 ἄνάγεταί
3642 4617 3728 4663 τις

2153 4695 2382 4759 τούτων,
2428 4694 2543 4748 sits
2595 4694 2784 4760 ἐνάγει
2817 4692 2958 4746 κατά
3007 4691 3409 4760 συγκληρικοῦ,
3462 4693 3613 4761 παρά
3647 4694 3728 4764 τῷ

2154 4788 2438 4858 ἑπισκὸπῳ
2460 4785 2627 4840 αὑτοῦ
2663 4786 2758 4838 καὶ
2791 4785 3086 4852 ὲνάγεσοαι
3116 4787 3220 4836 καὶ
3250 4783 3468 4850 ἐνάγειν
3498 4784 3724 4853 ὀφείλει,

2157 4879 2260 4932 κᾶν
2293 4877 2699 4949 ἐγκληματικὸν
2730 4878 2817 4945 εἰη
2844 4878 2906 4928 τὸ
2935 4875 3421 4945 δικαστήριον,καὶ
3450 4875 3730 4928 πολιτικὸν

2157 4972 2281 5043 ἤτοι
2339 4970 2704 5042 χρηματικόν.
2767 4969 2892 5022 Ἐὰν
2922 4967 2979 5020 δὲ
3010 4967 3420 5038 παραιτήσηταί
3479 4985 3566 5030 τις
3618 4969 3731 5021 τῶν

2154 5067 2416 5118 τοιούτων
2439 5063 2501 5115 τὸ
2530 5061 2992 5132 ἐκκλησιαστικὸν
3020 5060 3398 5131 δικαστήριον,
3432 5061 3530 5113 καὶ
3550 5060 3727 5130 δημο-

2158 5159 2293 5220 σίοις
2338 5154 2740 5226 δικαστηρίοις,
2808 5152 2982 5222 ἦγουν
3041 5151 3361 5223 δημοτικῶν
3420 5153 3724 5223 ἀρχόντων,

2153 5251 2404 5302 τουτέστι
2436 5247 2756 5318 πολιτικῶν,
2814 5245 3023 5316 θελήσῃ
3079 5244 3444 5314 καθαρθῆναι,
3478 5246 3598 5296 ἀντὶ
3630 5243 3728 5296 τοῦ

2156 5336 2394 5405 καθαρὸς
2431 5336 2665 5404 φανῆναι
2728 5333 2820 5385 τοῦ
2854 5333 3209 5400 αίτιάματος,
3249 5331 3354 5385 κᾶν
3396 5333 3612 5403 ’νικήσῃ
3669 5337 3728 5385 ἐν

2155 5430 2235 5498 τῷ
2264 5431 2604 5499 δικαστηρίῳ
2641 5429 2860 5497 ἐκείνῳ,
2890 5428 2984 5477 καὶ
3042 5427 3180 5496 ὑπὲρ
3209 5425 3376 5477 αὑτοῦ
3428 5426 3655 5494 γένηται
3691 5427 3725 5495 ἠ

2157 5523 2451 5593 ἀπόφασις,
2487 5520 2665 5574 ἀθῶον
2714 5519 2876 5573 αὑτὸν
2929 5519 3346 5587 ἀποφαινομὲνη
3397 5517 3494 5570 τοῦ
3524 5516 3733 5586 ἐγκλήε

2159 5631 2348 5685 ματος,
2377 5611 2461 5682 ἐφ’
2485 5604 2529 5678 ᾧ
2564 5612 2948 5681 κατηγορεῖτο,
2982 5611 3131 5680 ὅμως
3155 5609 3246 5662 τὸν
3279 5607 3412 5661 ἴδιον
3435 5605 3730 5667 τόπον,τὸν

2158 5706 2366 5776 βαθμὸν
2388 5703 2612 5773 δηλαδὴ,
2640 5703 2736 5755 καὶ
2769 5702 2866 5772 τὴν
2913 5700 3198 5772 ἱερατικὴν
3243 5700 3415 5771 τιμὴν
3446 5698 3724 5762 ἀπολέσει,

2156 5795 2242 5848 δια
2273 5793 2430 5846 τοῦτο
2460 5793 2592 5846 αὐτὸ
2624 5790 3082 5862 καθαιρούμενος,
3106 5790 3241 5846 διότι
3275 5790 3633 5862 παρῃτήσατο
3664 5786 3727 5840 τὸ
