4138 6202
554 312 625 376 83
1813 303 2092 368 ΤΙΠΞΟΙ).

2231 303 2548 367 .LSAMON
3727 295 3802 359 84

545 422 781 491 jusmodi
819 420 1064 484 ludicris,
1094 427 1453 491 occupantur,
1485 433 1662 490 neque
1692 419 2124 489 intemperantia:

2231 420 2356 473 σθαι
2383 422 2642 475 ποιοῦντα
2695 420 2823 483 τοὺς
2849 415 3074 482 πιστοὺς
3103 414 3252 486 παρά
3279 413 3388 468 τῶν
3409 411 3684 480 ἀπίστων,
3707 407 3801 467 οἷα

551 510 755 564 crimen
784 510 1064 583 ell‘ugient,
1093 528 1269 583 neque
1313 513 1642 583 integritatis
1691 521 1744 569 et
1789 512 2124 568 casdmonite

2236 512 2313 582 μὴ
2339 514 2396 565 ὲν
2429 514 2754 585 σωφροσύνῃ
2777 511 2987 576 ζῶντας
3015 511 3046 580 ἢ
3073 511 3361 581 σεμνότητι

547 605 864 660 testimonio
889 607 1436 664 commendabuntnr.
1474 606 1584 664 Nec
1634 623 1766 664 vero
1821 611 2018 662 mirum
2073 607 2118 661 si
2156 603 2274 660 haec
2298 609 2422 660 vita
2453 607 2708 676 degendae
2736 606 2874 662 ratio
2912 619 2942 659 a
2991 603 3118 659 (iliis
3190 601 3534 657 sacerdotum
3603 598 3801 668 exiga-

547 702 680 756 tur:
716 711 841 752 nam
873 705 926 753 et
955 699 1282 757 Christianis
1347 701 1624 766 omnibus,
1681 712 1749 754 ne
1792 700 1860 755 ad
1946 713 2010 754 ea
2062 697 2180 753 loca
2235 698 2325 752 ubi
2355 695 2706 769 blaSphemia:
2740 706 2867 752 sunt
2914 695 3175 751 accedere
3210 693 3389 755 liceat.
3447 690 3796 747 interdictum

547 792 673 846 fuit.
711 789 1066 859 Blasphemite
1096 810 1229 850 vero
1261 795 1479 850 nomine
1507 810 1591 860 ea,
1623 810 1746 864 quas
1791 793 2022 852 licenter
2051 806 2116 847 ac
2155 790 2519 848 inverecunde
2593 792 2750 857 ﬁunt,
2791 789 3140 863 signiﬁcavit.
3190 784 3271 842 0b
3339 785 3434 840 illa
3483 785 3688 856 quippe
3737 782 3843 840 ll?

543 888 715 951 doles,
759 890 911 956 quasi
960 891 1333 957 temperantia:
1383 891 1822 961 iutegrltatisque
1871 895 2298 957 contemptores,
2325 888 2393 941 ab
2422 886 2732 942 infidelibus
2764 884 3208 953 blasphemantur

548 978 709 1051 535
737 980 965 1036 ARIST.
994 1001 1013 1034 σ
1059 981 1357 1052 Episcopus
1383 983 1461 1038 vel
1481 983 1732 1045 clericus,
1753 996 1920 1037 causa
1937 981 2121 1036 crimi-

617 1088 646 1123 -ι
692 1071 799 1126 nali
823 1071 870 1127 ei
903 1073 1173 1136 instituta,
1209 1075 1280 1139 si,
1314 1075 1503 1130 relicta
1540 1073 1792 1140 ecclesia,
1827 1074 1890 1126 ad
1918 1071 2118 1139 judicia

617 1182 640 1220 ι
680 1165 889 1234 publica
905 1167 1173 1229 recurrat,
1189 1167 1354 1221 etiam
1371 1167 1561 1235 injuria
1575 1165 1822 1230 allectus,
1840 1163 2118 1234 proprium

631 1277 650 1310 ι
693 1259 903 1314 amittet
931 1257 1179 1329 gradum.
1219 1259 1275 1314 Si
1302 1275 1430 1315 vero
1463 1269 1516 1315 et
1565 1258 1750 1314 vicerit
1785 1259 1836 1312 in
1890 1256 2118 1326 negotiis

627 1368 648 1402 ι
692 1349 951 1420 politicis,
986 1350 1030 1404 si
1061 1351 1166 1405 hoc
1205 1361 1488 1420 sequatur,
1553 1350 1832 1420 preprium
1890 1349 2114 1418 gradum

623 1460 640 1493 ι
679 1441 913 1497 amittet.
961 1442 1370 1498 Ecclesiasticos
1399 1451 1578 1497 autem
1605 1442 1831 1512 iudices,
1864 1440 1966 1494 nisi
1997 1455 2119 1509 gra-

625 1552 645 1586 ι
689 1536 761 1588 tia
787 1545 882 1590 aut
903 1536 1026 1590 odio
1050 1547 1203 1591 antea
1224 1535 1495 1606 judicasse
1511 1533 2124 1601 convincantur,appel-

628 1643 648 1679 ι
699 1626 829 1682 latio
859 1628 1102 1681 instituta
1135 1643 1237 1681 non
1272 1624 1537 1708 propellit.
1569 1625 1626 1681 Si
1663 1633 1844 1696 partes
1875 1639 2001 1679 vero
2028 1621 2120 1690 ju-

630 1737 648 1770 ι
687 1719 834 1774 dices
863 1719 1146 1788 elegerint,
1177 1719 1244 1774 ab
1273 1719 1340 1774 iis
1364 1733 1431 1772 ne
1462 1718 1764 1774 discedant.
1803 1736 1822 1770 ι

622 1895 743 1950 Νοιι
773 1905 983 1966 oportet
1014 1897 1322 1968 episcopum
1354 1905 1447 1951 aut
1472 1897 1727 1952 clericum
1756 1895 2016 1968 judicium
2037 1911 2124 1950 ec-

554 1985 916 2043 clesiasticum
957 2005 1227 2046 recusare.
1261 1989 1600 2059 Quapropter
1619 1991 1660 2046 si
1691 1990 1816 2060 quis
1842 2005 1908 2044 ex
1936 1989 2003 2044 iis
2027 1990 2126 2044 cri-

557 2078 826 2137 minalitcr
845 2090 1148 2144 accusatus,
1181 2082 1602 2137 ecclesiasticum
1629 2081 2125 2152 recusaveritjudi-

552 2172 721 2236 cium,
751 2177 804 2225 et
827 2171 895 2226 ad
917 2173 1102 2227 civiles
1127 2173 1340 2242 judices
1367 2175 1677 2239 accesserit,
1711 2178 1767 2229 et
1800 2189 1982 2229 coram
2034 2173 2126 2238 iis,

553 2276 677 2332 quae
699 2262 764 2316 ad
790 2265 1194 2319 accusationem
1239 2278 1392 2319 suam
1443 2273 1714 2334 spectant,
1748 2265 2121 2327 denudaverit,

554 2357 803 2423 quamvis
850 2357 1111 2411 innocens
1130 2367 1407 2425 appareat,
1433 2366 1488 2411 et
1511 2372 1606 2426 pro
1631 2372 1698 2410 eo
1742 2357 1844 2410 lata
1891 2354 1965 2411 sit
1997 2373 2123 2410 sen-

558 2447 749 2504 tentia.
782 2439 1058 2514 proprium
1112 2448 1335 2516 gradum
1374 2447 1605 2502 amittet.
1661 2447 1717 2500 Si
1774 2458 1952 2502 autem
2015 2463 2123 2502 non

551 2536 849 2592 criminalis
879 2535 947 2590 sit
975 2545 1161 2590 contra
1193 2551 1288 2591 eos
1323 2536 1619 2599 accusatio,
1649 2534 1744 2591 sed
1789 2535 2123 2604 pecuniaria,

552 2640 608 2683 et
635 2628 845 2683 accidat
871 2629 940 2683 de
965 2629 1069 2684 ista
1098 2633 1329 2686 evadere
1350 2644 1465 2697 eos,
1481 2628 1747 2698 judicium
1773 2630 1904 2700 ipsis
1927 2644 2125 2685 conve-

2225 977 2450 1033 ΑΡΙΣΤ.
2515 996 2532 1029 ι
2563 976 2899 1040 Ἐπίσκοπος
2924 975 2958 1045 ἢ
2989 972 3251 1044 κληρικδς
3285 964 3696 1040 ὲγκληματικοῦ
3718 982 3811 1020 κι-

2306 1090 2327 1122 σ
2368 1070 2634 1140 νουμένου
2684 1069 3034 1140 πράγματος.
3079 1067 3130 1118 εί
3160 1065 3259 1136 τὴν
3279 1061 3579 1122 ἐκκλησίαν
3617 1059 3806 1129 ἀφεὶς.

2301 1181 2320 1213 ι
2359 1165 2472 1225 τοῖς
2534 1160 2818 1232 δημοσίοις
2867 1158 3238 1231 προσδράμοι,
3292 1157 3386 1209 καὶ
3419 1153 3803 1221 ἀδικούμενος,

2299 1271 2319 1306 ι
2357 1254 2450 1308 τὸν
2481 1253 2613 1308 ἴδιον
2638 1253 2902 1306 ἀπολέσει
2936 1251 3164 1321 βαθμὸν.
3215 1250 3279 1304 Εἰ
3315 1247 3570 1316 ὑπερέξει
3604 1245 3662 1299 δὲ
3709 1243 3806 1297 καὶ

2302 1366 2320 1398 ι
2361 1347 2455 1400 ἐπὶ
2486 1346 2796 1409 πολιτικαῖς
2829 1331 3122 1411 κεφαλαῖς,
3153 1345 3202 1397 εί
3227 1341 3404 1412 τούτῳ
3428 1339 3692 1410 στοιχείη,
3711 1335 3806 1390 τδν

2304 1459 2322 1491 ι
2359 1431 2495 1493 ’ῖδιον
2520 1435 2777 1492 ἀπολέσει
2799 1436 3030 1508 βαθμόν.
3061 1436 3336 1498 Δικαστάς
3362 1449 3428 1503 γε
3466 1434 3572 1504 μὴν
3601 1428 3808 1499 ἐκκλη-

2305 1549 2325 1583 ι
2364 1530 2703 1593 σιαστικοῦς,
2731 1530 2778 1580 εί
2810 1528 2884 1598 μὴ
2917 1520 3228 1598 ἐλέγχοιντο
3248 1526 3391 1581 κατὰ
3420 1521 3808 1594 προσπάθειαν

2305 1641 2324 1675 ι
2361 1622 2397 1692 ἢ
2432 1615 2792 1676 ἀντιπάθειαν
2831 1619 3363 1690 προδεδιῳκηκότες,
3404 1618 3672 1687 ἔκκλητος
3704 1632 3806 1682 γε-

2305 1736 2324 1770 ι
2359 1715 2562 1786 νομένη
2592 1715 2692 1768 οὐκ
2730 1713 3020 1784 ἀμύνεται.
3063 1712 3191 1768 Ἐἀν
3243 1713 3302 1767 δι
3341 1712 3412 1767 τά
3443 1714 3585 1784 μέρη
3620 1710 3811 1764 ὲπιλέο

2307 1832 2326 1864 ι
2361 1811 2556 1878 ξωνται
2584 1808 2866 1873 δικαστὰς,
2895 1805 3102 1861 τούτων
3133 1807 3208 1877 μὴ
3259 1803 3709 1875 ἀφιστάσθωσαν.
3741 1820 3762 1854 ε

2297 1902 2375 1958 Οὐ
2407 1899 2488 1954 δεῖ
2514 1899 2904 1970 παραιτεῖσθαι
2938 1897 3243 1952 ἐπίσκοπον
3269 1897 3304 1968 ἢ
3327 1895 3592 1966 κληρικδν
3620 1893 3683 1947 τδ
3707 1892 3807 1947 Ex-

2229 1993 2620 2063 κλησιαστικδν
2648 1992 3024 2064 δικαστήριον.
3096 1992 3263 2044 Ὅθεν
3323 1990 3419 2042 ὲάν
3467 2005 3553 2050 τις
3594 1987 3808 2041 τούτων

2229 2077 2706 2160 κατηγορούμενος
2726 2083 3176 2154 ὲγκληματικῶς,
3206 2083 3306 2150 τὴν
3338 2077 3807 2149 ἑκκλησιαστικὴν

2230 2179 2642 2251 παραιτήσηται
2664 2176 2868 2249 κρίσιν,
2896 2175 2991 2230 καὶ
3015 2175 3316 2238 πολιτικοῖς
3334 2173 3619 2234 δικασταῖς
3635 2186 3810 2238 προσ-

2233 2271 2381 2343 έλθῃ,
2415 2271 2508 2324 καὶ
2533 2269 2663 2341 παρ’
2698 2271 2927 2332 ἐκείνοις
2962 2268 3222 2340 γυμνάση
3256 2267 3326 2321 τά
3355 2265 3453 2336 τῆς
3486 2265 3808 2326 αίτιάσεως·

2231 2366 2337 2419 κᾶν
2369 2361 2660 2427 ἀνεύθυνος
2709 2365 2876 2434 φανῇ,
2920 2361 3020 2417 καὶ
3073 2361 3217 2432 ὑπὲρ
3265 2359 3432 2414 αὑτοῦ
3461 2359 3496 2429 ἡ
3527 2355 3809 2424 ἀπόφασις

2233 2456 2509 2527 ἐξενεχθῇ,
2535 2457 2627 2508 τδν
2658 2455 2792 2508 ἴδιον
2818 2454 3078 2508 ἀπολέσει
3111 2452 3341 2524 βαθμὸν.
3390 2453 3452 2505 Et
3495 2451 3551 2504 δὲ
3581 2451 3685 2503 οὐκ
3713 2450 3810 2517 ὲγο

2233 2551 2550 2621 κληματική
2581 2553 2731 2603 ἐστιν
2768 2550 2802 2618 ἡ
2833 2548 2956 2603 κατ’
2989 2547 3171 2600 αὐτῶν
3199 2545 3459 2618 αίτίασις,
3498 2543 3636 2598 ἀλλά
3663 2558 3807 2613 χρη-

2238 2646 2464 2714 ματικὴ,
2497 2644 2590 2697 καὶ
2618 2641 2802 2713 συμϐῇ
2826 2641 2921 2695 καὶ
2951 2641 3046 2693 ἐπὶ
3072 2638 3283 2708 ταύτην
3326 2635 3550 2705 νικῆσαι
3582 2631 3808 2699 αὐτοὺς,

556 2722 706 2776 niens
737 2730 1065 2785 recusantes.
1085 2731 1141 2778 et
1163 2723 1229 2776 ad
1251 2725 1444 2778 saecula
1455 2739 1538 2778 res
1558 2723 1766 2794 iudices
1789 2724 2124 2787 accedentes,

2231 2734 2293 2789 τὶ
2319 2735 2628 2805 πρόσφορον
2656 2733 2840 2797 αὐτοῖς
2877 2733 3402 2802 παραιτησαμένους
3427 2727 3805 2798 δικαστήριον,

555 2821 608 2866 et
640 2811 707 2865 ab
739 2812 803 2866 iis
837 2813 1109 2881 judicatus
1136 2829 1151 2878 ;
1183 2813 1225 2866 si
1257 2813 1474 2882 quidem
1504 2812 1782 2866 sententiae
1810 2812 1876 2864 ab
1903 2812 1968 2865 iis
2005 2809 2124 2863 lata

2234 2827 2331 2879 καὶ
2378 2829 2672 2894 κοσμικοῖς
2737 2826 3020 2889 δικασταῖς
3068 2821 3489 2894 προσελθόντας,
3549 2821 3647 2875 καὶ
3675 2817 3808 2888 παρ’

552 2905 900 2972 acquiescere
925 2903 1140 2968 vellent,
1166 2912 1221 2956 et
1240 2903 1290 2956 id
1311 2918 1406 2972 pro
1437 2915 1544 2970 quo
1567 2901 1986 2965 contendebant,
2013 2899 2124 2955 exi-

2234 2919 2463 2973 ἐκείνων
2486 2918 2777 2990 κριθέντας
2798 2933 2812 2946 ·
2844 2919 2893 2969 εί
2926 2916 3027 2986 μὲν
3051 2913 3336 2987 αἱροῦνται
3363 2915 3431 2983 τῇ
3459 2911 3600 2980 ὑπὲρ
3621 2909 3808 2964 αὐτῶν

555 3013 706 3066 gere,
745 2998 1022 3066 proprium
1067 2996 1292 3065 gradum
1367 2996 1631 3050 amittent.
1686 2995 1744 3050 Si
1804 3005 1981 3047 autem
2036 2993 2124 3047 de-

2237 3013 2404 3084 ψήφῳ
2434 3012 2692 3081 στοιχεῖν,
2719 3010 2813 3065 καὶ
2836 3010 2897 3062 τὸ
2915 3009 3159 3079 ’πρᾶγμα
3188 3009 3268 3070 εἰς
3292 3007 3322 3058 δ
3353 2998 3617 3076 ἐνίκησαν
3633 3006 3811 3059 ἀπαι-

555 3091 762 3159 spectui
801 3088 1091 3144 habuerint
1123 3104 1302 3144 causa:
1329 3104 1439 3143 sua:
1484 3088 1864 3159 prolationem,
1898 3087 2124 3153 illudque

2235 3078 2420 3174 τῆσαι,
2451 3078 2709 3156 τδννῖδιον
2770 3078 2982 3172 βαθμὸν
3010 3097 3394 3153 ἀπολέσουσιν.
3450 3097 3513 3149 Et
3543 3097 3598 3148 δὲ
3637 3113 3812 3148 κατα-

559 3199 656 3250 pro
722 3197 830 3252 quo
872 3181 1269 3237 contendebant
1320 3181 1571 3235 amittere
1647 3179 1892 3244 mallent,
1951 3179 2124 3233 locum

2235 3196 2494 3270 φρονοῦσι
2541 3195 2648 3265 τῆς
2676 3194 3042 3257 δικαιώσεως,
3074 3193 3170 3245 καὶ
3221 3189 3488 3245 ἀπολέσαι
3521 3188 3810 3260 αἱροῦνται

559 3292 716 3332 suum
748 3277 1076 3330 retinebunt.
1105 3275 1160 3329 Si
1185 3275 1305 3344 quis
1329 3284 1506 3328 autem
1529 3273 1596 3327 ab
1614 3272 1882 3342 episc0pis
1909 3285 2129 3325 accusa-

560 3382 646 3423 tus
669 3377 722 3422 et
746 3367 1160 3432 condemnatus,
1186 3368 1250 3420 ad
1277 3366 1508 3436 majores
1545 3363 1939 3419 ecclesiasticos
1983 3361 2131 3431 judi-

557 3477 649 3516 ces
689 3460 1077 3530 appellaverit,
1143 3472 1443 3527 eorumque
1503 3456 1828 3512 sententiam
1884 3465 2129 3509 evertere

557 3552 812 3616 potuerit,
874 3552 1074 3606 nullam
1131 3553 1231 3606 hoc
1271 3551 1378 3604 illis
1409 3549 1683 3620 judicibus
1737 3546 2128 3602 ecclesiasticis

553 3656 783 3710 quorum
837 3643 1104 3696 sententia
1156 3642 1438 3704 evertitu’r,
1493 3654 1686 3694 noxam
1736 3637 1975 3705 aﬂ‘erret,
2026 3637 2128 3693 nisi

557 3733 784 3790 forsitan
815 3743 1034 3804 propter
1061 3735 1268 3797 odium,
1305 3742 1398 3787 aut
1428 3733 1754 3800 passionem,
1781 3735 1864 3787 vel
1895 3730 2126 3802 gratiam

556 3829 790 3898 aliquam
826 3842 948 3883 cum
982 3828 1177 3882 allectu
1214 3827 1538 3882 sententiam
1579 3826 1766 3880 tulisse
1793 3825 2126 3879 convincan-

555 3930 662 3973 tur.
706 3919 1028 3990 Quicunque
1065 3929 1251 3973 autem
1288 3935 1354 3974 et
1406 3918 1675 3972 accusatis
1723 3915 1994 3984 episcopis
2036 3923 2127 3967 aut

552 4013 792 4075 clericis.
822 4011 1220 4069 ecclesiasucos
1237 4010 1450 4080 judices
1475 4009 1757 4078 elegerint,
1779 4017 1832 4062 et
1857 4009 1926 4062 ab
1949 4007 2013 4063 iis
2038 4007 2129 4076 ju-

555 4104 723 4161 dicari
750 4104 1038 4167 voluerint,
1055 4104 1304 4172 quamvis
1325 4112 1513 4159 contra
1538 4102 1818 4170 episcopos
1844 4112 2127 4156 accusatos

553 4196 833 4252 duodecim
863 4194 1128 4264 episcopis
1163 4195 1268 4248 sint
1305 4194 1609 4265 pauciores,
1661 4201 1852 4248 contra
1888 4193 2121 4265 presby-

553 4299 702 4345 teros
723 4297 900 4344 autem
933 4299 987 4342 et
1013 4290 1272 4342 diaconos
1312 4297 1513 4355 septem
1547 4288 1630 4342 vel
1668 4289 1829 4342 etiam
1865 4296 2118 4357 quatuor,

551 4380 1015 4450 quemadmodum
1042 4388 1096 4432 et
1139 4379 1191 4432 in
1245 4379 1565 4434 duodecimo
1599 4380 1880 4447 praesentis
1931 4377 2119 4448 synodi

553 4487 763 4526 canone
796 4471 1135 4540 scripsimus.
1178 4470 1516 4524 condemnati
1558 4487 1660 4524 non
1696 4471 1894 4525 debent
1927 4480 2118 4525 contra

551 4565 813 4634 judicium
849 4579 1032 4619 eorum
1080 4564 1391 4634 appellare:
1429 4564 1720 4633 appellatio
1749 4563 1891 4618 enim
1923 4564 2124 4634 iudicis

558 4656 820 4712 inscitiam
857 4658 942 4712 vel
976 4657 1293 4726 iniustitiam
1344 4655 1891 4727 corrigit.Quomodo
1918 4656 2122 4724 itaque,

555 4751 644 4816 qui
673 4750 882 4817 juuiees
908 4749 1306 4804 ecclesiasticos
1330 4749 1514 4816 elegit,
1539 4763 1675 4818 quos
1699 4757 1752 4801 et
1783 4763 2032 4803 sermone
2067 4757 2124 4804 et

557 4843 666 4895 vita
715 4841 1014 4912 inculpatus
1051 4839 1476 4912 esscjudicavit,
1509 4841 1694 4896 dicens
1720 4856 1779 4895 se
1805 4841 2126 4911 insipienter

555 4942 611 4986 et
643 4932 839 5002 injuste
862 4933 1020 4987 abiis
1044 4933 1295 5002 indicari,
1327 4946 1384 4987 et
1422 4933 1896 5002 reprehensionem
1930 4950 2124 5004 quam-

555 5021 679 5078 dam
735 5022 1041 5076 hominibus
1094 5023 1523 5078 sacerdotalibus
1574 5023 1642 5078 ab
1698 5023 1814 5093 ipso
1866 5023 2122 5092 iudicatis

553 5115 755 5170 aliene
784 5115 1143 5171 admittatur?

1136 5404 1372 5463 CANON
1401 5405 1544 5461 XVI.

568 5521 586 5556 ι
626 5499 890 5558 Similiter
909 5499 1132 5572 placuit,
1151 5509 1211 5554 ut
1233 5499 1492 5570 episcopi,
1516 5494 1818 5572 presbyteri
1841 5507 1896 5554 et
1914 5499 2124 5555 diaconi

638 5615 657 5646 ι
709 5595 1067 5649 conductores
1107 5592 1190 5650 vel
1233 5603 1613 5663 procuratores
1656 5607 1762 5648 non
1795 5591 1975 5660 ﬂant;
2026 5607 2145 5660 nec

639 5708 657 5740 ι
701 5703 765 5743 ex
798 5685 1139 5757 turpialiquo
1161 5686 1244 5744 vel
1265 5687 1356 5741 vili
1380 5685 1596 5758 negotio
1623 5686 1821 5741 victum
1846 5686 1947 5742 sibi
1975 5700 2120 5757 qua:-

639 5799 654 5829 ι
712 5789 871 5841 rant;
914 5781 1108 5835 debent
1131 5783 1272 5837 enim
1303 5784 1366 5834 ad
1394 5781 1444 5835 id
1468 5781 1612 5852 quod
1654 5781 1911 5850 scriptum
1935 5792 2016 5836 cst
2038 5796 2123 5835 re~

2148 4427 2203 4487 D

2231 3291 2293 3345 τὸ
2331 3291 2410 3352 είς
2450 3287 2480 3342 ὃ
2532 3287 2818 3358 ἐνίκησαν,
2877 3286 2973 3339 τὸν
3009 3285 3210 3339 οἰκεῖον
3261 3284 3428 3337 τόπον
3457 3282 3805 3347 καθέξουσιν.

2230 3384 2294 3439 El
2330 3383 2388 3438 δέ
2412 3399 2498 3447 τις
2528 3381 2684 3449 παρὰ
2715 3379 3031 3434 ἐπισκόπων
3087 3376 3323 3449 κριθεὶς,
3379 3378 3476 3430 καλ⁵
3509 3377 3809 3436 καταδικα..

2231 3475 2404 3539 σθεὶς,
2448 3474 2584 3545 πρὸς
2619 3472 2873 3545 μείζονας
2905 3471 3398 3539 ἃκκλησιαστικοὺς
3424 3468 3686 3530 δικαστὰς
3708 3472 3808 3521 ὲκ-

2229 3568 2552 3636 καλέσηται,
2577 3567 2674 3619 καὶ
2707 3563 3014 3635 ἀνατρέψαι
3078 3562 3290 3634 ἰσχύσει
3318 3563 3419 3632 τὴν
3471 3561 3656 3632 ψῆφον
3710 3561 3812 3614 αύο

2229 3663 2336 3717 τῶν
2357 3679 2370 3692 ·
2404 3658 2662 3730 οὐδεμίαν
2692 3655 2898 3730 βλάὄην
2951 3655 3114 3711 τοῦτο
3145 3654 3340 3720 ἐπάξει
3366 3655 3482 3719 τοῖς
3506 3652 3809 3722 ἐκκλησια-

2231 3753 2434 3814 στικοῖς
2460 3749 2747 3812 δικασταῖς
2783 3746 3036 3810 ἐκείνοις,
3069 3739 3147 3800 ὧν
3178 3746 3212 3810 ἡ
3257 3743 3536 3812 ἀπόφασις
3565 3739 3806 3811 ἀνατρέ-

2229 3858 2389 3895 πεται
2413 3858 2427 3872 ο
2451 3841 2502 3894 εί
2523 3843 2597 3910 μή
2619 3856 2722 3893 που
2743 3838 2886 3893 κατὰ
2923 3836 3150 3909 ἔχθραν,
3171 3836 3203 3907 ἢ
3224 3835 3367 3890 κατὰ
3396 3833 3804 3906 πῳσπάθειαν,

2228 3937 2262 4009 ἦ
2294 3936 2436 3989 κατά
2459 3951 2582 3987 τινα
2607 3933 2769 4004 χάριν
2796 3929 3211 4002 ἀπελεγχθῶσιν
3242 3928 3510 3996 ἐμπαθῶς
3548 3928 3649 3998 τὴν
3675 3927 3804 3997 κρί-

2229 4045 2314 4081 σιν
2333 4026 2686 4098 ποιήσασθαι.
2707 4025 2863 4078 Ὅσοι
2883 4022 2940 4077 δὲ
2964 4022 3076 4078 τῶν
3095 4022 3439 4092 αίτιωμένων
3459 4021 3803 4083 ἐπισκόπων.

2227 4121 2261 4192 ἦ
2296 4119 2598 4191 κληρικῶν,
2624 4115 2967 4181 ὲπιλέξονται
2995 4114 3493 4179 ὲκκλησιαστικοῦς
3516 4113 3806 4176 δικαστὰς,

2228 4215 2323 4268 καὶ
2355 4212 2483 4282 παρ’
2533 4212 2721 4272 αὐτοῖς
2764 4208 3020 4280 κριθῆναι
3069 4205 3388 4275 θελήσουσι,
3444 4206 3548 4259 κᾶν
3577 4206 3809 4275 ἥττονες

2226 4309 2319 4361 ἐπὶ
2347 4305 2446 4378 μὲν
2491 4304 2805 4358 ἐπισκόπων
2863 4301 3400 4371 κατηγορουμένων,
3450 4299 3562 4352 τῶν
3596 4299 3808 4353 δώδεκα

2229 4400 2545 4454 ἐπισκόπων
2575 4390 2730 4458 ὦσιν,
2751 4397 2844 4450 ἐπὶ
2871 4394 2928 4448 δὲ
2959 4393 3372 4466 πρεσϐυτέρων,
3396 4394 3490 4445 καὶ
3512 4391 3805 4453 διακόνων,

2231 4493 2337 4548 τῶν
2363 4494 2522 4552 ἑπτὰ,
2555 4491 2587 4563 ἢ
2613 4492 2707 4544 καὶ
2735 4489 3042 4556 τεσσάρων,
3077 4486 3261 4549 καθὼς
3293 4487 3366 4542 έν,
3397 4485 3477 4554 τῷ
3506 4484 3808 4549 δωδεκάτῳ

2232 4586 2417 4641 κανόνι
2445 4586 2542 4656 τῆς
2565 4583 2855 4657 παρούσης
2897 4581 3118 4636 συνόδου
3146 4576 3491 4652 ἐγράψαμεν,
3530 4579 3630 4631 οὐκ
3656 4578 3812 4647 ὀφεί-

2233 4681 2384 4734 λουσι
2414 4676 2908 4737 καταδικασθέντες
2974 4671 3328 4727 ἐκκαλεῖσθαι
3381 4672 3524 4726 κατά
3551 4674 3649 4741 τῆς
3681 4670 3809 4742 κρί-

2234 4789 2372 4834 σεως
2397 4770 2598 4825 αὐτῶν.
2652 4769 2718 4822 Ἦ
2748 4767 2858 4838 γάρ
2901 4765 3172 4833 ἓκκλητος
3226 4764 3484 4835 ἀπειρίαν
3514 4762 3547 4834 ἢ
3573 4757 3808 4816 ’ἀδικίαν

2237 4861 2633 4933 ἐπανορθοῦται
2664 4863 2760 4913 τοῦ
2795 4857 3079 4913 δικαστοῦ.
3109 4857 3236 4920 Πῶς
3259 4857 3391 4924 γοῦν
3420 4857 3450 4908 ὀ
3487 4854 3811 4924 ὲπιλεξάμε·

2234 4971 2324 5016 νος
2347 4951 2836 5021 ἐκκλησιαστικοὺς
2861 4949 3147 5022 δικαστὰς,
3180 4946 3274 5012 οὓς
3304 4948 3398 5001 καὶ
3426 4945 3567 5000 κατά
3621 4945 3806 5014 λόγον,

2235 5048 2327 5100 καὶ
2376 5044 2519 5099 κατὰ
2546 5043 2669 5114 βίαν
2696 5041 3101 5108 ἀνεπι)”ηπτυυς
3129 5041 3348 5110 ἔκρινεν
3379 5035 3541 5105 εἶναι,
3567 5039 3811 5110 παραδε-

2233 5133 2521 5204 χθήοεται,
2557 5131 2756 5199 λέγων,
2791 5129 3034 5202 ἀπείρως
3061 5131 3094 5201 ἦ
3117 5128 3318 5192 ἀδίκως
3348 5127 3448 5182 ὑπ’
3480 5129 3665 5183 αὐτῶν
3687 5145 3810 5200 κρι-

2233 5227 2410 5295 θῆναι,
2440 5224 2535 5278 καὶ
2566 5225 2726 5278 οἱονεί
2755 5239 2879 5276 τινα
2921 5222 3130 5292 μέμψιν
3159 5224 3273 5286 τοῖς
3305 5223 3440 5290 παρ’
3466 5219 3633 5276 αὐτοῦ
3661 5223 3807 5276 οίον-

2233 5321 2282 5382 εὶ
2312 5317 2580 5390 κριθεῖσιν
2612 5317 2909 5387 ἱερατικοῖς
2932 5315 3162 5382 ἐπάγειν
3185 5305 3466 5384 ἀνδράσιν.

2823 5405 3064 5484 ΚΔΝΩΝ
3092 5407 3212 5485 ις’.

2240 5523 2258 5554 ι
2311 5504 2544 5574 Ὁμοίως
2566 5503 2785 5574 ἡρεσεν,
2823 5502 2913 5556 tvo.
2945 5501 3244 5556 ἐπίσκοποί
3296 5501 3411 5559 καὶη
3437 5501 3808 5576 πρεσϐύτεροι

2312 5617 2330 5650 ι
2369 5597 2464 5651 καὶ
2493 5594 3098 5666 διάκονοικὲκλήπτορες
3125 5601 3200 5664 μὴ
3225 5594 3486 5664 γίνωνται
3509 5596 3544 5666 η
3569 5610 3812 5666 προκου-

2310 5711 2325 5737 ι
2372 5691 2615 5759 ράτορες,
2644 5686 2780 5758 μηδὲ
2824 5673 2889 5740 εκ
2920 5704 3063 5749 τινος
3091 5686 3320 5757 αἰσχροῦ
3349 5685 3388 5758 ἢ
3413 5684 3617 5757 ἀτίμου
3657 5688 3809 5757 πρά-

2314 5803 2328 5829 ι
2369 5798 2578 5851 γματος
2608 5778 2816 5851 τροφὴν
2851 5777 3504 5860 πορίζωντανὸφείλουσι
3534 5778 3642 5848 γάρ
3663 5779 3808 5833 ἀπο.
