4138 6202
497 258 568 323 87
1762 267 1862 326 Τί]
1875 266 2039 328 EOD.
2085 266 2176 327 BA
2188 271 2488 340 LSAMON
3671 283 3743 350 88

497 370 603 427 Sed
638 383 689 424 et
724 371 878 437 illud,
937 381 1062 426 ante
1120 375 1420 444 completos
1481 377 1718 445 quinque
1765 386 1818 431 et
1872 377 2049 445 vigint‘

2167 384 2436 449 δοθέντος,
2466 390 2540 461 μὴ
2577 389 3044 464 ἀπαγορευθῆναι,
3091 394 3377 454 ἐκώλυσαν
3401 399 3449 454 ot
3496 399 3748 473 Πατέρες

497 479 669 517 annos
700 479 806 516 nou
844 465 1083 518 ordinari
1113 465 1426 533 diaconum,
1477 471 1526 522 in
1581 469 1809 523 diversis
1843 468 2068 524 canoni-

494 557 595 611 bus
620 557 896 610 decretum
931 568 1033 612 est.
1065 558 1400 615 Prohibitum
1428 574 1513 616 est
1542 569 1720 616 autem
1749 562 2064 626 lectoribus,

495 665 562 702 ne
594 651 810 717 expleto
865 653 1169 707 ministerio
1215 661 1282 707 ad
1324 656 1580 724 populum
1641 656 1891 710 conversi
1941 669 2065 709 eum

492 740 727 793 salutent.
768 759 780 793 :
815 753 870 795 ut
901 743 994 811 qui
1054 742 1200 797 solos
1239 753 1371 799 tunc
1424 745 1622 798 debent
1655 745 1965 798 sacerdotes
2012 750 2068 796 et

491 832 767 887 antistites
803 833 1054 895 adorare,
1105 842 1160 888 et
1209 848 1319 888 non
1351 833 1517 888 laicos
1573 835 1662 902 qui
1724 833 1776 885 in
1835 830 2066 886 ecclesia

489 938 914 996 congregantur.
949 928 1052 997 Ipsi
1085 928 1228 982 enim
1255 939 1384 984 sunt
1414 933 1611 983 sacrati
1645 946 1657 980 :
1685 927 1912 997 populus
1932 939 2065 980 vero

489 1021 684 1091 procul
733 1031 816 1075 est
845 1035 873 1072 a
913 1021 1220 1076 sacerdotio
1269 1031 1323 1076 et
1361 1023 1792 1076 consecratione.
1830 1021 1908 1073 Ac
1949 1020 2066 1086 ipse

490 1114 670 1180 potius
704 1113 933 1169 lectores
962 1113 1191 1169 adorare
1218 1115 1437 1169 deberet
1463 1122 1679 1182 propter
1699 1113 2062 1166 ministerium

489 1221 703 1260 eorum.
741 1203 881 1275 Lege
907 1217 1217 1260 sanctorum
1251 1206 1620 1274 apostolorum
1680 1220 1920 1260 canones
1967 1203 2059 1266 Π,

491 1298 580 1361 l8,
611 1297 697 1360 l9,
721 1296 812 1360 95.
839 1298 930 1361 26,
963 1298 1155 1367 synodi
1181 1298 1385 1369 Ancyr.
1407 1313 1670 1351 canonem
1707 1297 1793 1358 li),
1813 1307 1868 1350 et
1900 1295 2063 1351 (Ilial-

491 1390 816 1444 cedonensis
871 1405 1107 1445 canones
1144 1390 1231 1451 14,
1269 1390 1356 1455 l5,
1404 1399 1570 1444 sexve
1614 1404 1875 1443 canonem
1911 1390 1962 1453 5,
2000 1388 2056 1451 4,

487 1481 542 1544 6,
578 1481 664 1542 12,
701 1481 787 1546 15,
815 1479 906 1548 48,
956 1481 1051 1549 58,
1103 1491 1157 1537 et
1205 1482 1376 1537 sancti
1411 1480 1595 1536 Basilii
1647 1496 1885 1537 canones
1911 1481 1966 1547 ὅ,
2002 1482 2058 1548 6,

487 1573 579 1638 49,
619 1575 707 1637 70,

557 1876 626 1930 Et
649 1875 888 1930 edictum
913 1875 1128 1945 quidem
1155 1876 1481 1932 sanctissimi
1508 1876 1831 1947 patriarchae
1851 1874 2058 1930 domini

483 1965 644 2025 [ηοω
672 1967 752 2024 sic
804 1983 862 2023 se
910 1968 1070 2023 habet
1105 1967 1328 2023 :Mense
1389 1968 1669 2024 Decembri
1710 1969 1795 2022 die
1850 1968 1905 2032 8,
1978 1968 2061 2022 iu-

487 2065 618 2119 dict.
652 2064 706 2121 6.
745 2063 840 2120 Sin
875 2075 1051 2119 autem
1090 2066 1249 2118 etiam
1273 2064 1360 2120 ille
1389 2065 1556 2127 Ozan,
1588 2064 1677 2132 qui
1709 2061 1942 2117 divinant
1969 2076 2057 2114 ar-

483 2174 628 2219 eam,
652 2174 775 2228 qua:
802 2158 1174 2219 evertebalur,
1209 2157 1408 2225 attigit,
1446 2172 1552 2210 non
1582 2171 1746 2225 parvo
1792 2152 2057 2224 supplicio

483 2250 713 2306 affectus
746 2258 828 2307 est
847 2249 1014 2320 (atqui
1040 2246 1154 2316 ejus
1181 2259 1297 2304 erat
1321 2249 1628 2302 institutum
1654 2247 1797 2301 illam
1822 2249 2054 2314 erigere,

481 2356 591 2395 non
617 2339 878 2410 diruere),
904 2338 1029 2406 quis
1057 2348 1138 2393 est
1170 2338 1303 2392 adeo
1333 2339 1529 2403 audax,
1562 2348 1616 2392 et
1664 2338 1729 2391 ad
1757 2347 2052 2390 extremam

480 2447 652 2500 usque
707 2430 1098 2500 impudentiam
1156 2430 1634 2498 arrogantiamque
1682 2428 1879 2492 elatus,
1914 2428 2054 2482 malo

478 2526 703 2582 omnino
751 2525 946 2596 spiritu
989 2527 1202 2592 ductus,
1262 2525 1353 2594 qui
1391 2538 1498 2578 non
1544 2525 1717 2578 solum
1774 2524 1951 2577 divina
1998 2532 2055 2579 et

478 2619 779 2687 spirituaiia
805 2618 1057 2672 mandata
1095 2617 1148 2672 in
1183 2618 1451 2688 integrum
1475 2633 1580 2671 non
1609 2616 1742 2683 vult,
1770 2617 1863 2672 sed
1886 2615 2050 2671 etiam

480 2713 532 2765 in
563 2712 899 2765 contrarium
951 2710 1306 2780 detorquens,
1373 2726 1435 2765 ea
1482 2710 1814 2765 labefactare
1856 2724 1919 2764 ac
1963 2709 2053 2763 de-

477 2815 690 2860 smtere
726 2804 1070 2874 impudenter
1099 2805 1338 2868 molitur,
1394 2819 1568 2873 eaque
1599 2803 1893 2857 dissolvere
1928 2815 2048 2872 qtae

477 2895 632 2950 firme
661 2913 721 2951 ac
748 2895 1014 2950 stabiliter
1050 2896 1226 2950 locata
1285 2906 1432 2961 sunt,
1472 2905 1526 2948 et
1582 2912 1643 2950 ea
1704 2909 2046 2949 commovere

477 3003 597 3054 qua:
623 2987 980 3056 conquassari
1015 3001 1120 3039 non
1171 2995 1416 3055 possunt,
1454 2996 1513 3040 ut
1551 3003 1673 3057 quae
1719 2987 1829 3040 sint
1881 2985 2050 3039 aediﬁ-

2087 1718 2135 1778 Β

2171 475 2350 564 ῥητῶς
2381 477 2473 530 καὶ
2508 481 2686 535 τοῦτο.
2727 483 2888 538 Ἀλλά
2913 488 3009 540 καὶ
3035 486 3098 542 τδ
3128 490 3240 561 πρὸ
3289 492 3746 564 συμπληρώσεως

2169 562 2249 618 κε’
2274 568 2535 624 ἐνιαυτῶν
2558 574 2634 645 μὴ
2657 579 3087 646 χειροτονεῖσθαι
3114 562 3373 639 διάκονον
3386 586 3446 639 ιν
3459 562 3744 657 διαφόροις

2167 657 2390 711 κανόσιν
2410 657 2664 729 ὥρισται.
2681 665 3088 738 ’Δπηγόρευται
3110 669 3170 726 δὲ
3192 676 3308 736 τοῖς
3330 675 3742 744 ἀναγνώσταις,

2167 746 2226 799 ὲν
2253 746 2333 817 τῷ
2363 750 2602 821 πληροῦν
2626 754 2725 824 τὴν
2744 755 3024 813 διακονίαν
3051 759 3232 816 αὐτῶν
3250 763 3584 836 στρέφεσθαι
3602 763 3744 836 πρὸς

2164 837 2256 890 τὸν
2277 840 2448 909 δῆμον
2478 842 2573 895 καὶ
2608 852 2956 916 προσκυνεῖν,
2989 853 3067 913 ὡς
3093 853 3370 922 ὀφείλουσι
3397 858 3524 911 τότε
3564 872 3744 927 προσ-

2165 931 2350 982 κυνεῖν
2384 931 2580 998 μόνους
2627 939 2754 999 τοίις
2791 941 2957 1012 ἱερεῖς
2993 943 3085 997 καὶ
3114 945 3240 1008 τοὺς
3289 945 3594 1018 ἀρχιερεῖς,
3619 946 3743 1000 ’καὶ

2164 1020 2286 1091 οὐχὶ
2312 1022 2434 1083 τοὺς
2461 1023 2686 1093 λαῖκοὺς
2715 1034 2840 1097 τοὺς
2866 1037 2922 1088 ὲν
2951 1037 3017 1108 τῇ
3061 1036 3359 1110 Ἐκκλησία
3390 1038 3745 1109 συναθροιζο-

2167 1121 2364 1190 μένους
2387 1139 2402 1154 ⁶
2437 1126 2485 1178 oi
2520 1127 2618 1189 μὲν
2643 1128 2750 1197 γὰρ
2777 1129 3054 1198 ίέρωνται,
3076 1134 3123 1184 o!
3146 1131 3202 1184 δὲ
3220 1130 3315 1184 τοῦ
3341 1132 3514 1202 δήμου
3544 1132 3740 1200 ττόρρω

2161 1220 2261 1290 τῆς
2291 1219 2592 1293 ἱερωσύνης
2623 1222 2752 1274 είσί.
2791 1223 2900 1274 Καὶ
2932 1214 3080 1276 οὗτοι
3107 1222 3310 1291 μᾶλλον
3332 1224 3458 1286 τοὺς
3488 1221 3743 1291 ἀναγνώ-

2164 1330 2295 1376 στας
2321 1315 2646 1383 προσκυνεῖν
2676 1314 2978 1382 όιρείλουσι,
3037 1314 3128 1367 διά
3156 1313 3256 1381 τὴν
3287 1315 3594 1384 ὑπουργίαν
3628 1315 3733 1370 αύ-

2159 1406 2290 1460 τῶν.
2329 1403 2630 1473 Ἀνάγνωθι
2692 1403 2801 1458 τῶν
2835 1404 3008 1474 ἁγίων
3034 1405 3353 1460 ἀποστόλων
3404 1403 3610 1459 κανόνα
3643 1401 3740 1471 ιζ’,

2164 1502 2253 1566 ιη’,
2289 1495 2375 1560 ιϐ’,
2410 1502 2508 1559 κε’,
2539 1502 2655 1561 κς’,
2681 1494 2902 1548 συνόδου
2927 1494 3208 1565 Ἀγκύρας
3229 1496 3436 1550 κανόνα
3457 1502 3512 1556 t',
3543 1497 3640 1566 τῆς
3677 1499 3740 1550 ἐν

2160 1589 2468 1657 Χαλκηδόνι
2497 1588 2702 1641 κανόνα
2733 1585 2815 1652 ιδ’,
2845 1593 2908 1642 ιε·
2933 1604 2946 1620 ο
2982 1587 3083 1654 τῆς
3120 1593 3174 1653 ς’
3206 1588 3407 1642 κανόνα
3434 1586 3508 1656 γ’,
3551 1589 3616 1652 δ’,
3657 1597 3742 1656 ς’,

2165 1677 2252 1749 ‘poi
2294 1676 2382 1746 ‘Y'i
2415 1683 2528 1748 il’i'.
2562 1683 2666 1749 νη’,
2693 1679 2785 1733 καὶ
2816 1677 2911 1733 τοῦ
2941 1680 3101 1750 ἁγίου
3126 1680 3413 1735 Βασιλείου
3438 1683 3639 1737 κανόνα
3663 1689 3739 1750 γ’,

2167 1771 2243 1836 ς’,
2279 1771 2355 1836 ἔθ’
2377 1771 2471 1825 καὶ
2501 1778 2564 1827 o'.

2237 1861 2311 1913 Τὸ
2347 1863 2532 1931 μέντοι
2564 1863 2863 1932 σημείωμα
2918 1864 3015 1917 τοῦ
3053 1864 3360 1934 ἀγιωτάτου
3394 1868 3739 1938 πατριάρχου

2163 1955 2353 2022 κυρίου
2375 1955 2557 2006 Λουκᾶ
2578 1955 2690 2024 ἔχει
2713 1955 2905 2020 οὕτως’
2939 1957 3085 2028 Μηνὶ
3106 1959 3426 2029 Δεκεμϐρίῳ
3460 1957 3530 2031 η’,
3550 1961 3740 2033 ἡμέρα

2163 2049 2212 2097 α’
2249 2043 2578 2109 ίνδικτιῶνος
2614 2059 2688 2109 ς’.
2723 2047 2785 2101 Ei
2814 2047 2872 2100 δὲ
2902 2049 2996 2101 καὶ
3037 2049 3202 2112 Ὀζὰν
3229 2051 3436 2110 ἐκεῖνος
3454 2053 3562 2122 ’τῆς
3583 2052 3739 2117 Θείας

2163 2136 2396 2190 κιϐωτοῦ
2430 2141 2885 2212 παρατραπείσης
2911 2141 3190 2215 ἁψάμενος
3239 2145 3303 2200 ού
3356 2146 3579 2219 μικρὸν)
3605 2164 3744 2201 κατ·

2162 2228 2357 2299 εκρίθη
2395 2229 2456 2283 τὸ
2485 2231 2764 2302 ἐπιτίμιον
2814 2234 3026 2303 (καίτοι
3079 2236 3284 2300 σκοπὸς
3333 2237 3392 2293 ιν
3419 2237 3569 2307 αύτῷ
3597 2238 3741 2309 πρὸς

2161 2322 2461 2393 ἀνόρθωσιν
2484 2323 2709 2394 ταύτης,
2748 2324 2810 2379 οὐ
2853 2326 2992 2398 πρὸς
3039 2327 3420 2402 καθαίρεσιν),
3446 2329 3530 2394 τίς
3587 2327 3739 2385 οὕτω

2158 2415 2427 2486 τολμηρὸς
2449 2415 2542 2469 καὶ
2563 2417 2641 2481 είς
2667 2416 2905 2489 ἐσχάτην
2929 2419 3205 2476 ἀναίδειαν
3225 2423 3321 2477 καὶ
3346 2423 3738 2495 ὑπερηφανίαν

2155 2506 2480 2577 ἐξενεχθεὶς,
2509 2510 2786 2581 πνεύματι
2817 2510 3039 2577 πάντως
3066 2513 3338 2584 ἀγόμενος
3378 2514 3630 2588 πονηρῷ,
3674 2515 3738 2579 ὃς

2157 2596 2235 2668 μὴ
2296 2599 2458 2668 μόνον
2515 2601 2617 2654 οὐκ
2675 2601 3014 2674 ἐπανορθοῦν
3055 2606 3294 2675 αἱρεῖται
3347 2608 3418 2664 τά
3483 2605 3605 2663 θεία
3635 2610 3736 2665 καὶ

2154 2691 2507 2762 πνευματικά
2524 2692 2901 2764 διατάγματα,
2927 2696 3066 2752 ἀλλά
3093 2700 3189 2753 καὶ
3205 2699 3306 2771 τὴν
3332 2699 3583 2754 ἑναντίαν
3608 2717 3736 2771 τρε-

2154 2783 2415 2849 πόμενος,
2440 2786 2846 2852 παρασαλεύειν
2891 2787 3063 2842 ταῦτα
3094 2791 3192 2844 καὶ
3247 2791 3533 2863 καθαιρεῖν
3569 2793 3732 2847 ἀναι-

2151 2875 2402 2938 δεύεται,
2431 2875 2529 2932 καὶ
2556 2878 2861 2948 παραλύειν
2889 2881 2958 2934 τὰ
2992 2882 3209 2950 παγίως
3245 2884 3588 2955 ἢδρασμένα,
3632 2887 3732 2938 καὶ

2153 2977 2479 3043 παρακινεῖν
2507 2977 2577 3031 τά
2603 2977 2899 3043 ἀσάλευτα,
2931 2977 3351 3048 ᾠκοδομημένα,
3391 2976 3572 3042 καθώς
3625 2995 3732 3048 φη-

475 3087 615 3141 cata,
648 3088 706 3129 ut
733 3075 906 3137 aiunt.
940 3090 1100 3144 supra
1144 3075 1555 3131 {tinniatnentutn
1596 3076 1963 3145 apostolorum
1991 3087 2047 3130 et

2153 3085 2259 3134 σιν,
2300 3070 2392 3123 ἐπὶ
2419 3068 2497 3140 τῷ
2516 3069 2760 3142 ,θεμελίῳ
2792 3070 2902 3124 τῶν
2923 3071 3240 3125 ἀποστόλων
3273 3071 3370 3125 καὶ
3399 3073 3732 3142 προφητῶν;

476 3168 908 3240 prophetarum?
931 3169 1224 3240 Propterea
1264 3183 1448 3225 nostra
1486 3185 1705 3239 quoque
1741 3171 2046 3225 moderatio

475 3279 579 3318 non
633 3263 914 3318 ferendum
975 3279 1098 3320 esse
1158 3271 1272 3318 rata
1332 3264 1529 3319 malam
1598 3265 2043 3321 consuetudinem

473 3356 649 3411 adhuc
681 3357 907 3420 servari,
939 3373 1062 3426 quae
1101 3356 1282 3412 divina
1341 3365 1397 3412 et
1442 3355 1680 3411 humana
1738 3355 2043 3421 confundit,

471 3461 526 3502 ct
562 3449 839 3515 Ecclesiae,
864 3465 985 3517 qum
1023 3459 1108 3505 est
1141 3450 1209 3504 ab
1242 3449 1390 3504 omni
1421 3447 1842 3520 reprehensione
1871 3447 2043 3503 aliena

475 3541 564 3596 liei
598 3557 819 3609 sponsa,
848 3542 1223 3596 constitutioni
1254 3556 1359 3596 nou
1387 3540 1636 3610 vulgares
1665 3539 1904 3595 maculas
1929 3540 2049 3594 inu-

473 3635 560 3698 rit,
593 3650 820 3702 quaeque
844 3633 1094 3702 superbia
1119 3643 1171 3687 et
1199 3649 1335 3687 vana
1370 3633 1758 3703 negotiatione,
1779 3641 1835 3688 et
1864 3633 1917 3686 in
1951 3635 2040 3698 iis,

470 3741 594 3795 qum
626 3737 753 3779 sunt
784 3726 992 3793 abjecta
1033 3726 1098 3778 ab
1137 3741 1309 3794 eaque
1346 3725 1721 3787 abhorrentia,
1767 3726 1947 3780 studio
1989 3733 2045 3780 et

471 3819 676 3881 labore,
707 3827 762 3872 et
789 3817 1317 3886 turpibusprzeterea
1349 3817 1534 3880 lueris,
1562 3819 1680 3886 ejus
1704 3819 2042 3872 honestatem

468 3911 921 3979 splendoremque
942 3909 1161 3980 polluit;
1192 3909 1366 3962 visum
1394 3917 1476 3962 est
1498 3925 1614 3964 eam
1639 3923 1758 3962 esse
1783 3907 2044 3963 radicitus

467 4004 824 4070 evellendam,
850 4013 908 4057 ut
940 4020 1045 4057 non
1079 4004 1308 4072 amplius
1343 4013 1632 4057 enascatur
1655 4002 1806 4057 radix
1843 4002 2045 4055 amari-

471 4095 695 4161 tudinis,
731 4095 1026 4149 secuudum
1087 4095 1328 4148 divinum
1370 4094 1701 4162 apostolum,
1763 4108 1858 4160 per
1900 4108 2043 4162 prai-

467 4193 677 4239 sentem
709 4195 950 4239 nostram
987 4185 1322 4252 spiritualem
1356 4195 1411 4240 et
1437 4183 1599 4256 537
1627 4195 1910 4254 paternam
1943 4186 2043 4239 do-

466 4277 720 4343 ctrinam,
744 4294 861 4346 qua:
885 4292 1108 4347 scepum
1141 4277 1357 4346 quidem
1380 4287 1564 4346 aperte
1590 4273 1838 4331 declarat
1863 4290 2044 4331 causa:

467 4371 756 4439 prepositae
788 4371 853 4424 de
903 4370 990 4434 iis,
1028 4369 1121 4439 qui
1165 4383 1379 4424 sacram
1424 4368 1803 4423 auctoritatem
1859 4367 2038 4424 sortiti

467 4474 615 4531 sunt,
646 4473 703 4519 et
734 4461 1088 4519 saecularibus
1103 4465 1316 4532 seipsos
1342 4463 1754 4532 magistratibus
1779 4472 1835 4518 et
1864 4462 2043 4535 digni-

469 4558 674 4612 tatibus
699 4555 956 4626 curisque
993 4571 1056 4610 ac
1086 4555 1316 4625 negotiis
1355 4555 1653 4624 implicant.
1690 4555 1770 4610 Ad
1813 4557 2039 4610 verbum

466 4661 646 4704 autem
668 4649 750 4703 sic
789 4663 848 4705 se
885 4649 1087 4705 habet:
1113 4651 1206 4712 lis,
1227 4650 1318 4718 qui
1347 4648 1762 4714 sacerdotalem,
1791 4648 2045 4720 inquiunt

466 4742 676 4802 Patres,
703 4741 1023 4811 dignitatem
1067 4742 1244 4797 sortiti
1282 4751 1431 4807 sunt,
1460 4740 1768 4796 testimonia
1811 4751 1864 4796 et
1903 4756 2043 4810 pne-

466 4835 610 4890 clara
656 4834 798 4890 facta
857 4845 984 4888 sunt
1022 4835 1411 4890 canonicamm
1459 4836 1910 4890 ceustitutionum
1959 4835 2043 4889 in-

465 4925 847 4989 t‘urmationes,
891 4940 1029 4993 quas
1082 4927 1246 4979 etiam
1291 4927 1538 4980 lubenter
1571 4927 1940 4991 admittentes,
1974 4927 2041 4980 ad

469 5017 756 5070 Dutninum
790 5016 958 5069 Deum
979 5034 1106 5071 cum
1132 5018 1331 5071 Davide
1363 5017 1452 5073 Dei
1483 5033 1729 5083 praecone
1753 5020 2035 5072 Caninius:

468 5110 537 5164 lit
572 5113 656 5163 via
710 5111 1125 5163 testimoniorum
1155 5122 1366 5162 tuorum
1398 5112 1688 5164 delectatus
1742 5127 1880 5172 sum,
1919 5121 2040 5162 tan-

464 5221 620 5271 quam
655 5205 710 5255 iit
741 5201 978 5256 omnibus
1017 5202 1214 5256 divitiis
1247 5201 1309 5255 ”.
1353 5203 1417 5256 Et
1463 5219 1648 5257 rursus
1686 5219 1700 5255 :
1761 5201 2040 5256 Mandaui

465 5298 725 5358 justitiam
749 5311 768 5358 ;
799 5295 1095 5348 testimonia
1121 5306 1210 5347 tua
1247 5295 1303 5346 in
1327 5305 1581 5347 retentum
1607 5299 1733 5347 doce
1757 5311 1858 5358 me,
1885 5304 1934 5348 et
1962 5295 2037 5348 vi-

466 5406 580 5441 tum
613 5388 679 5442 ”.
711 5389 864 5456 Quod
896 5389 938 5441 si
977 5405 1076 5443 vox
1112 5388 1425 5455 pmphetica
1470 5405 1566 5442 nos
1592 5388 1748 5456 jubet
1780 5391 1832 5443 in
1872 5401 2033 5443 :eter-

467 5497 594 5534 num
636 5479 727 5532 Dei
767 5481 1073 5533 testimonia
1132 5481 1428 5544 custodire,
1477 5490 1532 5534 et
1573 5482 1626 5535 in
1667 5483 1800 5550 ipsis
1833 5485 2034 5547 vivere,

467 5576 812 5630 manifestum
849 5589 928 5632 est
967 5591 1029 5631 ea
1069 5577 1391 5630 inconcussa
1424 5589 1476 5630 et
1527 5575 1672 5629 nulla
1710 5578 1921 5630 ratione
1953 5577 2034 5630 la-

528 5752 573 5800 ιι
602 5749 746 5819 Ρδειί.
800 5766 985 5810 cum.
1042 5753 1122 5806 Η.
1211 5753 1255 5785 ³⁸
1294 5755 1424 5809 ibid.
1474 5754 1578 5816 138

2151 3163 2250 3214 Διά
2298 3161 2458 3217 τοῦτο
2523 3163 2617 3216 καὶ
2675 3163 3039 3234 ὴμετριότης
3093 3165 3248 3234 ἡμῶν
3301 3165 3401 3218 ούκ
3429 3167 3734 3234 ἀνασχετὸν

2149 3255 2476 3325 ἡγησαμένη
2508 3255 2752 3326 πονηρὰν
2782 3257 3070 3327 συνήθειαν
3101 3257 3196 3312 καὶ
3231 3258 3313 3311 ἔτι
3350 3261 3598 3326 κρατεῖν,
3633 3278 3726 3329 μι-

2147 3347 2422 3416 γνύουσαν
2447 3348 2565 3402 θεῖά
2597 3366 2652 3402 τε
2689 3349 2783 3402 καὶ
2815 3349 3157 3419 ἀνθρώπινα,
3195 3350 3292 3404 καὶ
3349 3354 3416 3422 τῇ
3471 3351 3570 3422 τῆς
3602 3350 3731 3406 Ἐκ-

2147 3443 2378 3511 κλησίας
2409 3443 2770 3509 καταστάσει,
2809 3445 2909 3513 τῆς
2949 3443 3259 3514 ἀμωμήτου
3320 3443 3540 3515 νύμφης
3590 3445 3732 3516 Χρι-

2149 3536 2299 3596 στοῦ,
2350 3535 2571 3598 σπίλους
2600 3538 2661 3590 ού
2696 3538 2826 3600 τοὺς
2856 3535 3117 3606 τυχόντας
3165 3536 3728 3607 προσεπιτρίὼυσαν,

2146 3631 2241 3684 καὶ
2271 3631 2426 3701 τύφῳ
2457 3632 2548 3683 καὶ
2570 3629 2799 3702 ἀσχολίᾳ
2824 3629 3052 3703 ματαία,
3079 3632 3173 3685 καὶ
3198 3633 3265 3700 τῇ
3291 3631 3423 3704 περὶ
3446 3630 3514 3684 τά
3541 3631 3728 3683 είκαία

2147 3724 2244 3780 καὶ
2272 3723 2444 3794 ταύτῃ
2481 3724 2757 3795 ἀπᾴδοντα
2777 3724 3094 3797 διακονήσει
3133 3741 3194 3780 τε
3243 3725 3337 3777 καὶ
3384 3723 3615 3794 σπουδῇ,
3643 3723 3729 3776 ἔτι

2145 3833 2209 3886 γε
2243 3815 2348 3886 μὴν
2371 3817 2465 3869 καὶ
2495 3815 2750 3888 ἀκερδέσι
2782 3817 2844 3870 τὺ
2872 3816 3070 3885 σεμνὸν
3101 3816 3310 3888 ταύτης
3343 3817 3731 3889 καταρρυπαί-

2145 3925 2368 3970 νουσαν,
2398 3908 2673 3979 ηύδόκησε
2700 3906 2915 3979 ῥιζόθεν
2942 3907 3148 3980 ταύτην
3177 3909 3500 3978 ἀποτεμεῖν,
3529 3908 3617 3960 ἵνα
3652 3909 3729 3979 μὴ

2147 3999 2276 4073 ῥίζα
2313 4002 2538 4070 πικρίας
2565 4001 2661 4055 καὶ
2693 3999 2773 4054 ἔτι
2815 4002 2946 4072 φυῇ,
2995 4003 3138 4057 κατά
3167 4001 3259 4056 τὸν
3312 4003 3452 4055 θεῖον
3489 4001 3730 4055 ἀπόστο-

2145 4094 2262 4156 λον,
2286 4093 2375 4148 διὰ
2403 4093 2503 4164 τῆς
2534 4093 2820 4165 παρούσης
2872 4093 3146 4166 ἡμετέρας
3199 4094 3583 4165 πνευματικῆς
3632 4095 3731 4149 καὶ

2146 4186 2426 4258 πατρικῆς
2453 4187 2759 4252 διαλαλιᾶς,
2797 4186 2898 4257 τῆς
2930 4186 3204 4256 δηλούσης
3262 4188 3364 4258 μὲν
3389 4187 3480 4241 τὸν
3516 4188 3725 4240 σκοπὸν

2146 4281 2399 4352 φανερῶς
2419 4280 2522 4351 τῆς
2545 4280 2911 4352 προτεθείσης
2935 4279 3253 4346 ὑποθέσεως
3271 4282 3403 4351 περὶ
3429 4282 3539 4334 τῶν
3572 4283 3730 4352 ἱερὰν

2148 4367 2308 4434 ἀξίαν
2342 4367 2640 4438 λαχόντων,
2671 4369 2768 4423 καὶ
2800 4372 3099 4440 κοσμικαῖς
3129 4371 3360 4434 ἑαυτοὺς
3422 4371 3736 4442 ὲμπλεκόνο’

2143 4479 2257 4515 των
2284 4462 2477 4533 ἀρχαῖς
2508 4465 2602 4515 καὶ
2624 4461 2802 4526 ἀξίαις
2855 4463 2951 4518 καὶ
2977 4461 3228 4534 φροντίσι
3257 4465 3352 4517 καὶ
3385 4467 3678 4546 πράγμασι
3708 4508 3724 4531 ,

2141 4553 2288 4608 οὕτω
2317 4553 2374 4607 δὲ
2411 4555 2557 4606 κατά
2590 4554 2745 4623 ῥῆμα
2768 4551 3025 4624 ἐχούσης,
3078 4555 3205 4618 Τοῖς
3258 4558 3359 4626 τὴν
3418 4556 3727 4626 ἱερατικὴν,

2146 4645 2315 4715 φασιν
2338 4647 2389 4699 οί
2425 4645 2690 4717 Πατέρις,
2721 4646 2981 4716 λαχοῦσιν
3004 4646 3184 4711 ἀξίαν,
3225 4647 3506 4719 μαρτύριά
3539 4665 3598 4701 τε
3629 4651 3730 4703 καὶ

2145 4739 2551 4810 κατορθώματα
2586 4741 2640 4792 αί
2693 4739 2799 4792 τῶν
2849 4739 3152 4793 κανονικῶν
3185 4739 3484 4807 διατάξεων
3518 4742 3726 4794 ὑποτυ-

2146 4831 2354 4892 πώσεις
2386 4831 2543 4890 εἰσὶν,
2572 4829 2638 4892 ἃς
2670 4831 2765 4884 καὶ
2799 4832 3053 4901 ἀσμένως
3104 4831 3413 4901 δεχόμενοι,
3446 4833 3578 4903 πρὸς
3631 4835 3726 4887 τὸν

2150 4925 2428 4995 Δεσπότην
2451 4924 2583 4976 Θεὸν
2621 4923 2759 4993 μετὰ
2781 4923 2946 4976 Δαϐιδ
2979 4923 3072 4976 τοῦ
3104 4923 3472 4993 θεοφάντορος
3496 4925 3724 4996 ᾀδομενυ

2159 5015 2262 5070 Ἐν
2297 5016 2370 5082 τῇ
2408 5014 2528 5080 ὀδῷ
2557 5015 2676 5067 τῶν
2705 5016 3050 5085 μαρτυρίων
3106 5029 3223 5070 σου
3262 5014 3578 5086 ἐτέρφθην,
3641 5021 3727 5084 ὡς

2144 5109 2241 5164 ἐπί
2266 5110 2444 5163 παντί
2468 5109 2711 5175 πλούτῳ
2730 5123 2744 5139 ο
2775 5109 2872 5162 καὶ
2908 5108 3068 5173 αὖθις
3092 5126 3105 5140 ·
3151 5111 3464 5165 Ἐνετείλω
3491 5111 3721 5166 δικαιο-

2144 5205 2367 5269 σύνηνέ
2395 5201 2468 5256 τὰ
2485 5201 2782 5272 μαρτύριὰ
2811 5219 2931 5257 σου
2975 5207 3065 5270 είς
3093 5205 3202 5257 τὸν
3238 5203 3426 5259 αἰῶνα
3481 5203 3737 5259 συκέην(

2143 5297 2261 5349 σόν
2286 5315 2381 5366 με,
2420 5296 2517 5350 καί
2549 5295 2826 5366 ζήσομαι.
2861 5297 2972 5350 Καὶ
3000 5298 3160 5370 εῖπερ
3182 5300 3262 5362 είς
3293 5297 3385 5350 τὸν
3411 5299 3586 5350 αίῶνα
3617 5316 3722 5368 φυ-

2139 5387 2359 5442 λάττειν
2383 5389 2516 5458 ἡμῖν
2547 5389 2858 5442 ἐντέλλεται
2884 5389 2918 5460 ἡ
2950 5391 3266 5460 προφητικὴ
3301 5389 3454 5459 φωνὴ
3479 5389 3548 5442 τά
3574 5407 3718 5460 μαρ-

2138 5485 2303 5557 τύρια
2328 5485 2425 5538 τοῦ
2450 5484 2612 5548 θεοῦ,
2645 5487 2738 5540 καὶ
2786 5484 2887 5556 ζῇν
2911 5487 2971 5538 ιν
3001 5487 3208 5550 αὐτοῖς,
3240 5484 3400 5553 δῆλον
3427 5484 3500 5548 ὡς
3532 5485 3712 5555 ἀκρά-

2138 5576 2308 5651 ﬁrma
2341 5577 2438 5648 καὶ
2471 5577 2746 5633 ἀσάλευτα
2793 5569 3169 5647 διαμένουσιν.
3235 5576 3366 5647 ὀτι
3411 5575 3553 5632 οὕτω
3575 5579 3715 5648 φησι
