4084 6202
563 380 625 448 9i

1818 379 2096 442 THEOD.
2116 421 2120 429 τ
2138 382 2539 446 BALSAMON

3751 380 3826 446 92

567 497 1034 554 administratores
1065 497 1151 552 vel
1204 502 1605 564 procuratores.
1645 496 1713 553 Et
1748 498 1913 565 paulo
1966 506 2092 565 post
2125 512 2139 549 :

2267 500 2688 569 ττρατευόμενυς
2713 500 2791 569 τῷ
2812 500 2932 570 Θεῷ
2952 500 3287 572 ἐμπλέκεται
3314 497 3509 552 ἑαυτὸν
3534 497 3823 568 πράγμασι

566 590 754 645 Nullus
784 590 927 646 enim
960 589 1069 644 Deo
1106 588 1346 643 militans
1398 589 1643 658 implicat
1690 602 1753 643 se
1792 589 2146 643 saeuiat-ibus
2176 610 2177 613 η

569 682 821 750 negotiis.
850 680 986 738 Cum
1024 682 1109 736 his
1140 696 1355 749 quoque
1390 695 1564 736 canon
1596 679 1668 733 7'7
1691 678 2148 737 Chalcedonensis
2182 712 2185 717 ‹

569 774 959 845 ὃθεεῖηοόί
988 791 1005 829 :
1038 770 1168 837 Eos,
1200 774 1289 843 qui
1350 773 1513 827 semel
1565 772 1620 827 in
1670 772 1818 827 clero
1869 771 2147 827 constituti

570 876 721 928 sunt,
751 866 836 921 vel
867 865 1186 928 monachos,
1234 865 1523 921 statuimus
1571 874 1746 935 neque
1791 864 1860 920 ad
1891 864 2144 919 militiam

576 974 751 1028 neque
779 959 847 1013 ad
905 959 1218 1014 saecularem
1274 957 1587 1028 dignitatem
1641 959 1943 1013 accedere:
1974 956 2058 1011 vel
2101 954 2147 1010 si

576 1055 676 1107 hoc
710 1050 968 1115 audeant,
1000 1059 1191 1105 et-nen
1218 1050 1535 1120 poenitentia
1561 1050 1711 1105 ducti
1757 1049 1826 1103 ad
1876 1048 1927 1103 id
1966 1063 2154 1104 rever-

579 1152 781 1206 tantur,
836 1143 981 1212 quod
1009 1154 1227 1214 propter
1274 1143 1457 1199 Deum-
1495 1144 1794 1215 elegerunt,
1833 1143 2157 1198 anathema-

577 1236 755 1291 tizari.
785 1235 857 1290 Et
887 1236 1489 1306 Cnnstantinopolitani
1509 1238 1669 1306 primi
1702 1246 1757 1292 et
1792 1237 2018 1293 secundi
2047 1253 2151 1291 un-

577 1329 839 1395 decimus,
870 1328 983 1383 hmc
1015 1329 1085 1383 ita
1122 1332 1189 1384 ad
1223 1330 1441 1384 verbum
1464 1332 1837 1399 persequitur:
1864 1330 2153 1401 Presbyte-

583 1436 673 1475 ros
698 1418 781 1474 vel
810 1420 1067 1476 diaconos
1110 1420 1401 1475 saeculares
1454 1420 1939 1491 magistratus-vel
1992 1435 2151 1476 curas

582 1512 965 1580 suscipientes,
993 1510 1074 1566 vel
1108 1527 1230 1581 qua:
1268 1512 1323 1566 in
1378 1512 1793 1581 magistratuum
1822 1512 2034 1570 aedibus
2063 1514 2149 1568 di-

588 1612 790 1659 cuntur
821 1605 1155 1667 curationes,
1184 1603 1355 1658 divini
1383 1613 1438 1661 et
1479 1604 1623 1662 sacri
1668 1619 1905 1661 canones
1933 1606 2152 1676 deposi‘

580 1695 713 1750 tioni
762 1694 1077 1765 subjiciunt.
1106 1695 1225 1751 Hoc
1262 1711 1391 1767 ergo
1430 1709 1532 1753 nos
1563 1711 1781 1768 quoque
1814 1698 2150 1755 conﬁrman-

582 1797 686 1855 tes,
714 1788 879 1843 etiam
910 1789 977 1843 de
1032 1788 1279 1857 reliquis,-
1316 1788 1409 1859 qui
1448 1790 1505 1845 in
1556 1791 1761 1846 clerum
1803 1792 2150 1859 relati‘sunt,

2256 596 2563 662 κοσμικοῐς.
2618 594 2724 647 Σὺν
2751 595 2964 658 τούτοις
2991 596 3086 649 καὶ
3116 596 3145 648 ό
3196 589 3271 658 oi,”
3306 594 3407 662 τῆς
3431 592 3489 644 ὲν
3524 592 3824 660 Χαλκηδόνι

2256 688 2503 749 συνόδου,
2531 689 2659 747 τοὺς
2684 688 2830 754 ἅπαξ
2888 690 2946 741 ἐν
2972 687 3163 758 κλήρῳ
3220 684 3597 752 τεταγμένους
3637 682 3695 753 η’
3732 683 3827 734 καὶ

2259 780 2530 848 μοναστὰς
2561 780 2847 851 ὡρίσαμεν
2899 780 3035 851 μήτε
3077 779 3170 832 ἐπὶ
3218 776 3511 847 στρατείαν
3547 776 3684 844 μήτε
3736 775 3828 826 ἰπὶ

2257 871 2413 936 ἀξίαν
2444 872 2717 942 κοσμικὴν
2748 871 3006 942 ἔρχεσθαι
3030 888 3042 901 ·
3075 870 3109 941 ἢ
3144 869 3304 922 τοῦτο
3352 866 3693 938 τολμῶντας,
3734 867 3830 919 καὶ

2260 965 2337 1036 μὴ
2374 964 2872 1034 μεταμελομένους,
2902 964 3046 1018 ὥστε
3100 960 3426 1031 ἐπιστρέψαι
3487 959 3581 1013 ἐπὶ
3613 958 3772 1011 τοῦτο
3803 957 3831 1008 ὃ

2256 1056 2344 1110 διὰ
2372 1055 2509 1110 Θεδν
2544 1056 2778 1119 εἴλοντο,
2806 1054 3335 1123 ἀναθεματίξεσθαι.
3390 1053 3499 1105 Καὶ
3537 1052 3565 1104 ὁ
3618 1050 3718 1121 τῆς
3772 1052 3834 1099 ὲν

2256 1149 2831 1215 Κωνσταντινουπόλει
2860 1146 2907 1201 α’
2959 1150 3052 1201 καλ.
3080 1147 3124 1217 β’
3160 1145 3380 1199 συνόδου
3432 1142 3503 1197 ια’
3534 1144 3656 1195 τάδε
3687 1140 3833 1193 κατὰ

2258 1243 2410 1311 ῥῆμα
2436 1240 2659 1305 διέξεισι
2682 1258 2695 1271 ·
2725 1240 2864 1305 τοὺς
2900 1239 3320 1310 πρεσϐυτέρους
3360 1238 3393 1307 ἢ
3426 1235 3710 1293 διακόνους
3734 1250 3833 1284 κο-

2258 1336 2467 1405 σμικὰς
2491 1334 2666 1406 ἀρχὰς
2696 1333 2728 1404 ἦ
2757 1333 3049 1404 φροντίδας
3077 1331 3533 1401 ἀναδεχομένους,
3570 1330 3601 1396 ἢ
3643 1328 3740 1388 τὰς
3773 1330 3834 1378 ὲν

2256 1430 2371 1490 τοῖς
2396 1430 2568 1487 οίκοις
2596 1427 2706 1480 τῶν
2734 1427 3015 1497 ἀρχόντων
3062 1422 3368 1493 λεγομένας
3398 1420 3838 1491 κουρατωρείας,

2257 1522 2308 1574 oi
2346 1520 2482 1574 θεῖοι
2511 1520 2609 1574 καὶ
2659 1521 2793 1589 ἱεροὶ
2846 1520 3075 1581 κανόνες
3114 1517 3437 1587 καθαιρέσει
3488 1512 3841 1569 καθυποϐἀλ-

2257 1612 2430 1667 λουσι.
2469 1611 2647 1665 Τοῦτο
2682 1609 2778 1667 οὖν
2807 1613 2904 1665 καὶ
2930 1614 3095 1683 ἡμεῖς
3126 1606 3548 1678 ἑπικυροῦντες,
3574 1608 3671 1659 καὶ
3702 1604 3840 1673 περὶ

2257 1705 2367 1760 τῶν
2394 1704 2602 1758 λοιπῶν
2635 1703 2745 1779 τῶν
2794 1694 2851 1756 ὲν
2891 1696 3105 1776 κλήρῳΔ
3134 1700 3574 1769 κατειλεγμένων
3605 1697 3843 1767 διοριζό-

2244 1795 2426 1873 μεθα,
2455 1797 2554 1863 ὡς,
2584 1798 2638 1849 ετ
2664 1790 2750 1858 τις
2780 1794 2964 1849 αὐτῶν
2984 1793 3261 1863 κοσμικὰς
3305 1792 3485 1863 ἀρχὰς
3520 1791 3842 1859 μεταχειρί-

580 1881 894 1947 statuimus,
930 1890 1026 1944 ut,
1058 1881 1103 1936 si
1131 1881 1257 1950 quis
1277 1857 1465 1936 eorum
1490 1884 1769 1939 secularia
1806 1884 2017 1955 negotia
2060 1857 2157 1957 ag?

2267 1857 2427 1956 ξὀιτο,
2458 1890 2490 1959 ἥ
2515 1857 2646 1951 Hea;
2677 1857 2741 1941 ἐν
2766 1891 2877 1950 τοῖς
2908 1886 3018 1941 τῶν
3066 1857 3361 1958 ἀρχόντων,
3386 1857 3563 1947 ὀἴκοις
3620 1857 3843 1952 ῆ”προ-

581 1973 879 2044 gradiatur,
902 1970 1009 2038 vel,
1026 1988 1146 2042 qua:
1169 1973 1222 2028 in
1244 1974 1655 2044 magistratuum
1684 1975 1891 2032 adibus
1915 1976 2001 2032 vel
2021 1977 2158 2033 sub-

580 2065 800 2120 urbanis
829 2065 1139 2120 curationes
1197 2065 1453 2123 dieuntur
1477 2109 1495 2133 ,
1526 2066 1807 2138 suscipiat,
1842 2069 1887 2125 is
1911 2080 1978 2125 ex
2009 2068 2157 2125 clero

580 2157 897 2225 expellatur.
931 2154 1115 2212 Nemo’
1139 2160 1285 2213 enim
1326 2165 1522 2226 potest,
1554 2162 1903 2215 'secundum‘
1939 2159 2144 2217 Christi

584 2250 697 2305 veri
728 2248 823 2303 Dei
851 2249 1021 2304 nostri
1049 2249 1256 2305 dictum
1285 2259 1346 2305 et
1392 2250 1736 2306 verissimam
1770 2265 1987 2318 vocem,
2018 2254 2157 2307 duo-

584 2342 679 2395 bus
722 2342 955 2395 «lautitiis
982 2343 1195 2396 servire.
1222 2342 1294 2396 Et
1338 2342 1576 2397 omnino
1623 2342 1897 2399 manifesti
1951 2355 2077 2399 sunt
2104 2354 2161 2399 et

582 2435 757 2503 aperti
786 2433 839 2487 hi
867 2433 1034 2487 divini
1062 2446 1299 2489 canones
1335 2451 1351 2487 :
1380 2442 1436 2489 et
1470 2435 1591 2489 ideo
1619 2449 1727 2489 non
1786 2445 1913 2490 sunt
1978 2446 2158 2491 trans-

584 2525 853 2580 formandi
912 2526 996 2580 vel
1046 2527 1206 2581 aliter
1270 2526 1593 2597 accipiendi.
1653 2525 1710 2581 Si
1761 2530 2157 2585 autem-etiam

585 2630 765 2669 causa
802 2626 1207 2683 procuratorem
1235 2631 1356 2687 qua
1404 2616 1473 2672 ad
1518 2617 1829 2683 ecclesiam,
1881 2620 2035 2688 cujus
2074 2631 2161 2676 est

590 2706 845 2773 clericus,
875 2722 980 2762 non
1018 2708 1277 2777 pertinet,
1311 2708 1431 2763 ﬂeri
1464 2710 1668 2765 clerico
1690 2710 2023 2779 prohibitum
2052 2723 2157 2777 est,

586 2810 675 2863 ne,
702 2799 900 2869 inquit,
928 2799 1109 2854 divina
1151 2799 1453 2855 ministeria
1507 2800 1897 2871 impediantur,
1954 2812 2161 2871 quanto

591 2891 762 2957 magis
801 2891 1246 2960 prohibitumest
1276 2892 1574 2962 majoribus
1606 2894 1963 2949 saecularibus
1992 2909 2164 2960 nego.

590 2984 678 3039 tiis
712 2983 995 3052 implicari,
1024 2996 1145 3053 que
1180 2985 1498 3055 impediunt,
1536 3000 1601 3041 ne
1636 2986 1805 3055 possit
1832 2988 2166 3043 ecclesiasti-

589 3078 671 3130 cis
703 3076 933 3147 negotiis
983 3090 1198 3133 vacare.
1242 3077 1500 3131 Omnibus
1558 3092 1689 3147 ergo
1743 3078 2166 3150 religiosissimis

2254 1979 2492 2044 αστείοις
2514 1979 2815 2048 λεγομένας
2840 1976 3247 2047 κουρατωρείας
3281 1974 3618 2045 ἀναδέχοιτο.
3646 1972 3843 2025 τοῦτον

2252 2071 2349 2127 τοῦ
2371 2070 2573 2125 οἰκείου
2596 2070 2802 2139 κλήρου
2834 2066 3260 2123 ἀποδιώκεσθαι.
3282 2066 3498 2131 Οὐδείς
3567 2065 3677 2136 γὰρ
3738 2062 3847 2117 δεῖν

2254 2182 2451 2230 ναται,
2491 2163 2634 2216 κατὰ
2682 2164 2780 2230 τὴν
2834 2158 2931 2215 τοῦ
2981 2160 3222 2231 Χριστοῦ
3259 2160 3354 2215 τοῦ
3392 2157 3651 2229 ἀληθινοῦ
3696 2155 3872 2211 Θεοῦ

2256 2255 2412 2325 ἡμῶν
2444 2254 2768 2309 αὒτόλεκτον
2804 2254 2897 2307 καὶ
2942 2250 3353 2323 ἁψευδεστάτην
3416 2250 3637 2321 φωνὴν,
3684 2248 3840 2302 δυσί,

2258 2348 2491 2415 κυρίοις
2521 2346 2861 2400 δουλεύειν.
2895 2345 3006 2400 Καὶ
3040 2347 3233 2412 σαφεῖς
3256 2343 3475 2407 πάντως
3497 2344 3549 2396 oi
3565 2343 3701 2396 θεῖοι
3729 2358 3843 2394 καρ-

2258 2439 2409 2500 νόνες
2430 2431 2577 2491 οὗτοι
2616 2439 2709 2492 καὶ
2739 2437 3002 2509 πρόδηλοι
3022 2452 3036 2467 °
3071 2438 3166 2489 καὶ
3203 2434 3292 2489 διὰ
3319 2434 3481 2488 τοῦτο
3511 2434 3839 2501 μεταποιεῖ-

2263 2531 2389 2583 σθαι
2416 2530 2637 2593 τούτους
2666 2530 2725 2583 οὐ
2759 2531 2889 2599 χρή.
2916 2529 2977 2581 Et
3005 2528 3061 2581 δὲ
3085 2528 3180 2581 καὶ
3219 2527 3440 2580 ὲντολέα
3484 2526 3644 2595 δίκης
3680 2522 3835 2591 γίνε-

2262 2623 2387 2675 σθαι
2409 2624 2499 2675 τὸν
2521 2620 2940 2689 κεκληρωμένον
2969 2618 3278 2672 κεκώλυται
3316 2618 3390 2688 μὴ
3434 2615 3748 2686 ἀνηκούσης
3772 2616 3845 2684 τῇ

2262 2716 2527 2785 ἐκκλησίᾳ
2549 2710 2619 2786 ἦς
2668 2716 2781 2767 ἐστι
2835 2714 3118 2784 κληρικδς,
3155 2714 3264 2776 ἵνα,
3321 2712 3476 2781 φησὶ,
3514 2709 3589 2780 μὴ
3612 2710 3668 2761 αἱ
3698 2707 3847 2761 θεῖαι

2263 2808 2560 2876 ὑπηρεσίαι
2592 2805 3113 2875 παρεμποδίζοιντο,
3162 2803 3315 2871 πόσῳ
3336 2799 3850 2856 πλίονκεκώλυται

2268 2901 2479 2966 μείζοσι
2505 2902 2795 2970 κοσμικαῖς
2816 2899 3104 2969 φροντίσιν
3126 2893 3520 2965 ἐμπλέκεσθατ,
3551 2909 3851 2962 trapetum-

2262 2993 2536 3057 διζούσαις
2569 2992 2721 3060 αὕτῷ
2754 2994 2873 3054 ταῖς
2917 2988 3400 3057 ἐκκλησιαστικαῖς
3429 2989 3646 3056 χρείαις
3676 3001 3851 3048 προσο

2265 3088 2567 3157 ευκαιρεῖν.
2618 3086 2763 3139 nam
2792 3081 3447 3143 ·τοίνυν·εὐλαϐεστάτοις
3471 3080 3756 3150 κληρικοϊς
3792 3080 3852 3130 ὲν

592 3169 1059 3236 sanctissimisque
1092 3169 1306 3224 clericis
1333 3171 1385 3224 in
1419 3173 1609 3225 sancio
1657 3170 1865 3239 Spiritu
1918 3172 2160 3239 praecipi-

2270 3179 2410 3249 ἁγίῳ
2442 3176 2882 3246 παρεγγυώμεθα
2910 3175 3187 3242 Πνεύματι
3233 3173 3343 3226 τῶν
3400 3172 3707 3243 είρημένων
3741 3173 3852 3224 ἁπ-

594 3276 733 3326 mus,
770 3270 824 3314 ut
856 3275 887 3316 a
910 3262 1069 3317 dictis
1103 3262 1416 3317 abstineant
1442 3280 1457 3316 :
1495 3262 1578 3317 vel
1606 3263 1782 3316 sciant
1811 3302 1828 3327 ,
1853 3279 1915 3317 se
1945 3264 2165 3333 quidem

593 3356 987 3427 segregationis
1024 3371 1201 3423 parum
1243 3356 1518 3427 subjectos
1562 3356 1712 3421 fore;
1756 3360 1887 3426 quin
1927 3369 1983 3412 et
2018 3361 2167 3428 quod

594 3447 857 3514 majorem
913 3462 1123 3518 quoque
1176 3460 1235 3507 et
1284 3450 1600 3504 canonicam
1654 3448 2005 3503 acerbitatem
2063 3463 2169 3503 non

596 3542 881 3611 effugient,
936 3543 1199 3611 ejusmodi
1262 3542 1611 3597 saecularibus
1676 3540 1910 3609 negotiis
1964 3540 2171 3610 seipsos

596 3636 1059 3705 implicantes.~Ad
1103 3636 1211 3693 hoc
1253 3636 1397 3691 enim
1423 3648 1661 3703 praesens
1714 3648 1930 3704 quoque
1977 3643 2173 3689 nostrte

597 3730 986 3784 mediocritatis
1042 3730 1319 3784 decretum
1399 3725 1785 3781 sacratissimis
1836 3726 2170 3781 antistitibus

597 3820 814 3888 scriptis
842 3820 977 3874 tradi
998 3822 1207 3887 jussum
1237 3827 1340 3883 est,
1366 3828 1425 3871 ut
1448 3817 1611 3872 etiam
1635 3816 1878 3879 clericis,
1918 3816 2012 3886 qui
2046 3826 2176 3873 sunt

603 3913 933 3981 ubicunque,
963 3912 1035 3965 sit
1067 3911 1437 3965 manifestum.

673 4004 917 4059 Edictum
945 4002 1271 4071 patriarchae
1298 4002 1501 4057 domini
1526 4002 1751 4058 Joannis
1775 4003 1856 4059 sic
1886 4019 1945 4059 se
1972 4003 2172 4059 habet:

602 4095 788 4152 Mense
837 4095 1131 4153 Februario
1181 4095 1268 4151 die
1328 4096 1538 4151 decimo
1566 4106 1763 4158 sexto.
1798 4095 1941 4151 feriat
1994 4098 2177 4162 tertia,

606 4186 899 4241 indictione
922 4196 1129 4242 octava.
1222 4184 1371 4243 Cum
1410 4187 1606 4243 multos
1664 4188 2076 4243 ecclesiasticos
2122 4196 2179 4241 et

606 4278 902 4333 monachos
928 4280 1231 4333 videremus
1286 4278 1490 4334 alienas
1537 4295 1731 4336 causas
1780 4281 2096 4343 subeuntes,
2123 4288 2179 4333 et

610 4387 708 4439 pro
738 4372 805 4425 iis
834 4370 1200 4435 decertantes,
1233 4372 1321 4439 qui
1358 4372 1409 4425 in
1433 4371 1681 4426 civilibus
1710 4382 1762 4427 et
1783 4372 2171 4427 ecclesiasticis

599 4464 824 4531 iudiciis
854 4462 1085 4532 litigant,
1151 4465 1221 4517 ab
1262 4462 1627 4517 ecclesiastica
1682 4464 2075 4518 consuetudine
2118 4475 2174 4517 et

2271 3267 2563 3339 ἐχεσθαι·ἢ
2599 3267 2705 3338 μὴν
2732 3268 2935 3320 εἰδέναι
2956 3266 3033 3329 ὡς
3057 3266 3275 3318 ἔσονται
3300 3264 3400 3333 μὲν
3424 3264 3688 3333 επιτιμίῳ
3712 3264 3851 3329 atpo-

2272 3360 2471 3433 ρισμοῦ
2507 3360 2963 3429 ὑποϐεϐλημένοι.
2994 3357 3220 3429 καὶ-τὴν
3253 3357 3427 3427 μείζω
3467 3356 3853 3426 δδ“καιθονικὴν

2238 3452 2581 3524 ,αὐστηρίαν
2628 3452 2687 3503 οὐ
2745 3448 3153 3517 διαφεύξονται.
3214 3448 3504 3517 πράγμασι
3556 3450 3851 3515 κοσμικοτς

2268 3546 2533 3609 τοιούτοις
2557 3542 2926 3613 ἐμπλέκοντες
2950 3540 3201 3603 ἑαυτούς.
3242 3540 3370 3593 Ἐπὶ
3397 3539 3576 3609 τούτῳ
3613 3540 3727 3610 γὰρ
3758 3540 3852 3593 καὶ

2269 3639 2299 3690 ό
2322 3636 2513 3706 παρὼν
2537 3634 2813 3704 ἔγγραφος
2840 3632 3066 3701 ὁρισμὸς
3118 3635 3218 3702 τῆς
3266 3631 3427 3702 ἡμῶν
3493 3631 3854 3701 μετριότητος

2272 3728 2508 3789 καὶτοῖς
2544 3727 2865 3797 ἱερωτάτοις
2900 3723 3255 3796 ἀρχιερεῦσιν
3322 3721 3643 3792 ἐπιδοθῆναι
3696 3722 3851 3775 τετύ-

2273 3839 2475 3883 πωται,
2498 3819 2591 3873 ἵνα
2610 3820 2705 3873 καὶ
2737 3822 2849 3883 τοῖς
2882 3816 3200 3888 ἁπανταχοῦ
3229 3818 3518 3886 κληρικοῖς
3543 3814 3855 3885 κατάδηλος

2273 3916 2506 3984 γένηται

2347 4005 2421 4059 Τὸ
2448 4006 2739 4075 σημείωμα
2784 4002 2878 4056 τοῦ
2928 4000 3526 4073 πατριάρχουοΚῦρίου
3603 3997 3855 4052 Ἰωάννου

2275 4099 2391 4169 εχει
2425 4098 2601 4161 οὕτως
2623 4115 2637 4130 ο
2660 4099 2809 4164 Μηνὶ
2864 4094 3220 4166 Φεϐρουαρίῳ
3249 4092 3347 4158 ις’,
3380 4092 3564 4164 ἡμέρᾳ
3612 4092 3684 4159 γ’,
3724 4092 3855 4146 ίνδιοι

2277 4186 2609 4257 κτιῶνοςή’,
2650 4187 2879 4249 πολλοὺς
2913 4184 3024 4237 τῶν
3055 4182 3529 4253 ἑκκλησιαστικῶν
3561 4181 3656 4236 καὶ
3689 4198 3858 4251 μονα·

2277 4280 2403 4352 χῶν,
2420 4280 2759 4350 καθορῶντες
2780 4278 3073 4339 ,ὑποθέσεις
3098 4274 3389 4343 ἀλλοτρίας
3424 4272 3854 4343 ὑποδυομένους,

2278 4372 2372 4425 καὶ
2402 4367 2986 4439 ὑπεραγωνιζημένους
3013 4367 3119 4418 τῶν
3144 4364 3527 4435 δικαζομένων
3554 4367 3613 4417 ὲν
3638 4364 3861 4418 πολιτιτ

2280 4464 2399 4525 κοῖς
2454 4463 2551 4515 καὶ
2584 4460 3067 4529 ὲκκλησιαστικοίς
3118 4457 3515 4525 δικαστηρίοις,
3567 4455 3857 4527 ἀλλότριον

605 4556 785 4627 legum
818 4553 1104 4624 gravitate,
1128 4557 1270 4621 quod
1306 4555 1486 4619 fiebat,
1519 4556 1801 4622 indignum
1844 4556 2166 4623 iudicantes.

2278 4556 2375 4623 τῆς
2402 4553 2858 4623 ἐκκλησιαστικῆς
2906 4549 3195 4621 συνηθείας
3258 4549 3352 4602 καὶ
3387 4548 3479 4617 τῆς
3522 4547 3635 4600 τῶν
3667 4548 3857 4617 νόμων

605 4648 912 4712 statuimus,
956 4656 1016 4701 ut
1065 4662 1225 4701 nemo
1257 4647 1535 4714 deinceps,
1577 4663 1676 4702 nec
1724 4648 2041 4710 monachus,
2079 4662 2176 4700 nee

605 4739 747 4793 ullus
796 4738 1223 4803 ecclesiasticus,
1256 4739 1461 4793 alienas
1519 4739 1712 4793 causas
1765 4739 2066 4805 suscipiens
2123 4740 2174 4792 in

602 4828 809 4899 judicio
857 4830 1129 4885 defendat.
1185 4832 1241 4884 id
1272 4832 1415 4884 enim
1460 4840 1543 4885 est
1585 4841 1783 4899 aperte
1839 4820 2174 4885 mercenaria

608 4938 796 4989 opera.
836 4923 901 4977 Et
932 4938 1093 4977 nemo
1125 4925 1229 4977 tale
1257 4924 1384 4992 quid
1421 4940 1584 4995 agens
1611 4933 1805 4979 nostrae
1854 4922 2180 4977 moderatio-

610 5016 695 5072 nis
730 5015 1051 5085 supplicium
1086 5016 1343 5087 eﬂ’tigiet:
1378 5026 1759 5085 praeterquam,
1804 5016 1848 5070 si
1890 5016 2028 5071 forte
2054 5030 2176 5069 cum

609 5109 687 5165 sit
726 5123 889 5162 causa
924 5107 1323 5175 ecclesiastica,
1356 5124 1382 5161 a
1418 5108 1571 5163 nobis
1593 5101 2180 5178 jubeamralterutrius

610 5200 939 5270 litigantium
977 5199 1169 5267 partis
1229 5199 1595 5253 defensionem
1662 5199 1959 5266 suscipere.
2026 5198 2181 5253 Tunc

609 5299 755 5351 enim
786 5301 1146 5365 praeterquam
1176 5293 1320 5363 quod
1350 5309 1378 5346 a
1423 5294 1851 5363 reprehensione
1899 5294 2007 5346 erit
2046 5291 2182 5347 alie-

612 5404 737 5450 nus,
771 5389 822 5443 in
851 5402 1063 5457 pinnam
1099 5400 1314 5455 quoque
1344 5399 1449 5439 non
1489 5386 1667 5439 cadet.
1706 5382 1953 5438 Prusens
2002 5394 2179 5441 autem

615 5478 849 5532 edictum
902 5478 1158 5531 omnibus
1208 5491 1425 5546 quoque
1474 5474 1728 5530 civilibus
1775 5474 2050 5543 judicibus
2082 5476 2183 5546 legi

612 5573 825 5643 jussum
861 5580 967 5633 est,
1000 5580 1087 5636 ut,
1118 5584 1241 5624 cum
1281 5567 1448 5623 nostri
1479 5566 1679 5622 decreti
1747 5566 2029 5622 Scientiam
2086 5568 2185 5622 ha-

619 5665 862 5727 buerint.
886 5679 979 5719 eos
1010 5660 1235 5717 omnino
1259 5675 1367 5716 non
1396 5660 1693 5716 admittant
1716 5664 1781 5714 ad
1804 5660 2035 5713 ullorum
2058 5675 2186 5714 cau-

622 5773 712 5812 sas
740 5756 995 5827 agendas.
1026 5754 1123 5811 Vis
1147 5764 1326 5810 autem
1368 5752 1531 5809 edicti
1569 5753 1771 5809 domini
1814 5752 2040 5806 Michael
2071 5754 2183 5806 bzec

624 5856 702 5901 est
742 5868 747 5901 :
786 5844 963 5903 Mense
980 5846 1237 5902 Januario
1264 5847 1346 5900 die
1364 5845 1573 5901 decimo
1601 5844 1780 5909 tertio,
1813 5833 1947 5898 feria
1971 5851 2182 5907 quarta,

2277 4644 2565 4715 ἀκριϐείας
2619 4650 2678 4695 τὸ
2728 4642 3103 4712 πραττόμενον
3158 4640 3469 4710 κρίναντες,
3499 4639 3858 4708 διοριζόμεθα

2282 4734 2483 4809 μηκέτι
2517 4736 2613 4789 τοῦ
2654 4735 2843 4788 λοιποῦ
2888 4736 3027 4804 μήτε
3093 4732 3327 4803 μοναχὸν
3396 4732 3537 4802 μήτε
3592 4732 3705 4783 τῶν
3731 4748 3860 4782 τινα

2278 4829 2749 4901 ἑκκλησιαστικῶν
2794 4826 3083 4895 ἀλλοτρίας
3120 4826 3346 4893 ἀγωγὰς
3385 4825 3855 4894 ὕπεισερχόμενον

2280 4923 2337 4976 ὲν
2357 4921 2695 4993 δικαστηρίῳ
2720 4920 3065 4989 συνηγορεῖν.
3098 4916 3427 4987 Ἐργολαϐία
3456 4918 3572 4986 γὰρ
3588 4918 3859 4985 ἄντικρυς

2280 5013 2456 5067 τοῦτο.
2508 5014 2618 5065 Καὶ
2646 5011 2752 5066 ,οὐκ
2797 5010 2983 5073 ἄντις
3017 5006 3259 5060 τοιοῦτόν
3308 5025 3362 5060 τι
3384 5006 3865 5077 διαπραττόμενος

2279 5105 2508 5176 τὴνλάπὸ
2524 5104 2628 5170 τῆς
2656 5104 2811 5172 ἡμῶν
2840 5102 3190 5173 μετριότητος
3220 5100 3541 5171 ἐπιτίμησιν
3562 5100 3863 5169 διαφεύξη-

2280 5215 2391 5261 ται,
2420 5198 2633 5267 πλὴνεί
2668 5198 2836 5267 μήπω
2866 5194 3331 5263 ὲκκλησιαστικῆς
3358 5194 3665 5254 ὑποθέσεως
3688 5193 3870 5265 οὔσης-

2282 5289 2600 5359 κελευσθείη
2630 5283 2785 5357 ’παρ⁹
2838 5286 2995 5357 ἡμῶν
3048 5285 3565 5357 ὁπεραγωνίζεσθαι
3620 5286 3861 5355 θατέρου

2287 5381 2489 5451 μέρους
2520 5379 2627 5431 τῶν
2653 5377 3042 5445 δικαζομένων.
3104 5373 3427 5445 Τηνικαῦτα
3479 5374 3589 5445 γὰρ
3621 5371 3739 5439 litt
3763 5378 3864 5428 σὺν

2283 5472 2362 5542 τῷ
2405 5472 2679 5543 ἀμέμπτῳ
2706 5472 2801 5523 καὶ
2825 5472 2885 5522 τὸ
2916 5469 3335 5539 ἀνεπιτίμητον.
3366 5468 3445 5523 Τδ
3468 5469 3528 5522 δὲ
3551 5466 3729 5537 παρὸν
3757 5484 3862 5537 ση-
3892 5484 3895 5487 '

2290 5566 2506 5636 μείωμα
2539 5560 3035 5631 ὑπαναγνωσθῆναι
3060 5559 3272 5631 ὡρίσθη
3302 5560 3400 5614 καὶ
3439 5562 3577 5614 πᾶσι
3602 5554 3716 5621 τοῖς
3749 5572 3871 5611 πο-

2285 5658 2513 5718 λιτικοῖς
2544 5650 2849 5718 δικασταῖς,
2894 5652 2984 5717 ἶν’,
3020 5653 3297 5706 ἐντεῦθεν
3329 5652 3540 5725 εὶδησιν
3601 5649 3863 5711 λαϐόντες

2287 5748 2383 5802 τοῦ
2408 5746 2679 5815 ἡμετέρου
2708 5745 3018 5815 διορισμοῦ,
3054 5747 3131 5816 μὴ
3154 5744 3557 5815 προσδέχωνται
3596 5743 3721 5804 τοὺς
3743 5758 3863 5793 τοι-

2291 5841 2481 5901 ούτους
2513 5840 2592 5899 ct;
2619 5836 2681 5887 τὸ
2733 5838 2874 5887 τισὶν
2901 5834 3038 5897 ὅλως
3073 5838 3380 5903 συντηρεῖν.
3432 5834 3495 5887 'ii
3529 5832 3583 5885 δὲ
3630 5831 3863 5903 δύναμις
