4138 6202
553 332 621 394 95
1811 333 2081 395 THEOD.
2129 334 2358 393 BALSA
2370 334 2528 395 ΜοΝ
3723 333 3800 396 96

551 445 741 496 milites
771 444 920 513 degit
949 443 1016 498 ³⁵.
1049 443 1200 511 Quod
1225 444 1271 498 si
1320 445 1386 499 de
1428 447 1649 515 profana
1697 446 1884 500 militia
1928 460 2114 497 verum

2224 443 2321 513 κὴν
2350 446 2805 516 στρατευομένοις
2841 444 3133 517 στρατείαν
3161 443 3320 499 τοῦτο
3351 444 3595 517 εἴρηται,
3617 444 3800 516 πολλῷ

549 545 666 598 est,
703 547 850 590 certe
882 536 935 589 in
973 553 1090 600 eos,
1138 537 1230 606 qui
1255 537 1452 593 divina:
1485 537 1694 594 militiae
1749 539 1800 592 in
1833 553 1990 592 sacro
2022 552 2114 590 or-

545 624 672 678 dine
704 626 999 691 mancipati
1049 636 1197 692 sunt,
1254 629 1412 698 longe
1461 631 1927 684 accommodatius
1981 645 2114 698 qua-

544 716 748 770 drabit.
779 716 855 772 De
886 717 1180 775 lectoribus
1230 735 1359 775 vero
1393 724 1535 791 quod
1581 723 1847 790 sequitur,
1907 733 1964 776 ut
2009 737 2110 788 pu-

546 809 777 865 bertatis
833 819 1114 880 tempore,
1168 825 1364 883 quarto
1425 816 1637 870 decimo
1702 817 1915 872 scilicet
1971 831 2113 871 anno

541 904 780 970 expleto,
813 904 892 959 vel
920 907 1265 960 matrimonio
1285 907 1458 977 jungi,
1492 909 1570 962 vel
1596 909 1902 965 cmlibatum
1945 911 2116 979 protl-

547 994 649 1047 teri
676 1006 942 1065 cogantur
975 1013 991 1050 ι
1025 1014 1093 1051 an
1129 1013 1190 1054 ea
1220 1000 1272 1053 in
1309 999 1564 1055 Africana
1602 1003 1840 1056 Ecclesia
1881 1017 2110 1056 consue-

542 1088 673 1139 tudo
706 1086 997 1142 inoleverit
1029 1090 1169 1144 baud
1223 1090 1382 1147 facile
1410 1093 1668 1148 dixerim.
1715 1094 1775 1148 ln
1818 1094 1937 1148 aliis
1966 1105 2114 1149 certe

542 1172 804 1230 Ecclesiis
832 1178 973 1232 baud
999 1180 1171 1248 viget;
1208 1181 1316 1235 imo
1341 1197 1440 1236 nec
1469 1182 1580 1238 ullo
1602 1199 1838 1254 unquam
1873 1193 2112 1252 tempore

541 1265 782 1333 viguisse
811 1281 915 1337 ego
962 1271 1180 1338 quidem
1227 1274 1479 1329 existimo
1507 1276 1865 1342 ;adversatur
1913 1277 2114 1346 quippe

542 1368 852 1412 sanctorum
920 1362 1287 1428 aposmlorum
1338 1365 1598 1420 vicesimo
1652 1375 1808 1421 sexto
1873 1368 2108 1430 cauoni,

542 1451 634 1518 qui
662 1452 960 1507 lectoribus
1003 1464 1058 1507 et
1093 1457 1428 1521 cantoribus,
1481 1468 1766 1528 postquam
1815 1459 1867 1512 in
1904 1459 2109 1512 clerum

542 1545 763 1613 ascripti
817 1544 1057 1612 fuerint,
1121 1564 1316 1604 uxores
1385 1550 1661 1605 ducendas
1710 1564 1834 1605 esse
1878 1549 2109 1613 statuit,

542 1651 718 1706 neque
750 1648 955 1714 certum
984 1639 1201 1708 aliquod
1225 1649 1433 1710 tempus
1458 1642 1766 1710 nuptiarum
1789 1639 2107 1709 praescribit,

2221 537 2421 605 μᾶλλον
2449 539 2681 608 ἁρμόσει
2707 539 2822 603 τοῖς
2850 538 2929 609 τῷ
2952 539 3071 608 Θεῷ
3097 539 3561 609 στρατευομένοις
3581 536 3673 593 διὰ
3695 539 3798 607 τῆς

2222 630 2546 701 ἱερωσύνης.
2580 633 2655 685 Τὸ
2707 632 2763 686 δὲ
2799 632 2927 695 τοὺς
2960 632 3320 698 ἀναγνώστας
3370 631 3432 684 ὲν
3485 629 3563 700 τῷ
3611 631 3796 700 καιρῷ

2216 721 2313 790 τῆς
2345 723 2506 793 ἥϐης,
2527 726 2695 793 ἤγουν
2715 723 2852 790 μετὰ
2873 725 2965 777 τὸν
2997 725 3058 779 ιδ’
3092 723 3347 777 ἐνιαυτὸν
3377 723 3792 790 ἀναγκάζεσθαι

2215 813 2249 882 ἢ
2294 817 2459 886 γάμῳ
2487 815 2769 884 ὁμιλῆσαι,
2804 817 2837 886 ἢ
2871 816 3114 884 ἀγαμίαν
3148 816 3506 887 ὑποσχέσθαι,
3542 816 3646 869 οὐκ
3673 812 3797 870 οἴδα

2215 906 2263 957 εἱ
2294 909 2441 974 παρὰ
2475 911 2585 968 τοῖς
2635 908 2694 959 ὲν
2723 908 2960 975 Ἀφρικῇ
3021 906 3322 975 ἐκράτησε.
3369 904 3530 975 Παρὰ
3561 905 3620 958 δὲ
3666 909 3791 967 ταῖς

2214 994 2400 1057 ἄλλαις
2442 996 2789 1065 Ἐκκλησίαις
2843 997 2902 1048 οὐ
2937 999 3171 1062 κρατεῖ*
3231 990 3387 1064 οἶμαι
3441 994 3499 1047 δὲ
3556 995 3638 1048 ὅτι
3669 997 3795 1048 οὐδὲ

2217 1087 2436 1141 πώποτε
2487 1089 2813 1159 ἐκράτησεν,
2867 1087 3291 1153 ἑναντιούμενον
3320 1084 3401 1154 τῷ
3433 1084 3525 1151 κς⁹
3554 1086 3792 1138 ἀποστοο

2213 1177 2349 1248 λικῷ
2380 1179 2586 1241 κανόνι,
2618 1179 2856 1251 ὁρίζοντι
2883 1178 3239 1246 ἀναγνώστας
3271 1177 3368 1230 καὶ
3392 1177 3623 1246 ψάλτας,
3649 1178 3795 1246 μετὰ

2213 1267 2276 1320 τὸ
2331 1270 2413 1331 εἰς
2464 1268 2667 1339 κλῆρον
2717 1268 3030 1338 προελθεῖν,
3066 1270 3286 1337 γαμεῖν,
3322 1266 3417 1322 καὶ
3477 1267 3554 1338 μὴ
3584 1267 3790 1338 καιρὸν

2214 1361 2398 1422 αὐτοῖς
2427 1360 2524 1414 τοῦ
2567 1362 2748 1431 γάμου
2803 1359 3066 1431 ὁρίζοντι,
3104 1361 3245 1433 μήτε
3305 1360 3640 1429 ἐγκράτειαν
3687 1363 3794 1413 ἑπ-

2213 1453 2577 1522 αγγέλλεσθαι
2616 1455 2959 1509 ἀπαιτοῦντι.
2991 1454 3065 1506 To
3095 1454 3151 1508 δὲ
3180 1453 3449 1520 δανείζειν
3490 1455 3620 1516 τοὺς
3657 1453 3800 1524 κλη-

2217 1548 2400 1618 ρικοὺς
2453 1546 2546 1600 ἐπὶ
2603 1546 2784 1609 τόκοις
2834 1547 3052 1611 πολλοῖς
3111 1547 3490 1616 ἀπηγόρευται
3557 1546 3794 1600 κανόσι·

2213 1639 2309 1692 καὶ
2338 1631 2495 1700 οὗτος
2526 1638 2585 1691 δὲ
2613 1639 2674 1692 τὸ
2706 1639 2842 1693 αὐτὸ
2867 1637 3112 1692 κελεύειο
3167 1638 3263 1692 καί
3295 1653 3484 1710 φησιν,
3516 1637 3614 1692 ἐὰν
3656 1637 3801 1707 χρή-

541 1740 634 1783 aut
667 1729 850 1800 aliqua
881 1747 975 1786 eos
1019 1735 1369 1789 continentiae
1411 1733 1752 1803 professione
1793 1735 2111 1806 obligandos

2224 1747 2365 1799 ματα
2397 1731 2518 1802 ἢτοι
2551 1731 2869 1801 νομίσματα
2899 1729 2976 1796 δῷ
3002 1728 3268 1800 κληρικδς
3296 1731 3354 1782 ιν
3377 1729 3599 1800 χρήσει,
3622 1728 3804 1799 ἧγουν

540 1838 663 1878 esse
693 1828 961 1880 decernit.
1004 1826 1077 1879 De
1107 1826 1291 1881 fenore
1328 1842 1492 1897 porro
1520 1843 1546 1880 a
1581 1828 1793 1882 clericis
1819 1843 1924 1882 non
1952 1842 2115 1882 exer-

2224 1795 2437 1895 δανείση
2469 1822 2538 1876 τὰ
2564 1795 2850 1894 χρήματα,
2881 1795 3131 1876 τουτέστι
3159 1795 3802 1890 τοσαῦταηλίιψεταιίκαὶ

540 1917 713 1970 cendo
747 1917 900 1969 nmlti
926 1933 1168 1972 canones
1188 1928 1403 1973 exstant
1434 1936 1448 1973 :
1492 1920 1746 1990 idemque
1773 1920 1872 1973 hoc
1896 1932 2115 1988 quoque

541 2022 754 2060 canone
785 2022 851 2061 ne
877 2007 1032 2061 liceat
1065 2009 1449 2074 constitutum;
1473 2025 1538 2063 ac
1567 2010 1614 2064 si
1646 2009 1884 2078 quidem,
1918 2009 2113 2079 inquit,

541 2099 825 2167 pecuniam
879 2111 968 2152 aut
1024 2116 1277 2156 nummos
1326 2101 1554 2156 utendos
1598 2100 1832 2170 cuipiam
1881 2099 2112 2156 clericus

540 2189 896 2258 concesserit,
944 2194 1044 2248 hoc
1071 2204 1173 2259 est,
1212 2203 1432 2248 mutuos
1454 2194 1690 2259 dederit,
1738 2193 1958 2250 totidem
2009 2194 2110 2247 sibi

542 2284 803 2348 vicissim,
836 2300 934 2339 nec
965 2286 1144 2352 plures
1181 2285 1290 2342 ullo
1339 2287 1523 2351 modo,
1573 2295 1727 2342 curet
1766 2285 2113 2343 reddendos:

540 2375 586 2430 si
621 2389 750 2429 vero
782 2377 858 2430 rei
893 2377 1155 2444 speciem,
1202 2376 1531 2433 frumentum
1572 2377 1770 2450 quippe
1792 2388 1888 2434 aut
1909 2379 2113 2444 vinum,

542 2475 638 2519 aut
668 2465 935 2534 ejusmodi
975 2468 1251 2537 quidpiam
1288 2468 1518 2534 dederit,
1552 2470 1912 2535 tantumdem,
1942 2485 2120 2541 quan-

543 2569 662 2612 tum
698 2559 869 2623 dedit,
905 2575 1006 2616 nec
1028 2560 1152 2630 plus
1178 2560 1382 2629 aliquid
1413 2561 1655 2617 vicissim
1683 2561 1940 2633 accipiat.
1979 2561 2115 2620 Illud

542 2667 780 2722 quoque,
837 2669 905 2710 ne
971 2655 1209 2712 minores
1278 2655 1522 2726 quinque
1575 2664 1631 2710 et
1690 2655 1876 2725 viginti
1949 2654 2107 2710 annis

545 2741 761 2796 diaconi
796 2743 1087 2812 eligantur,
1125 2749 1435 2814 complures
1465 2745 1593 2800 item
1643 2759 1884 2800 canones
1923 2747 2112 2798 decre-

545 2851 696 2894 vere.
730 2836 936 2894 Deinde
962 2838 1282 2902 lectoribus,
1339 2855 1408 2894 ne
1450 2840 1665 2908 expleto
1709 2839 2016 2894 ministerio
2053 2851 2113 2892 se

544 2929 612 2982 ad
667 2930 926 3001 populum
980 2931 1252 2986 salutandi
1317 2934 1488 3003 gratia
1546 2939 1899 2996 convertant,
1945 2929 2115 2983 inter-

2219 1915 2281 1970 οὐ
2307 1915 2532 1970 πλείονα
2553 1932 2568 1946 ·
2606 1915 2707 1967 ἐὰν
2749 1915 2804 1968 δὲ
2833 1912 2976 1978 εἶδος
3002 1916 3104 1984 δῷ,
3135 1917 3284 1970 σῖτον
3309 1915 3476 1986 τυχδν
3500 1914 3535 1988 ἢ
3560 1910 3732 1980 οἶνον,
3762 1917 3797 1984 ἢ

2218 2008 2407 2078 ἔτερόν
2438 2025 2492 2060 τι
2523 2007 2790 2071 τοιοῦτον,
2841 2010 2968 2062 ὅσον
3022 2007 3214 2072 ἔδωκε,
3268 2006 3528 2078 λήψεται,
3577 2009 3676 2064 καὶ
3736 2008 3800 2061 οὒ

2217 2098 2402 2154 πλέον.
2433 2101 2545 2153 Καὶ
2587 2100 2648 2153 τὸ
2683 2101 2789 2170 πρὸ
2823 2101 3278 2170 συμπληρώσεως
3309 2108 3385 2152 κε’
3415 2101 3684 2154 ἐνιαυτῶν
3716 2102 3796 2170 μὴ

2217 2190 2645 2262 χειροτονεῖσθαι
2678 2193 2947 2250 διάκονον,
2973 2193 3256 2260 διαφόροις
3284 2193 3506 2246 κανόσιν
3527 2192 3790 2263 ὥρισται.

2231 2283 2633 2356 ’Δπηγόρευται
2687 2284 2742 2338 δὲ
2773 2287 2884 2347 τοῖς
2936 2284 3317 2353 ἀναγνώσταις
3346 2287 3405 2338 ὲν
3436 2285 3514 2354 τῷ
3545 2284 3796 2354 πληροῦν

2216 2376 2317 2449 τὴν
2351 2376 2634 2432 διακονίαν
2675 2377 2854 2430 αὐτῶν
2892 2378 3223 2449 στρέφεσθαι
3261 2378 3399 2449 πρὸς
3448 2381 3541 2433 τὸν
3596 2381 3800 2451 δῆμον,

2218 2467 2316 2522 καὶ
2343 2474 2699 2538 προσκυνεῖν.
2748 2470 2951 2534 Μόνοις
2979 2471 3089 2540 γὰρ
3122 2475 3235 2534 τοῖς
3291 2471 3615 2542 ἀρχιερεῦσι
3673 2471 3803 2525 τότε

2219 2560 2314 2625 καὶ
2336 2563 2450 2626 τοῖς
2487 2561 2730 2632 ἱερεῦσιν
2757 2563 3032 2632 ὀφείλουσι
3059 2567 3409 2636 προσκυνεῖν,
3448 2569 3541 2618 καὶ
3563 2566 3687 2636 οὐχὶ
3721 2567 3804 2635 τῷ

2222 2653 2418 2726 πλήθει
2458 2655 2568 2708 τῶν
2598 2657 2658 2708 ἐν
2683 2659 2752 2727 τῇ
2796 2656 3098 2728 Ἐκκλησία
3158 2659 3684 2731 συναθροιζομένων.
3735 2663 3806 2714 Ol

2222 2746 2324 2816 μὲν
2347 2747 2457 2818 γὰρ
2485 2746 2760 2818 ίέρωνται,
2787 2750 2839 2803 οῖ
2868 2749 2927 2804 δὲ
2951 2751 3047 2804 τοῦ
3077 2751 3250 2823 δήμου
3288 2753 3478 2824 πόρρω
3508 2754 3607 2823 τῆς
3639 2755 3805 2824 ἱερω-

2226 2838 2395 2908 σύνης
2422 2841 2556 2906 είσὶ,
2593 2843 2686 2896 καὶ
2719 2843 2926 2912 μᾶλλον
2953 2845 3222 2914 τιμᾶσθαι
3251 2843 3390 2914 δέον,
3423 2845 3716 2900 καὶταῦτα
3741 2846 3806 2898 ἐν

2222 2931 2402 3002 καιρῷ
2426 2932 2525 3003 τῆς
2549 2932 2856 3004 ὑπουργίας
2883 2937 3084 2992 αὐτῶν.

545 3026 773 3080 dictum.
808 3027 966 3082 Solos
993 3044 1224 3099 namque
1250 3045 1315 3085 eo
1347 3039 1588 3100 tempore
1612 3029 1887 3084 antistites
1907 3031 1978 3096 ζει
2020 3023 2356 3094 sacerdotes,
2377 3045 2487 3086 non
2539 3047 2922 3107 congregatam
2985 3037 3037 3091 in
3095 3036 3321 3093 ecclesia
3375 3037 3801 3094 multitudinem.

545 3119 616 3171 ab
665 3118 733 3172 iis
787 3121 1011 3174 salutari
1055 3118 1137 3174 fas
1182 3129 1282 3175 est.
1337 3120 1440 3190 lpsi
1496 3123 1638 3176 enim
1691 3118 1890 3175 sacrati
1943 3124 2106 3180 sunt,
2147 3116 2435 3177 multitudo
2468 3139 2594 3179 vero
2625 3141 2656 3180 a
2687 3128 2866 3183 sacris
2918 3128 3203 3185 ordinibus
3280 3131 3440 3198 longo
3517 3130 3811 3189 intervallo

547 3210 813 3279 disjunctu
846 3231 860 3266 :
892 3221 948 3267 nt
979 3213 1202 3279 proinde
1229 3213 1294 3268 iis
1321 3214 1500 3283 petius
1535 3230 1564 3268 ιι
1611 3213 1805 3284 populo
1838 3213 2099 3267 honorem
2131 3205 2402 3277 exhiberi,
2439 3216 2739 3282 praesertim
2779 3218 2907 3273 dum
2967 3219 3020 3274 in
3086 3220 3169 3274 sui
3233 3218 3522 3276 ministerii
3567 3219 3813 3275 funCtio-

549 3307 709 3360 nibus
741 3314 1043 3368 versantur,
1066 3317 1312 3375 oporteat

548 3397 776 3454 ARIST.
828 3417 846 3451 ι
879 3399 1200 3470 Episcopus,
1250 3398 1557 3471 presbyter,
1601 3409 1653 3453 et
1701 3399 1963 3455 diaconus
2020 3418 2117 3458 non

2230 3400 2456 3457 ΑΡΙΣΤ.
2496 3418 2516 3452 ι
2555 3396 2906 3461 Ἐπίσκοπος,
2950 3395 3345 3467 πρεσϐύτερος,
3405 3401 3498 3452 καὶ
3530 3398 3804 3463 διάκονος,

626 3511 643 3544 ι
684 3491 818 3546 fiunt
852 3492 1232 3558 conductores,
1263 3509 1442 3562 neque
1491 3504 1895 3563 procuratores.
1927 3493 2125 3549 Lector

629 3607 647 3640 ι
688 3589 861 3655 pubes
905 3585 1083 3642 factus
1116 3588 1201 3641 vel
1255 3589 1665 3643 matrimonium
1719 3589 2010 3644 contrahat
2041 3589 2127 3645 vel

629 3697 649 3731 ι
690 3678 1079 3736 continentiam
1110 3679 1451 3750 profiteatur.
1489 3699 1507 3733 ι

626 3771 943 3838 Episcopos,
988 3781 1042 3825 et
1085 3771 1448 3842 presbyteros,
1499 3781 1553 3826 et
1601 3772 1860 3829 diaconos
1907 3774 2126 3830 fenera-

553 3873 720 3927 tores,
750 3862 913 3934 540
940 3874 1032 3916 aut
1067 3864 1464 3932 possessionum
1494 3865 1795 3934 aliquarum
1828 3867 2129 3923 conducto-

559 3971 677 4018 res,
715 3962 796 4009 vel
833 3955 994 4009 etiam
1033 3956 1347 4023 provisores
1375 3955 1513 4022 fieri,
1562 3965 1617 4012 et
1661 3973 1905 4027 przesens
1950 3974 2125 4016 canon

557 4047 805 4113 prohibet
835 4058 888 4099 et
929 4047 1130 4102 diversi
1164 4047 1278 4102 alii.
1311 4047 1510 4104 Lector
1552 4058 1754 4114 autem,
1805 4053 1896 4121 qui
1947 4052 2126 4124 impn-

558 4136 739 4190 bercm
771 4146 985 4192 aetatem
1045 4139 1387 4207 trausilierit,
1434 4152 1490 4195 et
1541 4141 1734 4211 viginti
1788 4142 1905 4198 fere
1955 4159 2127 4201 annos

560 4232 819 4299 attigerit,
854 4242 908 4286 et
945 4234 1357 4302 hypodiaconus
1393 4234 1508 4290 lieri
1542 4235 1688 4304 cupit
1735 4235 1880 4305 (nam
1935 4238 2127 4308 viginti

561 4325 717 4376 annis
752 4325 934 4392 junior
962 4327 1370 4397 ltypodiaconus
1405 4343 1508 4382 non
1560 4327 1869 4395 ordinatur,
1918 4338 1978 4382 ut
2029 4330 2128 4385 de-

558 4416 734 4471 cimus
754 4416 975 4484 quintus
998 4425 1160 4472 sextae
1184 4420 1236 4472 in
1252 4418 1438 4472 Trullo
1459 4418 1646 4488 synodi
1677 4433 1851 4475 canon
1884 4422 2122 4492 statuit),

563 4511 643 4564 vel
679 4527 898 4566 uxorem
931 4524 1056 4567 ante
1080 4514 1478 4569 ordinationem
1530 4515 1731 4580 ducat,
1767 4514 1853 4567 vel
1887 4515 2126 4569 «:mlibem

558 4619 720 4672 agere
775 4597 1115 4673 proﬁteatur.
1183 4605 1320 4661 Nam
1392 4619 1509 4674 post
1566 4606 1967 4660 ordinationem
2032 4623 2131 4661 nec

558 4699 894 4768 presbytero,
929 4713 1033 4752 nec
1067 4696 1320 4766 diacono,
1368 4713 1468 4753 nec
1507 4697 1887 4770 ltypodiacono
1934 4699 2128 4754 matri-

2306 3514 2328 3546 ι
2363 3493 2703 3562 ἑκλήπτορες
2747 3491 2809 3543 οὐ
2865 3489 3135 3559 γίνονται,
3168 3489 3291 3544 οὐδὲ
3329 3492 3803 3562 προκουρὰτορες.

2305 3610 2325 3642 ι
2375 3588 2434 3640 ὐ
2467 3586 2668 3658 ἄνηϐος
2723 3581 3084 3654 ἀναγνώστης
3131 3583 3166 3652 ἢ
3226 3583 3403 3654 γάμον
3451 3588 3737 3657 αίρείσθω,
3765 3587 3805 3660 ἢ

2305 3698 2324 3732 ι
2361 3679 2691 3749 ἐγκράτειαν
2721 3673 3072 3745 όμολογείτω.
3101 3691 3121 3727 ι

2299 3771 2375 3825 Τὸ
2404 3766 2846 3836 πακτωναρὲους,
2877 3765 2911 3835 ἦ
2956 3764 3235 3834 μισοωτὰς
3267 3768 3571 3837 κτημάτων
3611 3770 3806 3831 τινῶν.

2229 3864 2263 3938 ἢ
2294 3862 2392 3917 καὶ
2427 3858 2737 3932 προνοητὰς
2766 3856 3010 3926 γίνεσθαι
3041 3859 3396 3925 ἐπισκόπους,
3432 3861 3529 3914 καὶ
3558 3863 3810 3933 πρεσϐυ-

2228 3957 2443 4027 τέρους,
2468 3954 2561 4008 καὶ
2587 3952 2898 4016 διακόνους,
2932 3949 3027 4004 καὶ
3053 3951 3082 4004 ὁ
3109 3951 3302 4021 παρὼν
3358 3953 3558 4008 κωλύει
3591 3955 3806 4019 κανὼν,

2229 4050 2328 4108 καὶ
2379 4050 2558 4119 ἕτεροι
2589 4045 2864 4115 διάφοροι.
2907 4043 3293 4116 ’Δναγνὼστης
3340 4044 3398 4100 δὲ
3443 4046 3547 4119 τὴν
3602 4047 3813 4119 ἄνηϐον

2231 4139 2586 4213 ὑπεραναϐὰς
2649 4138 2889 4208 ἡλικίαν,
2942 4136 3040 4190 καὶ
3093 4136 3264 4204 ἐγγύς
3314 4156 3417 4192 που
3463 4139 3570 4194 τῶν
3620 4140 3811 4197 εἴκοσι

2231 4236 2440 4307 χρόνων
2469 4231 2784 4300 γενόμενος,
2820 4228 2915 4283 mi.
2966 4225 3250 4299 βουληθεὶς
3281 4230 3538 4300 γενέσθαι
3581 4233 3816 4288 ὑποδιὰ-

2232 4343 2385 4389 κονος
2416 4322 2556 4389 (οὐδὲ
2581 4322 2692 4392 γὰρ
2720 4321 2902 4392 ἥττων
2941 4318 3052 4374 τῶν
3097 4319 3268 4373 εἴκοσι
3309 4323 3523 4392 χρόνων
3552 4341 3774 4395 χειροτο
3793 4356 3816 4370 .

2231 4422 2404 4473 νεῖται
2427 4413 2808 4479 ὑποδιάκονος,
2839 4410 3021 4476 καθὼς
3043 4413 3072 4465 ό
3097 4413 3585 4480 πεντεκαιδέκατος
3617 4417 3810 4472 κανὼν

2232 4514 2334 4583 τῆς
2364 4513 2420 4563 ὲν
2453 4509 2532 4578 τῷ
2560 4505 2818 4576 Τρούλλῳ
2885 4503 3056 4571 ἕκτης
3091 4504 3313 4558 συνόδου
3357 4503 3740 4573 διαλαμϐάνει)
3772 4513 3813 4581 ἢ

2233 4607 2469 4677 γυναῖκα
2497 4602 2605 4672 πρὸ
2631 4603 2732 4671 τῆς
2771 4598 3113 4671 χειροτονίας
3142 4597 3496 4666 λαμϐανέτω,
3528 4600 3560 4671 ἢ
3598 4601 3814 4671 παρθε..

2233 4699 2413 4754 νεύειν
2438 4694 2797 4766 ὁμολογείτω.
2826 4691 2984 4747 Μετὰ
3018 4691 3130 4758 γὰρ
3157 4691 3257 4760 τὴν
3315 4697 3650 4763 χειροτονίαν
3677 4697 3812 4753 οὔτε

565 4790 798 4843 ικοηίιιῐο
845 4789 1032 4859 iugum
1090 4791 1144 4846 in
1194 4807 1254 4847 se
1307 4792 1586 4861 suscipere
1616 4791 1907 4847 licetzsed
1956 4791 2117 4848 lecto-

2236 4790 2633 4863 πρεσϐύτερος,
2665 4785 2791 4840 οὔτε
2826 4784 3099 4846 διάκονος,
3125 4779 3251 4836 οὔτε
3304 4784 3676 4852 ὑπώιάκονος,
3703 4806 3816 4857 γα-

564 4881 712 4934 ribus
744 4882 875 4937 solis
910 4893 966 4936 et
1014 4885 1329 4940 cantoribus
1351 4884 1480 4940 illud
1527 4886 1877 4956 permittitur,
1935 4902 2129 4956 quem-

561 4972 851 5026 admodum
904 4982 1090 5030 sextus
1154 4987 1319 5031 sexta:
1369 4977 1421 5032 in
1471 4975 1655 5031 Trullo
1705 4977 1898 5049 synodi
1954 4992 2128 5033 canon

562 5064 773 5118 statuit.

1096 5247 1325 5305 CANON
1365 5250 1527 5312 XV".

573 5361 591 5392 ι
636 5340 861 5407 Placuit,
914 5351 973 5398 ut
1015 5343 1338 5402 Mauritania
1391 5348 1752 5417 Sitiplieusis,
1808 5360 1866 5406 ut
1919 5349 2132 5420 petivit,

676 5480 722 5511 ³⁵
751 5483 792 5536 ll
834 5480 972 5538 Tim.
1019 5500 1079 5549 ιι,
1135 5486 1188 5540 4.

2243 4886 2402 4956 μικὸν
2431 4881 2613 4953 ἑαυτῷ
2649 4880 2906 4948 συνιστᾷν
2942 4875 3285 4930 συνοικέσιον
3319 4875 3411 4929 ἐπ’
3436 4876 3623 4942 ἀδείας
3652 4878 3768 4949 ἔχει
3791 4899 3810 4914 ο

2239 4976 2376 5031 ἀλλὰ
2431 4973 2613 5044 μόνοις
2668 4971 2782 5033 τοῖς
2833 4965 3216 5036 ἀναγνώσταις
3239 4968 3336 5021 καὶ
3386 4964 3621 5036 ψάλταις
3649 4970 3822 5025 τοῦτο

2238 5070 2449 5137 ἐφεῖται
2470 5109 2487 5132 ,
2519 5062 2703 5126 καθὼς
2733 5063 2762 5115 ό
2793 5060 2950 5124 ἕκτος
2979 5057 3162 5113 κανὼν
3214 5060 3315 5129 τῆς
3345 5063 3404 5114 ἐν
3432 5061 3512 5130 τῷ
3553 5061 3820 5134 Τρούλλῳ

2239 5163 2406 5230 ἕκτης
2436 5155 2654 5210 συνόδου
2681 5151 2986 5223 παρίστησι

2843 5241 3080 5298 ΚΑΝΩΝ
3107 5240 3204 5296 lZ'.

2251 5366 2270 5398 ι
2314 5339 2678 5414 Ἥρεσεν,ῖνα
2717 5340 2754 5410 ἠ
2804 5335 3152 5408 Μαιιριτανία
3195 5335 3514 5408 Σιτιφένσης
3551 5339 3664 5412 (t6)
3692 5381 3706 5404 ,
3735 5341 3822 5406 ὡς

1748 5619 1945 5683 Guill.
1976 5620 2308 5700 Beveregii
2353 5625 2538 5680 nota).

641 5725 752 5795 (16)
781 5727 912 5780 Ἵνα
940 5729 977 5795 ἠ
1018 5728 1384 5794 Μαυριτιινία
1411 5725 1793 5794 Σιτιφένσης.
1837 5726 1932 5781 Hic
1957 5742 2130 5780 canon

575 5800 635 5849 ut
677 5807 823 5852 recte
877 5798 1233 5869 intelligatur,
1271 5797 1444 5868 prium
1487 5800 1782 5852 tenendum
1843 5807 1947 5861 est,
1989 5797 2130 5850 Afri-

2242 5740 2361 5779 cam
2419 5722 2640 5794 proprie
2700 5722 2780 5777 sic
2811 5722 3035 5794 dictant,
3094 5724 3208 5777 sive
3268 5730 3500 5776 tractum
3560 5722 3726 5774 istum
3787 5738 3820 5774 τι

2239 5797 2376 5849 freto
2421 5792 2692 5850 Gaditana
2739 5795 2803 5847 ad
2853 5793 3217 5847 Cvrenaicam
3283 5793 3563 5860 regionem
3628 5807 3823 5860 pm'rc.
