4084 6202
560 396 663 461 103

1813 393 2093 454 TllEOD.
2140 391 2368 453 BALSA
2380 391 2538 452 MON

3695 383 3801 453 104

550 519 642 564 aut
671 506 854 563 clerici
898 504 1241 572 ordinantur,
1278 504 1346 561 ab
1391 503 1584 559 eodem
1617 501 1671 557 in
1711 501 1778 557 iis
1809 517 1930 571 quae
1957 515 2121 571 syno-

2231 516 2321 554 κον
2353 505 2452 566 δεῖ,
2488 500 2652 571 φησὶν
2699 503 2727 556 ὁ
2770 499 2972 566 κανὼν,
3007 498 3191 568 λέγειν
3237 499 3355 564 τοῖς
3386 508 3798 572 χειροτονουμέ-

550 604 739 656 dorum
769 600 986 655 decreto
1023 599 1088 652 de
1121 599 1246 665 ﬁde,
1276 607 1330 652 et
1363 598 1484 651 vitae
1510 594 1856 650 instituenda!
1887 594 2123 659 ratione,

552 695 726 760 deque
768 693 1137 746 ecclesiastica
1187 689 1655 746 administratione
1709 689 1921 744 sancita
1969 697 2123 752 sunt,

554 785 755 838 erudiri
809 788 1025 846 debent,
1074 795 1128 836 ut
1179 783 1405 853 proinde
1457 783 1528 835 illi
1565 780 1979 836 constitutiones
2025 777 2127 833 Pa-

552 885 696 927 trum
761 877 1009 942 cognitas
1067 884 1310 939 servent,
1372 889 1471 928 nec
1519 887 1615 927 eos
1667 871 1861 926 iisdem
1911 869 2126 925 violatis

554 967 868 1037 paenitentia
919 967 1044 1020 facti
1101 966 1439 1034 postmodum
1491 971 1877 1032 consequatur.
1928 963 2128 1016 Conse-

553 1072 751 1126 qnetur
798 1073 862 1112 ea
912 1075 1167 1127 namque,
1204 1075 1326 1112 cum
1384 1057 1604 1112 admissi
1641 1057 1906 1120 criminis,
1958 1054 2041 1109 vel
2073 1054 2125 1107 in

553 1149 654 1201 hac
685 1163 896 1219 quoque
945 1150 1075 1214 vita,
1110 1149 1192 1202 vel
1225 1149 1277 1203 in
1324 1148 1505 1202 futura
1533 1156 1681 1202 certe
1711 1161 1899 1214 poenas
1921 1145 2127 1215 judicio

556 1239 875 1291 inexorabili
907 1240 1211 1306 expendent

555 1329 782 1384 ARIST.
843 1350 861 1382 ι
903 1331 1242 1402 Synodorum
1291 1329 1488 1400 placita
1544 1329 1766 1383 auribus
1833 1328 1975 1398 ejus,
2033 1325 2126 1397 qui

808 1441 827 1473 ι
859 1425 1190 1478 ordinandus
1232 1432 1336 1488 est,
1370 1422 1799 1477 inculcabuntur.
1852 1439 1872 1473 ι

636 1515 735 1581 Qui
790 1516 1076 1586 episcopus
1130 1516 1215 1570 vel
1274 1515 1502 1570 clericus
1562 1518 1865 1581 ordinatur,
1923 1530 2044 1586 qua
2098 1532 2127 1570 a

556 1607 778 1678 synodis
823 1609 1040 1662 decreta
1090 1617 1216 1664 sunt
1246 1607 1299 1662 in
1334 1623 1496 1661 aures
1539 1608 1675 1675 cjns,
1722 1609 1791 1662 ab
1828 1624 1892 1663 eo
1926 1609 2016 1675 qui
2052 1608 2130 1676 ip-

556 1712 678 1753 sum
726 1698 958 1762 ordinat,
1014 1698 1210 1753 tradita
1248 1699 1400 1752 debet
1434 1700 1690 1767 recipere,
1727 1709 1800 1764 εἰ,
1851 1698 2128 1754 admoneri

555 1803 617 1842 ea
649 1789 877 1842 observa
886 1803 960 1842 rc.

1138 1877 1370 1935 CANON
1412 1877 1532 1932 XX.

564 1989 583 2023 ι
657 1970 924 2026 Similiter
996 1973 1218 2044 placuit,
1279 1986 1333 2029 ut
1399 1975 1748 2029 morientium
1809 1973 2128 2044 corporibus

632 2085 652 2118 ι
697 2068 1026 2122 eucharistia
1078 2085 1180 2120 non
1235 2069 1415 2123 detur.
1478 2070 1753 2139 Scriptum
1808 2079 1892 2124 est
1923 2071 2125 2142 lenim,

635 2175 653 2208 ι
697 2158 962 2223 Accipite,
1013 2158 1331 2210 manducate
1382 2157 1425 2188 ³⁷
1481 2175 1495 2211 :
1565 2157 1894 2212 Mortuorum
1945 2167 2126 2210 autem

636 2268 657 2301 ι
707 2264 938 2316 corpora
983 2264 1079 2303 nec
1116 2250 1363 2317 accipere
1409 2260 1652 2318 possnnt,
1689 2263 1788 2302 nec
1819 2249 2125 2303 comedere.

634 2359 653 2392 ι
690 2342 753 2395 Ει
783 2357 851 2395 ne
877 2355 995 2404 eos,
1022 2340 1111 2409 qui
1135 2340 1246 2409 jam
1278 2351 1406 2394 sunt
1434 2340 1654 2404 mortui,
1691 2339 1951 2409 baptizari
1986 2342 2129 2395 tece-

629 2451 649 2485 ι
689 2434 1208 2503 ritpresbyterorum
1248 2432 1572 2500 ignorantia.
1605 2448 1626 2482 ι

630 2522 830 2578 BALS.
882 2523 1094 2578 Rursus
1145 2523 1235 2578 bie
1282 2538 1454 2576 canon
1503 2522 1659 2592 jubet
1705 2537 1810 2576 non
1868 2524 2124 2592 baptizari

557 2626 827 2682 mortuos,
880 2631 982 2670 nec
1027 2626 1490 2670 sacramentorum
1528 2617 1905 2670 communione
1936 2618 2128 2686 dignos

561 2712 774 2765 haberi.
837 2709 1138 2764 Moricntes
1198 2717 1376 2763 autem
1431 2710 1669 2778 appellat
1724 2724 1839 2776 eos,
1894 2715 1983 2779 qui
2014 2712 2128 2780 jam

560 2805 756 2858 mortui
806 2813 955 2868 sunt,
1006 2818 1112 2858 non
1144 2805 1234 2873 qui
1291 2804 1617 2858 moribundi.
1655 2803 1718 2857 Hi
1770 2804 1912 2858 enim
1955 2806 2129 2872 magis

562 2896 763 2950 debent
815 2907 1130 2950 sanctorum
1180 2895 1562 2967 mysteriorum
1601 2895 1857 2950 viaticum
1892 2910 2128 2962 sumere,

559 3000 612 3043 et
647 3003 861 3042 sacrum
894 2987 1222 3057 baptismum
1260 2989 1531 3058 accipere,
1583 2989 1629 3043 si
1663 3003 1767 3042 non
1804 2989 1910 3042 sint
1949 2989 2128 3057 bapti-

561 3081 690 3133 zati.

2225 606 2337 651 νοις
2381 590 2448 643 τὰ
2486 591 2713 654 δόξαντα
2743 593 2863 654 ταῖς
2895 590 3134 653 συνόδοις
3169 587 3300 663 περί
3327 604 3389 642 τε
3437 590 3675 652 πίστεως
3704 588 3801 642 καὶ

2229 685 2357 754 περῖ
2391 681 2483 736 τοῦ
2535 683 2650 748 πῶς
2683 683 2788 755 χρὴ
2826 683 2996 754 βιοῦν,
3027 683 3120 736 καὶ
3148 681 3216 737 τὰ
3240 680 3676 753 ἐκκλησιαστικὰ
3719 683 3801 734 ol-

2226 774 2497 844 κοδομεῖν,
2547 776 2631 830 ἵνα
2682 776 2885 839 εἰδότες
2927 777 3021 838 τὰς
3071 774 3343 838 διατάξεις
3372 772 3483 828 τῶν
3533 773 3800 844 Πατέρων

2226 867 2347 921 κατ’
2378 869 2550 932 αύτάς
2580 869 2797 931 ποιῶσι,
2830 870 2924 922 καὶ
2955 868 3031 938 μὴ
3068 867 3492 938 μεταμεληθῶσι
3518 865 3801 936 παρ’ὲκεί-

2226 974 2324 1022 νας
2357 958 2660 1022 ποιοῦντες.
2695 959 3252 1030 Μεταμεληθήσονται
3280 959 3335 1012 δὲ
3379 959 3728 1030 εὐθυνόμενοι
3760 957 3797 1026 ἢ

2229 1053 2322 1105 καὶ
2351 1054 2502 1124 ἑντῇ
2535 1051 2789 1128 παρούσῃ
2821 1053 2955 1126 ζωῇ,
2988 1054 3022 1125 ἢ
3057 1053 3193 1116 τέως
3222 1053 3614 1123 ἀπαραιτήτως
3653 1048 3801 1103 κατὰ

2226 1143 2324 1214 τὴν
2355 1143 2679 1214 μέλλουσαν.

2226 1321 2451 1376 ΔΡῙΣΤ.
2487 1339 2506 1372 ι
2547 1320 2629 1374 Τὰ
2673 1322 2793 1385 ταῖς
2837 1322 3074 1386 συνόδοις
3110 1322 3338 1387 δόξαντα
3365 1324 3393 1376 δ
3424 1322 3805 1393 χειροτονηθη-

2589 1433 2608 1466 ι
2659 1415 2883 1484 σόμενος
2945 1416 3384 1487 ὲνωτισθήσεται.
3425 1435 3444 1466 ι

2311 1512 2371 1564 ’0
2398 1508 2870 1580 χειροτονούμενος
2903 1508 3199 1571 ἐπίσκοπος
3228 1510 3260 1579 ἦ
3292 1508 3553 1579 κληρικδς
3590 1507 3802 1576 ὀφείλει

2228 1605 2297 1658 τὰ
2339 1604 2638 1674 δεδογμένα
2672 1606 2792 1667 ταῖς
2848 1603 3086 1665 συνόδοις
3117 1604 3195 1666 είς
3222 1602 3394 1673 ἀκοὰς
3423 1601 3589 1654 ᾶύτοῦ
3623 1617 3804 1672 παρα-

2229 1697 2479 1768 δέχεσθαι
2509 1697 2658 1766 παρά
2687 1695 2781 1750 τοῦ
2810 1697 3244 1766 χειροτονοῦντος
3269 1695 3454 1760 αὐτὸν,
3482 1697 3574 1749 καὶ
3603 1696 3806 1767 ὑπομι-

2234 1789 2574 1862 μνήσκεσθαι
2609 1784 2782 1842 ταῦτα
2811 1787 3121 1856 φυλάττειν.

2834 1883 3074 1937 ΚΔΝΩΝ
3100 1885 3164 1938 Κ¹

2236 1998 2256 2030 ι
2313 1976 2544 2047 Ὁμοίως
2571 1976 2796 2047 ἤρεσεν,
2827 1977 2914 2030 ἵνα
2945 1979 3054 2040 τοῖς
3091 1976 3308 2046 σώμασι
3337 1977 3447 2029 τῶν
3501 1973 3804 2032 τελευτών-

2304 2089 2324 2122 ‹
2369 2087 2478 2123 των
2542 2069 2866 2141 εὐχαριστία
2955 2070 3031 2138 μὴ
3084 2068 3234 2138 δοθῇ.
3291 2069 3608 2136 Γέγραπται
3668 2066 3803 2136 γὰρ,

2303 2180 2326 2216 ε
2367 2161 2609 2227 Λάϐετε,
2661 2159 2921 2231 φάγετεο
2967 2160 3037 2213 τὰ
3079 2161 3135 2212 δὲ
3163 2160 3271 2213 τῶν
3321 2162 3529 2228 νεκρῶν
3571 2160 3804 2229 σώματα

2305 2276 2334 2327 ι,
2370 2255 2492 2310 οὐδὲ
2533 2255 2724 2310 λαϐεῖν
2755 2253 3001 2317 δύναται,
3030 2255 3152 2306 οὐδὲ
3201 2255 3418 2322 φαγεῖν.
3452 2255 3562 2307 Kal.
3597 2254 3683 2307 ῐνα
3721 2254 3799 2324 μὴ

2305 2369 2324 2402 ι
2369 2352 2493 2412 τοὺς
2530 2350 2631 2419 ἤδη
2673 2347 3043 2408 τελευτῶντας
3095 2345 3455 2416 βαπτισθῆναι
3506 2346 3712 2418 ποιήσῃ
3764 2348 3799 2419 ἡ

2305 2461 2325 2491 ι
2370 2441 2480 2494 τῶν
2515 2440 2904 2511 πρεσϐυτέρων
2939 2438 3154 2508 ἄγνοια.
3186 2457 3205 2488 ι

2300 2535 2496 2588 ΒΔΛΣ.
2550 2533 2659 2586 Καὶ
2704 2531 2859 2592 αὖθις
2912 2532 2939 2581 ὁ
2987 2531 3166 2583 κανὼν
3198 2528 3632 2600 παρακελεύεται
3676 2528 3806 2591 τοὺς

2228 2630 2456 2698 νεκροὺς
2491 2628 2626 2696 μήτε
2655 2623 3038 2694 βαπτίζεσθαι,
3074 2627 3210 2693 μήτε
3249 2623 3348 2690 τῆς
3377 2623 3486 2675 τῶν
3519 2621 3800 2690 ἁγιασμά-

2228 2736 2337 2772 των
2381 2717 2738 2787 μεταλήψεως
2776 2714 3078 2779 ἀξιοῦσθαι.
3125 2714 3509 2774 Τελευτῶντας
3555 2714 3610 2766 δὲ
3647 2713 3811 2767 καλεῖ

2227 2809 2357 2872 τοὺς
2401 2809 2502 2878 ἤδη
2537 2807 2989 2877 τελευτήσαντας,
3022 2804 3145 2874 οὐχὶ
3187 2805 3316 2867 τοὺς
3338 2804 3409 2855 τὰ
3440 2803 3642 2872 ἔσχατα
3677 2805 3807 2857 πνέ-

2203 2913 2410 2963 οντας.
2434 2894 2592 2954 Οὗτοι
2623 2900 2730 2968 γὰρ
2761 2899 2962 2966 μᾶλλον
2992 2897 3375 2964 ὲφοδιάζεσθαι
3406 2895 3682 2963 ὀφείλουσι
3714 2896 3804 2949 διὰ
3833 2931 3836 2933 -

2229 2993 2326 3063 τῆς
2355 2991 2463 3043 τῶν
2491 2985 2664 3058 ἁγίων
2697 2989 3018 3059 μυστηρίων
3046 2986 3430 3057 μεταλήψεως,
3462 2988 3556 3040 καὶ
3585 2987 3676 3038 διὰ
3703 2988 3801 3039 τοῦ

2231 3085 2375 3138 θείου
2409 3084 2806 3153 βαπτίσματος,
2835 3083 2931 3135 ἐὰν
2959 3074 3096 3136 ὦσιν
3124 3081 3448 3136 ἀϐάπτιστοι

627 3170 876 3227 ZONAR.
935 3170 1168 3226 Rursum
1223 3172 1290 3228 de
1346 3173 1670 3229 eucharistia
1730 3175 1958 3232 mortuis
2019 3192 2125 3231 non

2301 3176 2549 3231 ZQNAP.
2584 3175 2698 3230 Καὶ
2748 3174 2910 3228 πάλιν
2961 3173 3092 3245 περὶ
3141 3171 3240 3226 τοῦ
3285 3175 3360 3243 μὴ
3403 3173 3528 3232 τοὺς
3571 3172 3800 3242 νεκροὶς

561 3265 918 3334 impertienda
970 3264 1084 3321 haec
1123 3264 1364 3336 synodus
1390 3268 1519 3336 agit.
1568 3266 1825 3334 Quamvis
1854 3269 1997 3324 enim
2034 3271 2125 3324 illa

561 3360 745 3423 dictio,
801 3359 1165 3424 Morientium,
1219 3376 1324 3414 non
1368 3375 1464 3416 eos
1495 3361 1585 3432 qui
1620 3374 1728 3416 vtta
1764 3362 1934 3419 functi
1979 3372 2125 3428 sunt.

558 3451 605 3506 si
656 3452 930 3521 propriam
990 3451 1109 3520 ejus
1139 3452 1584 3522 signiﬁcationem
1636 3465 1869 3523 spectes,
1899 3455 1992 3510 sed
2033 3456 2127 3525 qui

554 3543 666 3611 jam
702 3543 1031 3608 moriuntur,
1068 3542 1376 3613 signiticet;
1425 3553 1606 3598 tamen
1653 3562 1774 3615 qua:
1801 3556 2128 3616 sequuntur,

558 3636 626 3689 de
675 3634 902 3689 mortuis
953 3649 1258 3690 sermonem
1308 3650 1429 3690 esse
1465 3635 1598 3690 satis
1629 3647 1815 3708 aperte
1858 3637 2126 3703 iudicant,

556 3726 685 3795 quia
714 3725 892 3796 inquit
911 3738 1246 3781 mortuorum
1268 3743 1493 3796 corpora
1518 3743 1616 3781 nec
1634 3729 1879 3799 accipere
1907 3741 2132 3797 possunt

560 3831 661 3870 nec
710 3817 1017 3873 comedere.
1069 3818 1169 3884 Qui
1202 3834 1327 3872 vero
1358 3822 1534 3875 adhuc
1566 3824 1706 3877 inter
1756 3825 1906 3877 vivos
1940 3835 2126 3892 agunt,

559 3909 809 3976 quamvis
862 3911 1203 3965 conclamata
1256 3912 1429 3969 salute
1479 3916 1706 3984 exiguus
1755 3916 2128 3973 deﬁcientibus

561 4000 789 4070 spiritus
822 4000 1188 4069 relinquatur,
1225 4016 1538 4061 sanctorum
1569 4009 1948 4078 mysteriorum
1975 4025 2129 4063 cont-

561 4095 817 4149 nmnione
850 4111 958 4150 non
1018 4107 1142 4152 sunt
1170 4098 1436 4168 privandi.
1467 4099 1606 4165 Quin
1636 4099 1958 4170 baptismum
1989 4116 2128 4169 quo-

558 4202 666 4256 que
724 4187 953 4241 mortuis
1011 4203 1078 4242 ex
1125 4191 1465 4244 sacerdotum
1506 4192 1771 4260 imperitia
1823 4193 1910 4247 hic
1955 4207 2128 4248 canon

563 4279 795 4334 conterri
827 4290 993 4335 vetat.
1020 4278 1119 4336 Ubi
1148 4282 1310 4336 etiam
1335 4283 1578 4349 verbum,
1597 4283 1908 4346 Moricntes,
1939 4286 2128 4340 eodem

563 4374 744 4435 modo,
795 4387 905 4440 quo
943 4372 1217 4437 diximus,
1255 4373 1476 4443 intelligi
1529 4384 1760 4442 Oportet.
1803 4374 1937 4427 Dum
1983 4379 2128 4429 enim

563 4463 734 4532 spirat
784 4463 926 4534 quis,
980 4462 1194 4518 divinus
1231 4463 1532 4534 baptismus
1577 4464 1625 4518 ei
1667 4465 1906 4519 conferri
1946 4466 2127 4521 debet.

562 4555 790 4610 ARIST.
825 4574 845 4608 ι
901 4554 1126 4626 Corpori
1174 4555 1283 4609 vita
1350 4556 1592 4610 defuncti
1641 4557 1969 4611 encbaristia
2024 4574 2130 4614 non

641 4668 661 4701 ι
719 4650 882 4703 datur
931 4665 948 4704 :
1000 4665 1104 4704 non
1158 4649 1304 4705 enim
1350 4649 1463 4704 edit
1490 4651 1574 4704 vel
1618 4649 1775 4705 bibit.
1823 4650 2132 4718 Ignorantia

642 4760 660 4793 ι
694 4743 858 4796 etiam
890 4742 1192 4814 presbyteri
1230 4757 1335 4796 non
1367 4742 1660 4812 baptizabit
1686 4753 1976 4798 mortuum.
2009 4761 2028 4795 ι

636 4833 867 4888 Domino
913 4835 1147 4900 dicente,
1195 4834 1448 4903 Accipite,
1497 4837 1656 4896 edite.
1703 4837 1974 4906 quomodo
2015 4836 2138 4904 quis

567 4937 780 4979 mortuo
827 4927 894 4979 de
939 4941 1166 4996 corpore
1213 4929 1396 4983 divino
1446 4931 1666 4984 tradat?
1697 4938 1942 4983 mortuus
1990 4930 2133 4982 enim

565 5035 662 5072 nec
694 5018 940 5087 accipere
989 5029 1184 5088 potest,
1235 5036 1334 5074 nec
1379 5023 1561 5076 cdere.
1617 5021 1722 5077 Sed
1771 5038 1869 5077 nec
1899 5022 2132 5091 baptich

564 5111 832 5179 quispiam
862 5113 970 5164 vita
1013 5111 1277 5168 functura.
1327 5113 1766 5187 Presluytcrorum
1795 5116 1937 5169 enim
1970 5116 2134 5184 igno-

568 5202 745 5255 rantia
800 5204 1028 5258 mortuis
1079 5217 1185 5257 non
1241 5206 1345 5258 erit
1390 5205 1723 5274 adiumento,
1776 5214 1834 5260 ut
1879 5205 2135 5274 baptizati

569 5301 970 5362 reputarentnr.

1144 5405 1374 5461 CANON
1413 5405 1555 5459 ΧΧΙ.

566 5512 584 5544 ι
621 5491 684 5545 Ει
717 5491 839 5543 ideo
875 5488 928 5541 in
965 5489 1069 5542 hac
1098 5499 1287 5542 Sancta
1319 5485 1531 5557 synodo
1567 5484 2009 5541 conﬁrmandum
2047 5494 2151 5546 est.

643 5607 662 5639 ι
698 5595 758 5641 ut
782 5585 1085 5640 secundum
1143 5582 1347 5637 Nicaeui
1372 5580 1590 5636 concilii
1643 5580 1888 5639 decreta.
1930 5590 2157 5650 propter

638 5701 656 5733 ι
690 5696 885 5735 causas
918 5680 1341 5742 ecclesiasticas,
1384 5692 1506 5746 quae
1537 5691 1679 5744 smpc
1707 5676 1775 5728 ad
1814 5676 1995 5744 populi
2032 5689 2156 5742 per-

637 5793 654 5828 ι
686 5775 879 5828 ιιὶιτιοιιι
904 5775 1282 5843 autiquantnr,
1314 5772 1548 5841 singulis
1571 5772 1734 5826 anuis
1769 5772 1859 5824 liat
1885 5771 2149 5839 synodus.

635 5889 678 5920 "
701 5887 892 5944 Matth.
931 5907 1076 5957 xxvr,
1111 5891 1202 5945 ‘16.

437 6131 682 6169 ἡ

2231 3270 2329 3340 τῆς
2374 3269 2483 3323 τῶν
2526 3269 2688 3322 θείων
2744 3268 3060 3338 μυστηρίων
3111 3266 3468 3335 μεταλήψεως
3512 3265 3698 3330 ἀξιοῦν
3763 3267 3801 3334 ἡ

2232 3364 2452 3427 σύνοδος
2481 3360 2818 3429 διαλέγεται.
2847 3360 2912 3414 Εί
2945 3359 3054 3429 γὰρ
3083 3360 3176 3412 καὶ
3209 3360 3243 3428 ἡ
3276 3356 3420 3423 λέξις
3464 3357 3572 3412 τῶν
3608 3358 3801 3411 τελευο

2230 3456 2455 3512 τῶντων
2501 3455 2630 3520 τοὺς
2689 3455 2860 3526 μήπω
2918 3452 3182 3517 θανόντας
3235 3451 3492 3522 ἔμφαίνει
3548 3453 3690 3506 κατά
3740 3451 3806 3503 τδ

2231 3549 2482 3621 ἀκριϐὲς,
2510 3548 2638 3611 τοὺς
2683 3547 2741 3601 δὶ
2767 3547 2852 3600 {et
2881 3546 3241 3613 θνήσκοντας,
3269 3543 3406 3600 ἀλλά
3445 3543 3514 3597 τὰ
3547 3543 3675 3612 ἑξῆς
3709 3560 3811 3596 σα·

2232 3643 2351 3713 φῶς
2376 3640 2630 3711 δηλοῦσιν
2671 3640 2757 3695 δτι
2793 3638 2926 3708 περὶ
2951 3636 3225 3692 θανόντων
3251 3638 3354 3708 ἤδη
3382 3639 3411 3691 ὁ
3443 3635 3600 3703 λόγος
3655 3636 3808 3702 ἐστὶ,

2229 3736 2292 3790 τὺ
2319 3737 2495 3788 ειπείν
2535 3734 2783 3803 δηλονότι
2807 3733 2889 3786 δτι
2912 3730 2982 3785 τά
3007 3730 3116 3785 τῶν
3155 3731 3366 3803 νεκρῶν
3395 3727 3624 3799 σώματα
3677 3726 3806 3781 οὔτε

2232 3827 2422 3880 λαϐεῖν
2473 3826 2698 3880 δύναται
2751 3823 2876 3878 οὔτε
2911 3826 3129 3892 φαγεῖν.
3170 3823 3312 3886 Τοὺς
3342 3821 3398 3874 δὲ
3435 3820 3515 3873 ἔτι
3571 3818 3809 3886 ζῶντας,

2230 3919 2338 3973 κᾶν
2384 3919 2738 3988 ἀπέγνωσται
2769 3915 2969 3978 αὐτοὺς
3011 3917 3044 3985 ἡ
3096 3913 3230 3985 ζωὴ,
3277 3913 3381 3967 κᾶν
3434 3911 3572 3983 μετά
3624 3909 3806 3982 βραχὺ

2236 4011 2504 4082 μέλλωσιν
2530 4012 2772 4073 ἐκπνεῖν,
2800 4009 2911 4062 τῶν
2938 4008 3112 4078 ἁγίων
3149 4004 3467 4077 μυστηρίων
3520 4001 3809 4069 ἀξιοῦσθαι

2232 4105 2434 4177 χρεών.
2479 4104 2643 4157 Ἀλλὰ
2690 4103 2824 4172 μηδὲ
2869 4100 3228 4171 βαπτίζεσθαι
3273 4099 3400 4160 τοὺς
3428 4099 3656 4168 νεκροὺς
3709 4095 3811 4149 καὶ

2231 4193 2387 4260 οὗτος
2418 4200 2445 4251 ὁ
2474 4197 2654 4250 κανὼν
2705 4194 3052 4248 διατάττεται
3084 4193 3142 4259 ἐξ
3172 4192 3395 4258 ἀγνοίας
3422 4188 3532 4242 τῶν
3564 4188 3813 4260 πρεσϐυ-

2232 4291 2428 4360 τέρων.
2487 4287 2776 4342 Κάνταῦθα
2823 4286 2881 4339 δὲ
2936 4288 3035 4355 τὴν
3092 4285 3238 4350 λέξιν
3278 4282 3387 4334 τῶν
3426 4280 3810 4334 τελευτώντων

2235 4382 2409 4446 οὕτως
2447 4381 2686 4454 νοητέον,
2721 4378 2797 4442 ὡς
2828 4378 2927 4448 ήδη
2977 4377 3216 4448 εἴρηται.
3254 4375 3397 4439 Ἕως
3448 4375 3556 4445 γὰρ
3600 4372 3667 4427 ἂν
3715 4376 3816 4442 ὲμ-

2238 4474 2379 4546 πνέῃ
2406 4491 2511 4539 τις,
2545 4473 2638 4525 τοῦ
2674 4470 2821 4522 θείου
2860 4469 3241 4540 βαπτίσματος
3271 4466 3658 4535 ἀξιωθήσεται.

2233 4567 2453 4621 ΔΡΙΣΤ.
2493 4583 2512 4616 ι
2541 4565 2632 4641 Τῷ
2652 4563 2744 4618 τοῦ
2766 4561 3216 4632 τετελευτηκότος
3243 4558 3456 4629 σώματι
3487 4559 3814 4630 εὐχαριστία

2314 4679 2333 4712 ι
2381 4657 2674 4726 οὑιδίδοται
2700 4673 2717 4688 ο
2753 4655 2814 4708 ού
2846 4655 2954 4723 γὰρ
2982 4652 3175 4715 ἐσθίει,
3208 4653 3238 4722 ἢ
3273 4651 3417 4704 πίνει
3445 4667 3459 4681 ⁸
3497 4651 3593 4703 καὶ
3616 4651 3816 4716 ἄγνοια

2313 4771 2332 4803 ι
2375 4747 2750 4821 πρεσϐυτέρου
2791 4747 2853 4799 ού
2905 4745 3155 4816 βαπτίσει
3187 4743 3281 4796 τὸν
3325 4739 3749 4810 τελευτήσαντα.
3788 4757 3810 4791 ι

2308 4843 2416 4895 Τοῦ
2473 4839 2680 4908 Κυρίου
2739 4837 3007 4900 εἰπόντος,
3044 4833 3287 4896 Λάϐετε,
3322 4831 3559 4901 φάγετε,
3597 4831 3716 4892 πῶς
3746 4830 3815 4884 ἄν

2235 4950 2321 4997 τις
2348 4929 2428 5002 τῷ
2467 4928 2852 4996 τελευτήσαντι
2878 4923 2974 4976 τοῦ
3007 4923 3152 4974 θείου
3186 4921 3435 4989 σώματος
3465 4918 3812 4990 μεταδώσεις

2239 5025 2365 5080 οὔτε
2418 5023 2529 5091 γὰρ
2585 5020 2773 5074 λαϐεῖν
2819 5016 2945 5071 οὔτε
2999 5017 3197 5085 φαγεῖν
3236 5016 3264 5067 ὁ
3315 5015 3505 5084 νεκρὸς
3557 5011 3815 5068 δύναται,

2255 5116 2395 5171 Ἀλλ’
2423 5113 2544 5168 οὐδὲ
2579 5111 2834 5178 βαπτίσει
2868 5125 2952 5171 τις
2989 5107 3079 5160 τὸν
3132 5105 3556 5175 τελευτήσαντα.
3605 5104 3668 5156 Ἣ
3708 5107 3819 5172 γὰρ

2241 5207 2352 5262 τῶν
2379 5201 2771 5275 πρεσϐυτέρων
2800 5201 2992 5268 ἀγνοια
3017 5198 3120 5250 οὐκ
3147 5194 3424 5265 ὠφελήσει
3455 5195 3581 5258 τοὺς
3626 5194 3823 5247 τελευ-

2241 5300 2542 5371 τήσαντας,
2572 5292 2716 5348 ὥστε
2751 5289 3224 5362 βεϐαπτισμένους
3255 5285 3585 5354 λογίζεσθαι.

2818 5379 3058 5434 ΚΔΝΩΝ
3101 5376 3237 5434 KA'.

2248 5507 2268 5540 ι
2311 5490 2403 5540 Διὸ
2437 5479 2763 5555 βεϐαιωτέον
2818 5475 2966 5529 ἐστὶν
3015 5474 3072 5525 ἐν
3123 5469 3295 5539 ταύτῃ
3323 5471 3389 5539 τῇ
3423 5468 3555 5538 ἁγίᾳ
3585 5467 3819 5536 συνόδῳ,

2319 5597 2339 5634 ι
2384 5576 2527 5630 ὥστε
2578 5572 2722 5626 κατὰ
2770 5569 2897 5631 τοὺς
2933 5567 2992 5619 ὲν
3043 5562 3251 5633 Νικαίᾳ
3282 5563 3440 5632 ὄρους
3476 5561 3565 5613 διὰ
3593 5559 3696 5621 -τάς
3728 5561 3828 5611 εκ-

2322 5691 2343 5727 ι
2388 5663 2784 5739 κλησιαστικάς
2843 5660 3046 5723 αἰτίας,
3105 5657 3308 5717 αἵτινες
3356 5653 3618 5716 πολλάκις
3678 5653 3824 5720 πρὸς

2324 5781 2345 5814 ο
2391 5762 2612 5818 ὄλεθρον
2657 5756 2752 5811 τοῦ
2804 5752 2932 5808 λαοῦ
2982 5749 3363 5814 παλαιοῦνται,
3414 5747 3538 5801 καθ’
3583 5746 3830 5801 ἕκαστον
