  <div class='ocr_page' id='page_1' title='image "/cluster/home/n/w/nwhite01/storage/ocr_20150623/138/hvd.32044073502544/123.png"; bbox 0 0 4034 6190; ppageno 0'>
   <div class='ocr_carea' id='block_1_1' title="bbox 574 308 680 375">
    <p class='ocr_par' dir='ltr' id='par_1_1' title="bbox 574 308 680 375">
     <span class='ocr_line' id='line_1_1' title="bbox 574 308 680 375; baseline -0.019 0"><span class='ocrx_word' id='word_1_1' title='bbox 574 308 680 375; x_wconf 73' lang='grc'><strong>235</strong></span> 
     </span>
    </p>
   </div>
   <div class='ocr_carea' id='block_1_2' title="bbox 1836 299 2557 368">
    <p class='ocr_par' dir='ltr' id='par_1_2' title="bbox 1836 299 2557 368">
     <span class='ocr_line' id='line_1_2' title="bbox 1836 299 2557 368; baseline 0.001 -6"><span class='ocrx_word' id='word_1_2' title='bbox 1836 299 2110 363; x_wconf 82' lang='grc' dir='ltr'><strong>ΊἮΕΟΒ.</strong></span> <span class='ocrx_word' id='word_1_3' title='bbox 2154 302 2451 368; x_wconf 78' lang='lat' dir='ltr'><strong>BALSAM</strong></span> <span class='ocrx_word' id='word_1_4' title='bbox 2460 305 2557 364; x_wconf 88' lang='grc' dir='ltr'>ΟΝ</span> 
     </span>
    </p>
   </div>
   <div class='ocr_carea' id='block_1_3' title="bbox 3715 315 3815 386">
    <p class='ocr_par' dir='ltr' id='par_1_3' title="bbox 3715 315 3815 386">
     <span class='ocr_line' id='line_1_3' title="bbox 3715 315 3815 386; baseline 0 0"><span class='ocrx_word' id='word_1_5' title='bbox 3715 315 3815 386; x_wconf 72' lang='lat'><strong>236</strong></span> 
     </span>
    </p>
   </div>
   <div class='ocr_carea' id='block_1_4' title="bbox 594 410 2193 488">
    <p class='ocr_par' dir='ltr' id='par_1_4' title="bbox 594 418 2193 488">
     <span class='ocr_line' id='line_1_4' title="bbox 594 418 2193 488; baseline -0.013 -2"><span class='ocrx_word' id='word_1_6' title='bbox 594 453 611 486; x_wconf 76' lang='grc' dir='ltr'><strong>ι</strong></span> <span class='ocrx_word' id='word_1_7' title='bbox 656 418 781 488; x_wconf 70' lang='lat' dir='ltr'><strong>Post</strong></span> <span class='ocrx_word' id='word_1_8' title='bbox 830 424 1165 482; x_wconf 73' lang='lat' dir='ltr'><strong>consulatum</strong></span> <span class='ocrx_word' id='word_1_9' title='bbox 1216 420 1380 479; x_wconf 78' lang='lat' dir='ltr'><strong>Flavii</strong></span> <span class='ocrx_word' id='word_1_10' title='bbox 1426 419 1740 477; x_wconf 78' lang='lat' dir='ltr'><strong>Stilicltonis</strong></span> <span class='ocrx_word' id='word_1_11' title='bbox 1783 419 2193 484; x_wconf 54' lang='lat' dir='ltr'><strong>illustrissimi“</strong></span> 
     </span>
    </p>
   </div>
   <div class='ocr_carea' id='block_1_5' title="bbox 2295 410 3820 488">
    <p class='ocr_par' dir='ltr' id='par_1_5' title="bbox 2322 410 3820 485">
     <span class='ocr_line' id='line_1_5' title="bbox 2322 410 3820 485; baseline 0.001 -17"><span class='ocrx_word' id='word_1_12' title='bbox 2322 416 2477 469; x_wconf 81' lang='grc' dir='ltr'>Μετὰ</span> <span class='ocrx_word' id='word_1_13' title='bbox 2530 418 2629 485; x_wconf 83' lang='grc' dir='ltr'>τὴν</span> <span class='ocrx_word' id='word_1_14' title='bbox 2684 412 2954 467; x_wconf 75' lang='grc' dir='ltr'><strong>ὑπατείαν</strong></span> <span class='ocrx_word' id='word_1_15' title='bbox 3026 410 3260 468; x_wconf 73' lang='grc' dir='ltr'>Φλαϐίου</span> <span class='ocrx_word' id='word_1_16' title='bbox 3343 411 3670 482; x_wconf 83' lang='grc' dir='ltr'>Στελίχωνος</span> <span class='ocrx_word' id='word_1_17' title='bbox 3734 416 3820 469; x_wconf 79' lang='grc' dir='ltr'><strong>τοῦ</strong></span> 
     </span>
    </p>
   </div>
   <div class='ocr_carea' id='block_1_6' title="bbox 666 508 2156 583">
    <p class='ocr_par' dir='ltr' id='par_1_6' title="bbox 666 508 2156 583">
     <span class='ocr_line' id='line_1_6' title="bbox 666 508 2156 583; baseline -0.012 -7"><span class='ocrx_word' id='word_1_18' title='bbox 666 534 688 575; x_wconf 74' lang='grc' dir='ltr'><strong>ι</strong></span> <span class='ocrx_word' id='word_1_19' title='bbox 725 520 934 576; x_wconf 88' lang='lat' dir='ltr'><strong>decimo</strong></span> <span class='ocrx_word' id='word_1_20' title='bbox 977 523 1130 570; x_wconf 83' lang='lat' dir='ltr'><strong>sexto</strong></span> <span class='ocrx_word' id='word_1_21' title='bbox 1168 514 1416 574; x_wconf 83' lang='lat' dir='ltr'><strong>calendas</strong></span> <span class='ocrx_word' id='word_1_22' title='bbox 1443 510 1614 567; x_wconf 85' lang='lat' dir='ltr'><strong>Julias</strong></span> <span class='ocrx_word' id='word_1_23' title='bbox 1640 509 1963 583; x_wconf 73' lang='lat' dir='ltr'><strong>Carthagine</strong></span> <span class='ocrx_word' id='word_1_24' title='bbox 1985 508 2038 561; x_wconf 90' lang='lat' dir='ltr'><strong>in</strong></span> <span class='ocrx_word' id='word_1_25' title='bbox 2072 521 2156 559; x_wconf 90' lang='lat' dir='ltr'><strong>se-</strong></span> 
     </span>
    </p>
   </div>
   <div class='ocr_carea' id='block_1_7' title="bbox 665 597 2154 673">
    <p class='ocr_par' dir='ltr' id='par_1_7' title="bbox 665 597 2154 673">
     <span class='ocr_line' id='line_1_7' title="bbox 665 597 2154 673; baseline -0.011 -9"><span class='ocrx_word' id='word_1_26' title='bbox 665 630 685 664; x_wconf 74' lang='lat' dir='ltr'><strong>t</strong></span> <span class='ocrx_word' id='word_1_27' title='bbox 722 614 872 666; x_wconf 83' lang='lat' dir='ltr'><strong>creto</strong></span> <span class='ocrx_word' id='word_1_28' title='bbox 892 602 1185 663; x_wconf 60' lang='lat' dir='ltr'><strong>Restitute</strong></span> <span class='ocrx_word' id='word_1_29' title='bbox 1206 605 1469 670; x_wconf 63' lang='lat' dir='ltr'><strong>ecclesiae,</strong></span> <span class='ocrx_word' id='word_1_30' title='bbox 1502 602 1795 673; x_wconf 73' lang='lat' dir='ltr'><strong>pmsidens</strong></span> <span class='ocrx_word' id='word_1_31' title='bbox 1824 597 1984 655; x_wconf 88' lang='lat' dir='ltr'><strong>simul</strong></span> <span class='ocrx_word' id='word_1_32' title='bbox 2033 612 2154 654; x_wconf 90' lang='lat' dir='ltr'><strong>cum</strong></span> 
     </span>
    </p>
   </div>
   <div class='ocr_carea' id='block_1_8' title="bbox 666 691 2158 769">
    <p class='ocr_par' dir='ltr' id='par_1_8' title="bbox 666 691 2158 769">
     <span class='ocr_line' id='line_1_8' title="bbox 666 691 2158 769; baseline -0.009 -13"><span class='ocrx_word' id='word_1_33' title='bbox 666 723 684 756; x_wconf 80' lang='grc' dir='ltr'><strong>ι</strong></span> <span class='ocrx_word' id='word_1_34' title='bbox 724 700 841 761; x_wconf 88' lang='lat' dir='ltr'><strong>suis</strong></span> <span class='ocrx_word' id='word_1_35' title='bbox 860 699 1214 769; x_wconf 86' lang='lat' dir='ltr'><strong>coepiscopis,</strong></span> <span class='ocrx_word' id='word_1_36' title='bbox 1245 695 1625 753; x_wconf 79' lang='lat' dir='ltr'><strong>assistentibus</strong></span> <span class='ocrx_word' id='word_1_37' title='bbox 1676 692 1939 755; x_wconf 85' lang='lat' dir='ltr'><strong>diaconis,</strong></span> <span class='ocrx_word' id='word_1_38' title='bbox 1988 691 2158 745; x_wconf 86' lang='lat' dir='ltr'><strong>Aure-</strong></span> 
     </span>
    </p>
   </div>
   <div class='ocr_carea' id='block_1_9' title="bbox 664 778 2157 864">
    <p class='ocr_par' dir='ltr' id='par_1_9' title="bbox 664 778 2157 864">
     <span class='ocr_line' id='line_1_9' title="bbox 664 778 2157 864; baseline -0.01 -15"><span class='ocrx_word' id='word_1_39' title='bbox 664 816 685 849; x_wconf 77' lang='grc' dir='ltr'><strong>ι</strong></span> <span class='ocrx_word' id='word_1_40' title='bbox 729 796 837 851; x_wconf 92' lang='lat' dir='ltr'><strong>lius</strong></span> <span class='ocrx_word' id='word_1_41' title='bbox 866 794 1155 864; x_wconf 85' lang='lat' dir='ltr'><strong>episcopus</strong></span> <span class='ocrx_word' id='word_1_42' title='bbox 1179 792 1315 846; x_wconf 89' lang='lat' dir='ltr'><strong>dixit</strong></span> <span class='ocrx_word' id='word_1_43' title='bbox 1343 808 1355 845; x_wconf 88' lang='lat'><strong>:</strong></span> <span class='ocrx_word' id='word_1_44' title='bbox 1380 786 1755 844; x_wconf 86' lang='lat' dir='ltr'><strong>Ecclesiarum</strong></span> <span class='ocrx_word' id='word_1_45' title='bbox 1790 778 1918 848; x_wconf 82' lang='lat' dir='ltr'><strong>Dei,</strong></span> <span class='ocrx_word' id='word_1_46' title='bbox 1950 797 2069 851; x_wconf 75' lang='lat' dir='ltr'><strong>quae</strong></span> <span class='ocrx_word' id='word_1_47' title='bbox 2103 782 2157 834; x_wconf 89' lang='lat' dir='ltr'><strong>in</strong></span> 
     </span>
    </p>
   </div>
   <div class='ocr_carea' id='block_1_10' title="bbox 668 876 2157 952">
    <p class='ocr_par' dir='ltr' id='par_1_10' title="bbox 668 876 2157 952">
     <span class='ocr_line' id='line_1_10' title="bbox 668 876 2157 952; baseline -0.011 -12"><span class='ocrx_word' id='word_1_48' title='bbox 668 906 686 940; x_wconf 82' lang='grc' dir='ltr'><strong>ι</strong></span> <span class='ocrx_word' id='word_1_49' title='bbox 722 896 833 942; x_wconf 89' lang='lat' dir='ltr'><strong>tota</strong></span> <span class='ocrx_word' id='word_1_50' title='bbox 853 884 1109 941; x_wconf 86' lang='lat' dir='ltr'><strong>Afrorum</strong></span> <span class='ocrx_word' id='word_1_51' title='bbox 1137 882 1356 952; x_wconf 75' lang='lat' dir='ltr'><strong>regione</strong></span> <span class='ocrx_word' id='word_1_52' title='bbox 1378 880 1492 935; x_wconf 69' lang='lat' dir='ltr'><strong>sitae</strong></span> <span class='ocrx_word' id='word_1_53' title='bbox 1510 885 1659 941; x_wconf 86' lang='lat' dir='ltr'><strong>sunt,</strong></span> <span class='ocrx_word' id='word_1_54' title='bbox 1679 876 2033 931; x_wconf 74' lang='lat' dir='ltr'><strong>necessitates</strong></span> <span class='ocrx_word' id='word_1_55' title='bbox 2054 885 2157 924; x_wconf 86' lang='lat' dir='ltr'><strong>una</strong></span> 
     </span>
    </p>
   </div>
   <div class='ocr_carea' id='block_1_11' title="bbox 656 962 2157 1046">
    <p class='ocr_par' dir='ltr' id='par_1_11' title="bbox 656 962 2157 1046">
     <span class='ocr_line' id='line_1_11' title="bbox 656 962 2157 1046; baseline -0.012 -14"><span class='ocrx_word' id='word_1_56' title='bbox 656 998 686 1032; x_wconf 71' lang='lat' dir='ltr'><strong>&#39;t</strong></span> <span class='ocrx_word' id='word_1_57' title='bbox 720 990 928 1034; x_wconf 87' lang='lat' dir='ltr'><strong>mecum</strong></span> <span class='ocrx_word' id='word_1_58' title='bbox 959 973 1196 1046; x_wconf 73' lang='lat' dir='ltr'><strong>perfecte</strong></span> <span class='ocrx_word' id='word_1_59' title='bbox 1228 966 1333 1028; x_wconf 88' lang='lat' dir='ltr'><strong>scit</strong></span> <span class='ocrx_word' id='word_1_60' title='bbox 1352 982 1526 1027; x_wconf 83' lang='lat' dir='ltr'><strong>vestra</strong></span> <span class='ocrx_word' id='word_1_61' title='bbox 1552 968 1790 1032; x_wconf 81' lang='lat' dir='ltr'><strong>dilectio,</strong></span> <span class='ocrx_word' id='word_1_62' title='bbox 1822 962 2157 1021; x_wconf 76' lang='lat' dir='ltr'><strong>sanctissimi</strong></span> 
     </span>
    </p>
   </div>
   <div class='ocr_carea' id='block_1_12' title="bbox 657 1058 2160 1138">
    <p class='ocr_par' dir='ltr' id='par_1_12' title="bbox 657 1058 2160 1138">
     <span class='ocr_line' id='line_1_12' title="bbox 657 1058 2160 1138; baseline -0.011 -12"><span class='ocrx_word' id='word_1_63' title='bbox 657 1091 687 1126; x_wconf 71' lang='grc' dir='ltr'>’θ</span> <span class='ocrx_word' id='word_1_64' title='bbox 724 1072 920 1126; x_wconf 88' lang='lat' dir='ltr'><strong>fratres</strong></span> <span class='ocrx_word' id='word_1_65' title='bbox 944 1086 961 1124; x_wconf 87' lang='lat'><strong>:</strong></span> <span class='ocrx_word' id='word_1_66' title='bbox 992 1079 1046 1124; x_wconf 88' lang='lat' dir='ltr'><strong>et</strong></span> <span class='ocrx_word' id='word_1_67' title='bbox 1068 1068 1193 1138; x_wconf 87' lang='lat' dir='ltr'><strong>quia</strong></span> <span class='ocrx_word' id='word_1_68' title='bbox 1220 1066 1476 1121; x_wconf 80' lang='lat' dir='ltr'><strong>Dominus</strong></span> <span class='ocrx_word' id='word_1_69' title='bbox 1498 1062 1765 1135; x_wconf 70' lang='lat' dir='ltr'><strong>praestitit,</strong></span> <span class='ocrx_word' id='word_1_70' title='bbox 1788 1070 1847 1115; x_wconf 88' lang='lat' dir='ltr'><strong>ut</strong></span> <span class='ocrx_word' id='word_1_71' title='bbox 1872 1058 2063 1116; x_wconf 79' lang='lat' dir='ltr'><strong>saltem</strong></span> <span class='ocrx_word' id='word_1_72' title='bbox 2094 1070 2160 1110; x_wconf 87' lang='lat' dir='ltr'><strong>ex</strong></span> 
     </span>
    </p>
   </div>
   <div class='ocr_carea' id='block_1_13' title="bbox 667 1138 2162 1232">
    <p class='ocr_par' dir='ltr' id='par_1_13' title="bbox 667 1138 2162 1232">
     <span class='ocr_line' id='line_1_13' title="bbox 667 1138 2162 1232; baseline -0.011 -17"><span class='ocrx_word' id='word_1_73' title='bbox 667 1180 688 1215; x_wconf 79' lang='grc' dir='ltr'><strong>ι</strong></span> <span class='ocrx_word' id='word_1_74' title='bbox 728 1170 883 1232; x_wconf 85' lang='lat' dir='ltr'><strong>parte</strong></span> <span class='ocrx_word' id='word_1_75' title='bbox 904 1166 1222 1229; x_wconf 74' lang='lat' dir='ltr'><strong>congregata</strong></span> <span class='ocrx_word' id='word_1_76' title='bbox 1246 1155 1317 1211; x_wconf 88' lang='lat' dir='ltr'><strong>sit</strong></span> <span class='ocrx_word' id='word_1_77' title='bbox 1339 1152 1623 1225; x_wconf 66' lang='lat' dir='ltr'><strong>praesentia</strong></span> <span class='ocrx_word' id='word_1_78' title='bbox 1645 1151 1814 1208; x_wconf 85' lang='lat' dir='ltr'><strong>sancti</strong></span> <span class='ocrx_word' id='word_1_79' title='bbox 1853 1138 2015 1204; x_wconf 80' lang='lat' dir='ltr'><strong>vestri</strong></span> <span class='ocrx_word' id='word_1_80' title='bbox 2038 1160 2162 1201; x_wconf 88' lang='lat' dir='ltr'><strong>con-</strong></span> 
     </span>
    </p>
   </div>
   <div class='ocr_carea' id='block_1_14' title="bbox 668 1236 2161 1318">
    <p class='ocr_par' dir='ltr' id='par_1_14' title="bbox 668 1236 2161 1318">
     <span class='ocr_line' id='line_1_14' title="bbox 668 1236 2161 1318; baseline -0.009 -14"><span class='ocrx_word' id='word_1_81' title='bbox 668 1271 687 1304; x_wconf 74' lang='lat' dir='ltr'><strong>i</strong></span> <span class='ocrx_word' id='word_1_82' title='bbox 727 1260 944 1314; x_wconf 83' lang='lat' dir='ltr'><strong>ventus,</strong></span> <span class='ocrx_word' id='word_1_83' title='bbox 963 1248 1094 1304; x_wconf 84' lang='lat' dir='ltr'><strong>mihi</strong></span> <span class='ocrx_word' id='word_1_84' title='bbox 1112 1254 1471 1318; x_wconf 88' lang='lat' dir='ltr'><strong>opportunum</strong></span> <span class='ocrx_word' id='word_1_85' title='bbox 1505 1241 1725 1297; x_wconf 87' lang='lat' dir='ltr'><strong>videtur</strong></span> <span class='ocrx_word' id='word_1_86' title='bbox 1746 1240 1983 1303; x_wconf 87' lang='lat' dir='ltr'><strong>easdem,</strong></span> <span class='ocrx_word' id='word_1_87' title='bbox 2009 1236 2161 1291; x_wconf 88' lang='lat' dir='ltr'><strong>utdi-</strong></span> 
     </span>
    </p>
   </div>
   <div class='ocr_carea' id='block_1_15' title="bbox 670 1330 2162 1406">
    <p class='ocr_par' dir='ltr' id='par_1_15' title="bbox 670 1330 2162 1406">
     <span class='ocr_line' id='line_1_15' title="bbox 670 1330 2162 1406; baseline -0.009 -10"><span class='ocrx_word' id='word_1_88' title='bbox 670 1364 687 1395; x_wconf 82' lang='grc' dir='ltr'><strong>ι</strong></span> <span class='ocrx_word' id='word_1_89' title='bbox 724 1354 869 1398; x_wconf 87' lang='lat' dir='ltr'><strong>ctum</strong></span> <span class='ocrx_word' id='word_1_90' title='bbox 897 1352 1003 1406; x_wconf 91' lang='lat' dir='ltr'><strong>est,</strong></span> <span class='ocrx_word' id='word_1_91' title='bbox 1037 1340 1384 1395; x_wconf 82' lang='lat' dir='ltr'><strong>necessitates</strong></span> <span class='ocrx_word' id='word_1_92' title='bbox 1414 1338 1467 1391; x_wconf 92' lang='lat' dir='ltr'><strong>in</strong></span> <span class='ocrx_word' id='word_1_93' title='bbox 1514 1336 1747 1391; x_wconf 84' lang='lat' dir='ltr'><strong>medium</strong></span> <span class='ocrx_word' id='word_1_94' title='bbox 1792 1330 2005 1397; x_wconf 81' lang='lat' dir='ltr'><strong>afferte,</strong></span> <span class='ocrx_word' id='word_1_95' title='bbox 2030 1344 2162 1398; x_wconf 87' lang='lat' dir='ltr'><strong>quas</strong></span> 
     </span>
    </p>
   </div>
   <div class='ocr_carea' id='block_1_16' title="bbox 668 1409 2165 1504">
    <p class='ocr_par' dir='ltr' id='par_1_16' title="bbox 668 1409 2165 1504">
     <span class='ocr_line' id='line_1_16' title="bbox 668 1409 2165 1504; baseline -0.009 -17"><span class='ocrx_word' id='word_1_96' title='bbox 668 1452 689 1487; x_wconf 83' lang='grc' dir='ltr'><strong>ι</strong></span> <span class='ocrx_word' id='word_1_97' title='bbox 728 1430 1335 1504; x_wconf 83' lang='lat' dir='ltr'><strong>propria&#39;sollicitudine</strong></span> <span class='ocrx_word' id='word_1_98' title='bbox 1354 1429 1685 1499; x_wconf 78' lang='lat' dir='ltr'><strong>investigare</strong></span> <span class='ocrx_word' id='word_1_99' title='bbox 1702 1424 1848 1495; x_wconf 85' lang='lat' dir='ltr'><strong>potui</strong></span> <span class='ocrx_word' id='word_1_100' title='bbox 1868 1409 2031 1493; x_wconf 60' lang='lat' dir='ltr'><strong>;q&#39;uas</strong></span> <span class='ocrx_word' id='word_1_101' title='bbox 2048 1421 2165 1491; x_wconf 84' lang='lat' dir='ltr'><strong>qui—</strong></span> 
     </span>
    </p>
   </div>
   <div class='ocr_carea' id='block_1_17' title="bbox 669 1518 2162 1595">
    <p class='ocr_par' dir='ltr' id='par_1_17' title="bbox 669 1518 2162 1595">
     <span class='ocr_line' id='line_1_17' title="bbox 669 1518 2162 1595; baseline -0.009 -15"><span class='ocrx_word' id='word_1_102' title='bbox 669 1546 689 1580; x_wconf 82' lang='grc' dir='ltr'><strong>ι</strong></span> <span class='ocrx_word' id='word_1_103' title='bbox 733 1528 855 1584; x_wconf 90' lang='lat' dir='ltr'><strong>dem</strong></span> <span class='ocrx_word' id='word_1_104' title='bbox 882 1524 1099 1595; x_wconf 86' lang='lat' dir='ltr'><strong>quando</strong></span> <span class='ocrx_word' id='word_1_105' title='bbox 1133 1530 1311 1579; x_wconf 85' lang='lat' dir='ltr'><strong>vestra</strong></span> <span class='ocrx_word' id='word_1_106' title='bbox 1336 1521 1676 1577; x_wconf 87' lang='lat' dir='ltr'><strong>conllrmabit</strong></span> <span class='ocrx_word' id='word_1_107' title='bbox 1700 1518 2007 1579; x_wconf 82' lang='lat' dir='ltr'><strong>sinceritas,</strong></span> <span class='ocrx_word' id='word_1_108' title='bbox 2034 1528 2162 1568; x_wconf 80' lang='lat' dir='ltr'><strong>con-</strong></span> 
     </span>
    </p>
   </div>
   <div class='ocr_carea' id='block_1_18' title="bbox 669 1612 2164 1690">
    <p class='ocr_par' dir='ltr' id='par_1_18' title="bbox 669 1612 2164 1690">
     <span class='ocr_line' id='line_1_18' title="bbox 669 1612 2164 1690; baseline -0.009 -17"><span class='ocrx_word' id='word_1_109' title='bbox 669 1641 687 1673; x_wconf 78' lang='grc' dir='ltr'><strong>ι</strong></span> <span class='ocrx_word' id='word_1_110' title='bbox 723 1632 953 1690; x_wconf 85' lang='lat' dir='ltr'><strong>sequens</strong></span> <span class='ocrx_word' id='word_1_111' title='bbox 978 1615 1105 1683; x_wconf 91' lang='lat' dir='ltr'><strong>erit,</strong></span> <span class='ocrx_word' id='word_1_112' title='bbox 1148 1623 1211 1669; x_wconf 89' lang='lat' dir='ltr'><strong>ut</strong></span> <span class='ocrx_word' id='word_1_113' title='bbox 1252 1628 1419 1669; x_wconf 90' lang='lat' dir='ltr'><strong>unum</strong></span> <span class='ocrx_word' id='word_1_114' title='bbox 1464 1612 1808 1669; x_wconf 86' lang='lat' dir='ltr'><strong>sacerdotum</strong></span> <span class='ocrx_word' id='word_1_115' title='bbox 1855 1623 1920 1665; x_wconf 83' lang='lat' dir='ltr'><strong>ex</strong></span> <span class='ocrx_word' id='word_1_116' title='bbox 1978 1615 2164 1662; x_wconf 87' lang='lat' dir='ltr'><strong>nostro</strong></span> 
     </span>
    </p>
   </div>
   <div class='ocr_carea' id='block_1_19' title="bbox 668 1698 2166 1777">
    <p class='ocr_par' dir='ltr' id='par_1_19' title="bbox 668 1698 2166 1777">
     <span class='ocr_line' id='line_1_19' title="bbox 668 1698 2166 1777; baseline -0.009 -10"><span class='ocrx_word' id='word_1_117' title='bbox 668 1734 689 1767; x_wconf 76' lang='grc' dir='ltr'><strong>ι</strong></span> <span class='ocrx_word' id='word_1_118' title='bbox 727 1726 951 1773; x_wconf 86' lang='lat' dir='ltr'><strong>numero</strong></span> <span class='ocrx_word' id='word_1_119' title='bbox 986 1709 1343 1773; x_wconf 85' lang='lat' dir='ltr'><strong>declaremus,</strong></span> <span class='ocrx_word' id='word_1_120' title='bbox 1365 1705 1457 1777; x_wconf 87' lang='lat' dir='ltr'><strong>qui</strong></span> <span class='ocrx_word' id='word_1_121' title='bbox 1494 1704 1587 1760; x_wconf 86' lang='lat' dir='ltr'><strong>Dei</strong></span> <span class='ocrx_word' id='word_1_122' title='bbox 1619 1702 1820 1759; x_wconf 80' lang='lat' dir='ltr'><strong>auxilio</strong></span> <span class='ocrx_word' id='word_1_123' title='bbox 1840 1700 1999 1759; x_wconf 83' lang='lat' dir='ltr'><strong>debet</strong></span> <span class='ocrx_word' id='word_1_124' title='bbox 2040 1698 2166 1771; x_wconf 83' lang='lat' dir='ltr'><strong>pro-</strong></span> 
     </span>
    </p>
   </div>
   <div class='ocr_carea' id='block_1_20' title="bbox 678 1764 2240 1875">
    <p class='ocr_par' dir='ltr' id='par_1_20' title="bbox 678 1764 2240 1875">
     <span class='ocr_line' id='line_1_20' title="bbox 678 1764 2240 1875; baseline -0.01 -18"><span class='ocrx_word' id='word_1_125' title='bbox 678 1825 698 1857; x_wconf 76' lang='grc' dir='ltr'><strong>σ</strong></span> <span class='ocrx_word' id='word_1_126' title='bbox 734 1810 853 1875; x_wconf 85' lang='lat' dir='ltr'><strong>pter</strong></span> <span class='ocrx_word' id='word_1_127' title='bbox 884 1811 1092 1859; x_wconf 84' lang='lat' dir='ltr'><strong>vestras</strong></span> <span class='ocrx_word' id='word_1_128' title='bbox 1132 1812 1319 1871; x_wconf 86' lang='lat' dir='ltr'><strong>preces</strong></span> <span class='ocrx_word' id='word_1_129' title='bbox 1356 1764 1571 1854; x_wconf 64' lang='lat' dir='ltr'><strong>easdem</strong></span> <span class='ocrx_word' id='word_1_130' title='bbox 1599 1794 1948 1851; x_wconf 80' lang='lat' dir='ltr'><strong>necessitates</strong></span> <span class='ocrx_word' id='word_1_131' title='bbox 1994 1789 2167 1847; x_wconf 87' lang='lat' dir='ltr'><strong>susci-</strong></span> <span class='ocrx_word' id='word_1_132' title='bbox 2193 1764 2240 1825; x_wconf 74' lang='grc' dir='ltr'><strong>Β</strong></span> 
     </span>
    </p>
   </div>
   <div class='ocr_carea' id='block_1_21' title="bbox 672 1886 2168 1971">
    <p class='ocr_par' dir='ltr' id='par_1_21' title="bbox 672 1886 2168 1971">
     <span class='ocr_line' id='line_1_21' title="bbox 672 1886 2168 1971; baseline -0.01 -19"><span class='ocrx_word' id='word_1_133' title='bbox 672 1918 687 1952; x_wconf 84' lang='grc' dir='ltr'><strong>ι</strong></span> <span class='ocrx_word' id='word_1_134' title='bbox 726 1913 875 1971; x_wconf 84' lang='lat' dir='ltr'><strong>pere,</strong></span> <span class='ocrx_word' id='word_1_135' title='bbox 906 1907 960 1953; x_wconf 91' lang='lat' dir='ltr'><strong>et</strong></span> <span class='ocrx_word' id='word_1_136' title='bbox 992 1895 1204 1952; x_wconf 79' lang='lat' dir='ltr'><strong>fortiter</strong></span> <span class='ocrx_word' id='word_1_137' title='bbox 1232 1890 1539 1964; x_wconf 76' lang='lat' dir='ltr'><strong>peragenda</strong></span> <span class='ocrx_word' id='word_1_138' title='bbox 1565 1887 1774 1944; x_wconf 87' lang='lat' dir='ltr'><strong>deferre</strong></span> <span class='ocrx_word' id='word_1_139' title='bbox 1810 1886 1863 1941; x_wconf 91' lang='lat' dir='ltr'><strong>in</strong></span> <span class='ocrx_word' id='word_1_140' title='bbox 1896 1892 2168 1940; x_wconf 84' lang='lat' dir='ltr'><strong>transma-</strong></span> 
     </span>
    </p>
   </div>
   <div class='ocr_carea' id='block_1_22' title="bbox 672 1980 2163 2060">
    <p class='ocr_par' dir='ltr' id='par_1_22' title="bbox 672 1980 2163 2060">
     <span class='ocr_line' id='line_1_22' title="bbox 672 1980 2163 2060; baseline -0.01 -15"><span class='ocrx_word' id='word_1_141' title='bbox 672 2015 687 2045; x_wconf 81' lang='grc' dir='ltr'><strong>ι</strong></span> <span class='ocrx_word' id='word_1_142' title='bbox 734 1993 885 2049; x_wconf 90' lang='lat' dir='ltr'><strong>rinas</strong></span> <span class='ocrx_word' id='word_1_143' title='bbox 932 1989 1099 2047; x_wconf 77' lang='lat' dir='ltr'><strong>Italiae</strong></span> <span class='ocrx_word' id='word_1_144' title='bbox 1141 1994 1360 2060; x_wconf 87' lang='lat' dir='ltr'><strong>partes;</strong></span> <span class='ocrx_word' id='word_1_145' title='bbox 1401 1984 1492 2055; x_wconf 89' lang='lat' dir='ltr'><strong>qui</strong></span> <span class='ocrx_word' id='word_1_146' title='bbox 1547 1981 1688 2038; x_wconf 92' lang='lat' dir='ltr'><strong>banc</strong></span> <span class='ocrx_word' id='word_1_147' title='bbox 1740 1980 2119 2035; x_wconf 85' lang='lat' dir='ltr'><strong>necessitatem</strong></span> <span class='ocrx_word' id='word_1_148' title='bbox 2146 2015 2163 2042; x_wconf 90' lang='lat'><strong>,</strong></span> 
     </span>
    </p>
   </div>
   <div class='ocr_carea' id='block_1_23' title="bbox 675 2076 2170 2153">
    <p class='ocr_par' dir='ltr' id='par_1_23' title="bbox 675 2076 2170 2153">
     <span class='ocr_line' id='line_1_23' title="bbox 675 2076 2170 2153; baseline -0.007 -13"><span class='ocrx_word' id='word_1_149' title='bbox 675 2107 690 2140; x_wconf 82' lang='grc' dir='ltr'><strong>ι</strong></span> <span class='ocrx_word' id='word_1_150' title='bbox 724 2084 964 2144; x_wconf 86' lang='lat' dir='ltr'><strong>laborem</strong></span> <span class='ocrx_word' id='word_1_151' title='bbox 986 2096 1040 2140; x_wconf 93' lang='lat' dir='ltr'><strong>et</strong></span> <span class='ocrx_word' id='word_1_152' title='bbox 1068 2082 1303 2153; x_wconf 87' lang='lat' dir='ltr'><strong>inopiam</strong></span> <span class='ocrx_word' id='word_1_153' title='bbox 1335 2079 1505 2152; x_wconf 86' lang='lat' dir='ltr'><strong>possit</strong></span> <span class='ocrx_word' id='word_1_154' title='bbox 1530 2076 1891 2133; x_wconf 84' lang='lat' dir='ltr'><strong>sanctissimis</strong></span> <span class='ocrx_word' id='word_1_155' title='bbox 1910 2085 1965 2131; x_wconf 90' lang='lat' dir='ltr'><strong>et</strong></span> <span class='ocrx_word' id='word_1_156' title='bbox 1985 2088 2170 2131; x_wconf 84' lang='lat' dir='ltr'><strong>sacro-</strong></span> 
     </span>
    </p>
   </div>
   <div class='ocr_carea' id='block_1_24' title="bbox 673 2167 2165 2234">
    <p class='ocr_par' dir='ltr' id='par_1_24' title="bbox 673 2167 2165 2234">
     <span class='ocr_line' id='line_1_24' title="bbox 673 2167 2165 2234; baseline -0.007 -3"><span class='ocrx_word' id='word_1_157' title='bbox 673 2202 687 2231; x_wconf 84' lang='lat' dir='ltr'><strong>t</strong></span> <span class='ocrx_word' id='word_1_158' title='bbox 726 2193 842 2234; x_wconf 87' lang='lat' dir='ltr'><strong>rum</strong></span> <span class='ocrx_word' id='word_1_159' title='bbox 881 2173 1269 2233; x_wconf 86' lang='lat' dir='ltr'><strong>comministris</strong></span> <span class='ocrx_word' id='word_1_160' title='bbox 1298 2171 1559 2227; x_wconf 80' lang='lat' dir='ltr'><strong>fratribus</strong></span> <span class='ocrx_word' id='word_1_161' title='bbox 1592 2170 1795 2224; x_wconf 84' lang='lat' dir='ltr'><strong>nostris</strong></span> <span class='ocrx_word' id='word_1_162' title='bbox 1845 2167 2165 2231; x_wconf 79' lang='lat' dir='ltr'><strong>ostendere;</strong></span> 
     </span>
    </p>
   </div>
   <div class='ocr_carea' id='block_1_25' title="bbox 678 2259 2169 2343">
    <p class='ocr_par' dir='ltr' id='par_1_25' title="bbox 678 2259 2169 2343">
     <span class='ocr_line' id='line_1_25' title="bbox 678 2259 2169 2343; baseline -0.009 -16"><span class='ocrx_word' id='word_1_163' title='bbox 678 2272 928 2343; x_wconf 84' lang='lat' dir='ltr'><strong>tpartim</strong></span> <span class='ocrx_word' id='word_1_164' title='bbox 978 2268 1196 2339; x_wconf 87' lang='lat' dir='ltr'><strong>quidem</strong></span> <span class='ocrx_word' id='word_1_165' title='bbox 1238 2263 1547 2320; x_wconf 87' lang='lat' dir='ltr'><strong>venerando</strong></span> <span class='ocrx_word' id='word_1_166' title='bbox 1604 2272 1796 2317; x_wconf 87' lang='lat' dir='ltr'><strong>sancto</strong></span> <span class='ocrx_word' id='word_1_167' title='bbox 1861 2259 2169 2330; x_wconf 83' lang='lat' dir='ltr'><strong>apostolicae</strong></span> 
     </span>
    </p>
   </div>
   <div class='ocr_carea' id='block_1_26' title="bbox 676 2354 2170 2430">
    <p class='ocr_par' dir='ltr' id='par_1_26' title="bbox 676 2354 2170 2430">
     <span class='ocr_line' id='line_1_26' title="bbox 676 2354 2170 2430; baseline -0.009 -12"><span class='ocrx_word' id='word_1_168' title='bbox 676 2382 695 2418; x_wconf 83' lang='lat' dir='ltr'><strong>t</strong></span> <span class='ocrx_word' id='word_1_169' title='bbox 740 2364 1012 2420; x_wconf 67' lang='lat' dir='ltr'><strong>cathedrae</strong></span> <span class='ocrx_word' id='word_1_170' title='bbox 1036 2360 1288 2430; x_wconf 88' lang='lat' dir='ltr'><strong>episcopo</strong></span> <span class='ocrx_word' id='word_1_171' title='bbox 1324 2356 1645 2420; x_wconf 83' lang='lat' dir='ltr'><strong>Anastasio;</strong></span> <span class='ocrx_word' id='word_1_172' title='bbox 1679 2354 1876 2423; x_wconf 88' lang='lat' dir='ltr'><strong>partim</strong></span> <span class='ocrx_word' id='word_1_173' title='bbox 1909 2362 2089 2407; x_wconf 82' lang='lat' dir='ltr'><strong>autem</strong></span> <span class='ocrx_word' id='word_1_174' title='bbox 2114 2359 2170 2405; x_wconf 89' lang='lat' dir='ltr'><strong>et</strong></span> 
     </span>
    </p>
   </div>
   <div class='ocr_carea' id='block_1_27' title="bbox 676 2443 2171 2512">
    <p class='ocr_par' dir='ltr' id='par_1_27' title="bbox 676 2443 2171 2512">
     <span class='ocr_line' id='line_1_27' title="bbox 676 2443 2171 2512; baseline -0.009 -3"><span class='ocrx_word' id='word_1_175' title='bbox 676 2477 695 2509; x_wconf 80' lang='grc' dir='ltr'><strong>ι</strong></span> <span class='ocrx_word' id='word_1_176' title='bbox 745 2453 1091 2512; x_wconf 82' lang='lat' dir='ltr'><strong>sanctissimo</strong></span> <span class='ocrx_word' id='word_1_177' title='bbox 1145 2450 1298 2505; x_wconf 80' lang='lat' dir='ltr'><strong>fratri</strong></span> <span class='ocrx_word' id='word_1_178' title='bbox 1331 2448 1557 2503; x_wconf 86' lang='lat' dir='ltr'><strong>Venerio</strong></span> <span class='ocrx_word' id='word_1_179' title='bbox 1603 2444 1869 2501; x_wconf 85' lang='lat' dir='ltr'><strong>sacerdoti</strong></span> <span class='ocrx_word' id='word_1_180' title='bbox 1926 2443 2171 2498; x_wconf 69' lang='lat' dir='ltr'><strong>ecclesiae</strong></span> 
     </span>
    </p>
   </div>
   <div class='ocr_carea' id='block_1_28' title="bbox 676 2534 2170 2606">
    <p class='ocr_par' dir='ltr' id='par_1_28' title="bbox 676 2534 2170 2606">
     <span class='ocr_line' id='line_1_28' title="bbox 676 2534 2170 2606; baseline -0.009 -3"><span class='ocrx_word' id='word_1_181' title='bbox 676 2569 695 2603; x_wconf 82' lang='grc' dir='ltr'><strong>ι</strong></span> <span class='ocrx_word' id='word_1_182' title='bbox 730 2544 1170 2605; x_wconf 72' lang='lat' dir='ltr'><strong>Mediolanensis.</strong></span> <span class='ocrx_word' id='word_1_183' title='bbox 1201 2542 1284 2597; x_wconf 87' lang='lat' dir='ltr'><strong>Ab</strong></span> <span class='ocrx_word' id='word_1_184' title='bbox 1316 2541 1384 2597; x_wconf 90' lang='lat' dir='ltr'><strong>iis</strong></span> <span class='ocrx_word' id='word_1_185' title='bbox 1405 2540 1550 2596; x_wconf 88' lang='lat' dir='ltr'><strong>enim</strong></span> <span class='ocrx_word' id='word_1_186' title='bbox 1599 2536 1810 2594; x_wconf 85' lang='lat' dir='ltr'><strong>thronis</strong></span> <span class='ocrx_word' id='word_1_187' title='bbox 1840 2534 2170 2606; x_wconf 84' lang='lat' dir='ltr'><strong>prohibitum</strong></span> 
     </span>
    </p>
   </div>
   <div class='ocr_carea' id='block_1_29' title="bbox 676 2629 2173 2711">
    <p class='ocr_par' dir='ltr' id='par_1_29' title="bbox 676 2629 2173 2711">
     <span class='ocr_line' id='line_1_29' title="bbox 676 2629 2173 2711; baseline -0.011 -14"><span class='ocrx_word' id='word_1_188' title='bbox 676 2661 698 2697; x_wconf 73' lang='grc' dir='ltr'><strong>ι</strong></span> <span class='ocrx_word' id='word_1_189' title='bbox 743 2643 939 2707; x_wconf 87' lang='lat' dir='ltr'><strong>fuerat,</strong></span> <span class='ocrx_word' id='word_1_190' title='bbox 1002 2646 1148 2711; x_wconf 86' lang='lat' dir='ltr'><strong>quod</strong></span> <span class='ocrx_word' id='word_1_191' title='bbox 1216 2631 1492 2691; x_wconf 88' lang='lat' dir='ltr'><strong>communi</strong></span> <span class='ocrx_word' id='word_1_192' title='bbox 1559 2629 1802 2700; x_wconf 86' lang='lat' dir='ltr'><strong>periculo</strong></span> <span class='ocrx_word' id='word_1_193' title='bbox 1844 2639 2173 2700; x_wconf 72' lang='lat' dir='ltr'><strong>magnOpere</strong></span> 
     </span>
    </p>
   </div>
   <div class='ocr_carea' id='block_1_30' title="bbox 682 2717 2171 2804">
    <p class='ocr_par' dir='ltr' id='par_1_30' title="bbox 682 2717 2171 2804">
     <span class='ocr_line' id='line_1_30' title="bbox 682 2717 2171 2804; baseline -0.012 -16"><span class='ocrx_word' id='word_1_194' title='bbox 682 2755 700 2787; x_wconf 76' lang='grc' dir='ltr'><strong>ι</strong></span> <span class='ocrx_word' id='word_1_195' title='bbox 744 2731 1160 2804; x_wconf 85' lang='lat' dir='ltr'><strong>providendum,</strong></span> <span class='ocrx_word' id='word_1_196' title='bbox 1181 2725 1307 2797; x_wconf 82' lang='lat' dir='ltr'><strong>quia</strong></span> <span class='ocrx_word' id='word_1_197' title='bbox 1334 2729 1480 2779; x_wconf 85' lang='lat' dir='ltr'><strong>tanta</strong></span> <span class='ocrx_word' id='word_1_198' title='bbox 1509 2730 1592 2789; x_wconf 77' lang='lat' dir='ltr'><strong>est</strong></span> <span class='ocrx_word' id='word_1_199' title='bbox 1618 2720 1938 2775; x_wconf 87' lang='lat' dir='ltr'><strong>clericorum</strong></span> <span class='ocrx_word' id='word_1_200' title='bbox 1968 2717 2171 2787; x_wconf 86' lang='lat' dir='ltr'><strong>inopia,</strong></span> 
     </span>
    </p>
   </div>
   <div class='ocr_carea' id='block_1_31' title="bbox 680 2807 2173 2877">
    <p class='ocr_par' dir='ltr' id='par_1_31' title="bbox 680 2807 2173 2877">
     <span class='ocr_line' id='line_1_31' title="bbox 680 2807 2173 2877; baseline -0.01 -3"><span class='ocrx_word' id='word_1_201' title='bbox 680 2841 701 2874; x_wconf 71' lang='grc' dir='ltr'><strong>ι</strong></span> <span class='ocrx_word' id='word_1_202' title='bbox 737 2831 793 2877; x_wconf 90' lang='lat' dir='ltr'><strong>et</strong></span> <span class='ocrx_word' id='word_1_203' title='bbox 819 2820 1000 2876; x_wconf 76' lang='lat' dir='ltr'><strong>multa:</strong></span> <span class='ocrx_word' id='word_1_204' title='bbox 1027 2817 1269 2875; x_wconf 63' lang='lat' dir='ltr'><strong>ecclesiae</strong></span> <span class='ocrx_word' id='word_1_205' title='bbox 1302 2814 1435 2868; x_wconf 89' lang='lat' dir='ltr'><strong>adeo</strong></span> <span class='ocrx_word' id='word_1_206' title='bbox 1472 2818 1598 2865; x_wconf 90' lang='lat' dir='ltr'><strong>sunt</strong></span> <span class='ocrx_word' id='word_1_207' title='bbox 1624 2810 1875 2875; x_wconf 65' lang='lat' dir='ltr'><strong>desertae,</strong></span> <span class='ocrx_word' id='word_1_208' title='bbox 1906 2816 1964 2863; x_wconf 89' lang='lat' dir='ltr'><strong>ut</strong></span> <span class='ocrx_word' id='word_1_209' title='bbox 1997 2807 2173 2862; x_wconf 91' lang='lat' dir='ltr'><strong>nullus</strong></span> 
     </span>
    </p>
   </div>
   <div class='ocr_carea' id='block_1_32' title="bbox 684 2901 2175 2987">
    <p class='ocr_par' dir='ltr' id='par_1_32' title="bbox 684 2901 2175 2987">
     <span class='ocr_line' id='line_1_32' title="bbox 684 2901 2175 2987; baseline -0.009 -18"><span class='ocrx_word' id='word_1_210' title='bbox 684 2937 703 2969; x_wconf 82' lang='grc' dir='ltr'><strong>ι</strong></span> <span class='ocrx_word' id='word_1_211' title='bbox 734 2914 911 2987; x_wconf 89' lang='lat' dir='ltr'><strong>possit</strong></span> <span class='ocrx_word' id='word_1_212' title='bbox 935 2915 1197 2968; x_wconf 83' lang='lat' dir='ltr'><strong>diaconus</strong></span> <span class='ocrx_word' id='word_1_213' title='bbox 1220 2909 1302 2965; x_wconf 90' lang='lat' dir='ltr'><strong>vel</strong></span> <span class='ocrx_word' id='word_1_214' title='bbox 1334 2907 1641 2964; x_wconf 81' lang='lat' dir='ltr'><strong>illitteratus</strong></span> <span class='ocrx_word' id='word_1_215' title='bbox 1669 2902 1919 2960; x_wconf 85' lang='lat' dir='ltr'><strong>inveniri.</strong></span> <span class='ocrx_word' id='word_1_216' title='bbox 1954 2902 2029 2956; x_wconf 88' lang='lat' dir='ltr'><strong>De</strong></span> <span class='ocrx_word' id='word_1_217' title='bbox 2050 2901 2175 2956; x_wconf 89' lang='lat' dir='ltr'><strong>reli-</strong></span> 
     </span>
    </p>
   </div>
   <div class='ocr_carea' id='block_1_33' title="bbox 678 2995 2177 3078">
    <p class='ocr_par' dir='ltr' id='par_1_33' title="bbox 678 2995 2177 3078">
     <span class='ocr_line' id='line_1_33' title="bbox 678 2995 2177 3078; baseline -0.007 -20"><span class='ocrx_word' id='word_1_218' title='bbox 678 3027 711 3058; x_wconf 74' lang='grc' dir='ltr'>-ι</span> <span class='ocrx_word' id='word_1_219' title='bbox 749 3006 871 3078; x_wconf 86' lang='lat' dir='ltr'><strong>quis</strong></span> <span class='ocrx_word' id='word_1_220' title='bbox 902 3012 1079 3059; x_wconf 88' lang='lat' dir='ltr'><strong>autem</strong></span> <span class='ocrx_word' id='word_1_221' title='bbox 1113 2999 1483 3072; x_wconf 87' lang='lat' dir='ltr'><strong>superioribus</strong></span> <span class='ocrx_word' id='word_1_222' title='bbox 1521 2996 1803 3053; x_wconf 84' lang='lat' dir='ltr'><strong>ordinibus</strong></span> <span class='ocrx_word' id='word_1_223' title='bbox 1832 3004 1885 3050; x_wconf 89' lang='lat' dir='ltr'><strong>et</strong></span> <span class='ocrx_word' id='word_1_224' title='bbox 1918 2995 2177 3066; x_wconf 71' lang='lat' dir='ltr'><strong>gradibus</strong></span> 
     </span>
    </p>
   </div>
   <div class='ocr_carea' id='block_1_34' title="bbox 681 3086 2247 3166">
    <p class='ocr_par' dir='ltr' id='par_1_34' title="bbox 681 3086 2247 3166">
     <span class='ocr_line' id='line_1_34' title="bbox 681 3086 2247 3166; baseline -0.01 -13"><span class='ocrx_word' id='word_1_225' title='bbox 681 3122 700 3153; x_wconf 69' lang='grc' dir='ltr'>ί</span> <span class='ocrx_word' id='word_1_226' title='bbox 740 3098 1023 3155; x_wconf 86' lang='lat' dir='ltr'><strong>tacendum</strong></span> <span class='ocrx_word' id='word_1_227' title='bbox 1074 3107 1192 3149; x_wconf 86' lang='lat' dir='ltr'><strong>esse</strong></span> <span class='ocrx_word' id='word_1_228' title='bbox 1227 3092 1502 3147; x_wconf 86' lang='lat' dir='ltr'><strong>existimo.</strong></span> <span class='ocrx_word' id='word_1_229' title='bbox 1544 3086 1680 3143; x_wconf 86' lang='lat' dir='ltr'><strong>Nam</strong></span> <span class='ocrx_word' id='word_1_230' title='bbox 1724 3102 1871 3154; x_wconf 89' lang='lat' dir='ltr'><strong>cum,</strong></span> <span class='ocrx_word' id='word_1_231' title='bbox 1928 3096 1988 3142; x_wconf 88' lang='lat' dir='ltr'><strong>ut</strong></span> <span class='ocrx_word' id='word_1_232' title='bbox 2042 3086 2173 3153; x_wconf 90' lang='lat' dir='ltr'><strong>dixi,</strong></span> <span class='ocrx_word' id='word_1_233' title='bbox 2202 3108 2247 3166; x_wconf 71' lang='grc' dir='ltr'>α</span> 
     </span>
    </p>
   </div>
   <div class='ocr_carea' id='block_1_35' title="bbox 682 3177 2180 3247">
    <p class='ocr_par' dir='ltr' id='par_1_35' title="bbox 682 3177 2180 3247">
     <span class='ocr_line' id='line_1_35' title="bbox 682 3177 2180 3247; baseline -0.008 -3"><span class='ocrx_word' id='word_1_234' title='bbox 682 3211 699 3244; x_wconf 82' lang='grc' dir='ltr'><strong>ι</strong></span> <span class='ocrx_word' id='word_1_235' title='bbox 741 3190 952 3247; x_wconf 89' lang='lat' dir='ltr'><strong>diaconi</strong></span> <span class='ocrx_word' id='word_1_236' title='bbox 990 3184 1351 3243; x_wconf 88' lang='lat' dir='ltr'><strong>ministerium</strong></span> <span class='ocrx_word' id='word_1_237' title='bbox 1394 3196 1497 3236; x_wconf 89' lang='lat' dir='ltr'><strong>non</strong></span> <span class='ocrx_word' id='word_1_238' title='bbox 1544 3179 1702 3235; x_wconf 84' lang='lat' dir='ltr'><strong>facile</strong></span> <span class='ocrx_word' id='word_1_239' title='bbox 1750 3179 2081 3245; x_wconf 85' lang='lat' dir='ltr'><strong>inveniatur,</strong></span> <span class='ocrx_word' id='word_1_240' title='bbox 2109 3177 2180 3232; x_wconf 92' lang='lat' dir='ltr'><strong>de</strong></span> 
     </span>
    </p>
   </div>
   <div class='ocr_carea' id='block_1_36' title="bbox 697 3272 2181 3355">
    <p class='ocr_par' dir='ltr' id='par_1_36' title="bbox 697 3272 2181 3355">
     <span class='ocr_line' id='line_1_36' title="bbox 697 3272 2181 3355; baseline -0.008 -17"><span class='ocrx_word' id='word_1_241' title='bbox 697 3306 716 3338; x_wconf 76' lang='grc' dir='ltr'><strong>ι</strong></span> <span class='ocrx_word' id='word_1_242' title='bbox 753 3280 1125 3355; x_wconf 86' lang='lat' dir='ltr'><strong>superioribus</strong></span> <span class='ocrx_word' id='word_1_243' title='bbox 1170 3275 1468 3333; x_wconf 87' lang='lat' dir='ltr'><strong>honoribus</strong></span> <span class='ocrx_word' id='word_1_244' title='bbox 1501 3272 1671 3330; x_wconf 82' lang='lat' dir='ltr'><strong>multo</strong></span> <span class='ocrx_word' id='word_1_245' title='bbox 1704 3282 1788 3327; x_wconf 89' lang='lat' dir='ltr'><strong>est</strong></span> <span class='ocrx_word' id='word_1_246' title='bbox 1812 3273 2071 3343; x_wconf 75' lang='lat' dir='ltr'><strong>apertius.</strong></span> <span class='ocrx_word' id='word_1_247' title='bbox 2107 3272 2181 3326; x_wconf 87' lang='lat' dir='ltr'><strong>Et</strong></span> 
     </span>
    </p>
   </div>
   <div class='ocr_carea' id='block_1_37' title="bbox 698 3365 2179 3447">
    <p class='ocr_par' dir='ltr' id='par_1_37' title="bbox 698 3365 2179 3447">
     <span class='ocr_line' id='line_1_37' title="bbox 698 3365 2179 3447; baseline -0.007 -18"><span class='ocrx_word' id='word_1_248' title='bbox 698 3398 715 3429; x_wconf 73' lang='grc' dir='ltr'><strong>ι</strong></span> <span class='ocrx_word' id='word_1_249' title='bbox 748 3375 1090 3447; x_wconf 88' lang='lat' dir='ltr'><strong>quotidianas</strong></span> <span class='ocrx_word' id='word_1_250' title='bbox 1152 3370 1486 3425; x_wconf 87' lang='lat' dir='ltr'><strong>diversorum</strong></span> <span class='ocrx_word' id='word_1_251' title='bbox 1539 3376 1595 3422; x_wconf 90' lang='lat' dir='ltr'><strong>et</strong></span> <span class='ocrx_word' id='word_1_252' title='bbox 1643 3365 1761 3422; x_wconf 78' lang='lat' dir='ltr'><strong>fere</strong></span> <span class='ocrx_word' id='word_1_253' title='bbox 1803 3366 2179 3421; x_wconf 88' lang='lat' dir='ltr'><strong>emorientium</strong></span> 
     </span>
    </p>
   </div>
   <div class='ocr_carea' id='block_1_38' title="bbox 708 3456 2183 3539">
    <p class='ocr_par' dir='ltr' id='par_1_38' title="bbox 708 3456 2183 3539">
     <span class='ocr_line' id='line_1_38' title="bbox 708 3456 2183 3539; baseline -0.009 -16"><span class='ocrx_word' id='word_1_254' title='bbox 708 3490 728 3521; x_wconf 77' lang='grc' dir='ltr'><strong>ι</strong></span> <span class='ocrx_word' id='word_1_255' title='bbox 765 3468 1085 3539; x_wconf 90' lang='lat' dir='ltr'><strong>populorum</strong></span> <span class='ocrx_word' id='word_1_256' title='bbox 1117 3459 1531 3517; x_wconf 88' lang='lat' dir='ltr'><strong>lamentationes</strong></span> <span class='ocrx_word' id='word_1_257' title='bbox 1566 3459 1815 3528; x_wconf 87' lang='lat' dir='ltr'><strong>deinceps</strong></span> <span class='ocrx_word' id='word_1_258' title='bbox 1836 3473 1946 3513; x_wconf 88' lang='lat' dir='ltr'><strong>non</strong></span> <span class='ocrx_word' id='word_1_259' title='bbox 1974 3456 2183 3513; x_wconf 83' lang='lat' dir='ltr'><strong>sull‘eri-</strong></span> 
     </span>
    </p>
   </div>
   <div class='ocr_carea' id='block_1_39' title="bbox 686 3550 2180 3626">
    <p class='ocr_par' dir='ltr' id='par_1_39' title="bbox 686 3550 2180 3626">
     <span class='ocr_line' id='line_1_39' title="bbox 686 3550 2180 3626; baseline -0.007 -12"><span class='ocrx_word' id='word_1_260' title='bbox 686 3582 705 3613; x_wconf 74' lang='grc' dir='ltr'><strong>ε</strong></span> <span class='ocrx_word' id='word_1_261' title='bbox 762 3573 884 3614; x_wconf 89' lang='lat' dir='ltr'><strong>tnus</strong></span> <span class='ocrx_word' id='word_1_262' title='bbox 936 3575 951 3612; x_wconf 89' lang='lat'><strong>:</strong></span> <span class='ocrx_word' id='word_1_263' title='bbox 1012 3556 1208 3626; x_wconf 87' lang='lat' dir='ltr'><strong>quibus</strong></span> <span class='ocrx_word' id='word_1_264' title='bbox 1270 3551 1373 3606; x_wconf 86' lang='lat' dir='ltr'><strong>nisi</strong></span> <span class='ocrx_word' id='word_1_265' title='bbox 1424 3551 1685 3606; x_wconf 76' lang='lat' dir='ltr'><strong>auxilium</strong></span> <span class='ocrx_word' id='word_1_266' title='bbox 1732 3550 1877 3606; x_wconf 87' lang='lat' dir='ltr'><strong>ferre</strong></span> <span class='ocrx_word' id='word_1_267' title='bbox 1931 3550 2180 3616; x_wconf 84' lang='lat' dir='ltr'><strong>velimus,</strong></span> 
     </span>
    </p>
   </div>
   <div class='ocr_carea' id='block_1_40' title="bbox 689 3643 2183 3723">
    <p class='ocr_par' dir='ltr' id='par_1_40' title="bbox 689 3643 2183 3723">
     <span class='ocr_line' id='line_1_40' title="bbox 689 3643 2183 3723; baseline -0.005 -18"><span class='ocrx_word' id='word_1_268' title='bbox 689 3673 707 3705; x_wconf 73' lang='grc' dir='ltr'><strong>ι</strong></span> <span class='ocrx_word' id='word_1_269' title='bbox 744 3649 911 3723; x_wconf 65' lang='lat'><strong>5“</strong></span> <span class='ocrx_word' id='word_1_270' title='bbox 934 3646 1312 3721; x_wconf 73' lang='lat' dir='ltr'><strong>gravissimum</strong></span> <span class='ocrx_word' id='word_1_271' title='bbox 1340 3652 1397 3700; x_wconf 85' lang='lat' dir='ltr'><strong>et</strong></span> <span class='ocrx_word' id='word_1_272' title='bbox 1417 3643 1783 3700; x_wconf 85' lang='lat' dir='ltr'><strong>inexcusabile</strong></span> <span class='ocrx_word' id='word_1_273' title='bbox 1806 3654 2028 3713; x_wconf 89' lang='lat' dir='ltr'><strong>propter</strong></span> <span class='ocrx_word' id='word_1_274' title='bbox 2058 3657 2183 3714; x_wconf 83' lang='lat' dir='ltr'><strong>per-</strong></span> 
     </span>
    </p>
   </div>
   <div class='ocr_carea' id='block_1_41' title="bbox 698 3735 2178 3810">
    <p class='ocr_par' dir='ltr' id='par_1_41' title="bbox 698 3735 2178 3810">
     <span class='ocr_line' id='line_1_41' title="bbox 698 3735 2178 3810; baseline -0.006 -13"><span class='ocrx_word' id='word_1_275' title='bbox 698 3764 717 3797; x_wconf 79' lang='grc' dir='ltr'><strong>ι</strong></span> <span class='ocrx_word' id='word_1_276' title='bbox 755 3746 897 3801; x_wconf 87' lang='lat' dir='ltr'><strong>ditas</strong></span> <span class='ocrx_word' id='word_1_277' title='bbox 924 3741 1134 3798; x_wconf 88' lang='lat' dir='ltr'><strong>animas</strong></span> <span class='ocrx_word' id='word_1_278' title='bbox 1160 3737 1412 3797; x_wconf 86' lang='lat' dir='ltr'><strong>delictum</strong></span> <span class='ocrx_word' id='word_1_279' title='bbox 1434 3750 1533 3793; x_wconf 87' lang='lat' dir='ltr'><strong>nos</strong></span> <span class='ocrx_word' id='word_1_280' title='bbox 1559 3738 1698 3810; x_wconf 84' lang='lat' dir='ltr'><strong>apud</strong></span> <span class='ocrx_word' id='word_1_281' title='bbox 1740 3735 1908 3792; x_wconf 90' lang='lat' dir='ltr'><strong>Deum</strong></span> <span class='ocrx_word' id='word_1_282' title='bbox 1931 3736 2143 3807; x_wconf 85' lang='lat' dir='ltr'><strong>excipit.</strong></span> <span class='ocrx_word' id='word_1_283' title='bbox 2160 3753 2178 3788; x_wconf 71' lang='grc' dir='ltr'><strong>ι</strong></span> 
     </span>
    </p>
   </div>
   <div class='ocr_carea' id='block_1_42' title="bbox 689 4385 2184 4455">
    <p class='ocr_par' dir='ltr' id='par_1_42' title="bbox 689 4385 2184 4455">
     <span class='ocr_line' id='line_1_42' title="bbox 689 4385 2184 4455; baseline -0.003 -10"><span class='ocrx_word' id='word_1_284' title='bbox 689 4388 888 4445; x_wconf 81' lang='lat' dir='ltr'><strong>BALS.</strong></span> <span class='ocrx_word' id='word_1_285' title='bbox 918 4385 1179 4443; x_wconf 75' lang='lat' dir='ltr'><strong>Pmenti</strong></span> <span class='ocrx_word' id='word_1_286' title='bbox 1221 4386 1425 4455; x_wconf 87' lang='lat' dir='ltr'><strong>scripto</strong></span> <span class='ocrx_word' id='word_1_287' title='bbox 1459 4387 1581 4441; x_wconf 78' lang='lat' dir='ltr'><strong>vult</strong></span> <span class='ocrx_word' id='word_1_288' title='bbox 1603 4386 1855 4441; x_wconf 78' lang='lat' dir='ltr'><strong>Aurelius</strong></span> <span class='ocrx_word' id='word_1_289' title='bbox 1899 4385 2184 4442; x_wconf 87' lang='lat' dir='ltr'><strong>certiorem</strong></span> 
     </span>
    </p>
   </div>
   <div class='ocr_carea' id='block_1_43' title="bbox 2334 505 3823 579">
    <p class='ocr_par' dir='ltr' id='par_1_43' title="bbox 2334 505 3823 579">
     <span class='ocr_line' id='line_1_43' title="bbox 2334 505 3823 579; baseline 0.003 -19"><span class='ocrx_word' id='word_1_290' title='bbox 2334 528 2353 560; x_wconf 81' lang='grc' dir='ltr'><strong>ι</strong></span> <span class='ocrx_word' id='word_1_291' title='bbox 2390 509 2886 579; x_wconf 77' lang='grc' dir='ltr'>λαμπροτάτου,τῇ</span> <span class='ocrx_word' id='word_1_292' title='bbox 2917 508 3023 577; x_wconf 77' lang='grc' dir='ltr'>πρὸ</span> <span class='ocrx_word' id='word_1_293' title='bbox 3055 506 3253 571; x_wconf 72' lang='grc' dir='ltr'>δεκαὲξ</span> <span class='ocrx_word' id='word_1_294' title='bbox 3286 505 3571 561; x_wconf 77' lang='grc' dir='ltr'>καλανδῶν</span> <span class='ocrx_word' id='word_1_295' title='bbox 3604 507 3823 564; x_wconf 76' lang='grc' dir='ltr'><strong>Ἰουλίων</strong></span> 
     </span>
    </p>
   </div>
   <div class='ocr_carea' id='block_1_44' title="bbox 2332 599 3823 673">
    <p class='ocr_par' dir='ltr' id='par_1_44' title="bbox 2332 599 3823 673">
     <span class='ocr_line' id='line_1_44' title="bbox 2332 599 3823 673; baseline 0.003 -21"><span class='ocrx_word' id='word_1_296' title='bbox 2332 620 2353 652; x_wconf 78' lang='grc' dir='ltr'><strong>ι</strong></span> <span class='ocrx_word' id='word_1_297' title='bbox 2395 603 2453 655; x_wconf 74' lang='grc' dir='ltr'>ἰν</span> <span class='ocrx_word' id='word_1_298' title='bbox 2482 600 2794 672; x_wconf 78' lang='grc' dir='ltr'><strong>Καρχηδόνι</strong></span> <span class='ocrx_word' id='word_1_299' title='bbox 2825 603 2907 664; x_wconf 84' lang='grc' dir='ltr'><strong>είς</strong></span> <span class='ocrx_word' id='word_1_300' title='bbox 2935 599 2996 652; x_wconf 79' lang='grc' dir='ltr'>τὸ</span> <span class='ocrx_word' id='word_1_301' title='bbox 3018 601 3298 671; x_wconf 84' lang='grc' dir='ltr'>σήκρητον</span> <span class='ocrx_word' id='word_1_302' title='bbox 3324 599 3425 670; x_wconf 83' lang='grc' dir='ltr'>τῆς</span> <span class='ocrx_word' id='word_1_303' title='bbox 3460 599 3823 673; x_wconf 80' lang='grc' dir='ltr'>Ῥεστιτοὺτης</span> 
     </span>
    </p>
   </div>
   <div class='ocr_carea' id='block_1_45' title="bbox 2333 692 3823 765">
    <p class='ocr_par' dir='ltr' id='par_1_45' title="bbox 2333 692 3823 765">
     <span class='ocr_line' id='line_1_45' title="bbox 2333 692 3823 765; baseline 0.003 -19"><span class='ocrx_word' id='word_1_304' title='bbox 2333 712 2352 746; x_wconf 79' lang='lat' dir='ltr'><strong>t</strong></span> <span class='ocrx_word' id='word_1_305' title='bbox 2388 694 2687 765; x_wconf 71' lang='grc' dir='ltr'><strong>ἐκκλησίας</strong></span> <span class='ocrx_word' id='word_1_306' title='bbox 2715 694 3059 764; x_wconf 75' lang='grc' dir='ltr'><strong>προκαθίσας</strong></span> <span class='ocrx_word' id='word_1_307' title='bbox 3102 693 3223 765; x_wconf 74' lang='grc' dir='ltr'>ἅμα</span> <span class='ocrx_word' id='word_1_308' title='bbox 3254 694 3371 757; x_wconf 78' lang='grc' dir='ltr'>τοῖς</span> <span class='ocrx_word' id='word_1_309' title='bbox 3406 692 3823 759; x_wconf 77' lang='grc' dir='ltr'>συνεπισκόποις</span> 
     </span>
    </p>
   </div>
   <div class='ocr_carea' id='block_1_46' title="bbox 2338 785 3823 859">
    <p class='ocr_par' dir='ltr' id='par_1_46' title="bbox 2338 785 3823 859">
     <span class='ocr_line' id='line_1_46' title="bbox 2338 785 3823 859; baseline 0 -18"><span class='ocrx_word' id='word_1_310' title='bbox 2338 807 2356 841; x_wconf 82' lang='lat' dir='ltr'><strong>t</strong></span> <span class='ocrx_word' id='word_1_311' title='bbox 2399 788 2589 853; x_wconf 87' lang='grc' dir='ltr'>αὑτοῦ,</span> <span class='ocrx_word' id='word_1_312' title='bbox 2649 785 3021 859; x_wconf 79' lang='grc' dir='ltr'><strong>παρεστώτων</strong></span> <span class='ocrx_word' id='word_1_313' title='bbox 3061 786 3169 839; x_wconf 87' lang='grc' dir='ltr'><strong>τῶν</strong></span> <span class='ocrx_word' id='word_1_314' title='bbox 3223 786 3522 851; x_wconf 86' lang='grc' dir='ltr'>διακόνων,</span> <span class='ocrx_word' id='word_1_315' title='bbox 3562 785 3823 859; x_wconf 75' lang='grc' dir='ltr'><strong>Αὐρήλιος</strong></span> 
     </span>
    </p>
   </div>
   <div class='ocr_carea' id='block_1_47' title="bbox 2335 876 3824 950">
    <p class='ocr_par' dir='ltr' id='par_1_47' title="bbox 2335 876 3824 950">
     <span class='ocr_line' id='line_1_47' title="bbox 2335 876 3824 950; baseline 0 -17"><span class='ocrx_word' id='word_1_316' title='bbox 2335 901 2354 933; x_wconf 79' lang='grc' dir='ltr'><strong>ι</strong></span> <span class='ocrx_word' id='word_1_317' title='bbox 2393 882 2692 945; x_wconf 78' lang='grc' dir='ltr'><strong>ἐπίσκοπος</strong></span> <span class='ocrx_word' id='word_1_318' title='bbox 2733 876 2916 934; x_wconf 62' lang='grc' dir='ltr'>εἶπεν</span> <span class='ocrx_word' id='word_1_319' title='bbox 2978 878 3100 933; x_wconf 86' lang='grc' dir='ltr'>Τῶν</span> <span class='ocrx_word' id='word_1_320' title='bbox 3157 878 3472 950; x_wconf 78' lang='grc' dir='ltr'>ἐκκλησιῶν</span> <span class='ocrx_word' id='word_1_321' title='bbox 3530 878 3628 934; x_wconf 88' lang='grc' dir='ltr'><strong>τοῦ</strong></span> <span class='ocrx_word' id='word_1_322' title='bbox 3675 881 3824 946; x_wconf 86' lang='grc' dir='ltr'>Θεοῦ,</span> 
     </span>
    </p>
   </div>
   <div class='ocr_carea' id='block_1_48' title="bbox 2336 969 3816 1044">
    <p class='ocr_par' dir='ltr' id='par_1_48' title="bbox 2336 969 3816 1044">
     <span class='ocr_line' id='line_1_48' title="bbox 2336 969 3816 1044; baseline 0.002 -20"><span class='ocrx_word' id='word_1_323' title='bbox 2336 993 2355 1024; x_wconf 74' lang='grc' dir='ltr'><strong>ε</strong></span> <span class='ocrx_word' id='word_1_324' title='bbox 2390 973 2498 1028; x_wconf 87' lang='grc' dir='ltr'><strong>τῶν</strong></span> <span class='ocrx_word' id='word_1_325' title='bbox 2520 972 2628 1028; x_wconf 83' lang='grc' dir='ltr'><strong>ἀνά</strong></span> <span class='ocrx_word' id='word_1_326' title='bbox 2658 975 2839 1028; x_wconf 75' lang='grc' dir='ltr'>πᾶσαν</span> <span class='ocrx_word' id='word_1_327' title='bbox 2865 971 2963 1043; x_wconf 76' lang='grc' dir='ltr'>τὴν</span> <span class='ocrx_word' id='word_1_328' title='bbox 2991 972 3102 1025; x_wconf 85' lang='grc' dir='ltr'><strong>τῶν</strong></span> <span class='ocrx_word' id='word_1_329' title='bbox 3123 974 3349 1042; x_wconf 82' lang='grc' dir='ltr'>Ἀφρων</span> <span class='ocrx_word' id='word_1_330' title='bbox 3380 969 3569 1044; x_wconf 80' lang='grc' dir='ltr'>χώραν</span> <span class='ocrx_word' id='word_1_331' title='bbox 3586 972 3816 1044; x_wconf 75' lang='grc' dir='ltr'>καθιδρυ·</span> 
     </span>
    </p>
   </div>
   <div class='ocr_carea' id='block_1_49' title="bbox 2337 1061 3829 1133">
    <p class='ocr_par' dir='ltr' id='par_1_49' title="bbox 2337 1061 3829 1133">
     <span class='ocr_line' id='line_1_49' title="bbox 2337 1061 3829 1133; baseline 0.003 -18"><span class='ocrx_word' id='word_1_332' title='bbox 2337 1080 2358 1115; x_wconf 79' lang='lat' dir='ltr'><strong>t</strong></span> <span class='ocrx_word' id='word_1_333' title='bbox 2398 1063 2595 1132; x_wconf 81' lang='grc' dir='ltr'>μένων,</span> <span class='ocrx_word' id='word_1_334' title='bbox 2625 1061 2725 1123; x_wconf 83' lang='grc' dir='ltr'><strong>τὰς</strong></span> <span class='ocrx_word' id='word_1_335' title='bbox 2760 1062 3011 1128; x_wconf 78' lang='grc' dir='ltr'><strong>ἀνάγκας</strong></span> <span class='ocrx_word' id='word_1_336' title='bbox 3043 1062 3288 1133; x_wconf 76' lang='grc' dir='ltr'>ἀκριϐῶς</span> <span class='ocrx_word' id='word_1_337' title='bbox 3315 1062 3432 1132; x_wconf 82' lang='grc' dir='ltr'>ἅμα</span> <span class='ocrx_word' id='word_1_338' title='bbox 3463 1062 3593 1133; x_wconf 68' lang='grc' dir='ltr'>ἐμοὶ</span> <span class='ocrx_word' id='word_1_339' title='bbox 3619 1063 3829 1119; x_wconf 71' lang='grc' dir='ltr'>ἐπίστα-</span> 
     </span>
    </p>
   </div>
   <div class='ocr_carea' id='block_1_50' title="bbox 2340 1153 3826 1225">
    <p class='ocr_par' dir='ltr' id='par_1_50' title="bbox 2340 1153 3826 1225">
     <span class='ocr_line' id='line_1_50' title="bbox 2340 1153 3826 1225; baseline 0.003 -20"><span class='ocrx_word' id='word_1_340' title='bbox 2340 1171 2359 1205; x_wconf 79' lang='grc' dir='ltr'><strong>ι</strong></span> <span class='ocrx_word' id='word_1_341' title='bbox 2394 1155 2540 1224; x_wconf 84' lang='grc' dir='ltr'>ταιὴ</span> <span class='ocrx_word' id='word_1_342' title='bbox 2571 1153 2815 1223; x_wconf 77' lang='grc' dir='ltr'>ὑμετέρα</span> <span class='ocrx_word' id='word_1_343' title='bbox 2846 1154 3060 1225; x_wconf 80' lang='grc' dir='ltr'>ἀγάπη.</span> <span class='ocrx_word' id='word_1_344' title='bbox 3087 1153 3385 1223; x_wconf 73' lang='grc' dir='ltr'><strong>ἁγιώτατοι</strong></span> <span class='ocrx_word' id='word_1_345' title='bbox 3437 1154 3661 1225; x_wconf 79' lang='grc' dir='ltr'>ἀδελφοί</span> <span class='ocrx_word' id='word_1_346' title='bbox 3696 1171 3710 1186; x_wconf 90' lang='grc'>·</span> <span class='ocrx_word' id='word_1_347' title='bbox 3747 1158 3826 1210; x_wconf 58' lang='grc' dir='ltr'><strong>καὶ</strong></span> 
     </span>
    </p>
   </div>
   <div class='ocr_carea' id='block_1_51' title="bbox 2348 1246 3827 1319">
    <p class='ocr_par' dir='ltr' id='par_1_51' title="bbox 2348 1246 3827 1319">
     <span class='ocr_line' id='line_1_51' title="bbox 2348 1246 3827 1319; baseline 0.002 -21"><span class='ocrx_word' id='word_1_348' title='bbox 2348 1265 2366 1298; x_wconf 80' lang='grc' dir='ltr'><strong>ι</strong></span> <span class='ocrx_word' id='word_1_349' title='bbox 2402 1246 2592 1317; x_wconf 70' lang='grc' dir='ltr'>ἐπειδὴ</span> <span class='ocrx_word' id='word_1_350' title='bbox 2640 1246 2733 1300; x_wconf 88' lang='grc' dir='ltr'><strong>τοῦ</strong></span> <span class='ocrx_word' id='word_1_351' title='bbox 2764 1248 2969 1318; x_wconf 83' lang='grc' dir='ltr'>Κυρίου</span> <span class='ocrx_word' id='word_1_352' title='bbox 3023 1250 3360 1319; x_wconf 79' lang='grc' dir='ltr'>παρέχοντος</span> <span class='ocrx_word' id='word_1_353' title='bbox 3410 1248 3522 1301; x_wconf 80' lang='grc' dir='ltr'>κᾶν</span> <span class='ocrx_word' id='word_1_354' title='bbox 3572 1248 3633 1300; x_wconf 76' lang='grc' dir='ltr'>ὲν</span> <span class='ocrx_word' id='word_1_355' title='bbox 3688 1248 3827 1318; x_wconf 79' lang='grc' dir='ltr'>μέρει</span> 
     </span>
    </p>
   </div>
   <div class='ocr_carea' id='block_1_52' title="bbox 2342 1337 3829 1410">
    <p class='ocr_par' dir='ltr' id='par_1_52' title="bbox 2342 1337 3829 1410">
     <span class='ocr_line' id='line_1_52' title="bbox 2342 1337 3829 1410; baseline 0.003 -21"><span class='ocrx_word' id='word_1_356' title='bbox 2342 1357 2361 1389; x_wconf 79' lang='grc' dir='ltr'><strong>ι</strong></span> <span class='ocrx_word' id='word_1_357' title='bbox 2409 1337 2649 1410; x_wconf 79' lang='grc' dir='ltr'><strong>συνήχθη</strong></span> <span class='ocrx_word' id='word_1_358' title='bbox 2685 1340 2718 1406; x_wconf 81' lang='grc' dir='ltr'><strong>ἡ</strong></span> <span class='ocrx_word' id='word_1_359' title='bbox 2751 1337 3028 1409; x_wconf 78' lang='grc' dir='ltr'>παρουσία</span> <span class='ocrx_word' id='word_1_360' title='bbox 3047 1340 3146 1410; x_wconf 80' lang='grc' dir='ltr'><strong>τῆς</strong></span> <span class='ocrx_word' id='word_1_361' title='bbox 3181 1338 3336 1403; x_wconf 77' lang='grc' dir='ltr'>ὁσίας</span> <span class='ocrx_word' id='word_1_362' title='bbox 3378 1338 3541 1409; x_wconf 88' lang='grc' dir='ltr'>ὑμῶν</span> <span class='ocrx_word' id='word_1_363' title='bbox 3588 1339 3829 1393; x_wconf 76' lang='grc' dir='ltr'>συνελεύ-</span> 
     </span>
    </p>
   </div>
   <div class='ocr_carea' id='block_1_53' title="bbox 2345 1431 3832 1503">
    <p class='ocr_par' dir='ltr' id='par_1_53' title="bbox 2345 1431 3832 1503">
     <span class='ocr_line' id='line_1_53' title="bbox 2345 1431 3832 1503; baseline 0.002 -21"><span class='ocrx_word' id='word_1_364' title='bbox 2345 1448 2364 1482; x_wconf 80' lang='grc' dir='ltr'><strong>ι</strong></span> <span class='ocrx_word' id='word_1_365' title='bbox 2406 1447 2564 1495; x_wconf 88' lang='grc' dir='ltr'>σεως,</span> <span class='ocrx_word' id='word_1_366' title='bbox 2597 1431 2746 1485; x_wconf 84' lang='grc' dir='ltr'>δοκεῖ</span> <span class='ocrx_word' id='word_1_367' title='bbox 2774 1448 2865 1500; x_wconf 87' lang='grc' dir='ltr'><strong>μοι</strong></span> <span class='ocrx_word' id='word_1_368' title='bbox 2893 1433 2973 1495; x_wconf 86' lang='grc' dir='ltr'><strong>είς</strong></span> <span class='ocrx_word' id='word_1_369' title='bbox 3011 1432 3177 1503; x_wconf 82' lang='grc' dir='ltr'>μέσον</span> <span class='ocrx_word' id='word_1_370' title='bbox 3212 1432 3603 1502; x_wconf 75' lang='grc' dir='ltr'>παρακομίσαι</span> <span class='ocrx_word' id='word_1_371' title='bbox 3627 1431 3721 1496; x_wconf 84' lang='grc' dir='ltr'>τὰς</span> <span class='ocrx_word' id='word_1_372' title='bbox 3750 1433 3832 1485; x_wconf 78' lang='grc' dir='ltr'>αὑ-</span> 
     </span>
    </p>
   </div>
   <div class='ocr_carea' id='block_1_54' title="bbox 2346 1520 3833 1596">
    <p class='ocr_par' dir='ltr' id='par_1_54' title="bbox 2346 1520 3833 1596">
     <span class='ocr_line' id='line_1_54' title="bbox 2346 1520 3833 1596; baseline 0.002 -24"><span class='ocrx_word' id='word_1_373' title='bbox 2346 1538 2364 1572; x_wconf 84' lang='lat' dir='ltr'><strong>t</strong></span> <span class='ocrx_word' id='word_1_374' title='bbox 2402 1520 2521 1585; x_wconf 81' lang='grc' dir='ltr'>τὰς,</span> <span class='ocrx_word' id='word_1_375' title='bbox 2552 1520 2628 1586; x_wconf 84' lang='grc' dir='ltr'><strong>ὡς</strong></span> <span class='ocrx_word' id='word_1_376' title='bbox 2651 1520 2890 1591; x_wconf 71' lang='grc' dir='ltr'>εἴρηται,</span> <span class='ocrx_word' id='word_1_377' title='bbox 2918 1523 3188 1591; x_wconf 78' lang='grc' dir='ltr'>ἀνάγκας,</span> <span class='ocrx_word' id='word_1_378' title='bbox 3227 1522 3410 1595; x_wconf 78' lang='grc' dir='ltr'>ἇσπερ</span> <span class='ocrx_word' id='word_1_379' title='bbox 3446 1524 3632 1594; x_wconf 71' lang='grc' dir='ltr'>οἰκείᾳ</span> <span class='ocrx_word' id='word_1_380' title='bbox 3691 1541 3833 1596; x_wconf 72' lang='grc' dir='ltr'>φρονο</span> 
     </span>
    </p>
   </div>
   <div class='ocr_carea' id='block_1_55' title="bbox 2344 1612 3834 1689">
    <p class='ocr_par' dir='ltr' id='par_1_55' title="bbox 2344 1612 3834 1689">
     <span class='ocr_line' id='line_1_55' title="bbox 2344 1612 3834 1689; baseline 0.004 -23"><span class='ocrx_word' id='word_1_381' title='bbox 2344 1631 2364 1666; x_wconf 82' lang='lat' dir='ltr'><strong>t</strong></span> <span class='ocrx_word' id='word_1_382' title='bbox 2403 1613 2509 1667; x_wconf 89' lang='grc' dir='ltr'>τίδι</span> <span class='ocrx_word' id='word_1_383' title='bbox 2545 1612 2812 1687; x_wconf 67' lang='grc' dir='ltr'>ἠδυνήθην</span> <span class='ocrx_word' id='word_1_384' title='bbox 2838 1615 3178 1688; x_wconf 78' lang='grc' dir='ltr'>ἀνιχνεῦσαι·</span> <span class='ocrx_word' id='word_1_385' title='bbox 3211 1618 3439 1682; x_wconf 84' lang='grc' dir='ltr'>ἀστινας</span> <span class='ocrx_word' id='word_1_386' title='bbox 3469 1617 3637 1689; x_wconf 83' lang='grc' dir='ltr'>ήνίκα</span> <span class='ocrx_word' id='word_1_387' title='bbox 3658 1619 3834 1672; x_wconf 71' lang='lat' dir='ltr'><strong>tmaro-</strong></span> 
     </span>
    </p>
   </div>
   <div class='ocr_carea' id='block_1_56' title="bbox 2344 1707 3838 1781">
    <p class='ocr_par' dir='ltr' id='par_1_56' title="bbox 2344 1707 3838 1781">
     <span class='ocr_line' id='line_1_56' title="bbox 2344 1707 3838 1781; baseline 0.001 -18"><span class='ocrx_word' id='word_1_388' title='bbox 2344 1727 2363 1763; x_wconf 84' lang='grc' dir='ltr'><strong>ι</strong></span> <span class='ocrx_word' id='word_1_389' title='bbox 2406 1707 2619 1781; x_wconf 76' lang='grc' dir='ltr'>ρὼσῃή</span> <span class='ocrx_word' id='word_1_390' title='bbox 2655 1709 2901 1781; x_wconf 76' lang='grc' dir='ltr'>ὑμετέρα</span> <span class='ocrx_word' id='word_1_391' title='bbox 2931 1709 3322 1781; x_wconf 83' lang='grc' dir='ltr'>είλικρινότης,</span> <span class='ocrx_word' id='word_1_392' title='bbox 3356 1710 3660 1765; x_wconf 85' lang='grc' dir='ltr'>ἀκόλουθον</span> <span class='ocrx_word' id='word_1_393' title='bbox 3695 1711 3838 1765; x_wconf 76' lang='grc' dir='ltr'>ἔσται</span> 
     </span>
    </p>
   </div>
   <div class='ocr_carea' id='block_1_57' title="bbox 2344 1792 3839 1877">
    <p class='ocr_par' dir='ltr' id='par_1_57' title="bbox 2344 1792 3839 1877">
     <span class='ocr_line' id='line_1_57' title="bbox 2344 1792 3839 1877; baseline 0.003 -24"><span class='ocrx_word' id='word_1_394' title='bbox 2344 1792 2787 1867; x_wconf 80' lang='grc' dir='ltr'>«ἀποδείξασθαι</span> <span class='ocrx_word' id='word_1_395' title='bbox 2817 1802 2915 1857; x_wconf 69' lang='grc' dir='ltr'>ἕνα</span> <span class='ocrx_word' id='word_1_396' title='bbox 2946 1802 3098 1875; x_wconf 69' lang='grc' dir='ltr'>ἱερέα</span> <span class='ocrx_word' id='word_1_397' title='bbox 3131 1805 3193 1857; x_wconf 82' lang='grc' dir='ltr'>ὲκ</span> <span class='ocrx_word' id='word_1_398' title='bbox 3210 1805 3304 1857; x_wconf 87' lang='grc' dir='ltr'><strong>τοῦ</strong></span> <span class='ocrx_word' id='word_1_399' title='bbox 3354 1804 3635 1877; x_wconf 73' lang='grc' dir='ltr'><strong>ἡμετέρου</strong></span> <span class='ocrx_word' id='word_1_400' title='bbox 3695 1805 3839 1876; x_wconf 58' lang='lat' dir='ltr'><strong>apte-</strong></span> 
     </span>
    </p>
   </div>
   <div class='ocr_carea' id='block_1_58' title="bbox 2346 1892 3829 1969">
    <p class='ocr_par' dir='ltr' id='par_1_58' title="bbox 2346 1892 3829 1969">
     <span class='ocr_line' id='line_1_58' title="bbox 2346 1892 3829 1969; baseline 0.005 -24"><span class='ocrx_word' id='word_1_401' title='bbox 2346 1911 2365 1945; x_wconf 80' lang='grc' dir='ltr'><strong>ι</strong></span> <span class='ocrx_word' id='word_1_402' title='bbox 2403 1892 2530 1965; x_wconf 86' lang='grc' dir='ltr'>μοῦ,</span> <span class='ocrx_word' id='word_1_403' title='bbox 2556 1894 2647 1948; x_wconf 77' lang='grc' dir='ltr'>τὸν</span> <span class='ocrx_word' id='word_1_404' title='bbox 2679 1894 2965 1963; x_wconf 83' lang='grc' dir='ltr'>ὀφείλοντα</span> <span class='ocrx_word' id='word_1_405' title='bbox 2998 1898 3067 1969; x_wconf 73' lang='grc' dir='ltr'>τῇ</span> <span class='ocrx_word' id='word_1_406' title='bbox 3091 1895 3185 1951; x_wconf 85' lang='grc' dir='ltr'><strong>τοῦ</strong></span> <span class='ocrx_word' id='word_1_407' title='bbox 3219 1898 3429 1967; x_wconf 80' lang='grc' dir='ltr'>Κυρίου</span> <span class='ocrx_word' id='word_1_408' title='bbox 3497 1897 3722 1969; x_wconf 72' lang='grc' dir='ltr'>βοηθείᾳ</span> <span class='ocrx_word' id='word_1_409' title='bbox 3748 1897 3829 1952; x_wconf 88' lang='grc' dir='ltr'><strong>διὰ</strong></span> 
     </span>
    </p>
   </div>
   <div class='ocr_carea' id='block_1_59' title="bbox 2346 1985 3837 2059">
    <p class='ocr_par' dir='ltr' id='par_1_59' title="bbox 2346 1985 3837 2059">
     <span class='ocr_line' id='line_1_59' title="bbox 2346 1985 3837 2059; baseline 0.003 -22"><span class='ocrx_word' id='word_1_410' title='bbox 2346 2003 2364 2037; x_wconf 81' lang='grc' dir='ltr'><strong>ι</strong></span> <span class='ocrx_word' id='word_1_411' title='bbox 2400 1985 2510 2040; x_wconf 92' lang='grc' dir='ltr'><strong>τῶν</strong></span> <span class='ocrx_word' id='word_1_412' title='bbox 2532 1985 2719 2057; x_wconf 70' lang='grc' dir='ltr'>ἐὐχῶν</span> <span class='ocrx_word' id='word_1_413' title='bbox 2742 1985 2896 2057; x_wconf 88' lang='grc' dir='ltr'>ὑμῶν</span> <span class='ocrx_word' id='word_1_414' title='bbox 2921 1986 3127 2052; x_wconf 84' lang='grc' dir='ltr'>ταύτας</span> <span class='ocrx_word' id='word_1_415' title='bbox 3152 1989 3327 2054; x_wconf 81' lang='grc' dir='ltr'>αὑτὰς</span> <span class='ocrx_word' id='word_1_416' title='bbox 3370 1989 3629 2059; x_wconf 77' lang='grc' dir='ltr'>ἀνάγκας</span> <span class='ocrx_word' id='word_1_417' title='bbox 3659 1990 3837 2043; x_wconf 83' lang='grc' dir='ltr'>ἀναδί-</span> 
     </span>
    </p>
   </div>
   <div class='ocr_carea' id='block_1_60' title="bbox 2345 2075 3839 2150">
    <p class='ocr_par' dir='ltr' id='par_1_60' title="bbox 2345 2075 3839 2150">
     <span class='ocr_line' id='line_1_60' title="bbox 2345 2075 3839 2150; baseline -0.001 -20"><span class='ocrx_word' id='word_1_418' title='bbox 2345 2096 2364 2130; x_wconf 82' lang='lat' dir='ltr'><strong>t</strong></span> <span class='ocrx_word' id='word_1_419' title='bbox 2412 2075 2629 2143; x_wconf 80' lang='grc' dir='ltr'>ξασθαι,</span> <span class='ocrx_word' id='word_1_420' title='bbox 2665 2079 2761 2131; x_wconf 69' lang='grc' dir='ltr'>καὶ</span> <span class='ocrx_word' id='word_1_421' title='bbox 2809 2078 3076 2149; x_wconf 77' lang='grc' dir='ltr'>ἀνδρείως</span> <span class='ocrx_word' id='word_1_422' title='bbox 3125 2079 3463 2146; x_wconf 76' lang='grc' dir='ltr'>ὲξανυστέας</span> <span class='ocrx_word' id='word_1_423' title='bbox 3515 2078 3839 2150; x_wconf 82' lang='grc' dir='ltr'>ἀποκομίσαι</span> 
     </span>
    </p>
   </div>
   <div class='ocr_carea' id='block_1_61' title="bbox 2347 2169 3840 2244">
    <p class='ocr_par' dir='ltr' id='par_1_61' title="bbox 2347 2169 3840 2244">
     <span class='ocr_line' id='line_1_61' title="bbox 2347 2169 3840 2244; baseline 0.002 -23"><span class='ocrx_word' id='word_1_424' title='bbox 2347 2188 2365 2221; x_wconf 78' lang='grc' dir='ltr'><strong>ι</strong></span> <span class='ocrx_word' id='word_1_425' title='bbox 2402 2169 2541 2241; x_wconf 81' lang='grc' dir='ltr'>πρὸς</span> <span class='ocrx_word' id='word_1_426' title='bbox 2576 2170 2645 2223; x_wconf 83' lang='grc' dir='ltr'><strong>τά</strong></span> <span class='ocrx_word' id='word_1_427' title='bbox 2670 2171 3038 2242; x_wconf 74' lang='grc' dir='ltr'>πραγματικά</span> <span class='ocrx_word' id='word_1_428' title='bbox 3067 2172 3165 2241; x_wconf 78' lang='grc' dir='ltr'>τῆς</span> <span class='ocrx_word' id='word_1_429' title='bbox 3209 2171 3446 2235; x_wconf 84' lang='grc' dir='ltr'>Ἰταλίας</span> <span class='ocrx_word' id='word_1_430' title='bbox 3503 2173 3647 2244; x_wconf 78' lang='grc' dir='ltr'>μέρη</span> <span class='ocrx_word' id='word_1_431' title='bbox 3703 2172 3840 2235; x_wconf 78' lang='grc' dir='ltr'>ὅστις</span> 
     </span>
    </p>
   </div>
   <div class='ocr_carea' id='block_1_62' title="bbox 2348 2262 3839 2336">
    <p class='ocr_par' dir='ltr' id='par_1_62' title="bbox 2348 2262 3839 2336">
     <span class='ocr_line' id='line_1_62' title="bbox 2348 2262 3839 2336; baseline 0.002 -23"><span class='ocrx_word' id='word_1_432' title='bbox 2348 2281 2367 2313; x_wconf 72' lang='grc' dir='ltr'><strong>ι</strong></span> <span class='ocrx_word' id='word_1_433' title='bbox 2405 2262 2609 2334; x_wconf 77' lang='grc' dir='ltr'>δυνηθῇ</span> <span class='ocrx_word' id='word_1_434' title='bbox 2638 2263 2815 2335; x_wconf 83' lang='grc' dir='ltr'>αὑτήν</span> <span class='ocrx_word' id='word_1_435' title='bbox 2846 2281 2906 2319; x_wconf 89' lang='grc' dir='ltr'><strong>τε</strong></span> <span class='ocrx_word' id='word_1_436' title='bbox 2942 2264 3039 2336; x_wconf 75' lang='grc' dir='ltr'>τὴν</span> <span class='ocrx_word' id='word_1_437' title='bbox 3096 2264 3346 2335; x_wconf 84' lang='grc' dir='ltr'>ἀνάγκην</span> <span class='ocrx_word' id='word_1_438' title='bbox 3387 2265 3489 2319; x_wconf 75' lang='grc' dir='ltr'>καὶ</span> <span class='ocrx_word' id='word_1_439' title='bbox 3545 2264 3637 2320; x_wconf 80' lang='grc' dir='ltr'>τὸν</span> <span class='ocrx_word' id='word_1_440' title='bbox 3689 2266 3839 2319; x_wconf 81' lang='grc' dir='ltr'>πόνον</span> 
     </span>
    </p>
   </div>
   <div class='ocr_carea' id='block_1_63' title="bbox 2346 2353 3841 2429">
    <p class='ocr_par' dir='ltr' id='par_1_63' title="bbox 2346 2353 3841 2429">
     <span class='ocr_line' id='line_1_63' title="bbox 2346 2353 3841 2429; baseline 0.002 -22"><span class='ocrx_word' id='word_1_441' title='bbox 2346 2373 2367 2407; x_wconf 89' lang='grc'><em>‹</em></span> <span class='ocrx_word' id='word_1_442' title='bbox 2404 2355 2501 2409; x_wconf 85' lang='grc' dir='ltr'>καὶ</span> <span class='ocrx_word' id='word_1_443' title='bbox 2525 2354 2624 2428; x_wconf 81' lang='grc' dir='ltr'>τὴν</span> <span class='ocrx_word' id='word_1_444' title='bbox 2652 2353 2865 2410; x_wconf 69' lang='grc' dir='ltr'>ἔνδειαν</span> <span class='ocrx_word' id='word_1_445' title='bbox 2896 2356 3054 2426; x_wconf 87' lang='grc' dir='ltr'>ὑμῶν</span> <span class='ocrx_word' id='word_1_446' title='bbox 3083 2358 3436 2429; x_wconf 78' lang='grc' dir='ltr'>παραστῆσαι</span> <span class='ocrx_word' id='word_1_447' title='bbox 3462 2360 3580 2422; x_wconf 87' lang='grc' dir='ltr'><strong>τοίς</strong></span> <span class='ocrx_word' id='word_1_448' title='bbox 3615 2357 3841 2426; x_wconf 74' lang='grc' dir='ltr'>ἀγιωτάο</span> 
     </span>
    </p>
   </div>
   <div class='ocr_carea' id='block_1_64' title="bbox 2346 2447 3841 2521">
    <p class='ocr_par' dir='ltr' id='par_1_64' title="bbox 2346 2447 3841 2521">
     <span class='ocr_line' id='line_1_64' title="bbox 2346 2447 3841 2521; baseline 0.003 -23"><span class='ocrx_word' id='word_1_449' title='bbox 2346 2464 2365 2498; x_wconf 82' lang='grc' dir='ltr'><strong>ι</strong></span> <span class='ocrx_word' id='word_1_450' title='bbox 2402 2462 2516 2512; x_wconf 87' lang='grc' dir='ltr'>τοις</span> <span class='ocrx_word' id='word_1_451' title='bbox 2548 2447 2796 2518; x_wconf 79' lang='grc' dir='ltr'>ἀδελφοῖς</span> <span class='ocrx_word' id='word_1_452' title='bbox 2830 2452 2925 2503; x_wconf 76' lang='grc' dir='ltr'><strong>καὶ</strong></span> <span class='ocrx_word' id='word_1_453' title='bbox 2981 2449 3427 2521; x_wconf 85' lang='grc' dir='ltr'>συλλειτουργοῐς</span> <span class='ocrx_word' id='word_1_454' title='bbox 3453 2450 3616 2521; x_wconf 78' lang='grc' dir='ltr'>ήμῶν</span> <span class='ocrx_word' id='word_1_455' title='bbox 3641 2466 3655 2480; x_wconf 83' lang='lat'><strong><em>°</em></strong></span> <span class='ocrx_word' id='word_1_456' title='bbox 3695 2450 3841 2505; x_wconf 87' lang='grc' dir='ltr'>τοῦτο</span> 
     </span>
    </p>
   </div>
   <div class='ocr_carea' id='block_1_65' title="bbox 2348 2537 3839 2614">
    <p class='ocr_par' dir='ltr' id='par_1_65' title="bbox 2348 2537 3839 2614">
     <span class='ocr_line' id='line_1_65' title="bbox 2348 2537 3839 2614; baseline 0.007 -23"><span class='ocrx_word' id='word_1_457' title='bbox 2348 2556 2367 2591; x_wconf 78' lang='grc' dir='ltr'><strong>ι</strong></span> <span class='ocrx_word' id='word_1_458' title='bbox 2405 2538 2507 2610; x_wconf 75' lang='grc' dir='ltr'>μὲν</span> <span class='ocrx_word' id='word_1_459' title='bbox 2557 2537 2897 2613; x_wconf 77' lang='grc' dir='ltr'>’Δναστασίῳ</span> <span class='ocrx_word' id='word_1_460' title='bbox 2970 2540 3049 2614; x_wconf 81' lang='grc' dir='ltr'><strong>τῷ</strong></span> <span class='ocrx_word' id='word_1_461' title='bbox 3101 2540 3474 2612; x_wconf 82' lang='grc' dir='ltr'>προσκυνητῷ</span> <span class='ocrx_word' id='word_1_462' title='bbox 3546 2541 3691 2612; x_wconf 82' lang='grc' dir='ltr'>ἀγίῳ</span> <span class='ocrx_word' id='word_1_463' title='bbox 3752 2542 3839 2611; x_wconf 78' lang='grc' dir='ltr'>τῆς</span> 
     </span>
    </p>
   </div>
   <div class='ocr_carea' id='block_1_66' title="bbox 2351 2632 3840 2707">
    <p class='ocr_par' dir='ltr' id='par_1_66' title="bbox 2351 2632 3840 2707">
     <span class='ocr_line' id='line_1_66' title="bbox 2351 2632 3840 2707; baseline 0.002 -24"><span class='ocrx_word' id='word_1_464' title='bbox 2351 2649 2370 2683; x_wconf 81' lang='grc' dir='ltr'><strong>ι</strong></span> <span class='ocrx_word' id='word_1_465' title='bbox 2413 2632 2789 2703; x_wconf 66' lang='grc' dir='ltr'>ἀποπολικῆς</span> <span class='ocrx_word' id='word_1_466' title='bbox 2832 2633 3107 2707; x_wconf 80' lang='grc' dir='ltr'>καθέδρας</span> <span class='ocrx_word' id='word_1_467' title='bbox 3164 2636 3460 2705; x_wconf 74' lang='grc' dir='ltr'>ὲπισκόπῳ</span> <span class='ocrx_word' id='word_1_468' title='bbox 3488 2651 3505 2665; x_wconf 76' lang='grc' dir='ltr'><strong><em>ο</em></strong></span> <span class='ocrx_word' id='word_1_469' title='bbox 3562 2635 3721 2689; x_wconf 85' lang='grc' dir='ltr'>τοῦτο</span> <span class='ocrx_word' id='word_1_470' title='bbox 3788 2635 3840 2687; x_wconf 74' lang='grc' dir='ltr'>δι</span> 
     </span>
    </p>
   </div>
   <div class='ocr_carea' id='block_1_67' title="bbox 2350 2722 3837 2798">
    <p class='ocr_par' dir='ltr' id='par_1_67' title="bbox 2350 2722 3837 2798">
     <span class='ocr_line' id='line_1_67' title="bbox 2350 2722 3837 2798; baseline 0.001 -22"><span class='ocrx_word' id='word_1_471' title='bbox 2350 2742 2369 2775; x_wconf 80' lang='lat' dir='ltr'><strong>t</strong></span> <span class='ocrx_word' id='word_1_472' title='bbox 2406 2722 2487 2778; x_wconf 76' lang='grc' dir='ltr'>ἔτι</span> <span class='ocrx_word' id='word_1_473' title='bbox 2521 2725 2629 2795; x_wconf 80' lang='grc' dir='ltr'>μὴν</span> <span class='ocrx_word' id='word_1_474' title='bbox 2663 2726 2757 2778; x_wconf 76' lang='lat' dir='ltr'><strong>atati.</strong></span> <span class='ocrx_word' id='word_1_475' title='bbox 2786 2724 2866 2796; x_wconf 82' lang='grc' dir='ltr'>τῷ</span> <span class='ocrx_word' id='word_1_476' title='bbox 2910 2725 3203 2797; x_wconf 80' lang='grc' dir='ltr'><strong>ἁγιωτάτῳ</strong></span> <span class='ocrx_word' id='word_1_477' title='bbox 3255 2726 3476 2798; x_wconf 77' lang='grc' dir='ltr'>ἀδελφῷ</span> <span class='ocrx_word' id='word_1_478' title='bbox 3506 2724 3742 2798; x_wconf 83' lang='grc' dir='ltr'>Βενερίῳ</span> <span class='ocrx_word' id='word_1_479' title='bbox 3768 2724 3837 2792; x_wconf 80' lang='grc' dir='ltr'>τῷ</span> 
     </span>
    </p>
   </div>
   <div class='ocr_carea' id='block_1_68' title="bbox 2354 2816 3841 2889">
    <p class='ocr_par' dir='ltr' id='par_1_68' title="bbox 2354 2816 3841 2889">
     <span class='ocr_line' id='line_1_68' title="bbox 2354 2816 3841 2889; baseline 0.001 -21"><span class='ocrx_word' id='word_1_480' title='bbox 2354 2833 2373 2868; x_wconf 84' lang='lat' dir='ltr'><strong>t</strong></span> <span class='ocrx_word' id='word_1_481' title='bbox 2414 2816 2554 2886; x_wconf 81' lang='grc' dir='ltr'>ίερεῖ</span> <span class='ocrx_word' id='word_1_482' title='bbox 2576 2816 2674 2889; x_wconf 82' lang='grc' dir='ltr'>τῆς</span> <span class='ocrx_word' id='word_1_483' title='bbox 2696 2816 3043 2873; x_wconf 87' lang='grc' dir='ltr'>Μεδιολάνων</span> <span class='ocrx_word' id='word_1_484' title='bbox 3100 2818 3421 2889; x_wconf 72' lang='grc' dir='ltr'>ἐκκλησίας.</span> <span class='ocrx_word' id='word_1_485' title='bbox 3498 2819 3597 2872; x_wconf 88' lang='grc' dir='ltr'>Ἐκ</span> <span class='ocrx_word' id='word_1_486' title='bbox 3650 2818 3841 2872; x_wconf 80' lang='grc' dir='ltr'>τούτων</span> 
     </span>
    </p>
   </div>
   <div class='ocr_carea' id='block_1_69' title="bbox 2352 2906 3840 2981">
    <p class='ocr_par' dir='ltr' id='par_1_69' title="bbox 2352 2906 3840 2981">
     <span class='ocr_line' id='line_1_69' title="bbox 2352 2906 3840 2981; baseline 0.002 -23"><span class='ocrx_word' id='word_1_487' title='bbox 2352 2923 2372 2958; x_wconf 80' lang='lat' dir='ltr'><strong>t</strong></span> <span class='ocrx_word' id='word_1_488' title='bbox 2407 2907 2518 2978; x_wconf 82' lang='grc' dir='ltr'><strong>γάρ</strong></span> <span class='ocrx_word' id='word_1_489' title='bbox 2546 2906 2655 2959; x_wconf 84' lang='grc' dir='ltr'><strong>τῶν</strong></span> <span class='ocrx_word' id='word_1_490' title='bbox 2685 2907 2891 2977; x_wconf 81' lang='grc' dir='ltr'>θρόνων</span> <span class='ocrx_word' id='word_1_491' title='bbox 2924 2908 3199 2980; x_wconf 65' lang='grc' dir='ltr'>ἐκωλύθη,</span> <span class='ocrx_word' id='word_1_492' title='bbox 3251 2911 3388 2981; x_wconf 78' lang='grc' dir='ltr'>ὅπερ</span> <span class='ocrx_word' id='word_1_493' title='bbox 3453 2912 3729 2980; x_wconf 69' lang='grc' dir='ltr'>ἐπιγνοῒεν</span> <span class='ocrx_word' id='word_1_494' title='bbox 3788 2911 3840 2962; x_wconf 73' lang='lat' dir='ltr'><strong>tv</strong></span> 
     </span>
    </p>
   </div>
   <div class='ocr_carea' id='block_1_70' title="bbox 2354 2998 3836 3075">
    <p class='ocr_par' dir='ltr' id='par_1_70' title="bbox 2354 2998 3836 3075">
     <span class='ocr_line' id='line_1_70' title="bbox 2354 2998 3836 3075; baseline 0.002 -24"><span class='ocrx_word' id='word_1_495' title='bbox 2354 3017 2375 3051; x_wconf 78' lang='grc' dir='ltr'><strong>ι</strong></span> <span class='ocrx_word' id='word_1_496' title='bbox 2413 2998 2578 3069; x_wconf 87' lang='grc' dir='ltr'>κοινῷ</span> <span class='ocrx_word' id='word_1_497' title='bbox 2617 2999 2850 3072; x_wconf 86' lang='grc' dir='ltr'>κινδύνῳ</span> <span class='ocrx_word' id='word_1_498' title='bbox 2881 3002 3136 3071; x_wconf 79' lang='grc' dir='ltr'>μεγάλως</span> <span class='ocrx_word' id='word_1_499' title='bbox 3164 3003 3406 3071; x_wconf 79' lang='grc' dir='ltr'>ὀφείλειν</span> <span class='ocrx_word' id='word_1_500' title='bbox 3461 3003 3836 3075; x_wconf 82' lang='grc' dir='ltr'>προνοηθῆναι·</span> 
     </span>
    </p>
   </div>
   <div class='ocr_carea' id='block_1_71' title="bbox 2358 3090 3842 3165">
    <p class='ocr_par' dir='ltr' id='par_1_71' title="bbox 2358 3090 3842 3165">
     <span class='ocr_line' id='line_1_71' title="bbox 2358 3090 3842 3165; baseline 0 -21"><span class='ocrx_word' id='word_1_501' title='bbox 2358 3109 2378 3144; x_wconf 76' lang='grc' dir='ltr'><strong>ι</strong></span> <span class='ocrx_word' id='word_1_502' title='bbox 2409 3090 2493 3145; x_wconf 79' lang='grc' dir='ltr'>ὅτι</span> <span class='ocrx_word' id='word_1_503' title='bbox 2520 3090 2757 3161; x_wconf 80' lang='grc' dir='ltr'>τοσαύτη</span> <span class='ocrx_word' id='word_1_504' title='bbox 2783 3094 2901 3146; x_wconf 80' lang='grc' dir='ltr'>ἐστὶ</span> <span class='ocrx_word' id='word_1_505' title='bbox 2934 3094 3216 3165; x_wconf 89' lang='grc' dir='ltr'>κληρικῶν</span> <span class='ocrx_word' id='word_1_506' title='bbox 3243 3094 3447 3159; x_wconf 71' lang='grc' dir='ltr'>ἔνδεια,</span> <span class='ocrx_word' id='word_1_507' title='bbox 3509 3094 3605 3147; x_wconf 80' lang='grc' dir='ltr'>καὶ</span> <span class='ocrx_word' id='word_1_508' title='bbox 3662 3092 3842 3147; x_wconf 83' lang='grc' dir='ltr'>πολλαὶ</span> 
     </span>
    </p>
   </div>
   <div class='ocr_carea' id='block_1_72' title="bbox 2357 3182 3844 3259">
    <p class='ocr_par' dir='ltr' id='par_1_72' title="bbox 2357 3182 3844 3259">
     <span class='ocr_line' id='line_1_72' title="bbox 2357 3182 3844 3259; baseline 0.003 -25"><span class='ocrx_word' id='word_1_509' title='bbox 2357 3199 2378 3234; x_wconf 77' lang='grc' dir='ltr'><strong>ι</strong></span> <span class='ocrx_word' id='word_1_510' title='bbox 2410 3182 2699 3254; x_wconf 69' lang='grc' dir='ltr'>ἐκκλησίαι</span> <span class='ocrx_word' id='word_1_511' title='bbox 2729 3182 2901 3248; x_wconf 81' lang='grc' dir='ltr'>οὕτως</span> <span class='ocrx_word' id='word_1_512' title='bbox 2925 3184 3267 3259; x_wconf 81' lang='grc' dir='ltr'>ὑπάρχουσιν</span> <span class='ocrx_word' id='word_1_513' title='bbox 3293 3184 3515 3257; x_wconf 68' lang='grc' dir='ltr'>ἔρημοι,</span> <span class='ocrx_word' id='word_1_514' title='bbox 3552 3185 3628 3248; x_wconf 81' lang='grc' dir='ltr'><strong>ὡς</strong></span> <span class='ocrx_word' id='word_1_515' title='bbox 3653 3185 3844 3255; x_wconf 81' lang='grc' dir='ltr'>μηδένα</span> 
     </span>
    </p>
   </div>
   <div class='ocr_carea' id='block_1_73' title="bbox 2356 3274 3842 3350">
    <p class='ocr_par' dir='ltr' id='par_1_73' title="bbox 2356 3274 3842 3350">
     <span class='ocr_line' id='line_1_73' title="bbox 2356 3274 3842 3350; baseline 0.003 -24"><span class='ocrx_word' id='word_1_516' title='bbox 2356 3292 2374 3325; x_wconf 81' lang='grc' dir='ltr'><strong>ι</strong></span> <span class='ocrx_word' id='word_1_517' title='bbox 2412 3274 2662 3329; x_wconf 83' lang='grc' dir='ltr'>διάκονον</span> <span class='ocrx_word' id='word_1_518' title='bbox 2700 3275 2805 3330; x_wconf 75' lang='grc' dir='ltr'>κᾶν</span> <span class='ocrx_word' id='word_1_519' title='bbox 2855 3277 3224 3348; x_wconf 79' lang='grc' dir='ltr'>ἀγράμματον</span> <span class='ocrx_word' id='word_1_520' title='bbox 3274 3279 3421 3348; x_wconf 73' lang='grc' dir='ltr'>ἔχειν</span> <span class='ocrx_word' id='word_1_521' title='bbox 3481 3278 3842 3350; x_wconf 85' lang='grc' dir='ltr'>εὑρίσκεσθαι.</span> 
     </span>
    </p>
   </div>
   <div class='ocr_carea' id='block_1_74' title="bbox 2358 3365 3841 3439">
    <p class='ocr_par' dir='ltr' id='par_1_74' title="bbox 2358 3365 3841 3439">
     <span class='ocr_line' id='line_1_74' title="bbox 2358 3365 3841 3439; baseline 0.003 -22"><span class='ocrx_word' id='word_1_522' title='bbox 2358 3381 2377 3417; x_wconf 79' lang='lat' dir='ltr'><strong>t</strong></span> <span class='ocrx_word' id='word_1_523' title='bbox 2417 3365 2551 3435; x_wconf 81' lang='grc' dir='ltr'>Περὶ</span> <span class='ocrx_word' id='word_1_524' title='bbox 2578 3365 2637 3419; x_wconf 73' lang='grc' dir='ltr'>δὲ</span> <span class='ocrx_word' id='word_1_525' title='bbox 2657 3365 2768 3421; x_wconf 90' lang='grc' dir='ltr'><strong>τῶν</strong></span> <span class='ocrx_word' id='word_1_526' title='bbox 2788 3365 2990 3421; x_wconf 80' lang='grc' dir='ltr'>λοιπῶν</span> <span class='ocrx_word' id='word_1_527' title='bbox 3014 3367 3303 3439; x_wconf 83' lang='grc' dir='ltr'>ἀνωτέρων</span> <span class='ocrx_word' id='word_1_528' title='bbox 3336 3367 3569 3439; x_wconf 81' lang='grc' dir='ltr'>βαθμῶν</span> <span class='ocrx_word' id='word_1_529' title='bbox 3614 3367 3706 3423; x_wconf 74' lang='grc' dir='ltr'>καὶ</span> <span class='ocrx_word' id='word_1_530' title='bbox 3754 3368 3841 3421; x_wconf 79' lang='grc' dir='ltr'>τά-</span> 
     </span>
    </p>
   </div>
   <div class='ocr_carea' id='block_1_75' title="bbox 2358 3454 3845 3529">
    <p class='ocr_par' dir='ltr' id='par_1_75' title="bbox 2358 3454 3845 3529">
     <span class='ocr_line' id='line_1_75' title="bbox 2358 3454 3845 3529; baseline 0.007 -22"><span class='ocrx_word' id='word_1_531' title='bbox 2358 3474 2378 3507; x_wconf 77' lang='grc'><strong>(</strong></span> <span class='ocrx_word' id='word_1_532' title='bbox 2415 3454 2552 3521; x_wconf 78' lang='grc' dir='ltr'>ξεων</span> <span class='ocrx_word' id='word_1_533' title='bbox 2627 3457 2936 3527; x_wconf 74' lang='grc' dir='ltr'>σιωπητέον</span> <span class='ocrx_word' id='word_1_534' title='bbox 3003 3458 3399 3529; x_wconf 76' lang='grc' dir='ltr'>ὑπολαμϐάνω.</span> <span class='ocrx_word' id='word_1_535' title='bbox 3477 3456 3722 3529; x_wconf 80' lang='grc' dir='ltr'>Ἐπειδὴ,</span> <span class='ocrx_word' id='word_1_536' title='bbox 3776 3457 3845 3518; x_wconf 79' lang='grc' dir='ltr'><strong>ὡς</strong></span> 
     </span>
    </p>
   </div>
   <div class='ocr_carea' id='block_1_76' title="bbox 2359 3542 3844 3624">
    <p class='ocr_par' dir='ltr' id='par_1_76' title="bbox 2359 3542 3844 3624">
     <span class='ocr_line' id='line_1_76' title="bbox 2359 3542 3844 3624; baseline 0.005 -27"><span class='ocrx_word' id='word_1_537' title='bbox 2359 3564 2377 3597; x_wconf 80' lang='grc' dir='ltr'><strong>ι</strong></span> <span class='ocrx_word' id='word_1_538' title='bbox 2417 3542 2594 3611; x_wconf 76' lang='grc' dir='ltr'>εἷπον,</span> <span class='ocrx_word' id='word_1_539' title='bbox 2625 3549 2720 3602; x_wconf 72' lang='grc' dir='ltr'><strong>ιάν</strong></span> <span class='ocrx_word' id='word_1_540' title='bbox 2749 3550 2781 3620; x_wconf 82' lang='grc' dir='ltr'><strong>ή</strong></span> <span class='ocrx_word' id='word_1_541' title='bbox 2810 3548 2905 3603; x_wconf 89' lang='grc' dir='ltr'><strong>τοῦ</strong></span> <span class='ocrx_word' id='word_1_542' title='bbox 2937 3549 3187 3604; x_wconf 85' lang='grc' dir='ltr'>διακόνου</span> <span class='ocrx_word' id='word_1_543' title='bbox 3244 3550 3525 3624; x_wconf 79' lang='grc' dir='ltr'>ὑπουργία</span> <span class='ocrx_word' id='word_1_544' title='bbox 3572 3552 3672 3604; x_wconf 83' lang='grc' dir='ltr'><strong>οὑκ</strong></span> <span class='ocrx_word' id='word_1_545' title='bbox 3700 3553 3844 3621; x_wconf 73' lang='grc' dir='ltr'>εὐχε-</span> 
     </span>
    </p>
   </div>
   <div class='ocr_carea' id='block_1_77' title="bbox 2367 3640 3841 3714">
    <p class='ocr_par' dir='ltr' id='par_1_77' title="bbox 2367 3640 3841 3714">
     <span class='ocr_line' id='line_1_77' title="bbox 2367 3640 3841 3714; baseline 0.001 -23"><span class='ocrx_word' id='word_1_546' title='bbox 2367 3660 2386 3691; x_wconf 75' lang='grc' dir='ltr'><strong>ι</strong></span> <span class='ocrx_word' id='word_1_547' title='bbox 2428 3640 2534 3712; x_wconf 85' lang='grc' dir='ltr'>ρῶς</span> <span class='ocrx_word' id='word_1_548' title='bbox 2566 3640 2916 3713; x_wconf 83' lang='grc' dir='ltr'>εὑρίσκηται,</span> <span class='ocrx_word' id='word_1_549' title='bbox 2946 3641 3130 3714; x_wconf 82' lang='grc' dir='ltr'>πολλῷ</span> <span class='ocrx_word' id='word_1_550' title='bbox 3161 3642 3324 3700; x_wconf 81' lang='grc' dir='ltr'>πλέον</span> <span class='ocrx_word' id='word_1_551' title='bbox 3366 3644 3499 3714; x_wconf 87' lang='grc' dir='ltr'>περὶ</span> <span class='ocrx_word' id='word_1_552' title='bbox 3553 3643 3662 3697; x_wconf 87' lang='grc' dir='ltr'><strong>τῶν</strong></span> <span class='ocrx_word' id='word_1_553' title='bbox 3716 3644 3841 3695; x_wconf 83' lang='grc' dir='ltr'>ἀνω-</span> 
     </span>
    </p>
   </div>
   <div class='ocr_carea' id='block_1_78' title="bbox 2362 3734 3843 3808">
    <p class='ocr_par' dir='ltr' id='par_1_78' title="bbox 2362 3734 3843 3808">
     <span class='ocr_line' id='line_1_78' title="bbox 2362 3734 3843 3808; baseline 0.001 -20"><span class='ocrx_word' id='word_1_554' title='bbox 2362 3754 2379 3788; x_wconf 84' lang='grc' dir='ltr'><strong>ι</strong></span> <span class='ocrx_word' id='word_1_555' title='bbox 2416 3736 2596 3806; x_wconf 76' lang='grc' dir='ltr'>τέρων</span> <span class='ocrx_word' id='word_1_556' title='bbox 2657 3734 2836 3806; x_wconf 84' lang='grc' dir='ltr'>τιμῶν</span> <span class='ocrx_word' id='word_1_557' title='bbox 2892 3735 3196 3805; x_wconf 83' lang='grc' dir='ltr'>κατάδηλον</span> <span class='ocrx_word' id='word_1_558' title='bbox 3260 3737 3523 3808; x_wconf 85' lang='grc' dir='ltr'>ὑπάρχει.</span> <span class='ocrx_word' id='word_1_559' title='bbox 3581 3738 3690 3791; x_wconf 75' lang='grc' dir='ltr'><strong>Καὶ</strong></span> <span class='ocrx_word' id='word_1_560' title='bbox 3730 3737 3843 3797; x_wconf 75' lang='grc' dir='ltr'>τοὺς</span> 
     </span>
    </p>
   </div>
   <div class='ocr_carea' id='block_1_79' title="bbox 2364 3827 3845 3901">
    <p class='ocr_par' dir='ltr' id='par_1_79' title="bbox 2364 3827 3845 3901">
     <span class='ocr_line' id='line_1_79' title="bbox 2364 3827 3845 3901; baseline 0.002 -23"><span class='ocrx_word' id='word_1_561' title='bbox 2364 3846 2383 3878; x_wconf 81' lang='grc' dir='ltr'><strong>ι</strong></span> <span class='ocrx_word' id='word_1_562' title='bbox 2422 3828 2827 3897; x_wconf 80' lang='grc' dir='ltr'>καθημερινοὺς</span> <span class='ocrx_word' id='word_1_563' title='bbox 2862 3827 3095 3899; x_wconf 80' lang='grc' dir='ltr'>θρήνους</span> <span class='ocrx_word' id='word_1_564' title='bbox 3123 3828 3233 3882; x_wconf 89' lang='grc' dir='ltr'><strong>τῶν</strong></span> <span class='ocrx_word' id='word_1_565' title='bbox 3284 3829 3564 3901; x_wconf 84' lang='grc' dir='ltr'>διαφόρων</span> <span class='ocrx_word' id='word_1_566' title='bbox 3618 3831 3707 3883; x_wconf 73' lang='grc' dir='ltr'>καὶ</span> <span class='ocrx_word' id='word_1_567' title='bbox 3737 3837 3845 3900; x_wconf 65' lang='lat' dir='ltr'><strong>cxt-</strong></span> 
     </span>
    </p>
   </div>
   <div class='ocr_carea' id='block_1_80' title="bbox 2368 3917 3844 3994">
    <p class='ocr_par' dir='ltr' id='par_1_80' title="bbox 2368 3917 3844 3994">
     <span class='ocr_line' id='line_1_80' title="bbox 2368 3917 3844 3994; baseline 0.001 -24"><span class='ocrx_word' id='word_1_568' title='bbox 2368 3936 2386 3970; x_wconf 79' lang='grc' dir='ltr'><strong>ι</strong></span> <span class='ocrx_word' id='word_1_569' title='bbox 2420 3919 2507 3973; x_wconf 84' lang='grc' dir='ltr'>δὸν</span> <span class='ocrx_word' id='word_1_570' title='bbox 2538 3917 2999 3989; x_wconf 80' lang='grc' dir='ltr'>ἀποθνησκόντων</span> <span class='ocrx_word' id='word_1_571' title='bbox 3032 3918 3177 3973; x_wconf 90' lang='grc' dir='ltr'>λαῶν</span> <span class='ocrx_word' id='word_1_572' title='bbox 3219 3920 3313 3974; x_wconf 85' lang='grc' dir='ltr'><strong>τοῦ</strong></span> <span class='ocrx_word' id='word_1_573' title='bbox 3363 3921 3558 3976; x_wconf 80' lang='grc' dir='ltr'>λοιποῦ</span> <span class='ocrx_word' id='word_1_574' title='bbox 3598 3922 3696 3994; x_wconf 90' lang='grc' dir='ltr'><strong>οὑχ</strong></span> <span class='ocrx_word' id='word_1_575' title='bbox 3726 3921 3844 3974; x_wconf 84' lang='grc' dir='ltr'>ὑπο-</span> 
     </span>
    </p>
   </div>
   <div class='ocr_carea' id='block_1_81' title="bbox 2365 4006 3841 4086">
    <p class='ocr_par' dir='ltr' id='par_1_81' title="bbox 2365 4006 3841 4086">
     <span class='ocr_line' id='line_1_81' title="bbox 2365 4006 3841 4086; baseline 0.001 -21"><span class='ocrx_word' id='word_1_576' title='bbox 2365 4030 2385 4065; x_wconf 81' lang='lat' dir='ltr'><strong>t</strong></span> <span class='ocrx_word' id='word_1_577' title='bbox 2426 4014 2670 4084; x_wconf 80' lang='grc' dir='ltr'>φέρομεν</span> <span class='ocrx_word' id='word_1_578' title='bbox 2692 4027 2707 4043; x_wconf 76' lang='grc'><strong><em>⁸</em></strong></span> <span class='ocrx_word' id='word_1_579' title='bbox 2739 4006 2823 4076; x_wconf 79' lang='grc' dir='ltr'>οἷς</span> <span class='ocrx_word' id='word_1_580' title='bbox 2850 4014 2898 4065; x_wconf 79' lang='lat' dir='ltr'><strong>ei</strong></span> <span class='ocrx_word' id='word_1_581' title='bbox 2925 4012 3198 4084; x_wconf 80' lang='grc' dir='ltr'>μηδέποτε</span> <span class='ocrx_word' id='word_1_582' title='bbox 3230 4013 3551 4085; x_wconf 82' lang='grc' dir='ltr'>θελήσωμεν</span> <span class='ocrx_word' id='word_1_583' title='bbox 3573 4014 3841 4086; x_wconf 81' lang='grc' dir='ltr'>βοηθῆσαι,</span> 
     </span>
    </p>
   </div>
   <div class='ocr_carea' id='block_1_82' title="bbox 2365 4102 3845 4177">
    <p class='ocr_par' dir='ltr' id='par_1_82' title="bbox 2365 4102 3845 4177">
     <span class='ocr_line' id='line_1_82' title="bbox 2365 4102 3845 4177; baseline 0 -20"><span class='ocrx_word' id='word_1_584' title='bbox 2365 4122 2383 4157; x_wconf 83' lang='grc' dir='ltr'><strong>ι</strong></span> <span class='ocrx_word' id='word_1_585' title='bbox 2432 4102 2708 4175; x_wconf 82' lang='grc' dir='ltr'>βαρυτάτη</span> <span class='ocrx_word' id='word_1_586' title='bbox 2746 4103 2843 4157; x_wconf 81' lang='grc' dir='ltr'>καὶ</span> <span class='ocrx_word' id='word_1_587' title='bbox 2894 4104 3302 4177; x_wconf 77' lang='grc' dir='ltr'>ἀναπολόγητος</span> <span class='ocrx_word' id='word_1_588' title='bbox 3349 4106 3503 4159; x_wconf 78' lang='grc' dir='ltr'>αἰτία</span> <span class='ocrx_word' id='word_1_589' title='bbox 3546 4107 3655 4162; x_wconf 86' lang='grc' dir='ltr'><strong>τῶν</strong></span> <span class='ocrx_word' id='word_1_590' title='bbox 3693 4105 3845 4161; x_wconf 89' lang='grc' dir='ltr'>ἀπολ-</span> 
     </span>
    </p>
   </div>
   <div class='ocr_carea' id='block_1_83' title="bbox 2365 4196 3844 4273">
    <p class='ocr_par' dir='ltr' id='par_1_83' title="bbox 2365 4196 3844 4273">
     <span class='ocr_line' id='line_1_83' title="bbox 2365 4196 3844 4273; baseline 0.001 -23"><span class='ocrx_word' id='word_1_591' title='bbox 2365 4215 2383 4250; x_wconf 81' lang='grc' dir='ltr'><strong>ι</strong></span> <span class='ocrx_word' id='word_1_592' title='bbox 2424 4198 2675 4268; x_wconf 84' lang='grc' dir='ltr'>λυμένων</span> <span class='ocrx_word' id='word_1_593' title='bbox 2738 4196 2927 4268; x_wconf 80' lang='grc' dir='ltr'>ψυχῶν</span> <span class='ocrx_word' id='word_1_594' title='bbox 3005 4197 3288 4270; x_wconf 73' lang='grc' dir='ltr'>ἐκδέχεται</span> <span class='ocrx_word' id='word_1_595' title='bbox 3351 4202 3503 4271; x_wconf 77' lang='grc' dir='ltr'>ἡμᾶς</span> <span class='ocrx_word' id='word_1_596' title='bbox 3575 4202 3723 4273; x_wconf 84' lang='grc' dir='ltr'><strong>παρά</strong></span> <span class='ocrx_word' id='word_1_597' title='bbox 3775 4199 3844 4269; x_wconf 80' lang='grc' dir='ltr'>τῷ</span> 
     </span>
    </p>
   </div>
   <div class='ocr_carea' id='block_1_84' title="bbox 2365 4289 2617 4359">
    <p class='ocr_par' dir='ltr' id='par_1_84' title="bbox 2365 4289 2617 4359">
     <span class='ocr_line' id='line_1_84' title="bbox 2365 4289 2617 4359; baseline 0.008 -19"><span class='ocrx_word' id='word_1_598' title='bbox 2365 4308 2382 4340; x_wconf 80' lang='grc' dir='ltr'><strong>ι</strong></span> <span class='ocrx_word' id='word_1_599' title='bbox 2426 4289 2563 4359; x_wconf 78' lang='grc' dir='ltr'>Θεῷ.</span> <span class='ocrx_word' id='word_1_600' title='bbox 2597 4308 2617 4342; x_wconf 74' lang='grc' dir='ltr'><strong>ι</strong></span> 
     </span>
    </p>
   </div>
   <div class='ocr_carea' id='block_1_85' title="bbox 2359 4377 3844 4457">
    <p class='ocr_par' dir='ltr' id='par_1_85' title="bbox 2359 4377 3844 4457">
     <span class='ocr_line' id='line_1_85' title="bbox 2359 4377 3844 4457; baseline -0.003 -22"><span class='ocrx_word' id='word_1_601' title='bbox 2359 4377 2555 4439; x_wconf 78' lang='grc' dir='ltr'><strong>ΒΑΛΣ.</strong></span> <span class='ocrx_word' id='word_1_602' title='bbox 2588 4381 2687 4435; x_wconf 82' lang='grc' dir='ltr'>Διά</span> <span class='ocrx_word' id='word_1_603' title='bbox 2716 4382 2818 4453; x_wconf 74' lang='grc' dir='ltr'>τῆς</span> <span class='ocrx_word' id='word_1_604' title='bbox 2862 4383 3144 4455; x_wconf 82' lang='grc' dir='ltr'>παρούσης</span> <span class='ocrx_word' id='word_1_605' title='bbox 3174 4386 3397 4457; x_wconf 78' lang='grc' dir='ltr'>γραφῆς</span> <span class='ocrx_word' id='word_1_606' title='bbox 3453 4388 3600 4453; x_wconf 78' lang='grc' dir='ltr'>ἀξιοῖ</span> <span class='ocrx_word' id='word_1_607' title='bbox 3627 4389 3653 4443; x_wconf 74' lang='grc' dir='ltr'><strong>ό</strong></span> <span class='ocrx_word' id='word_1_608' title='bbox 3675 4388 3844 4457; x_wconf 69' lang='grc' dir='ltr'>Αὐρή.</span> 
     </span>
    </p>
   </div>
   <div class='ocr_carea' id='block_1_86' title="bbox 619 4452 2193 4552">
    <p class='ocr_par' dir='ltr' id='par_1_86' title="bbox 619 4452 2185 4552">
     <span class='ocr_line' id='line_1_86' title="bbox 619 4452 2185 4552; baseline -0.003 -17"><span class='ocrx_word' id='word_1_609' title='bbox 619 4477 732 4538; x_wconf 85' lang='lat' dir='ltr'><strong>fieri</strong></span> <span class='ocrx_word' id='word_1_610' title='bbox 754 4495 945 4552; x_wconf 90' lang='lat' dir='ltr'><strong>papam</strong></span> <span class='ocrx_word' id='word_1_611' title='bbox 966 4486 1019 4535; x_wconf 88' lang='lat' dir='ltr'><strong>et</strong></span> <span class='ocrx_word' id='word_1_612' title='bbox 1040 4452 1488 4534; x_wconf 79' lang='lat' dir='ltr'><strong>Mediolauensem</strong></span> <span class='ocrx_word' id='word_1_613' title='bbox 1511 4477 1847 4548; x_wconf 86' lang='lat' dir='ltr'><strong>episcopum,</strong></span> <span class='ocrx_word' id='word_1_614' title='bbox 1866 4480 2007 4548; x_wconf 87' lang='lat' dir='ltr'><strong>quod</strong></span> <span class='ocrx_word' id='word_1_615' title='bbox 2026 4479 2099 4532; x_wconf 85' lang='lat' dir='ltr'><strong>Af</strong></span> <span class='ocrx_word' id='word_1_616' title='bbox 2101 4494 2185 4532; x_wconf 62' lang='lat' dir='ltr'><strong>ro-</strong></span> 
     </span>
    </p>
   </div>
   <div class='ocr_carea' id='block_1_87' title="bbox 2295 4452 3841 4552">
    <p class='ocr_par' dir='ltr' id='par_1_87' title="bbox 2295 4452 3841 4551">
     <span class='ocr_line' id='line_1_87' title="bbox 2295 4452 3841 4551; baseline 0.002 -24"><span class='ocrx_word' id='word_1_617' title='bbox 2295 4472 2405 4538; x_wconf 89' lang='grc' dir='ltr'>λιος</span> <span class='ocrx_word' id='word_1_618' title='bbox 2430 4474 2650 4545; x_wconf 80' lang='grc' dir='ltr'>δοθῆναι</span> <span class='ocrx_word' id='word_1_619' title='bbox 2674 4474 2880 4545; x_wconf 72' lang='grc' dir='ltr'>εἴδησιν</span> <span class='ocrx_word' id='word_1_620' title='bbox 2911 4475 2990 4548; x_wconf 81' lang='grc' dir='ltr'>τῷ</span> <span class='ocrx_word' id='word_1_621' title='bbox 3021 4452 3228 4551; x_wconf 62' lang='grc' dir='ltr'>πάππα</span> <span class='ocrx_word' id='word_1_622' title='bbox 3248 4452 3453 4548; x_wconf 37' lang='grc' dir='ltr'>καὶ-τῷ</span> <span class='ocrx_word' id='word_1_623' title='bbox 3486 4452 3841 4541; x_wconf 69' lang='grc' dir='ltr'>Μεδιολάνων,</span> 
     </span>
    </p>
   </div>
   <div class='ocr_carea' id='block_1_88' title="bbox 615 4569 2182 4644">
    <p class='ocr_par' dir='ltr' id='par_1_88' title="bbox 615 4569 2182 4644">
     <span class='ocr_line' id='line_1_88' title="bbox 615 4569 2182 4644; baseline -0.003 -14"><span class='ocrx_word' id='word_1_624' title='bbox 615 4588 735 4630; x_wconf 86' lang='lat' dir='ltr'><strong>rum</strong></span> <span class='ocrx_word' id='word_1_625' title='bbox 784 4573 1033 4644; x_wconf 75' lang='lat' dir='ltr'><strong>regiones</strong></span> <span class='ocrx_word' id='word_1_626' title='bbox 1073 4586 1200 4627; x_wconf 86' lang='lat' dir='ltr'><strong>sunt</strong></span> <span class='ocrx_word' id='word_1_627' title='bbox 1231 4569 1287 4624; x_wconf 91' lang='lat' dir='ltr'><strong>in</strong></span> <span class='ocrx_word' id='word_1_628' title='bbox 1331 4583 1552 4643; x_wconf 69' lang='lat' dir='ltr'><strong>magnas</strong></span> <span class='ocrx_word' id='word_1_629' title='bbox 1597 4570 1876 4639; x_wconf 78' lang='lat' dir='ltr'><strong>angustia-5</strong></span> <span class='ocrx_word' id='word_1_630' title='bbox 1921 4571 2182 4639; x_wconf 62' lang='lat' dir='ltr'><strong>adductae,</strong></span> 
     </span>
    </p>
   </div>
   <div class='ocr_carea' id='block_1_89' title="bbox 615 4658 2181 4734">
    <p class='ocr_par' dir='ltr' id='par_1_89' title="bbox 615 4658 2181 4734">
     <span class='ocr_line' id='line_1_89' title="bbox 615 4658 2181 4734; baseline -0.003 -11"><span class='ocrx_word' id='word_1_631' title='bbox 615 4681 726 4723; x_wconf 87' lang='lat' dir='ltr'><strong>non</strong></span> <span class='ocrx_word' id='word_1_632' title='bbox 756 4666 928 4722; x_wconf 86' lang='lat' dir='ltr'><strong>solum</strong></span> <span class='ocrx_word' id='word_1_633' title='bbox 970 4658 1314 4722; x_wconf 84' lang='lat' dir='ltr'><strong>sacerdotum</strong></span> <span class='ocrx_word' id='word_1_634' title='bbox 1347 4673 1403 4718; x_wconf 90' lang='lat' dir='ltr'><strong>et</strong></span> <span class='ocrx_word' id='word_1_635' title='bbox 1440 4663 1841 4734; x_wconf 87' lang='lat' dir='ltr'><strong>episcoporum,</strong></span> <span class='ocrx_word' id='word_1_636' title='bbox 1882 4666 1977 4719; x_wconf 88' lang='lat' dir='ltr'><strong>sed</strong></span> <span class='ocrx_word' id='word_1_637' title='bbox 2020 4665 2181 4719; x_wconf 84' lang='lat' dir='ltr'><strong>etiam</strong></span> 
     </span>
    </p>
   </div>
   <div class='ocr_carea' id='block_1_90' title="bbox 615 4756 2185 4828">
    <p class='ocr_par' dir='ltr' id='par_1_90' title="bbox 615 4756 2185 4828">
     <span class='ocr_line' id='line_1_90' title="bbox 615 4756 2185 4828; baseline 0 -16"><span class='ocrx_word' id='word_1_638' title='bbox 615 4759 849 4828; x_wconf 86' lang='lat' dir='ltr'><strong>ipsorum</strong></span> <span class='ocrx_word' id='word_1_639' title='bbox 891 4757 1282 4822; x_wconf 85' lang='lat' dir='ltr'><strong>diaconorum;</strong></span> <span class='ocrx_word' id='word_1_640' title='bbox 1334 4761 1392 4810; x_wconf 89' lang='lat' dir='ltr'><strong>et</strong></span> <span class='ocrx_word' id='word_1_641' title='bbox 1438 4764 1496 4809; x_wconf 85' lang='lat' dir='ltr'><strong>ut</strong></span> <span class='ocrx_word' id='word_1_642' title='bbox 1541 4763 1732 4809; x_wconf 85' lang='lat' dir='ltr'><strong>curent</strong></span> <span class='ocrx_word' id='word_1_643' title='bbox 1776 4756 2010 4825; x_wconf 87' lang='lat' dir='ltr'><strong>aliquam</strong></span> <span class='ocrx_word' id='word_1_644' title='bbox 2069 4756 2185 4813; x_wconf 86' lang='lat' dir='ltr'><strong>fleri</strong></span> 
     </span>
    </p>
   </div>
   <div class='ocr_carea' id='block_1_91' title="bbox 615 4846 2184 4921">
    <p class='ocr_par' dir='ltr' id='par_1_91' title="bbox 615 4846 2184 4921">
     <span class='ocr_line' id='line_1_91' title="bbox 615 4846 2184 4921; baseline -0.001 -16"><span class='ocrx_word' id='word_1_645' title='bbox 615 4852 1068 4921; x_wconf 82' lang='lat' dir='ltr'><strong>dispensationem</strong></span> <span class='ocrx_word' id='word_1_646' title='bbox 1113 4863 1211 4904; x_wconf 89' lang='lat' dir='ltr'><strong>seu</strong></span> <span class='ocrx_word' id='word_1_647' title='bbox 1255 4848 1617 4919; x_wconf 87' lang='lat' dir='ltr'><strong>provisionetn</strong></span> <span class='ocrx_word' id='word_1_648' title='bbox 1672 4849 1725 4903; x_wconf 92' lang='lat' dir='ltr'><strong>in</strong></span> <span class='ocrx_word' id='word_1_649' title='bbox 1758 4846 2184 4904; x_wconf 82' lang='lat' dir='ltr'><strong>Christianorum</strong></span> 
     </span>
    </p>
   </div>
   <div class='ocr_carea' id='block_1_92' title="bbox 616 4941 900 4995">
    <p class='ocr_par' dir='ltr' id='par_1_92' title="bbox 616 4941 900 4995">
     <span class='ocr_line' id='line_1_92' title="bbox 616 4941 900 4995; baseline -0.007 0"><span class='ocrx_word' id='word_1_650' title='bbox 616 4941 900 4995; x_wconf 78' lang='lat' dir='ltr'><strong>auxilium.</strong></span> 
     </span>
    </p>
   </div>
   <div class='ocr_carea' id='block_1_93' title="bbox 684 5026 2188 5100">
    <p class='ocr_par' dir='ltr' id='par_1_93' title="bbox 684 5026 2188 5100">
     <span class='ocr_line' id='line_1_93' title="bbox 684 5026 2188 5100; baseline -0.005 -12"><span class='ocrx_word' id='word_1_651' title='bbox 684 5026 934 5089; x_wconf 80' lang='lat' dir='ltr'><strong>ZONAR.</strong></span> <span class='ocrx_word' id='word_1_652' title='bbox 963 5031 1095 5099; x_wconf 68' lang='lat' dir='ltr'><strong>Quae</strong></span> <span class='ocrx_word' id='word_1_653' title='bbox 1142 5031 1416 5100; x_wconf 89' lang='lat' dir='ltr'><strong>superiore</strong></span> <span class='ocrx_word' id='word_1_654' title='bbox 1461 5031 1795 5087; x_wconf 84' lang='lat' dir='ltr'><strong>oratiuncula</strong></span> <span class='ocrx_word' id='word_1_655' title='bbox 1842 5029 2188 5086; x_wconf 79' lang='lat' dir='ltr'><strong>continentur</strong></span> 
     </span>
    </p>
   </div>
   <div class='ocr_carea' id='block_1_94' title="bbox 620 5117 2186 5193">
    <p class='ocr_par' dir='ltr' id='par_1_94' title="bbox 620 5117 2186 5193">
     <span class='ocr_line' id='line_1_94' title="bbox 620 5117 2186 5193; baseline -0.004 -13"><span class='ocrx_word' id='word_1_656' title='bbox 620 5124 735 5180; x_wconf 59' lang='lat' dir='ltr'><strong>haec</strong></span> <span class='ocrx_word' id='word_1_657' title='bbox 767 5134 895 5178; x_wconf 87' lang='lat' dir='ltr'><strong>sunt</strong></span> <span class='ocrx_word' id='word_1_658' title='bbox 922 5139 938 5178; x_wconf 87' lang='lat'><strong>:</strong></span> <span class='ocrx_word' id='word_1_659' title='bbox 970 5121 1174 5188; x_wconf 85' lang='lat' dir='ltr'><strong>Nostis,</strong></span> <span class='ocrx_word' id='word_1_660' title='bbox 1199 5122 1414 5187; x_wconf 88' lang='lat' dir='ltr'><strong>fratres,</strong></span> <span class='ocrx_word' id='word_1_661' title='bbox 1448 5117 1649 5193; x_wconf 86' lang='lat' dir='ltr'><strong>[inquit</strong></span> <span class='ocrx_word' id='word_1_662' title='bbox 1687 5122 1965 5190; x_wconf 81' lang='lat' dir='ltr'><strong>Aurelius]</strong></span> <span class='ocrx_word' id='word_1_663' title='bbox 1991 5117 2186 5189; x_wconf 89' lang='lat' dir='ltr'><strong>quibus</strong></span> 
     </span>
    </p>
   </div>
   <div class='ocr_carea' id='block_1_95' title="bbox 618 5214 2188 5286">
    <p class='ocr_par' dir='ltr' id='par_1_95' title="bbox 618 5214 2188 5286">
     <span class='ocr_line' id='line_1_95' title="bbox 618 5214 2188 5286; baseline 0 -14"><span class='ocrx_word' id='word_1_664' title='bbox 618 5218 882 5273; x_wconf 90' lang='lat' dir='ltr'><strong>maiorum</strong></span> <span class='ocrx_word' id='word_1_665' title='bbox 937 5217 1321 5286; x_wconf 85' lang='lat' dir='ltr'><strong>asperitatibus</strong></span> <span class='ocrx_word' id='word_1_666' title='bbox 1382 5228 1572 5270; x_wconf 88' lang='lat' dir='ltr'><strong>omnes</strong></span> <span class='ocrx_word' id='word_1_667' title='bbox 1622 5214 1888 5270; x_wconf 67' lang='lat' dir='ltr'><strong>Africanae</strong></span> <span class='ocrx_word' id='word_1_668' title='bbox 1946 5215 2188 5272; x_wconf 75' lang='lat' dir='ltr'><strong>ecclesiae</strong></span> 
     </span>
    </p>
   </div>
   <div class='ocr_carea' id='block_1_96' title="bbox 618 5307 2186 5378">
    <p class='ocr_par' dir='ltr' id='par_1_96' title="bbox 618 5307 2186 5378">
     <span class='ocr_line' id='line_1_96' title="bbox 618 5307 2186 5378; baseline 0.001 -15"><span class='ocrx_word' id='word_1_669' title='bbox 618 5307 1011 5365; x_wconf 81' lang='lat' dir='ltr'><strong>conﬂictentur.</strong></span> <span class='ocrx_word' id='word_1_670' title='bbox 1039 5307 1109 5360; x_wconf 86' lang='lat' dir='ltr'><strong>Et</strong></span> <span class='ocrx_word' id='word_1_671' title='bbox 1142 5308 1399 5376; x_wconf 87' lang='lat' dir='ltr'><strong>quoniam</strong></span> <span class='ocrx_word' id='word_1_672' title='bbox 1419 5308 1464 5362; x_wconf 88' lang='lat' dir='ltr'><strong>sl</strong></span> <span class='ocrx_word' id='word_1_673' title='bbox 1497 5309 1676 5362; x_wconf 85' lang='lat' dir='ltr'><strong>minus</strong></span> <span class='ocrx_word' id='word_1_674' title='bbox 1708 5309 1968 5371; x_wconf 82' lang='lat' dir='ltr'><strong>universi,</strong></span> <span class='ocrx_word' id='word_1_675' title='bbox 2006 5309 2186 5378; x_wconf 83' lang='lat' dir='ltr'><strong>plures</strong></span> 
     </span>
    </p>
   </div>
   <div class='ocr_carea' id='block_1_97' title="bbox 617 5398 2185 5471">
    <p class='ocr_par' dir='ltr' id='par_1_97' title="bbox 617 5398 2185 5471">
     <span class='ocr_line' id='line_1_97' title="bbox 617 5398 2185 5471; baseline 0.002 -15"><span class='ocrx_word' id='word_1_676' title='bbox 617 5410 765 5456; x_wconf 86' lang='lat' dir='ltr'><strong>certe</strong></span> <span class='ocrx_word' id='word_1_677' title='bbox 805 5400 871 5454; x_wconf 87' lang='lat' dir='ltr'><strong>ad</strong></span> <span class='ocrx_word' id='word_1_678' title='bbox 913 5400 1178 5469; x_wconf 83' lang='lat' dir='ltr'><strong>synodum</strong></span> <span class='ocrx_word' id='word_1_679' title='bbox 1218 5398 1607 5467; x_wconf 78' lang='lat' dir='ltr'><strong>convenimusl,</strong></span> <span class='ocrx_word' id='word_1_680' title='bbox 1644 5417 1778 5469; x_wconf 86' lang='lat' dir='ltr'><strong>quas</strong></span> <span class='ocrx_word' id='word_1_681' title='bbox 1822 5417 1920 5471; x_wconf 73' lang='lat' dir='ltr'><strong>ego</strong></span> <span class='ocrx_word' id='word_1_682' title='bbox 1971 5402 2185 5470; x_wconf 87' lang='lat' dir='ltr'><strong>quidem</strong></span> 
     </span>
    </p>
   </div>
   <div class='ocr_carea' id='block_1_98' title="bbox 618 5490 2186 5561">
    <p class='ocr_par' dir='ltr' id='par_1_98' title="bbox 618 5490 2186 5561">
     <span class='ocr_line' id='line_1_98' title="bbox 618 5490 2186 5561; baseline 0.001 -12"><span class='ocrx_word' id='word_1_683' title='bbox 618 5492 956 5549; x_wconf 85' lang='lat' dir='ltr'><strong>dillicultates</strong></span> <span class='ocrx_word' id='word_1_684' title='bbox 1008 5491 1269 5545; x_wconf 83' lang='lat' dir='ltr'><strong>sollicitus</strong></span> <span class='ocrx_word' id='word_1_685' title='bbox 1326 5490 1665 5561; x_wconf 72' lang='lat' dir='ltr'><strong>inveStigavi,</strong></span> <span class='ocrx_word' id='word_1_686' title='bbox 1712 5494 1815 5547; x_wconf 85' lang='lat' dir='ltr'><strong>hoc</strong></span> <span class='ocrx_word' id='word_1_687' title='bbox 1862 5506 1965 5557; x_wconf 89' lang='lat' dir='ltr'><strong>est,</strong></span> <span class='ocrx_word' id='word_1_688' title='bbox 2023 5499 2186 5550; x_wconf 75' lang='lat' dir='ltr'><strong>multa</strong></span> 
     </span>
    </p>
   </div>
   <div class='ocr_carea' id='block_1_99' title="bbox 618 5582 2188 5654">
    <p class='ocr_par' dir='ltr' id='par_1_99' title="bbox 618 5582 2188 5654">
     <span class='ocr_line' id='line_1_99' title="bbox 618 5582 2188 5654; baseline 0.004 -13"><span class='ocrx_word' id='word_1_689' title='bbox 618 5600 749 5641; x_wconf 86' lang='lat' dir='ltr'><strong>cura</strong></span> <span class='ocrx_word' id='word_1_690' title='bbox 778 5601 841 5641; x_wconf 87' lang='lat' dir='ltr'><strong>ac</strong></span> <span class='ocrx_word' id='word_1_691' title='bbox 869 5582 1147 5654; x_wconf 76' lang='lat' dir='ltr'><strong>diligentia</strong></span> <span class='ocrx_word' id='word_1_692' title='bbox 1176 5582 1419 5640; x_wconf 86' lang='lat' dir='ltr'><strong>adhibita</strong></span> <span class='ocrx_word' id='word_1_693' title='bbox 1446 5585 1772 5653; x_wconf 88' lang='lat' dir='ltr'><strong>conquisivi,</strong></span> <span class='ocrx_word' id='word_1_694' title='bbox 1806 5595 1900 5641; x_wconf 83' lang='lat' dir='ltr'><strong>eas</strong></span> <span class='ocrx_word' id='word_1_695' title='bbox 1928 5588 2030 5643; x_wconf 85' lang='lat' dir='ltr'><strong>hoc</strong></span> <span class='ocrx_word' id='word_1_696' title='bbox 2054 5602 2188 5647; x_wconf 86' lang='lat' dir='ltr'><strong>tem-</strong></span> 
     </span>
    </p>
   </div>
   <div class='ocr_carea' id='block_1_100' title="bbox 623 5676 2187 5749">
    <p class='ocr_par' dir='ltr' id='par_1_100' title="bbox 623 5676 2187 5749">
     <span class='ocr_line' id='line_1_100' title="bbox 623 5676 2187 5749; baseline 0.004 -18"><span class='ocrx_word' id='word_1_697' title='bbox 623 5692 751 5749; x_wconf 89' lang='lat' dir='ltr'><strong>pore</strong></span> <span class='ocrx_word' id='word_1_698' title='bbox 782 5681 834 5731; x_wconf 88' lang='lat' dir='ltr'><strong>in</strong></span> <span class='ocrx_word' id='word_1_699' title='bbox 869 5676 1106 5732; x_wconf 85' lang='lat' dir='ltr'><strong>medium</strong></span> <span class='ocrx_word' id='word_1_700' title='bbox 1136 5676 1381 5747; x_wconf 81' lang='lat' dir='ltr'><strong>proferte</strong></span> <span class='ocrx_word' id='word_1_701' title='bbox 1421 5677 1705 5733; x_wconf 85' lang='lat' dir='ltr'><strong>constitui.</strong></span> <span class='ocrx_word' id='word_1_702' title='bbox 1756 5676 2043 5747; x_wconf 79' lang='lat' dir='ltr'><strong>Reliquum</strong></span> <span class='ocrx_word' id='word_1_703' title='bbox 2087 5683 2187 5737; x_wconf 87' lang='lat' dir='ltr'><strong>erit</strong></span> 
     </span>
    </p>
   </div>
   <div class='ocr_carea' id='block_1_101' title="bbox 572 5767 2183 5844">
    <p class='ocr_par' dir='ltr' id='par_1_101' title="bbox 572 5767 2183 5844">
     <span class='ocr_line' id='line_1_101' title="bbox 572 5767 2183 5844; baseline 0.002 -19"><span class='ocrx_word' id='word_1_704' title='bbox 572 5836 573 5839; x_wconf 23' lang='grc' dir='ltr'><strong>η</strong></span> <span class='ocrx_word' id='word_1_705' title='bbox 618 5770 834 5837; x_wconf 81' lang='lat' dir='ltr'><strong>deinde,</strong></span> <span class='ocrx_word' id='word_1_706' title='bbox 886 5777 945 5823; x_wconf 90' lang='lat' dir='ltr'><strong>ut</strong></span> <span class='ocrx_word' id='word_1_707' title='bbox 980 5767 1211 5844; x_wconf 81' lang='lat' dir='ltr'><strong>aliquem</strong></span> <span class='ocrx_word' id='word_1_708' title='bbox 1247 5781 1311 5823; x_wconf 87' lang='lat' dir='ltr'><strong>ex</strong></span> <span class='ocrx_word' id='word_1_709' title='bbox 1347 5775 1533 5825; x_wconf 86' lang='lat' dir='ltr'><strong>nostro</strong></span> <span class='ocrx_word' id='word_1_710' title='bbox 1576 5783 1800 5827; x_wconf 87' lang='lat' dir='ltr'><strong>numero</strong></span> <span class='ocrx_word' id='word_1_711' title='bbox 1829 5772 2109 5841; x_wconf 77' lang='lat' dir='ltr'><strong>delegatis,</strong></span> <span class='ocrx_word' id='word_1_712' title='bbox 2154 5791 2183 5829; x_wconf 86' lang='lat' dir='ltr'><strong>a</strong></span> 
     </span>
    </p>
   </div>
   <div class='ocr_carea' id='block_1_102' title="bbox 2292 4570 3845 4646">
    <p class='ocr_par' dir='ltr' id='par_1_102' title="bbox 2292 4570 3845 4646">
     <span class='ocr_line' id='line_1_102' title="bbox 2292 4570 3845 4646; baseline 0 -24"><span class='ocrx_word' id='word_1_713' title='bbox 2292 4570 2374 4623; x_wconf 85' lang='grc' dir='ltr'>ὅτι</span> <span class='ocrx_word' id='word_1_714' title='bbox 2426 4572 2797 4640; x_wconf 86' lang='grc' dir='ltr'>στενοχωρίαν</span> <span class='ocrx_word' id='word_1_715' title='bbox 2854 4570 3101 4642; x_wconf 83' lang='grc' dir='ltr'>μεγάλην</span> <span class='ocrx_word' id='word_1_716' title='bbox 3156 4571 3375 4643; x_wconf 70' lang='grc' dir='ltr'>ἔχουσιν</span> <span class='ocrx_word' id='word_1_717' title='bbox 3425 4575 3483 4627; x_wconf 80' lang='grc' dir='ltr'><strong>αι</strong></span> <span class='ocrx_word' id='word_1_718' title='bbox 3541 4574 3713 4646; x_wconf 86' lang='grc' dir='ltr'>χῶραι</span> <span class='ocrx_word' id='word_1_719' title='bbox 3748 4573 3845 4626; x_wconf 86' lang='grc' dir='ltr'><strong>τῶν</strong></span> 
     </span>
    </p>
   </div>
   <div class='ocr_carea' id='block_1_103' title="bbox 2296 4663 3848 4735">
    <p class='ocr_par' dir='ltr' id='par_1_103' title="bbox 2296 4663 3848 4735">
     <span class='ocr_line' id='line_1_103' title="bbox 2296 4663 3848 4735; baseline 0.003 -20"><span class='ocrx_word' id='word_1_720' title='bbox 2296 4663 2521 4733; x_wconf 78' lang='grc' dir='ltr'>’Δφρων</span> <span class='ocrx_word' id='word_1_721' title='bbox 2556 4663 2631 4732; x_wconf 78' lang='grc' dir='ltr'><strong>μή</strong></span> <span class='ocrx_word' id='word_1_722' title='bbox 2677 4663 2839 4733; x_wconf 89' lang='grc' dir='ltr'>μόνον</span> <span class='ocrx_word' id='word_1_723' title='bbox 2882 4663 3073 4735; x_wconf 83' lang='grc' dir='ltr'>ίερὲων</span> <span class='ocrx_word' id='word_1_724' title='bbox 3102 4669 3198 4719; x_wconf 78' lang='grc' dir='ltr'>καὶ</span> <span class='ocrx_word' id='word_1_725' title='bbox 3229 4667 3575 4732; x_wconf 74' lang='grc' dir='ltr'>ἐπισκόπων,</span> <span class='ocrx_word' id='word_1_726' title='bbox 3609 4667 3741 4723; x_wconf 83' lang='grc' dir='ltr'>ἀλλὰ</span> <span class='ocrx_word' id='word_1_727' title='bbox 3761 4667 3848 4720; x_wconf 78' lang='grc' dir='ltr'>καὶ</span> 
     </span>
    </p>
   </div>
   <div class='ocr_carea' id='block_1_104' title="bbox 2293 4751 3839 4829">
    <p class='ocr_par' dir='ltr' id='par_1_104' title="bbox 2293 4751 3839 4829">
     <span class='ocr_line' id='line_1_104' title="bbox 2293 4751 3839 4829; baseline 0.004 -22"><span class='ocrx_word' id='word_1_728' title='bbox 2293 4752 2475 4807; x_wconf 77' lang='grc' dir='ltr'>αὐτῶν</span> <span class='ocrx_word' id='word_1_729' title='bbox 2500 4751 2609 4806; x_wconf 87' lang='grc' dir='ltr'><strong>τῶν</strong></span> <span class='ocrx_word' id='word_1_730' title='bbox 2638 4752 2926 4821; x_wconf 79' lang='grc' dir='ltr'>διακόνων,</span> <span class='ocrx_word' id='word_1_731' title='bbox 2955 4754 3051 4809; x_wconf 78' lang='grc' dir='ltr'>καὶ</span> <span class='ocrx_word' id='word_1_732' title='bbox 3088 4759 3376 4828; x_wconf 82' lang='grc' dir='ltr'>φροντίσαι</span> <span class='ocrx_word' id='word_1_733' title='bbox 3417 4762 3670 4829; x_wconf 85' lang='grc' dir='ltr'>γενέσθαι</span> <span class='ocrx_word' id='word_1_734' title='bbox 3718 4763 3839 4816; x_wconf 84' lang='grc' dir='ltr'>οίκο-</span> 
     </span>
    </p>
   </div>
   <div class='ocr_carea' id='block_1_105' title="bbox 2292 4846 3438 4921">
    <p class='ocr_par' dir='ltr' id='par_1_105' title="bbox 2292 4846 3438 4921">
     <span class='ocr_line' id='line_1_105' title="bbox 2292 4846 3438 4921; baseline 0.006 -22"><span class='ocrx_word' id='word_1_735' title='bbox 2292 4847 2491 4917; x_wconf 88' lang='grc' dir='ltr'>νομίαν</span> <span class='ocrx_word' id='word_1_736' title='bbox 2516 4849 2592 4908; x_wconf 83' lang='grc' dir='ltr'><strong>είς</strong></span> <span class='ocrx_word' id='word_1_737' title='bbox 2624 4846 2883 4918; x_wconf 80' lang='grc' dir='ltr'>βοήθειαν</span> <span class='ocrx_word' id='word_1_738' title='bbox 2926 4847 3034 4901; x_wconf 89' lang='grc' dir='ltr'><strong>τῶν</strong></span> <span class='ocrx_word' id='word_1_739' title='bbox 3066 4849 3438 4921; x_wconf 82' lang='grc' dir='ltr'>Χριστιανῶν.</span> 
     </span>
    </p>
   </div>
   <div class='ocr_carea' id='block_1_106' title="bbox 2364 5031 3841 5114">
    <p class='ocr_par' dir='ltr' id='par_1_106' title="bbox 2364 5031 3841 5114">
     <span class='ocr_line' id='line_1_106' title="bbox 2364 5031 3841 5114; baseline 0.005 -30"><span class='ocrx_word' id='word_1_740' title='bbox 2364 5032 2610 5087; x_wconf 78' lang='grc' dir='ltr'><strong>ΖΩΝΔΡ.</strong></span> <span class='ocrx_word' id='word_1_741' title='bbox 2643 5031 2812 5087; x_wconf 85' lang='grc' dir='ltr'>Τοῦτο</span> <span class='ocrx_word' id='word_1_742' title='bbox 2840 5035 2873 5104; x_wconf 77' lang='grc' dir='ltr'><strong>η</strong></span> <span class='ocrx_word' id='word_1_743' title='bbox 2900 5038 3150 5106; x_wconf 85' lang='grc' dir='ltr'>παροῦσα</span> <span class='ocrx_word' id='word_1_744' title='bbox 3174 5036 3319 5107; x_wconf 85' lang='grc' dir='ltr'>λέγει</span> <span class='ocrx_word' id='word_1_745' title='bbox 3344 5042 3565 5114; x_wconf 78' lang='grc' dir='ltr'>γραφήο</span> <span class='ocrx_word' id='word_1_746' title='bbox 3591 5043 3670 5097; x_wconf 85' lang='grc' dir='ltr'>ὃτι</span> <span class='ocrx_word' id='word_1_747' title='bbox 3713 5042 3762 5094; x_wconf 83' lang='grc' dir='ltr'>Ἐ</span> <span class='ocrx_word' id='word_1_748' title='bbox 3774 5041 3841 5093; x_wconf 74' lang='grc' dir='ltr'>κί-</span> 
     </span>
    </p>
   </div>
   <div class='ocr_carea' id='block_1_107' title="bbox 2297 5124 3840 5204">
    <p class='ocr_par' dir='ltr' id='par_1_107' title="bbox 2297 5124 3840 5204">
     <span class='ocr_line' id='line_1_107' title="bbox 2297 5124 3840 5204; baseline 0.006 -28"><span class='ocrx_word' id='word_1_749' title='bbox 2297 5124 2519 5186; x_wconf 84' lang='grc' dir='ltr'>στασθε,</span> <span class='ocrx_word' id='word_1_750' title='bbox 2545 5124 2789 5193; x_wconf 79' lang='grc' dir='ltr'>ἀδελφοὶ,</span> <span class='ocrx_word' id='word_1_751' title='bbox 2818 5127 2915 5189; x_wconf 81' lang='grc' dir='ltr'>τὰς</span> <span class='ocrx_word' id='word_1_752' title='bbox 2946 5128 3215 5198; x_wconf 83' lang='grc' dir='ltr'>ἀνάγκας,</span> <span class='ocrx_word' id='word_1_753' title='bbox 3247 5130 3314 5195; x_wconf 75' lang='grc' dir='ltr'>ἃς</span> <span class='ocrx_word' id='word_1_754' title='bbox 3340 5132 3527 5204; x_wconf 75' lang='grc' dir='ltr'>ιχουσι</span> <span class='ocrx_word' id='word_1_755' title='bbox 3580 5136 3744 5190; x_wconf 77' lang='grc' dir='ltr'>πᾶσαι</span> <span class='ocrx_word' id='word_1_756' title='bbox 3790 5137 3840 5187; x_wconf 84' lang='grc' dir='ltr'>αἱ</span> 
     </span>
    </p>
   </div>
   <div class='ocr_carea' id='block_1_108' title="bbox 2294 5217 3839 5298">
    <p class='ocr_par' dir='ltr' id='par_1_108' title="bbox 2294 5217 3839 5298">
     <span class='ocr_line' id='line_1_108' title="bbox 2294 5217 3839 5298; baseline 0.008 -31"><span class='ocrx_word' id='word_1_757' title='bbox 2294 5218 2438 5268; x_wconf 87' lang='grc' dir='ltr'>κατὰ</span> <span class='ocrx_word' id='word_1_758' title='bbox 2470 5218 2566 5287; x_wconf 81' lang='grc' dir='ltr'><strong>τήν</strong></span> <span class='ocrx_word' id='word_1_759' title='bbox 2607 5217 2878 5290; x_wconf 77' lang='grc' dir='ltr'>Ἀφρικὴν</span> <span class='ocrx_word' id='word_1_760' title='bbox 2904 5222 3215 5293; x_wconf 66' lang='grc' dir='ltr'>ἐκκλησίαι.</span> <span class='ocrx_word' id='word_1_761' title='bbox 3245 5224 3353 5279; x_wconf 72' lang='grc' dir='ltr'><strong>Καὶ</strong></span> <span class='ocrx_word' id='word_1_762' title='bbox 3377 5229 3501 5281; x_wconf 68' lang='grc' dir='ltr'>ἐπεὶ</span> <span class='ocrx_word' id='word_1_763' title='bbox 3548 5229 3772 5298; x_wconf 81' lang='grc' dir='ltr'>συνήχθη</span> <span class='ocrx_word' id='word_1_764' title='bbox 3798 5230 3839 5279; x_wconf 83' lang='lat' dir='ltr'><strong>si</strong></span> 
     </span>
    </p>
   </div>
   <div class='ocr_carea' id='block_1_109' title="bbox 2295 5313 3840 5395">
    <p class='ocr_par' dir='ltr' id='par_1_109' title="bbox 2295 5313 3840 5395">
     <span class='ocr_line' id='line_1_109' title="bbox 2295 5313 3840 5395; baseline 0.006 -30"><span class='ocrx_word' id='word_1_765' title='bbox 2295 5313 2492 5383; x_wconf 75' lang='grc' dir='ltr'>καὶμὴ</span> <span class='ocrx_word' id='word_1_766' title='bbox 2528 5316 2675 5368; x_wconf 82' lang='grc' dir='ltr'>πᾶσα</span> <span class='ocrx_word' id='word_1_767' title='bbox 2722 5317 2755 5383; x_wconf 75' lang='grc' dir='ltr'>ἡ</span> <span class='ocrx_word' id='word_1_768' title='bbox 2808 5317 3047 5386; x_wconf 79' lang='grc' dir='ltr'>σύνοδος,</span> <span class='ocrx_word' id='word_1_769' title='bbox 3091 5320 3230 5375; x_wconf 79' lang='grc' dir='ltr'><strong>ἀλλά</strong></span> <span class='ocrx_word' id='word_1_770' title='bbox 3282 5339 3345 5391; x_wconf 89' lang='grc' dir='ltr'><strong>γε</strong></span> <span class='ocrx_word' id='word_1_771' title='bbox 3394 5324 3499 5377; x_wconf 83' lang='grc' dir='ltr'>κᾶν</span> <span class='ocrx_word' id='word_1_772' title='bbox 3560 5328 3617 5378; x_wconf 79' lang='grc' dir='ltr'>ὲν</span> <span class='ocrx_word' id='word_1_773' title='bbox 3675 5324 3840 5395; x_wconf 79' lang='grc' dir='ltr'>μέρει,</span> 
     </span>
    </p>
   </div>
   <div class='ocr_carea' id='block_1_110' title="bbox 2294 5407 3837 5486">
    <p class='ocr_par' dir='ltr' id='par_1_110' title="bbox 2294 5407 3837 5486">
     <span class='ocr_line' id='line_1_110' title="bbox 2294 5407 3837 5486; baseline 0.012 -27"><span class='ocrx_word' id='word_1_774' title='bbox 2294 5407 2440 5460; x_wconf 84' lang='grc' dir='ltr'>δοκεῖ</span> <span class='ocrx_word' id='word_1_775' title='bbox 2467 5425 2557 5477; x_wconf 87' lang='grc' dir='ltr'><strong>μοι</strong></span> <span class='ocrx_word' id='word_1_776' title='bbox 2586 5410 2865 5480; x_wconf 81' lang='grc' dir='ltr'>προθεῖναι</span> <span class='ocrx_word' id='word_1_777' title='bbox 2886 5412 2968 5475; x_wconf 87' lang='grc' dir='ltr'><strong>είς</strong></span> <span class='ocrx_word' id='word_1_778' title='bbox 3002 5413 3167 5483; x_wconf 83' lang='grc' dir='ltr'>μέσον</span> <span class='ocrx_word' id='word_1_779' title='bbox 3190 5418 3287 5480; x_wconf 64' lang='grc' dir='ltr'>τὰς</span> <span class='ocrx_word' id='word_1_780' title='bbox 3310 5419 3565 5483; x_wconf 84' lang='grc' dir='ltr'>τοιαύτας</span> <span class='ocrx_word' id='word_1_781' title='bbox 3592 5421 3837 5486; x_wconf 69' lang='grc' dir='ltr'>ἀνάγκας,</span> 
     </span>
    </p>
   </div>
   <div class='ocr_carea' id='block_1_111' title="bbox 2294 5499 3839 5583">
    <p class='ocr_par' dir='ltr' id='par_1_111' title="bbox 2294 5499 3839 5583">
     <span class='ocr_line' id='line_1_111' title="bbox 2294 5499 3839 5583; baseline 0.01 -31"><span class='ocrx_word' id='word_1_782' title='bbox 2294 5499 2359 5563; x_wconf 78' lang='grc' dir='ltr'>ἃς</span> <span class='ocrx_word' id='word_1_783' title='bbox 2404 5503 2703 5569; x_wconf 75' lang='grc' dir='ltr'>ἐφρόντισα</span> <span class='ocrx_word' id='word_1_784' title='bbox 2730 5505 2824 5557; x_wconf 71' lang='grc' dir='ltr'>καὶ</span> <span class='ocrx_word' id='word_1_785' title='bbox 2854 5504 3376 5579; x_wconf 68' lang='grc' dir='ltr'>ἀνίχνευσα,ιῆγουν</span> <span class='ocrx_word' id='word_1_786' title='bbox 3414 5512 3682 5583; x_wconf 79' lang='grc' dir='ltr'>ἐπιμελῶς</span> <span class='ocrx_word' id='word_1_787' title='bbox 3727 5511 3839 5575; x_wconf 80' lang='grc' dir='ltr'><strong>ἐζή-</strong></span> 
     </span>
    </p>
   </div>
   <div class='ocr_carea' id='block_1_112' title="bbox 2295 5596 3841 5670">
    <p class='ocr_par' dir='ltr' id='par_1_112' title="bbox 2295 5596 3841 5670">
     <span class='ocr_line' id='line_1_112' title="bbox 2295 5596 3841 5670; baseline 0.003 -21"><span class='ocrx_word' id='word_1_788' title='bbox 2295 5611 2455 5665; x_wconf 88' lang='grc' dir='ltr'>τησα.</span> <span class='ocrx_word' id='word_1_789' title='bbox 2497 5596 2815 5651; x_wconf 75' lang='grc' dir='ltr'>’Λκόλουθον</span> <span class='ocrx_word' id='word_1_790' title='bbox 2870 5598 2929 5651; x_wconf 74' lang='grc' dir='ltr'>δὲ</span> <span class='ocrx_word' id='word_1_791' title='bbox 2990 5599 3168 5667; x_wconf 75' lang='grc' dir='ltr'>ἔσται,</span> <span class='ocrx_word' id='word_1_792' title='bbox 3234 5604 3590 5670; x_wconf 69' lang='grc' dir='ltr'>ἐπιλέξασθαι</span> <span class='ocrx_word' id='word_1_793' title='bbox 3658 5605 3745 5658; x_wconf 79' lang='grc' dir='ltr'>ἕνα</span> <span class='ocrx_word' id='word_1_794' title='bbox 3790 5601 3841 5666; x_wconf 77' lang='grc' dir='ltr'><strong>ἐξ</strong></span> 
     </span>
    </p>
   </div>
   <div class='ocr_carea' id='block_1_113' title="bbox 2296 5688 3837 5767">
    <p class='ocr_par' dir='ltr' id='par_1_113' title="bbox 2296 5688 3837 5767">
     <span class='ocr_line' id='line_1_113' title="bbox 2296 5688 3837 5767; baseline 0.005 -27"><span class='ocrx_word' id='word_1_795' title='bbox 2296 5689 2483 5759; x_wconf 77' lang='grc' dir='ltr'>ἡμῶν,</span> <span class='ocrx_word' id='word_1_796' title='bbox 2531 5688 2681 5751; x_wconf 78' lang='grc' dir='ltr'>ὅστις</span> <span class='ocrx_word' id='word_1_797' title='bbox 2733 5690 2937 5753; x_wconf 81' lang='grc' dir='ltr'>ταύτας</span> <span class='ocrx_word' id='word_1_798' title='bbox 2987 5693 3320 5765; x_wconf 80' lang='grc' dir='ltr'>ἀποκομίσει</span> <span class='ocrx_word' id='word_1_799' title='bbox 3378 5697 3517 5767; x_wconf 82' lang='grc' dir='ltr'>πρὸς</span> <span class='ocrx_word' id='word_1_800' title='bbox 3568 5698 3633 5752; x_wconf 84' lang='grc' dir='ltr'><strong>τά</strong></span> <span class='ocrx_word' id='word_1_801' title='bbox 3669 5696 3837 5765; x_wconf 64' lang='grc' dir='ltr'>»πέραν</span> 
     </span>
    </p>
   </div>
   <div class='ocr_carea' id='block_1_114' title="bbox 2304 5782 3852 5864">
    <p class='ocr_par' dir='ltr' id='par_1_114' title="bbox 2304 5782 3852 5864">
     <span class='ocr_line' id='line_1_114' title="bbox 2304 5782 3852 5864; baseline 0.003 -28"><span class='ocrx_word' id='word_1_802' title='bbox 2304 5784 2446 5859; x_wconf 80' lang='grc' dir='ltr'>μέρη</span> <span class='ocrx_word' id='word_1_803' title='bbox 2482 5787 2578 5854; x_wconf 83' lang='grc' dir='ltr'>τῆς</span> <span class='ocrx_word' id='word_1_804' title='bbox 2634 5782 2884 5854; x_wconf 77' lang='grc' dir='ltr'>Ἰταλίας,</span> <span class='ocrx_word' id='word_1_805' title='bbox 2922 5787 3091 5857; x_wconf 75' lang='grc' dir='ltr'>ήγουν</span> <span class='ocrx_word' id='word_1_806' title='bbox 3118 5790 3422 5860; x_wconf 80' lang='grc' dir='ltr'>ἀπαγγελεῖ</span> <span class='ocrx_word' id='word_1_807' title='bbox 3441 5791 3520 5864; x_wconf 82' lang='grc' dir='ltr'>τῷ</span> <span class='ocrx_word' id='word_1_808' title='bbox 3540 5793 3727 5862; x_wconf 79' lang='grc' dir='ltr'>πάππᾳ</span> <span class='ocrx_word' id='word_1_809' title='bbox 3757 5790 3852 5844; x_wconf 75' lang='grc' dir='ltr'>καὶ-</span> 
     </span>
    </p>
   </div>
  </div>
