4034 6190
293 393 397 462 245

1308 396 1398 461 ΙΝ
1427 396 1594 462 CAN.
1653 395 1856 459 LXIII
1891 396 2101 458 CONC.
2142 394 2520 462 CARTHAG.

3437 385 3545 452 246

288 511 351 566 τὸ
401 509 504 581 τῆς
541 511 809 583 ἑκκλήτου
844 512 1197 585 δικαστήριον
1233 515 1370 584 πρὸς
1405 515 1714 586 μαρτυρίαν
1777 514 1853 569 τοι

1971 529 2135 569 causa
2155 514 2306 584 prius
2334 512 2642 570 examinata
2669 517 2774 578 est,
2811 508 2896 567 vel
2941 509 3032 581 qui
3081 524 3139 564 re
3169 507 3412 577 iudicata
3446 507 3538 562 ad-

287 601 671 674 δοκιμάσαντα
698 606 964 677 πρότερον
999 606 1101 678 τὴν
1131 607 1412 675 ὑπόθεσιν,
1463 609 1496 680 ἢ
1531 609 1625 663 καὶ
1680 625 1864 680 κρινο-

289 694 458 767 μένης
487 699 902 768 παρατυχόντα,
930 700 1022 753 καὶ
1075 699 1162 754 τνα
1220 700 1357 772 μηδὲ
1407 716 1491 763 τις
1548 703 1859 772 προσήκων,

283 785 595 853 τουτέστιν,
632 790 981 863 ᾠκειωμένος
1004 793 1072 845 ἐκ
1100 794 1429 862 συγγενείας
1481 793 1514 864 ἢ
1553 793 1732 857 ἄλλως
1769 793 1865 846 ἐκ·

286 875 671 950 κλησιαστικῷ
724 898 856 948 τινι,
908 882 1138 952 ἕλκηται
1172 885 1254 948 είς
1313 884 1645 956 μαρτυρίαν.
1705 885 1862 950 Τινὲς

283 967 391 1042 γὰρ
468 970 901 1044 ἀπηρίθμηνται
959 975 1056 1030 καὶ
1124 979 1242 1038 τοῖς
1317 978 1617 1041 πολιτικοῖς
1674 977 1862 1048 νόμοις

283 1059 802 1134 ίξκουσσευόμενοι,
838 1065 978 1120 ὥστε
1032 1069 1109 1137 μὴ
1161 1071 1388 1133 ἄκοντες
1433 1073 1749 1140 μαρτυρεῖν,
1785 1070 1862 1134 ὡς

278 1153 336 1206 ὲν
369 1151 573 1227 βιϐλίῳ
621 1155 852 1228 εὓρηται
902 1166 1010 1226 κα’,
1043 1162 1150 1217 τίτ.
1207 1162 1277 1231 α’,
1311 1162 1632 1233 κεφαλαίοις
1673 1162 1862 1232 διαφό-

281 1263 416 1314 ροις.

277 1339 498 1394 ΔΡῙΣΤ.
562 1362 583 1395 ε
622 1343 922 1414 Κληρικδς,
975 1348 1210 1416 πρᾶγμα
1267 1346 1518 1414 δικάσας,
1550 1348 1596 1401 εί
1645 1348 1858 1418 ἀπαρε-

354 1451 375 1484 r
415 1450 525 1500 σοι,
599 1437 675 1507 μὴ
733 1440 1008 1494 καλείσθω
1063 1442 1193 1506 περὶ
1251 1439 1418 1494 αὑτοῦ
1472 1439 1611 1510 πρὸς
1651 1457 1858 1511 μαρτυ·

338 1545 356 1578 ι
397 1527 527 1597 ρίαν
575 1532 660 1594 είς
689 1533 1066 1603 δικαστήριον·
1093 1534 1189 1588 καὶ
1236 1532 1376 1599 ὅλως
1398 1533 1858 1604 ἐκκλησιαστικὸν

349 1639 366 1670 ι
407 1619 716 1690 πρόσωπον
783 1625 858 1694 μὴ
923 1624 1204 1694 ἰιαγέσθω
1265 1627 1390 1696 περὶ
1445 1623 1540 1679 τοῦ
1619 1623 1858 1694 ὀφείλειν

345 1729 364 1762 ι
403 1715 740 1785 μαρτυρεῖν.
773 1735 794 1768 r

347 1802 475 1857 Ἐάν
520 1822 676 1870 τινες
702 1811 854 1880 παρά
896 1826 1007 1865 τινι
1056 1809 1164 1864 τῶν
1209 1809 1488 1879 κληρικῶν
1532 1810 1856 1882 δικασθῆναι
1903 1808 1906 1810 ’

1970 607 2093 671 luit,
2118 605 2186 662 ad
2252 592 2654 676 provocationis
2719 603 2898 660 forum
2957 601 3252 660 testimonii
3325 599 3542 656 dicendi

1970 686 2406 765 causatrabere;
2451 712 2625 768 neque
2676 704 2934 767 praeterea
2971 695 3258 766 quisquam
3316 709 3382 748 ex
3445 707 3539 746 co-

1970 789 2167 860 gnatis,
2201 788 2303 844 hoc
2331 798 2438 851 est,
2460 788 2832 844 ecclesiastico
2885 785 3094 842 homini
3131 784 3542 856 propinquitate

1967 891 2060 938 aut
2084 882 2189 939 alia
2213 881 2420 937 ratione
2445 882 2790 952 coniunctus,
2820 884 2886 935 ad
2907 879 3144 935 dandum
3167 877 3539 932 testimonium

1966 987 2210 1047 cogatur.
2266 974 2399 1032 Nam
2454 984 2509 1031 et
2566 978 2739 1047 legum
2781 974 3021 1034 civilium
3063 974 3284 1028 decreto
3323 970 3542 1043 quidam

1965 1080 2377 1136 enumerantur,
2407 1087 2544 1140 quos
2572 1071 2768 1125 invitos
2799 1070 2863 1125 ad
2917 1067 3288 1124 testimonium
3347 1065 3540 1120 dicen-

1965 1165 2092 1220 dum
2116 1165 2361 1235 compelli
2414 1179 2519 1218 non
2560 1166 2767 1228 sinunt,
2801 1171 2861 1216 ut
2917 1162 2970 1217 in
3031 1160 3126 1216 Iib.
3193 1173 3309 1223 nl,
3367 1156 3538 1220 ιῑι.1,

1964 1257 2194 1313 diversis
2217 1257 2269 1312 in
2303 1257 2569 1325 capitibus
2604 1255 2931 1311 inveniatur.

1962 1348 2192 1405 ARIST.
2239 1368 2258 1402 ι
2291 1349 2554 1412 Clericus,
2578 1350 2668 1419 qui
2700 1363 2921 1404 causam
2949 1345 3232 1416 judicavit,
3268 1346 3316 1402 si
3348 1345 3534 1412 displi-

2041 1459 2058 1494 ι
2091 1451 2196 1507 cet,
2239 1443 2306 1496 ad
2339 1441 2572 1496 dandum
2606 1439 2672 1496 de
2699 1454 2763 1496 ea
2797 1438 3165 1494 testimonium
3203 1437 3269 1491 ad
3299 1436 3534 1491 tribunal

2039 1552 2056 1584 ι
2098 1548 2163 1587 ne
2196 1542 2450 1588 vocetur:
2487 1541 2542 1587 et
2599 1530 2970 1588 ecclesiastica
3024 1530 3246 1584 omnino
3306 1537 3534 1597 persona

2038 1644 2056 1676 ι
2091 1627 2155 1680 ad
2180 1625 2552 1682 testimonium
2604 1623 2937 1681 reddendum
2980 1638 3045 1678 ne
3103 1620 3479 1691 compellatur.
3510 1633 3526 1669 ι

2035 1821 2091 1878 Si
2124 1824 2216 1893 qui
2246 1822 2624 1878 aciericorum
2701 1821 2887 1892 aliquo
2943 1819 3174 1889 iudicari
3230 1819 3532 1889 elegerunt,

272 1897 629 1966 ᾑρετίσαντο,
662 1902 755 1956 καὶ
775 1903 845 1956 τὰ
867 1903 966 1972 τῆς
991 1903 1302 1968 ὑποθέσεως
1341 1905 1712 1974 ἀνεκάλυψαν,
1735 1900 1853 1959 εἶτα

1964 1927 2018 1972 et
2042 1931 2266 1970 causam
2301 1930 2461 1969 suam
2495 1914 2826 1978 indicarunt,
2865 1922 3047 1982 postea
3087 1911 3138 1967 in
3175 1911 3375 1982 judicio
3420 1909 3536 1978 eius

271 1989 361 2040 ἐπὶ
389 1992 454 2060 τῇ
490 1990 797 2060 διαγνώσει
822 1994 989 2050 αὐτοῦ
1025 1995 1444 2068 ἁπηρέσθησαν,
1480 1997 1574 2050 καὶ
1612 1996 1857 2066 ἀπῆλθον

271 2082 348 2143 είς
372 2081 432 2134 τὸ
465 2084 797 2156 πρόσφορον
825 2089 1010 2150 αὐτοῖς
1036 2087 1409 2156 δικαστήριον·
1440 2088 1499 2141 οὗ
1531 2089 1856 2144 καλέσουσιν

272 2174 346 2235 εις
373 2179 702 2246 μαρτυρίαν
731 2179 823 2232 τὸν
855 2179 1157 2233 δικάσαντα
1200 2179 1486 2250 κληρικδν,
1543 2179 1601 2234 τὺ
1637 2181 1736 2251 μὲν
1779 2181 1852 2246 ὡς

269 2265 854 2341 ὶξκουσσατευόμενον
891 2272 999 2325 ἀπὸ
1039 2271 1134 2326 τοῦ
1175 2272 1366 2343 νόμου,
1418 2272 1514 2326 καὶ
1561 2271 1637 2342 μὴ
1685 2273 1856 2339 ἀναγο

273 2356 588 2428 καζὸμενον
632 2363 906 2430 ἀκουσίως
955 2368 1280 2436 μαρτυρεῖν·
1326 2367 1374 2419 οἱ
1424 2366 1532 2436 γὰρ
1581 2366 1658 2428 είς
1698 2365 1855 2434 ἱερὰν

267 2450 630 2523 λειτουργίαν
665 2457 1110 2529 ἁπησχολημὲνοι
1143 2459 1368 2522 ἄκοντες
1393 2458 1454 2512 οὐ
1489 2457 1852 2530 μαρτυροῦσι·

267 2543 325 2594 τὸ
361 2543 438 2608 δὲ,
479 2547 586 2600 καὶ
637 2547 713 2611 ὡς
743 2548 1107 2622 κωλυόμενον,
1160 2553 1218 2605 ἐν
1244 2545 1285 2620 ᾧ
1321 2549 1672 2622 προσελήφθη
1712 2552 1856 2622 upi-

267 2650 430 2702 γματι
468 2639 632 2709 παρὰ
667 2641 773 2692 τῶν
805 2641 988 2712 μερῶν
1020 2643 1300 2714 δικαστὴς,
1339 2645 1657 2715 μαρτυρεῖν.

878 2734 1117 2790 ΚΑΝΩΝ
1134 2734 1251 2790 EI".

275 2841 292 2873 ι
330 2823 464 2894 Περὶ
503 2825 613 2879 τοῦ
653 2828 955 2896 ἀφελέσθαι
987 2831 1054 2884 τὰ
1087 2830 1196 2885 τῶν
1238 2832 1512 2904 Ἐλλήνων
1550 2837 1850 2905 συμπόσια.

339 2937 357 2967 ι
391 2918 645 2974 Κάκεῖνο
668 2921 749 2975 ἔτι
773 2924 880 2993 μὴν
903 2923 993 2990 ,δεῖ
1017 2924 1240 2994 αἰτῆσαι
1265 2928 1416 2996 παρά
1446 2927 1554 2980 τῶν
1586 2930 1856 2996 Χριστκι-

339 3031 355 3061 ι
398 3012 509 3064 νῶν
536 3013 846 3084 βασιλέων
872 3015 1062 3089 ἐπειδὴ
1092 3017 1244 3089 παρὰ
1283 3020 1351 3073 τὰ
1383 3020 1502 3074 θεῖα
1534 3023 1852 3092 παραγ-γέλα

337 3121 356 3154 ι
397 3122 562 3174 ματα
617 3107 676 3161 ὲν
711 3108 927 3172 πολλοῖς
964 3111 1152 3175 τόποις
1195 3112 1476 3180 συμπόσια
1524 3113 1698 3177 οὕτως
1761 3119 1854 3170 ὲκ-

339 3219 355 3249 ι
392 3199 712 3265 τελοῦνται,
745 3204 812 3255 ἐκ
860 3204 956 3274 τῆς
1009 3204 1232 3274 ἐθνικῆς
1275 3204 1486 3276 πλάνης
1551 3224 1852 3280 προσενεχ-
1879 3271 1920 3288 Π

334 3310 355 3344 r
393 3295 598 3358 θέντα,
623 3296 698 3359 ὡς
735 3298 828 3350 καὶ
871 3298 1238 3369 Χριστιανοὺς
1261 3301 1372 3362 τοῖς
1400 3300 1630 3366 Ἕλλησι
1672 3301 1849 3373 λάθρμ

341 3405 360 3437 ι
402 3389 796 3459 προσάγεσθαι
827 3391 920 3445 ἐπὶ
951 3394 1017 3464 τῇ
1053 3391 1260 3444 τούτων
1293 3391 1484 3462 τελετῇ
1512 3408 1527 3423 ο
1563 3394 1648 3446 ἵνα
1669 3393 1852 3449 κελεύ-

336 3497 354 3528 ‹
396 3495 541 3532 σωσι
562 3481 629 3533 τὰ
640 3497 864 3534 totum:
886 3482 1196 3552 κωλυθῆναι
1211 3486 1382 3536 καὶέκ
1395 3484 1508 3538 τῶν
1525 3485 1737 3539 πόλεων
1757 3488 1851 3540 καὶ

337 3591 356 3622 ι
397 3572 461 3626 ὲκ
492 3571 611 3626 τῶν
634 3575 880 3638 κτήσεων
899 3591 914 3606 ο
947 3575 1184 3646 μάλιστα
1212 3576 1293 3629 ὃτι
1323 3575 1416 3630 καὶ
1441 3577 1498 3632 ὲν
1525 3577 1711 3640 αὐτοῖς
1740 3581 1850 3642 τοῖς

341 3682 357 3712 ι
390 3662 667 3732 γενεσίοις
686 3665 794 3722 τῶν
824 3667 1112 3738 μακαρίων
1145 3667 1441 3739 μαρτύρων
1462 3668 1566 3721 ἀνά
1581 3686 1728 3732 τινας
1755 3669 1849 3723 πό·

337 3774 354 3804 ι
390 3757 506 3820 λεις
525 3757 625 3809 καὶ
642 3758 721 3820 εἰς
736 3758 932 3821 αὐτοὺς
945 3758 1072 3822 τοὺς
1099 3761 1277 3830 ἱεροὺς
1305 3759 1502 3819 τόπους
1522 3760 1588 3814 τὰ
1610 3760 1834 3814 τοιαῦτα

341 3865 358 3897 ι
397 3847 746 3918 πλημμελεῖν
819 3849 917 3919 οὐχ
947 3850 1297 3921 ὑφορῶνται·
1353 3853 1411 3905 ἐν
1443 3850 1532 3918 αἷς
1587 3853 1845 3925 ἡμέραις,

342 3962 360 3995 ι
395 3945 538 4014 ὅπερ
560 3943 659 3994 καὶ
683 3941 864 4011 λέγειν
878 3943 1107 4014 αἰσχύνη
1141 3945 1574 4018 ὲστ¹ιν,δρχήσεις
1600 3947 1848 4017 μυσαρὰς

346 4051 365 4084 ι
398 4035 480 4096 είς
507 4035 640 4096 τοὺς
663 4035 871 4106 ἀγροὺς
892 4037 985 4088 καὶ
1005 4037 1083 4100 είς
1105 4037 1201 4108 τὰς
1226 4037 1486 4102 πλατείας
1515 4040 1845 4102 ἐκτελοῦσιν,

341 4146 359 4176 ε
400 4128 548 4182 ὥστε
597 4129 665 4199 τῇ
705 4129 814 4182 τῶν
857 4129 1281 4184 οἱκοδεσποινῶν
1335 4135 1494 4202 τιμῇ,
1542 4134 1636 4187 καὶ
1667 4134 1845 4188 ἄλλων

347 4240 362 4271 ι
405 4220 807 4293 ἀναριθμήτων
856 4224 1133 4291 γυναικῶν
1201 4226 1265 4295 τῇ
1340 4226 1481 4278 αἰδοῖ
1533 4226 1643 4279 τῶν
1693 4227 1848 4281 εὐλα-

343 4332 359 4363 ι
401 4312 518 4367 ϐῶν
574 4317 656 4378 είς
714 4315 812 4385 τὴν
878 4315 1041 4383 ἁγίαν
1086 4317 1299 4388 ἡμέραν
1359 4322 1843 4390 παραγενομένων,

346 4424 364 4455 ι
403 4405 640 4475 λάγναις
680 4404 908 4478 ὕϐρεσιν
942 4408 1191 4479 ἔφορμᾷν
1219 4425 1233 4440 ·
1291 4409 1370 4472 ὡς
1417 4410 1513 4463 καὶ
1547 4412 1715 4481 αὐτῆς
1746 4413 1845 4481 τῆς

342 4519 358 4550 ι
404 4499 571 4569 ἁγίας
640 4502 881 4566 πίστεως
929 4501 1114 4572 σχεδὸν
1187 4502 1485 4571 φεύγεσθαι
1542 4503 1638 4574 τὴν
1681 4522 1821 4574 προσ

341 4614 358 4644 ι
395 4597 635 4651 ἐλευσιν.
678 4617 697 4650 r

338 4689 539 4746 ΒΔΛΣ.
585 4690 795 4762 Ὠσπερ
852 4691 1092 4761 σήμερον
1150 4693 1207 4744 ἐν
1269 4692 1511 4762 μνήμαις
1566 4693 1735 4760 ἁγίων
1782 4695 1846 4746 οὐ

274 4783 432 4851 μόνον
462 4783 604 4834 κατὰ
636 4783 732 4845 τὰς
766 4783 973 4845 πόλεις,
1006 4783 1144 4840 ἀλλὰ
1177 4785 1240 4857 δὴ
1275 4789 1368 4838 καὶ
1410 4786 1551 4837 κατὰ
1584 4787 1682 4849 τὰς
1740 4786 1845 4854 ἔξω

269 4873 476 4944 χώρας,
513 4875 758 4942 γίνονται
789 4877 1130 4948 πανηγύρεις
1165 4879 1258 4930 καὶ
1309 4877 1688 4948 χοροστασίαι,
1749 4879 1844 4932 καὶ

271 4964 400 5018 ἄλλα
431 4968 555 5022 τινὰ
583 4968 832 5036 παίγνια,
866 4968 1065 5032 οὕτως,
1091 4970 1164 5032 ὡς
1197 4969 1399 5035 ἔοικεν,
1447 4969 1726 5023 ἐτελοῦντο
1752 4971 1846 5024 καὶ

275 5058 510 5112 ἔκπαλαι
538 5076 551 5088 °
589 5060 728 5130 πλὴν
760 5062 943 5113 ἐκεῖνα
979 5061 1203 5131 μυσαρά
1236 5059 1398 5131 ἦσαν.
1443 5063 1534 5116 Διό
1577 5080 1744 5132 φασιν
1793 5067 1842 5116 οἱ

278 5151 516 5222 Πατέρες
546 5151 644 5216 ὡς,
677 5153 800 5205 ἐπεὶ
840 5155 895 5205 ἐν
936 5153 1158 5218 πολλοῖς
1187 5155 1376 5215 τόποις
1401 5155 1678 5223 συμπόσια
1723 5159 1842 5208 ὲπι-

276 5242 576 5307 τελοῦνται,
605 5246 779 5316 ἀρχὴν
804 5248 1076 5317 ἐσχηκότα
1113 5249 1175 5300 ἐκ
1207 5247 1308 5316 τῆς
1345 5247 1671 5316 Ἑλληνικῆς
1702 5248 1841 5300 πλάο

277 5351 388 5403 νης,
419 5333 560 5389 ὥστε
593 5337 651 5390 ὲν
701 5337 884 5401 αὐτοῖς
929 5339 1262 5405 συνάγεσθαι
1317 5339 1407 5391 καὶ
1458 5333 1837 5409 Χριστιανοὺς,

277 5427 366 5480 καὶ
395 5429 668 5482 συντελεῖν
695 5430 870 5483 ταῦτα
919 5433 1032 5493 τοῖς
1070 5429 1324 5498 Ἕλλησι,
1365 5433 1485 5485 δέον
1519 5432 1664 5484 ἐστὶν
1705 5432 1834 5486 ὁτιο-

281 5517 574 5588 μνησθῆναι
614 5519 742 5584 τοὺς
787 5520 1046 5590 βασιλεῖς,
1087 5520 1174 5573 ἴνα
1213 5519 1500 5575 κωλύσωσι
1544 5521 1716 5574 ταῦτα
1746 5522 1839 5575 καὶ

283 5609 476 5676 μᾶλλον
508 5613 589 5665 ὅτι
622 5612 1070 5684 πλημμελοῦνται
1112 5616 1206 5668 καὶ
1254 5615 1337 5676 εἰς
1386 5615 1569 5682 ἱεροὺς
1615 5614 1836 5679 τόπους.

283 5698 563 5768 Συμϐαἱνει
591 5703 702 5774 γὰρ
727 5705 850 5758 οὐδὲ
887 5705 965 5768 εἰς
1003 5705 1305 5775 ἐκκλησίαν
1351 5705 1682 5773 συνάγεσθαι
1737 5707 1837 5768 τὰς

285 5791 664 5864 εὐλαϐεστὲρας
716 5795 824 5850 τῶν
879 5797 1160 5863 γυναικῶν
1191 5796 1280 5850 διὰ
1333 5797 1401 5849 τὰ
1455 5797 1704 5858 ἀτάκτως
1741 5798 1835 5850 καὶ

288 5883 595 5955 ἀσχημόνως
659 5887 961 5955 τηνικαῦτα
1016 5887 1299 5956 γινόμενα,
1360 5890 1434 5951 ὡς
1502 5887 1613 5940 τῶν
1665 5886 1830 5941 ταῦτα

1866 4612 1921 4672 Ι)

1960 2023 2066 2062 non
2089 2009 2464 2077 acquiescant,
2498 2007 2594 2063 sed
2621 2006 2686 2060 ad
2731 2004 2967 2060 tribunal
3019 2003 3088 2059 iis
3135 2015 3320 2073 aptum
3372 2019 3531 2058 acce-

1961 2099 2132 2154 dunt:
2165 2114 2270 2153 non
2310 2098 2647 2153 vocabuntin
2679 2094 3044 2153 testimonium
3077 2096 3333 2152 clericum
3373 2095 3534 2150 istum

1960 2187 2053 2259 qui
2097 2187 2399 2256 judicavit,
2446 2196 2500 2242 et
2553 2195 2611 2242 ut
2670 2189 2990 2243 excusatum
3055 2202 3084 2241 a
3141 2185 3278 2258 lege,
3322 2192 3376 2242 et
3429 2201 3532 2241 non

1959 2289 2207 2334 coactum
2235 2281 2400 2335 invite
2427 2282 2796 2335 testimonium
2841 2282 2973 2334 dare
3031 2280 3148 2350 (qui
3179 2280 3322 2335 enim
3374 2293 3534 2338 sacro

1959 2377 2157 2426 vacant
2180 2368 2506 2433 ministerio,
2532 2369 2686 2424 inviti
2720 2383 2826 2424 non
2859 2367 3169 2436 testantur);
3213 2374 3268 2421 et
3323 2375 3380 2420 ut
3408 2377 3532 2434 pro-

1959 2464 2192 2520 hibitum
2220 2464 2272 2519 in
2307 2463 2543 2534 negotio,
2576 2463 2630 2517 in
2665 2477 2771 2533 quo
2798 2476 2829 2516 a
2859 2460 3102 2533 partibus
3127 2468 3383 2531 acceptus
3416 2466 3534 2514 erat

1950 2556 2139 2629 judex,
2181 2555 2546 2614 testiinonium
2585 2555 2786 2611 dicere.

2507 2739 2591 2795 CA
2601 2739 2737 2796 NON
2799 2737 2979 2796 LXIII.

1963 2849 1983 2883 ι
2012 2827 2084 2885 Ut
2119 2829 2437 2886 auferantur
2469 2829 2779 2886 Graecorum
2812 2829 3081 2885 convivia.
3127 2827 3264 2884 Illud
3309 2835 3530 2897 praeter-

2046 2937 2157 2978 cea
2235 2936 2266 2976 a
2333 2921 2662 2977 Christianis
2731 2919 3149 2991 imperatoribus
3227 2917 3519 2987 petendum

2036 3000 2054 3066 ξ
2097 3024 2215 3072 est:
2250 3015 2510 3088 quoniam
2543 3024 2738 3086 praeter
2771 3015 2950 3068 divina
2981 3013 3234 3066 mandata
3263 3011 3314 3065 in
3342 3009 3528 3065 multis

2040 3128 2057 3160 ι
2094 3109 2228 3165 locis
2249 3109 2494 3167 convivia
2531 3109 2611 3163 sic
2644 3116 2999 3177 peraguntur.
3026 3123 3089 3162 ex
3119 3105 3302 3178 gentili
3341 3119 3531 3159 errore

2035 3221 2052 3254 ι
2097 3201 2336 3266 inducta,
2367 3202 2614 3258 utetiam
2647 3200 2947 3256 Christiani
2977 3200 3040 3254 ad
3092 3213 3326 3268 paganos
3377 3198 3530 3252 clan-

2044 3315 2060 3346 ι
2104 3293 2286 3348 cuium
2337 3295 2390 3348 in
2445 3309 2635 3348 eorum
2684 3291 3055 3347 celebratione
3109 3290 3410 3344 accedant:
3475 3298 3532 3341 ut

2045 3406 2062 3438 ι
2095 3386 2210 3441 δερ
2235 3385 2460 3456 jubeant
2487 3396 2541 3440 et
2571 3401 2636 3440 ex
2687 3385 2914 3439 urbibus
2975 3393 3028 3439 et
3065 3400 3129 3439 ex
3164 3382 3529 3453 possessioni-

2030 3501 2049 3527 ‹
2085 3478 2186 3534 bus
2237 3478 2456 3544 arceri;
2510 3478 2766 3544 maxime,
2804 3477 2928 3546 quia
2972 3486 3024 3531 et
3067 3477 3118 3530 in
3170 3476 3301 3545 ipsis
3340 3473 3530 3529 beato-

2033 3591 2048 3620 ι
2079 3585 2198 3630 rum
2229 3578 2525 3642 martyrum
2553 3569 2849 3633 natalibus,
2874 3569 2927 3623 in
2953 3567 3275 3639 quibusdam
3305 3567 3531 3624 urbibus

2041 3683 2059 3712 σ
2093 3663 2334 3720 etiamin
2373 3663 2500 3734 ipsis
2559 3662 2732 3718 sacris
2785 3662 2945 3726 locis,
2997 3658 3263 3729 ejusmodi
3313 3667 3528 3728 peccata

2042 3775 2060 3804 ι
2100 3757 2442 3811 committere
2474 3771 2578 3811 non
2635 3755 3028 3819 reiormidant;
3079 3754 3131 3808 in
3183 3753 3380 3822 quibus
3414 3752 3533 3804 die-

2029 3867 2046 3898 ι
2081 3849 2201 3909 bus.
2237 3849 2316 3900 vel
2343 3849 2514 3918 pudor
2541 3846 2860 3913 estdicere,
2903 3845 3270 3902 exsecrandas
3289 3843 3534 3899 saltatio-

2029 3963 2044 3993 ι
2081 3957 2177 3996 nes
2231 3945 2285 3996 in
2316 3944 2462 4012 agris
2498 3953 2550 3995 et
2603 3942 2796 4011 plateis
2850 3947 3130 4009 peragunt,
3180 3948 3239 3992 ut
3295 3945 3528 3990 matrum

2035 4051 2052 4084 ‹
2082 4030 2314 4087 familias
2351 4036 2634 4098 honorem,
2661 4047 2715 4090 et
2760 4034 2990 4088 aliarum
3049 4029 3527 4087 innumerabilium

2034 4146 2051 4176 ι
2086 4126 2294 4193 piarum
2318 4125 2628 4189 mulierum,
2649 4140 2771 4194 qua
2793 4135 2985 4179 sancto
3011 4123 3100 4179 die
3122 4124 3340 4184 adSunt.
3368 4136 3528 4175 vere-

2031 4238 2047 4269 ι
2082 4220 2337 4272 cundiam
2395 4219 2615 4274 lascivis
2688 4217 3037 4273 contumeliis
3099 4212 3521 4284 aggrediantur:

2031 4328 2048 4360 ι
2089 4311 2225 4365 adeo
2256 4317 2314 4364 ut
2351 4312 2511 4364 etiam
2552 4310 2720 4377 ipsius
2747 4317 2947 4364 sancta:
2976 4307 3098 4364 iidei
3120 4302 3512 4378 propemodum

2041 4419 2058 4453 ι
2093 4402 2370 4473 aufugiam
2405 4417 2708 4458 accessum.
2731 4421 2749 4454 ι

2013 4681 2217 4742 BALS.
2257 4687 2409 4744 Sicut
2474 4690 2632 4744 hodie
2691 4690 2746 4745 in
2795 4692 3107 4746 sanctorum
3137 4687 3526 4745 anniversariis

1949 4782 2378 4848 celebritatibus,
2406 4798 2508 4836 non
2545 4782 2719 4837 solum
2748 4783 2800 4837 in
2833 4783 3079 4846 urbibus,
3148 4784 3240 4837 sed
3275 4781 3437 4837 etiam
3471 4780 3522 4833 in

1948 4875 2082 4928 vicis
2109 4877 2164 4926 et
2193 4873 2366 4943 pagis,
2399 4877 2539 4927 ﬁunt.
2569 4874 2846 4930 hominum
2868 4885 3168 4928 conventus
3201 4875 3522 4935 choremuc

1947 4967 2241 5032 ducuntur,
2272 4977 2326 5021 et
2355 4967 2460 5022 alia
2500 4967 2746 5037 quaedam
2780 4966 2986 5022 ludicra
3016 4986 3029 5022 :
3067 4967 3168 5030 sic,
3195 4978 3251 5019 ut
3273 4976 3356 5020 est
3382 4967 3523 5020 veri-

1946 5058 2143 5122 simile.
2188 5061 2314 5113 olim
2343 5077 2560 5130 quoque
2609 5063 3047 5131 peragebantur;
3095 5062 3187 5116 sed
3247 5076 3306 5115 ea
3367 5071 3524 5114 erant

1944 5153 2297 5206 exsecranda.
2329 5151 2397 5208 Et
2424 5146 2546 5209 ideo
2569 5153 2754 5210 dicunt
2797 5153 3005 5222 Patres,
3056 5155 3196 5225 quod
3262 5156 3517 5225 quoniam

1948 5245 2131 5301 multis
2161 5247 2212 5298 in
2248 5242 2385 5300 Iocis
2421 5249 2671 5303 convivia
2708 5252 3062 5319 peraguntur,
3089 5264 3206 5316 qua:
3239 5264 3267 5302 a
3329 5247 3519 5305 ϐιωςο

1944 5353 2131 5394 errore
2161 5339 2479 5397 habuerunt.
2504 5341 2829 5415 principium
2855 5350 2910 5395 ut
2943 5340 2998 5394 in
3033 5339 3114 5395 eis
3176 5341 3336 5395 etiam
3395 5357 3522 5396 con-

1945 5432 2192 5486 venirent
2221 5426 2537 5494 Christiani.
2572 5440 2626 5485 et
2651 5433 2844 5488 eadem
2904 5440 3025 5487 cum
3058 5431 3262 5488 Gracia
3292 5449 3519 5505 perage-

1943 5529 2096 5577 rent:
2141 5520 2471 5575 adllionendi
2536 5530 2662 5576 sunt
2717 5523 3073 5591 imperatores
3124 5531 3188 5576 ut
3227 5537 3288 5576 ea
3334 5525 3519 5592 prohi-

1939 5613 2141 5677 beant;
2169 5621 2222 5662 et
2253 5626 2317 5664 eo
2347 5613 2541 5682 magis.
2580 5613 2723 5680 quod
2755 5614 2917 5668 etiam
2954 5615 3005 5666 in
3032 5628 3186 5668 saera
3242 5613 3355 5667 loca
3389 5629 3514 5682 pec-

1937 5713 2079 5757 cant.
2117 5698 2309 5757 Evenit
2337 5703 2503 5770 enim,
2539 5716 2715 5761 utnec
2746 5706 3112 5776 religiosiores
3154 5706 3407 5761 mulieres
3459 5708 3511 5761 in

1935 5795 2220 5850 ecclesiam
2272 5797 2624 5864 conveniant,
2649 5808 2870 5866 propter
2916 5813 2978 5854 ea
3003 5813 3122 5866 qua
3180 5799 3406 5866 turpiter
3455 5809 3511 5852 et

1936 5889 2190 5944 indecore
2223 5890 2355 5944 tiunt
2378 5907 2392 5944 :
2419 5905 2614 5962 nempe
2641 5907 2763 5948 cum
2792 5893 2852 5958 ii,
2881 5893 2972 5963 qui
3005 5898 3113 5946 hac
3145 5891 3361 5954 audent,
3399 5888 3502 5941 im-
