3968 6194
437 282 541 342 ἳΤΊ

1651 279 1932 341 ΤΠΕΟῙ).
1963 279 2363 341 BALSAMON

3551 280 3647 343 280

438 395 647 445 rabuut.
689 388 884 442 Deinde
912 388 1070 440 etiam
1096 389 1302 460 cyclum
1327 390 1452 445 solis
1478 390 1658 446 inveni
1684 392 1786 446 hoc
1815 393 1995 446 modo:

2121 389 2300 445 ιύκλον
2355 390 2457 460 τῆς
2500 389 2753 460 σελὴνης,
2809 390 2868 454 ὃς
2915 390 3008 445 καὶ
3068 390 3376 464 εὑρίσκεται
3423 394 3646 447 οὑτωσί·

435 485 665 537 Numera
699 495 869 535 annos
899 497 927 534 a
960 482 1235 536 creatione
1271 484 1477 549 mundi,
1502 493 1552 538 et
1584 498 1678 539 eos
1701 484 1875 539 ditide
1905 499 2001 554 per

434 574 620 640 viginti
663 583 806 638 octo,
844 584 893 628 et.
925 574 1015 642 qui
1053 584 1257 629 restant
1289 574 1375 629 die
1401 589 1494 629 eos
1525 575 1737 646 cyclum
1767 575 1998 630 solarem

431 668 726 724 declarare.
757 669 897 740 Cycli
931 670 1145 738 quidem
1172 671 1433 742 lunamqui
1462 682 1589 728 sunt
1611 673 1999 738 novemdeclm,

437 762 702 831 incipiunt
733 780 760 816 a
798 779 983 818 mense
1018 761 1314 818 Januario:
1356 765 1489 835 cycli
1522 773 1698 819 autem
1731 765 1884 827 solis,
1908 761 2000 832 qui

436 864 559 910 sunt
595 855 781 922 viginti
814 865 937 910 octo
969 869 1219 916 numero.
1253 855 1520 925 incipiunt
1569 871 1598 908 a
1629 869 1815 910 mense
1840 853 2003 910 Octo-

437 948 539 1001 bri.
573 946 708 1000 Cum
741 962 868 1017 ergo
892 947 1024 1018 cycli
1056 946 1197 1000 lunze
1226 956 1282 1002 et
1326 947 1453 1002 solis
1497 947 1575 1002 sic
1611 946 1958 1002 inveniantur
1981 987 1999 1014 ,

439 1037 733 1106 multiplica
778 1038 1031 1093 undecies
1066 1047 1190 1092 tunc
1222 1047 1528 1094 currentem
1574 1039 1712 1094 lunae
1748 1040 1995 1111 cyclum;

440 1131 646 1185 denade-
679 1129 815 1184 adde
850 1146 1017 1199 usque
1067 1132 1131 1184 ad
1165 1132 1433 1185 decimum
1487 1142 1699 1186 sextum
1751 1131 1957 1201 cyclnm
1985 1168 2003 1194 ,

443 1238 540 1293 pro
573 1224 780 1276 ςπηίιΙὶς
808 1223 1028 1293 elapsis,
1063 1239 1154 1278 sex
1185 1222 1321 1286 dies.
1356 1223 1443 1292 qui
1469 1233 1668 1288 epacue
1706 1222 2002 1288 dicuntur;

439 1325 557 1383 post
583 1314 859 1368 decimum
905 1328 1115 1370 sextum
1157 1316 1364 1386 cyclum
1396 1330 1561 1381 usque
1619 1316 1684 1368 ad
1734 1314 2000 1367 decimum

441 1422 661 1466 umuuu.
681 1407 816 1460 adde
846 1407 1093 1461 similiter
1117 1416 1318 1478 septem
1347 1406 1488 1465 dies;
1520 1413 1569 1457 et
1598 1415 1879 1474 postquam
1909 1405 2004 1458 hos

438 1514 625 1551 omnes
658 1498 769 1551 dies
801 1500 851 1551 in
887 1515 1050 1552 unam
1078 1514 1342 1552 summam
1371 1498 1671 1568 collegeris,
1699 1497 1880 1551 divide
1913 1512 2006 1552 eos

440 1605 537 1655 per
575 1590 786 1658 triginta
816 1631 830 1656 ,
866 1598 918 1644 ct
955 1606 1076 1645 cum
1115 1589 1329 1645 veneris
1357 1589 1422 1644 ad
1468 1606 1752 1644 numerum
1789 1589 2008 1660 triginta

439 1682 631 1736 diebus
668 1683 931 1735 minorem
962 1726 976 1749 ,
1008 1697 1128 1736 eum
1163 1698 1335 1744 sume.
1380 1693 1434 1737 et
1468 1691 1541 1738 tot
1572 1683 1686 1737 dies
1720 1699 1785 1737 ex
1819 1696 2008 1737 mense

441 1772 630 1827 Martio
666 1773 744 1828 vel
777 1775 938 1828 etiam
977 1774 1141 1842 Aprili
1175 1775 1247 1829 illi
1276 1776 1432 1839 adde,
1467 1785 1600 1845 quot
1629 1775 1917 1842 sulllciant,
1949 1787 2005 1830 nt
2039 1762 2078 1816 Β

439 1868 529 1917 liat
563 1881 820 1920 nimierus
854 1868 1350 1937 quinquagesintus,
1389 1878 1443 1923 et
1467 1869 1554 1924 dic
1587 1869 1773 1924 statim
1809 1870 1860 1923 in
1901 1869 2006 1924 ﬁne

438 1959 883 2028 q-iinquagenarii
913 1960 1107 2015 debere
1130 1976 1247 2015 esse
1275 1960 1479 2014 Pascha
1516 1960 1705 2029 legale.
1734 1960 1800 2017 Ut
1827 1972 2004 2016 autem

441 2052 581 2118 quod
615 2050 814 2104 dictum
849 2060 951 2113 est,
989 2067 1085 2119 per
1114 2051 1417 2121 exemplum
1465 2051 1554 2105 ﬁat
1611 2052 1952 2106 manifestim
1982 2095 1998 2119 ,

440 2142 669 2197 labentis
702 2144 825 2198 anni
862 2144 1037 2198 sexies
1069 2143 1337 2198 millesimi
1369 2145 1746 2197 sexcentesimi
1792 2153 2007 2207 octogeo

438 2235 559 2288 simi
597 2236 734 2290 sexti
772 2234 1062 2290 Paschales
1093 2235 1203 2289 dies
1239 2249 1440 2301 qurere,
1468 2244 1522 2288 et
1555 2235 1640 2289 dic
1671 2235 1783 2298 ita;
1815 2233 2009 2305 Cyclus

440 2325 582 2379 lunae
615 2334 789 2381 esteo
839 2341 979 2381 anno
1011 2325 1398 2395 septemdecim
1461 2325 1553 2395 qui
1610 2340 1704 2393 per
1758 2324 2007 2377 undecim

446 2420 834 2488 multiplicatus
867 2417 1030 2473 cilicit
1083 2417 1194 2472 dies
1229 2427 1441 2471 centum
1481 2419 1748 2487 octoginta
1783 2429 2009 2487 septem.

449 2511 710 2567 Undecies
737 2511 880 2565 enim
909 2508 1289 2580 septemdecim
1325 2519 1450 2564 sunt
1481 2519 1698 2565 centum
1737 2510 2009 2578 octoginta

445 2613 671 2674 septem.
705 2600 798 2656 llis
828 2617 923 2672 pro
950 2601 1182 2669 saeculis,
1218 2611 1273 2657 ut
1295 2602 1495 2657 dictum
1522 2611 1625 2664 est,
1651 2601 1842 2657 diebus
1877 2615 2013 2671 quo-

447 2712 552 2766 que
614 2707 822 2766 septem
875 2694 1104 2751 addictis
1138 2737 1154 2762 ,
1207 2695 1433 2750 cllicitnr
1495 2693 2011 2750 numerus'dierum

448 2803 667 2842 centum
740 2787 1030 2858 nonaginta
1092 2801 1342 2856 quatuor.
1380 2789 1498 2856 Quo
1538 2790 1749 2858 quidem
1788 2804 2014 2844 numero

447 2895 542 2948 per
578 2879 799 2948 triginta
827 2879 1018 2944 diviso,
1043 2880 1417 2951 relinquuntur
1440 2880 1554 2934 dies
1583 2880 2010 2949 quatuordecim:

449 2971 624 3025 sexies
655 2971 793 3023 enim
827 2971 1042 3041 triginta
1065 2979 1192 3024 sunt
1225 2981 1442 3024 centum
1471 2971 1762 3039 octoginta.
1789 2969 1861 3025 Ut
1885 2982 2014 3039 ergo

2114 483 2444 553 Ἀρίθμησον
2472 481 2539 535 τὰ
2587 481 2693 535 ἀπὸ
2725 483 2958 546 κτίσεως
2988 483 3194 552 κόσμου
3223 484 3336 554 ἐτη,
3369 485 3461 538 καὶ
3488 485 3641 554 ὕφελε

2101 575 2240 630 αὐτὰ
2277 575 2368 626 ἐπὶ
2402 575 2511 626 τῶν
2545 572 2631 638 ιϐ’,
2661 575 2754 628 καλ⁵
2779 574 2849 629 τά
2875 576 3314 645 ἔναπομείναντά
3344 577 3447 631 εἰσι
3491 578 3653 649 δηλω-

2101 667 2230 721 τικὰ
2282 665 2378 720 τοῦ
2435 666 2641 720 κύκλου
2671 666 2774 734 τῆς
2825 669 3077 739 σελήνης.
3107 663 3242 722 Εἶτα
3275 669 3400 738 εύρὲ
3442 672 3534 724 καὶ
3569 674 3655 726 τὸν

2103 759 2301 816 κύκλον
2349 758 2444 813 τοῦ
2494 760 2647 832 ἡλίου
2683 759 2859 823 οὕτως
2904 776 2920 793 ·
2968 761 3277 832 ἀρίθμησον
3306 763 3374 816 τὰ
3407 765 3512 817 ἀπὸ
3549 765 3657 818 κτί-

2102 875 2242 920 σεως
2277 859 2485 926 κόσμου
2538 856 2658 926 ἔτη.
2693 858 2788 912 καὶ
2828 855 2991 925 ὖφελε
3041 858 3181 912 αὐτὰ
3209 858 3303 912 ἐπὶ
3335 859 3443 912 τῶν
3494 863 3657 916 εἴκοσι

2102 948 2196 1002 καὶ
2224 945 2389 1011 ὀκτὼ,
2429 945 2524 1000 καὶ
2570 947 2642 1000 τὰ
2677 947 3196 1016 περιλιμπανόμενα
3235 948 3356 1002 εἰπὲ
3395 949 3660 1017 δηλωτικὰ

2102 1035 2245 1093 εἶναι
2301 1037 2394 1092 τοῦ
2435 1037 2636 1091 κύκλου
2661 1036 2768 1091 ’τοῦ
2802 1037 2974 1109 ἡλίου.
3008 1038 3072 1090 Οί
3111 1039 3293 1107 μέντοι
3338 1038 3528 1093 κύκλοι
3571 1042 3661 1108 τῆς

2105 1131 2359 1202 σελήνης,
2396 1129 2689 1184 δεκαεννέα
2738 1131 2911 1195 ὄντες,
2941 1130 3208 1199 ἄρχονται
3262 1131 3370 1182 ἀπὸ
3407 1130 3500 1184 τοῦ
3539 1132 3662 1185 “lav-

2103 1222 2358 1291 vowpfou
2393 1221 2598 1291 μηνόςο
2633 1223 2683 1275 οι
2724 1222 2779 1274 δὲ
2813 1221 3002 1274 κύκλοι
3025 1219 3120 1274 τοῦ
3155 1221 3329 1291 ἡλίου.
3367 1220 3538 1274 εἴκοσι
3579 1222 3664 1277 καὶ

2103 1313 2246 1366 ὀκτὼ
2271 1312 2426 1375 ὀντες
2459 1313 2550 1365 τὸν
2594 1313 2851 1384 ἀριθμὸν,
2896 1311 3155 1383 ἄρχονται
3197 1313 3309 1367 ἀπὸ
3354 1313 3449 1366 τοῦ
3480 1313 3667 1366 Ὀκτω-

2107 1403 2260 1473 ϐρίου
2318 1404 2506 1474 μηνός.
2541 1404 2664 1457 Τῶν
2717 1404 2848 1472 γοῦν
2891 1403 3110 1458 κύκλων
3166 1405 3266 1472 τῆς
3320 1404 3550 1475 σελήνης
3580 1405 3666 1459 καὶ

2102 1497 2199 1553 τοῦ
2249 1497 2403 1570 ἡλίου
2468 1499 2640 1560 οὓτως
2685 1497 3134 1567 εὑρισκομένων,
3183 1495 3669 1550 ἑνδεκαπλασίασον

2105 1591 2196 1644 τὸν
2227 1591 2490 1661 τρέχοντα
2511 1588 2813 1660 τηνικαῦτα
2854 1588 3055 1643 κύκλον
3101 1588 3200 1658 τῆς
3248 1587 3480 1659 σελήνης
3503 1603 3520 1620 ο
3554 1584 3665 1642 εἶτα

2111 1683 2549 1755 προσθεςξμέχρι
2580 1684 2677 1753 μὶν
2727 1681 2821 1737 τοῦ
2859 1688 2912 1747 ς’
2950 1680 3152 1735 κύκλου
3205 1681 3367 1750 χάριν
3407 1679 3516 1733 τῶν
3545 1697 3673 1749 παρ-

2107 1779 2370 1832 ελθόντων
2425 1777 2639 1831 αίώνων
2702 1775 2917 1846 ἡμέρας
2971 1773 3031 1838 ἓξ
3077 1775 3177 1837 τὰς
3238 1771 3538 1841 λεγομένας
3581 1772 3672 1824 ἐπ-

2109 1869 2300 1933 ακτάς.
2333 1868 2484 1923 Μετὰ
2516 1868 2574 1922 δὲ
2597 1868 2687 1920 τὸν
2709 1867 2788 1931 ις’
2816 1865 3016 1936 κύκλον
3042 1865 3204 1936 μέχρι
3233 1864 3422 1933 τοῦξιίγ
3449 1863 3676 1933 πρόσθες

2110 1965 2248 2034 ὑπὲρ
2278 1963 2466 2034 ὁμοίου
2495 1963 2716 2033 ἡμέρας
2739 1961 2880 2015 ἑπτά
2902 1977 2918 1992 ·
2947 1961 3042 2013 καὶ
3069 1960 3210 2029 μετὰ
3240 1958 3301 2012 τὸ
3323 1957 3554 2028 ποιῆσαι
3583 1957 3675 2027 τὴν

2107 2059 2217 2113 τῶν
2245 2059 2508 2113 τοιούτων
2563 2058 2702 2112 ὅλων
2764 2055 2988 2126 ἡμερῶν
3039 2055 3254 2118 ἕνωσιν,
3297 2050 3465 2120 ὕφελε
3513 2050 3674 2112 αὐτλς

2109 2154 2200 2206 ἐπὶ
2246 2152 2355 2203 τῶν
2408 2148 2473 2216 λ’,
2529 2149 2626 2204 καὶ
2683 2149 2812 2202 ὅταν
2871 2147 3221 2217 καταντὴτῃς
3277 2147 3356 2208 είς
3411 2143 3676 2210 ποσότητα

2110 2247 2311 2316 ἥττονα
2340 2244 2448 2295 τῶν
2473 2243 2517 2294 λ’
2546 2241 2791 2312 ἡμερῶν,
2826 2241 2918 2294 καὶ
2949 2240 3223 2308 κράτησον
3249 2238 3329 2299 είς
3358 2237 3460 2300 τάς
3486 2235 3664 2305 χεῖράς

2113 2357 2207 2392 σου
2234 2337 2436 2406 ταύτην
2488 2337 2577 2389 καὶ
2607 2335 2807 2388 ἒνωσον
2855 2332 2940 2385 ἐπ’
2967 2333 3107 2403 αὐτῇ
3157 2332 3263 2384 ἀπὸ
3302 2331 3396 2382 τοῦ
3425 2328 3666 2394 Μαρτίου

2115 2432 2278 2500 μηνὸς
2313 2429 2347 2500 ἦ
2387 2427 2606 2482 καὶτοῦ
2648 2425 2962 2496 ’Δπριλλίου
3011 2424 3226 2494 ἡμέρας
3255 2423 3380 2477 ὅσαι
3422 2418 3679 2490 λξαρκοῦο

2115 2538 2199 2576 σιν
2247 2523 2328 2584 εἰς
2359 2521 2419 2573 τὸ
2466 2517 2900 2589 συμποσωθῆναι
2952 2531 3314 2588 πεντηκοντα.
3340 2512 3454 2566 Καὶ
3489 2511 3677 2565 αὐτίκα

2113 2617 2235 2670 είπὲ
2279 2613 2419 2669 κατὰ
2459 2613 2519 2667 τὸ
2545 2613 2696 2676 τέλος
2741 2611 2839 2680 τῆς
2865 2606 3302 2676 πεντηκοντάδος
3332 2604 3572 2673 ὀφείλειν
3599 2602 3681 2671 γί-

2115 2708 2305 2762 νεσθαι
2358 2707 2420 2760 τὸ
2475 2706 2697 2775 νομικὸν
2756 2703 2968 2772 Πάσχα.
3001 2701 3124 2754 Ἵνα
3160 2700 3217 2754 δὲ
3248 2700 3343 2752 καὶ
3387 2699 3478 2753 διὰ
3522 2713 3686 2766 παρα-

2114 2801 2407 2870 δείγματος
2440 2797 2776 2867 σαφέστερον
2808 2795 3038 2864 γένηται
3075 2793 3136 2846 τὸ
3166 2791 3488 2861 λεγόμενον,
3521 2790 3679 2859 ζήτηο

2118 2911 2210 2949 σον
2262 2893 2360 2956 τὰς
2425 2891 2518 2944 τοῦ
2577 2889 2859 2960 τρέχοντος
2914 2887 3094 2956 ςχπςι⁹
3150 2886 3303 2949 ἔτους
3380 2881 3682 2954 Πασχαλίου

2116 2985 2354 3056 ἡμέρας,
2389 2985 2481 3036 καὶ
2527 2983 2650 3036 εἰπὲ
2692 2981 2868 3042 οὕτως
2893 2997 2907 3013 ·
2975 2977 3036 3032 '0
3069 2978 3268 3042 κύκλος
3323 2977 3430 3048 τῆς
3464 2976 3682 3045 σελήνης

452 3063 543 3116 liat
582 3075 834 3116 utuuerus
862 3062 1071 3115 dierum
1121 3063 1541 3132 quinquaginta,
1575 3077 1679 3132 quo
1713 3063 2016 3116 inveniatur

2121 3079 2257 3131 κατᾶ
2290 3075 2349 3127 τὺ
2375 3073 2616 3128 τοιοῦτον
2660 3072 2780 3136 ἔτος
2825 3071 2976 3125 ἐστὶν
3021 3068 3516 3133 ἑπτακαιδέκατος,
3544 3070 3683 3128 ὅστις

451 3159 566 3211 dies
604 3155 822 3211 Pascha:
851 3156 1058 3225 legalis,
1094 3155 1229 3210 adde
1273 3157 1430 3212 dictis
1459 3157 1865 3226 quatuordecim
1901 3156 2015 3209 die-

452 3252 550 3302 bus
579 3265 744 3302 uunm
773 3259 827 3305 et
850 3250 1064 3321 triginta
1091 3250 1206 3304 dies
1228 3249 1401 3304 Martii
1426 3259 1479 3304 et
1502 3250 1700 3318 Aprilis
1729 3249 1841 3303 dies
1867 3250 2019 3318 quin-

453 3359 594 3413 que;
632 3354 685 3399 et
736 3345 814 3397 sic
862 3359 982 3396 cum
1038 3344 1426 3417 quinquaginta
1471 3345 1680 3396 dierum
1735 3357 2017 3396 numerum

456 3438 725 3504 eﬂeccris,
757 3438 843 3491 dic
875 3437 1070 3490 debere
1101 3439 1217 3491 licri
1266 3436 1469 3491 Pascha
1506 3437 1675 3504 legale
1714 3435 1905 3503 quinto
1935 3435 2021 3487 die

460 3530 663 3584 mensis
691 3528 912 3598 Aprilis.
944 3527 1078 3592 Quia
1107 3538 1284 3581 autem
1317 3529 1519 3582 mensis
1557 3527 1773 3595 quidem
1796 3524 1911 3580 dies
1943 3524 2022 3578 sic

457 3622 966 3691 comprehenditur;
1028 3621 1342 3689 septimana
1390 3633 1572 3674 autem
1620 3619 1734 3673 dies
1784 3618 2023 3672 incertus

457 3727 539 3772 est
573 3736 587 3768 :
632 3731 767 3784 opus
796 3726 876 3771 est
905 3723 959 3768 te
1005 3729 1217 3784 quoque
1272 3730 1389 3768 eam
1435 3714 1636 3769 doceri.
1671 3711 1734 3766 Et
1770 3713 2022 3783 quoniam

461 3808 563 3862 hoc
593 3821 734 3862 anno
765 3807 946 3876 cyclus
979 3806 1108 3861 solis
1137 3813 1220 3860 est
1263 3806 1553 3859 vicesimus
1601 3804 1892 3868 secundus,
1928 3819 2025 3873 cy-

459 3901 655 3953 clicqu
691 3897 833 3954 hunc
882 3913 1164 3952 numerum
1223 3911 1393 3960 sume,
1446 3909 1497 3951 et
1543 3913 1644 3967 pro
1702 3910 2025 3965 unoquoque

458 3989 796 4060 quadricuno
844 4002 1060 4058 propter
1088 3992 1385 4044 bissextum
1416 3991 1558 4044 diem
1592 4005 1754 4044 unum
1787 3988 1835 4044 ei
1867 3988 2024 4051 adde,

459 4083 662 4139 scilicet
694 4098 790 4149 pro
819 4083 1001 4154 viginti
1036 4085 1243 4138 duobus
1271 4083 1435 4152 t-yclis
1480 4083 1593 4137 dies
1635 4082 1895 4152 quinque,
1929 4083 2022 4150 qui

459 4180 623 4233 etiam
653 4190 854 4249 epacta:
893 4177 1163 4232 dicuntur.
1226 4178 1302 4232 lla
1343 4179 1425 4231 his
1456 4176 1614 4243 adde,
1643 4177 1686 4230 si
1724 4176 1941 4246 quidem
1971 4177 2025 4230 in

463 4287 647 4326 mense
686 4270 876 4325 Martio
910 4270 1076 4340 legale
1103 4269 1306 4323 Pascha
1337 4269 1628 4334 invenitur,
1655 4269 2029 4337 rationegprte-

461 4366 740 4419 teritorum
765 4364 1052 4427 mensium,
1081 4364 1174 4432 qui
1211 4371 1564 4417 numerantur
1593 4378 1621 4413 a
1658 4375 1839 4416 mense
1861 4358 2029 4415 Octo-

2126 3168 2757 3236 ὲνδεκαπλασιαξόμενος
2808 3167 3066 3220 ἀποτελεῖ
3120 3167 3339 3237 ἡμέρας
3384 3162 3534 3232 ρπζν.
3575 3160 3686 3214 Ἓν-

2123 3263 2344 3324 δεκάκις
2396 3262 2506 3331 γὰρ
2557 3259 2831 3313 δεκαεπτὰ
2887 3259 3031 3329 ρπζ’.
3087 3257 3546 3330 Προστιθεμένων
3598 3252 3686 3306 οὖν

2122 3355 2332 3416 τούτοις
2364 3355 2524 3425 χάριν
2558 3352 2668 3406 τῶν
2703 3350 2938 3416 αἰώνων,
2970 3351 3047 3414 ὼς
3079 3352 3318 3419 εἴρηται,
3341 3348 3439 3403 καὶ
3468 3346 3685 3418 ἡμερῶν

2125 3445 2296 3510 ἑπτὰ,
2342 3444 2688 3498 ἀποτελεῖται
2729 3441 2966 3512 ποσύτης
3002 3439 3230 3510 ἡμερῶν
3285 3437 3424 3508 ρὶιδκ
3473 3431 3579 3497 Ἦς
3631 3433 3688 3504 δὴ

2127 3539 2424 3609 ποσότητος
2455 3533 2799 3605 ύφελομένης
2826 3534 2920 3587 ἐπὶ
2949 3533 3058 3584 τῶν
3092 3531 3158 3596 λ’,
3194 3530 3686 3601 περιλιμπάνονται

2127 3630 2332 3703 ἡμέραι
2368 3628 2448 3683 ιδ’.
2518 3627 2734 3693 Ἐξάκις
2764 3626 2870 3696 γὰρ
2906 3626 3200 3696 τριάκοντα
3241 3628 3347 3691 ρπ’.
3369 3621 3494 3674 ἰνα
3522 3618 3690 3673 τοίνυν

2128 3716 2415 3771 ποσωΘῶσι
2453 3716 2795 3783 πεντήκοντα
2826 3713 3054 3784 ἡμέραι,
3083 3715 3245 3783 χάριν
3270 3710 3365 3765 τοῦ
3404 3709 3689 3781 εὑρεθῆναι

2126 3809 2224 3878 τὴν
2269 3807 2486 3880 ἡμέραν
2519 3806 2615 3861 τοῦ
2652 3805 2885 3877 νομικοῦ
2947 3807 3160 3877 Πάσχα,
3189 3805 3394 3859 ἓνωσον
3436 3806 3556 3867 ταῖς
3603 3804 3693 3872 pq-

2129 3901 2338 3964 θείσαις
2368 3899 2504 3954 δέκα
2573 3899 2710 3971 πρὸς
2766 3902 2890 3963 ταῖς
2943 3899 3239 3969 τέσσαρσιν
3309 3898 3549 3968 ἡμέραις
3600 3893 3691 3955 τὰς

2129 3994 2422 4064 τριάκοντα
2451 3993 2588 4064 πρὸς
2619 3995 2686 4064 τῇ
2707 3995 2822 4064 ⁴μιᾷ
2867 3993 3082 4063 ἡμέρας
3113 3992 3209 4045 τοῦ
3243 3989 3495 4060 Μαρτίου
3537 3987 3692 4058 μηνὸς

2130 4087 2225 4140 καὶ
2259 4086 2367 4139 ἀπὸ
2411 4083 2506 4140 τοῦ
2552 4084 2866 4155 Ἀπριλλίου
2917 4083 3136 4156 ἡμέρας
3165 4082 3363 4136 πέντεα
3413 4083 3514 4136 καὶ
3557 4079 3692 4133 οὕτω

2134 4179 2499 4253 ωμποσὼσας
2534 4181 2749 4252 ἡμέρας
2787 4177 2832 4234 ν’
2872 4179 2996 4248 λέγε
3052 4177 3292 4248 ὀφείλειν
3332 4174 3589 4246 γενέσθαι
3639 4172 3695 4224 τὸ

2132 4276 2354 4344 νομικὸν
2401 4272 2592 4342 Πάσχα
2644 4274 2786 4326 κατὰ
2808 4272 2911 4345 τὴν
2949 4272 3209 4342 πέμπτην
3251 4269 3347 4323 τοῦ
3385 4267 3693 4340 Ἀπριλλίου

2138 4367 2327 4437 μηνός.
2364 4365 2486 4419 Ὀτι
2516 4365 2570 4418 δὲ
2599 4364 2632 4435 ἡ
2668 4364 2768 4434 μὲν
2793 4363 2886 4417 τοῦ
2920 4364 3089 4433 μηνὸς
3123 4362 3309 4434 ἡμέρα
3340 4361 3485 4415 οὕτω
3528 4375 3694 4413 καταο

462 4458 541 4511 bri
575 4498 590 4520 ,
628 4457 744 4512 dies
778 4457 1062 4520 undecim;
1110 4456 1316 4511 scilicet
1361 4470 1456 4524 pro
1485 4453 1706 4509 Octobri
1749 4454 1862 4508 dies
1897 4463 2018 4519 tresI

2135 4458 2546 4529 λαμϐάνεται,ἡ
2578 4457 2635 4510 δὲ
2671 4459 2768 4526 τῆς
2799 4457 3092 4527 ἑϐδομάδος
3123 4455 3306 4527 ἡμέρα
3334 4453 3530 4525 ἄδηλός
3561 4453 3692 4513 ἐστι,

460 4568 523 4604 cu
552 4552 694 4620 quod
733 4552 925 4606 haheat
960 4551 1046 4606 hic
1093 4549 1293 4604 mensis
1339 4551 1452 4602 dies
1499 4547 1715 4617 triginta
1748 4558 1802 4601 et
1831 4563 2029 4614 unum;

463 4663 558 4714 pro
591 4644 915 4711 Novembri,
958 4646 1092 4698 duos
1134 4643 1267 4706 dies,
1300 4641 1436 4710 quod
1471 4642 1516 4696 is
1550 4642 1742 4694 habeat
1772 4641 1891 4696 dies
1919 4641 2032 4706 tri-

465 4742 630 4807 ginta,
658 4752 711 4794 et
734 4755 833 4808 pro
871 4740 1151 4795 Decembri
1187 4749 1240 4792 et
1279 4737 1542 4793 Januario
1575 4738 1690 4792 dies
1723 4752 1814 4791 sex
1841 4775 1856 4800 ,
1889 4735 2031 4806 quod

471 4832 839 4900 unusquisque
873 4847 1058 4886 eorum
1113 4833 1305 4887 habent
1333 4832 1447 4885 dies
1480 4830 1696 4901 triginta
1741 4839 1797 4885 et
1846 4846 2031 4887 unum.

469 4923 575 4979 Pro
601 4939 783 4978 mense
819 4933 996 4978 autem
1069 4925 1327 4978 ebruario
1376 4926 1505 4978 nihil
1556 4925 1744 4988 addes,
1781 4939 1848 4979 eo
1892 4925 2033 4995 quod

471 5020 516 5070 ei
550 5016 687 5071 desit
724 5030 737 5064 :
772 5016 815 5069 si
847 5026 1022 5069 autem
1066 5015 1336 5070 invenitur
1372 5015 1579 5070 Pascha
1626 5017 1795 5084 legale
1854 5033 2038 5071 mense

472 5107 660 5174 Aprili,
702 5116 758 5160 ut
792 5106 848 5159 iit
878 5107 928 5158 in
955 5109 1201 5175 pnesenti
1237 5116 1474 5173 tempore.
1504 5125 1519 5160 :
1551 5107 1687 5162 addc
1717 5107 1879 5162 etiam
1917 5118 2029 5163 tres

472 5204 606 5257 alios
642 5205 754 5255 dies
787 5217 882 5270 pro
915 5215 1094 5254 mense
1126 5199 1338 5263 Martio,
1369 5210 1423 5253 ut
1473 5201 1580 5256 sint
1620 5216 1717 5268 pro
1763 5203 2038 5256 mensibus

473 5298 589 5351 dies
619 5293 1045 5364 quatuordecim.
1090 5291 1354 5360 Legitimo
1396 5306 1524 5361 ergo
1558 5291 1778 5346 Pascha:
1813 5294 1897 5348 die
1951 5295 2036 5350 in-

475 5397 655 5450 vento,
691 5397 744 5440 ut
779 5386 1038 5450 diximus,
1069 5385 1257 5453 quinto
1290 5385 1491 5439 mensis
1515 5384 1674 5455 611
1706 5385 1925 5452 Aprilis,
1958 5386 2042 5441 his

477 5483 612 5536 adde
645 5481 716 5536 22
744 5481 857 5536 dies
882 5479 1075 5535 solaris
1109 5478 1266 5549 cycli.
1311 5488 1365 5531 et
1404 5492 1467 5532 ex
1513 5477 1748 5533 bissexto
1783 5481 2042 5549 quinque,

475 5575 564 5640 qui
595 5572 755 5627 etiam
785 5580 988 5638 epacut
1032 5569 1308 5634 dicuntur,
1337 5577 1389 5622 ct
1424 5568 1486 5623 l4
1517 5568 1779 5622 mensium
1806 5585 1821 5633 ;
1850 5580 1905 5624 et
1950 5585 2044 5625 eos

478 5682 664 5722 omnes
692 5667 750 5721 M
787 5664 990 5719 dierum
1025 5678 1290 5718 summam
1318 5661 1511 5732 collige
1541 5677 1604 5716 ac
1634 5677 1825 5717 rursus
1852 5661 1906 5716 in
1949 5678 2041 5717 sex

480 5761 806 5828 septimanas
853 5755 1094 5823 resolve,
1143 5757 1219 5810 sic
1271 5755 1496 5812 dicendo
1525 5798 1539 5822 ,
1588 5754 1790 5810 sextics
1838 5762 2042 5824 septem

2139 4553 2315 4622 χρεών
2363 4552 2479 4603 ἐστι
2550 4551 2647 4604 καὶ
2704 4551 2908 4620 ταύτην
2972 4548 3398 4618 ἀναδιδαχθῆναι
3454 4562 3537 4600 σι.
3595 4541 3696 4596 Καὶ

2137 4645 2261 4697 ἐπεί
2319 4643 2435 4696 ἐστι
2491 4640 2632 4696 κατὰ
2686 4641 2746 4694 τὸ
2792 4641 3038 4695 τοιοῦτον
3100 4639 3220 4703 ἔτος
3267 4641 3296 4691 ὁ
3347 4637 3546 4699 κύκλος
3608 4629 3694 4686 τοῦ

2138 4733 2289 4805 ἡλίου
2341 4729 2441 4800 κβζ
2476 4731 2748 4801 κράτησον
2779 4731 2858 4794 εἰς
2891 4730 2991 4792 τὰς
3021 4728 3211 4800 χεῖράς
3259 4745 3354 4781 σου
3392 4725 3492 4796 τὴν
3523 4718 3696 4776 τοιαύο

2137 4844 2239 4898 την
2291 4824 2557 4895 κυκλικὴν
2610 4823 2908 4891 ποσότητα,
2953 4821 3049 4875 καλ.
3103 4821 3307 4873 ἒνωσον
3353 4818 3531 4890 ταύτῃ
3568 4812 3696 4879 ὑπὲρ

2139 4921 2374 4987 ἑκάστης
2423 4916 2743 4988 τετραετίας
2789 4914 2952 4986 χάριν
2999 4912 3093 4966 τοῦ
3150 4911 3431 4983 βισὲξστου
3489 4907 3696 4979 ἡμέραν

2144 5012 2293 5081 μίαν,
2325 5011 2490 5081 ἡγουν
2520 5008 2661 5078 ὑπὲρ
2690 5007 2798 5059 τῶν
2831 5003 2914 5077 κβ¹
2945 5003 3161 5059 κύκλων
3193 5002 3407 5074 ἡμέρας
3436 5007 3497 5063 ε’,
3532 4998 3586 5055 αἶ
3610 4996 3697 5069 καὶ

2141 5102 2376 5156 ὲπακταὶ
2399 5100 2669 5167 λέγονται.
2703 5097 2983 5160 Ὡσαύτως
3015 5096 3220 5149 ἕνωσον
3250 5096 3494 5156 ταύταις,
3523 5092 3570 5144 εί
3607 5086 3698 5157 μὲν

2141 5195 2203 5249 τὸ
2232 5193 2452 5264 νομικὴν
2512 5192 2700 5258 Πάσχα
2731 5189 3051 5259 εὑρίσκεται
3114 5187 3194 5249 εἰς
3241 5187 3487 5255 Μάρτιον
3538 5179 3696 5250 μῆνα,

2143 5289 2287 5357 λόγῳ
2317 5287 2426 5340 τῶν
2452 5282 2949 5354 προπαρελκύντων
2979 5279 3163 5351 μηνῶν
3186 5277 3296 5332 τῶν
3323 5271 3697 5347 ψηφιζομένων

2143 5381 2251 5434 ἀπο
2284 5379 2374 5430 τού
2411 5375 2744 5445 Ὀκτωϐρίου
2781 5375 2971 5445 μηνὸς,
3005 5372 3219 5443 ἡμέρας
3255 5375 3351 5430 ια’.
3376 5369 3539 5439 ἤγουν
3567 5361 3696 5431 ὑπὲρ

2143 5473 2237 5525 τοῦ
2274 5470 2608 5539 Ὀκτωόρίου
2654 5468 2869 5539 ἡμέρας
2899 5464 2970 5534 γ’,
2996 5466 3087 5520 διὰ
3133 5468 3196 5518 τὸ
3223 5464 3369 5534 ἔχειν
3416 5461 3504 5515 τὸν
3550 5455 3697 5512 αὑτὸν

2150 5564 2293 5633 μῆνα
2318 5562 2361 5615 λ’
2393 5563 2529 5633 πρὸς
2557 5565 2624 5633 τῇ
2682 5562 2814 5633 μιᾷ·
2847 5557 2987 5629 ὑπὲρ
3032 5559 3126 5612 τοῦ
3178 5557 3481 5627 Νοεμϐρίου
3539 5550 3698 5623 μηνὸς

2146 5655 2358 5725 ἡμέρας
2385 5654 2451 5725 β’,
2486 5655 2575 5708 διὰ
2602 5655 2662 5707 τὸ
2686 5655 2833 5724 ἔχειν
2892 5653 3083 5706 τοῦτον
3134 5653 3348 5723 ἡμέρας
3395 5648 3693 5722 τριάκοντα·

2150 5750 2246 5802 καὶ
2295 5749 2439 5820 ὑπὲρ
2487 5749 2582 5802 τοῦ
2637 5746 2976 5820 Δεκεμῦρξου
3033 5745 3129 5800 καὶ
3186 5743 3280 5797 τοῦ
3352 5736 3693 5805 Ἰαννουαρίου
