4034 6190
400 337 510 402 803

1637 321 1918 385 THEOD.
1950 321 2354 384 BALSAMON

3525 321 3629 384 30L

403 455 726 520 praesentem
753 456 1046 503 canonem,
1084 439 1173 510 qui
1208 445 1289 493 est
1342 436 1496 492 valde
1529 433 1681 490 utilis
1710 433 1779 490 ad
1807 432 1974 494 rusti-

2082 432 2376 502 μαρτύρων
2409 431 2491 483 ἐν
2565 430 2749 496 αὐτοῖς
2822 429 3114 486 ἑπιτελεῖν.
3186 429 3498 501 Σημιίωσαι
3557 438 3648 484 τὸν

395 555 563 596 canas
594 535 876 592 ecclesias.
917 533 1080 588 Multa
1108 531 1253 586 enim
1285 529 1554 600 ejusmodi
1577 526 1715 583 liunt
1742 540 1771 580 a
1803 524 1959 580 vica-

396 631 484 686 nis
515 625 890 689 homunculis,
931 623 1188 680 mulieres
1240 620 1509 677 diabolico
1537 619 1808 674 instructu
1835 617 1969 673 bac-

393 724 626 777 chantes
671 731 724 775 et
788 719 969 773 futura
1029 717 1170 771 forte
1205 715 1529 777 divinantes,
1587 711 1968 782 hominesque,

395 819 488 888 qui
525 830 586 871 se
621 813 958 869 diemoniaco
985 809 1182 880 spiritu
1217 807 1424 862 amatos
1455 806 1736 869 simulant,
1764 811 1819 858 et
1851 817 1972 870 quae

393 926 468 965 ne
527 911 711 964 dicere
769 905 988 976 quidem
1037 904 1220 969 decet,
1287 902 1341 956 in
1401 898 1664 971 ejusmodi
1723 897 1972 952 ecclesiis

394 1005 606 1060 faciunt
629 998 1055 1056 assumcntibus.

463 1185 721 1244 ZONAB.
756 1181 1036 1244 Nonnulli,
1075 1193 1134 1234 se
1169 1177 1221 1233 id
1249 1177 1334 1247 pie
1366 1174 1548 1231 facere
1569 1172 1970 1230 existimantes.

400 1283 457 1336 in
496 1281 643 1349 agris
673 1287 732 1331 et
781 1274 979 1330 vinetis
1025 1279 1327 1341 martyrum
1379 1267 1658 1330 aediculas,
1688 1265 1844 1334 quasi
1877 1277 1971 1334 per

399 1372 613 1428 somnia
665 1371 895 1438 visaque
940 1361 1232 1428 admoniti,
1286 1360 1619 1416 excitabant.
1648 1356 1752 1411 Eas
1787 1356 1971 1426 igitur,

397 1467 442 1520 si
476 1479 581 1519 nec
633 1471 932 1532 martyrum
965 1471 1194 1526 corpora
1231 1454 1303 1509 ibi
1336 1454 1596 1522 reposita,
1651 1463 1754 1504 nec
1779 1447 1972 1516 aliqua:

399 1557 620 1611 illorum
654 1553 923 1622 reliquias,
955 1557 1337 1612 asserventur,
1367 1546 1773 1616 episcoporum,
1807 1539 1973 1611 620

404 1649 500 1720 qui
537 1649 602 1702 iis
659 1647 793 1701 locis
833 1652 1099 1713 praesunt,
1129 1639 1454 1695 auctoritate
1483 1639 1653 1690 everti
1702 1634 1851 1706 jubet
1879 1647 1974 1686 ca-

403 1754 534 1794 non.
565 1736 720 1804 Quod
751 1735 796 1790 si
822 1733 1132 1795 multitudo,
1168 1730 1370 1800 inquit,
1394 1727 1655 1783 seditiose
1688 1733 1969 1795 repugnet,

2078 524 2322 592 παρόντα
2395 521 2620 587 κανόνα,
2699 520 2874 576 πολλὰ
2939 520 3347 594 χρησιμεύοντα
3399 525 3480 586 εἰς
3547 531 3645 587 τὰς

2076 613 2403 685 ἀγροικικάς
2430 614 2748 686 ἐκκλησίας.
2787 615 3038 671 Γίνονται
3065 615 3174 685 γὰρ
3212 614 3382 668 πολλὰ
3425 616 3647 670 τοιαῦτα

2077 705 2230 776 παρά
2335 705 2649 778 χωριτικῶν
2747 706 3055 779 ἀνδραρίων
3121 706 3648 780 προσλαμϐανόντων

2077 803 2345 867 γυναῖκας
2387 799 2883 864 ἑνθουσιώσαςικαὶ
2951 799 3097 854 κατὰ
3149 799 3474 870 δαιμονικὴν
3513 801 3652 871 inﬁ-

2078 905 2231 959 ρειαν
2262 890 2735 958 προεροιϐαζούσας
2751 890 2894 962 τάχα
2914 890 2984 944 τὰ
3009 890 3298 960 μέλλοντα,
3329 893 3424 944 καὶ
3451 890 3651 960 ἀνδρας

2078 983 2580 1052 προσποιουμένους
2613 983 2898 1053 δαιμονᾷν,
2929 983 3026 1036 καὶ
3053 983 3338 1044 ποιοῦντας
3368 998 3493 1035 τινα
3520 983 3650 1054 μηδὲ

2080 1072 2342 1140 λέγεσθαι
2368 1074 2496 1140 ἀξια
2534 1077 2615 1139 εἰς
2647 1077 2746 1139 τὰς
2775 1075 3035 1140 τοιαύτας
3061 1076 3378 1146 ἐκκλησίας.

2150 1164 2400 1219 ΖΩΝΑΡ.
2465 1164 2647 1230 Τινὲς,
2698 1165 2947 1218 εὐσεϐεῖν
3005 1164 3315 1229 δοκοῦντες,
3368 1165 3427 1218 ἑν
3462 1164 3649 1236 ἀγροῖς

2077 1255 2172 1307 καὶ
2205 1257 2263 1307 ὲν
2303 1253 2626 1324 ἀμπελῶσιν
2655 1253 2966 1326 ᾠκοδόμουν
2993 1256 3259 1325 εύκτήρια
3315 1256 3408 1311 ἐπὶ
3441 1256 3647 1326 μαρτύ-

2080 1364 2193 1417 ρων
2222 1349 2512 1418 ὀνόμασιν,
2544 1348 2620 1413 ὡς
2675 1348 2745 1401 δι’
2781 1348 3051 1404 ἐνυπνίων
3091 1348 3265 1403 ταῦτα
3312 1350 3407 1404 καὶ
3436 1351 3646 1405 ἀποκαο

2077 1439 2295 1510 λύψεων
2324 1442 2728 1510 ἀνεγείροντες.
2756 1442 3105 1510 Προστάσσει
3138 1441 3347 1506 ,τοίνυν
3385 1443 3416 1494 ὁ
3473 1441 3650 1495 κανὼν

2075 1536 2147 1591 τὰ
2170 1535 2419 1600 τοιαῦτα,
2451 1538 2501 1590 εί
2533 1538 2670 1608 μήτε
2703 1537 2935 1608 σώματα
2959 1537 3257 1609 μαρτύρων
3272 1538 3450 1608 ἔχοιεν
3469 1538 3651 1600 αὐτοῖς

2078 1630 2500 1700 ὲναποκείμενα,
2536 1631 2672 1700 μήτε
2699 1628 2820 1682 τινὰ
2843 1629 3076 1699 λείψανα
3129 1629 3448 1701 μαρτύρων,
3497 1628 3647 1698 παρὰ

2078 1720 2190 1773 τῶν
2219 1721 2366 1776 κατὰ
2401 1721 2601 1784 τόπους
2616 1723 2933 1776 ἐπισκόπων
2963 1720 3467 1792 καταστρέφεσθαι.
3503 1719 3563 1773 El
3592 1719 3647 1773 δὲ

405 1845 580 1903 neque
610 1830 732 1885 illas
786 1827 929 1882 dirui
955 1827 1190 1895 patiatur
1219 1842 1234 1880 :
1267 1824 1485 1879 saltem.
1518 1834 1587 1874 ne
1644 1818 1713 1873 iis
1742 1817 1795 1872 in
1840 1815 1975 1870 locis

2081 1814 2125 1864 οί
2155 1811 2345 1881 δῆμοι,
2380 1814 2568 1883 φησὶν,
2610 1811 2959 1867 ἀνθίστανται
2994 1812 3378 1884 θορυϐοῦντες,
3431 1812 3525 1864 καὶ
3552 1812 3650 1865 οὐκ

407 1925 588 1993 populi
629 1931 928 1978 conventus
989 1925 1176 1988 agant,
1204 1917 1310 1971 hoc
1338 1927 1444 1981 est,
1495 1929 1562 1968 ne
1617 1911 1727 1965 illic
1788 1906 1977 1963 turbas

408 2022 760 2086 congregem,
793 2025 893 2068 nec
930 2010 1109 2079 aliqua
1137 2023 1325 2063 eorum
1371 2002 1758 2076 superstitione
1784 1999 1977 2054 ortho-

385 2104 534 2162 ~doxi
594 2104 906 2175 alligentur,
959 2115 1061 2156 nec
1091 2101 1145 2154 in
1199 2099 1266 2155 iis
1315 2105 1619 2168 martyrum
1654 2090 1977 2148 memoriam

406 2197 721 2261 celebrent;
753 2195 800 2249 si
829 2193 1048 2262 quidem
1077 2205 1178 2246 nec
1201 2188 1459 2261 martyris
1481 2201 1688 2256 corpus
1718 2198 1819 2240 nec
1851 2182 1978 2237 reli-

409 2286 550 2354 quia:
611 2285 687 2339 ibi
714 2282 992 2339 recondita
1041 2280 1174 2346 sint,
1221 2292 1400 2348 neque
1446 2277 1560 2347 jam
1618 2273 1688 2329 ab
1741 2271 1979 2335 antiquis

406 2375 748 2447 temporibus
795 2372 968 2428 altare
1000 2372 1131 2428 illud
1171 2373 1244 2426 sit
1297 2368 1732 2433 exaediﬁcatum;
1763 2364 1980 2436 publice

403 2470 659 2542 populum
713 2467 1117 2524 admonendum
1175 2478 1298 2521 esse
1328 2462 1596 2520 decernit.
1629 2459 1981 2527 Quaecunque

403 2564 580 2629 enim,
614 2563 772 2633 quasi
806 2577 900 2632 per
934 2559 1169 2622 somnia,
1196 2564 1252 2612 et
1295 2555 1656 2612 revelationes
1684 2565 1715 2604 a
1743 2549 1978 2606 nonnul-

405 2657 470 2711 lis
493 2663 836 2717 constructa,
885 2662 1108 2719 repente
1171 2650 1455 2712 exstitere,
1513 2645 1720 2712 omnia,
1777 2642 1978 2712 inquit,

406 2749 622 2817 penitus
651 2746 953 2814 improbata
980 2744 1338 2796 damnentur.

407 2837 637 2895 ARIST.
675 2857 695 2890 ι
725 2837 912 2892 Altare
942 2836 996 2889 in
1026 2835 1172 2905 agris
1199 2842 1292 2887 aut
1340 2830 1561 2896 vinetis,
1596 2828 1795 2901 quibus
1821 2825 1982 2882 nulla

489 2953 506 2985 ι
545 2942 671 2987 sunt
714 2930 955 3000 reliquiae
1005 2930 1262 2997 martyris
1291 2926 1538 2995 repositae
1560 2963 1578 2990 ,
1608 2929 1972 2985 exstructum,

493 3048 512 3078 σ
555 3025 660 3082 nisi
711 3024 958 3096 publicus
1009 3022 1278 3077 excitetur
1314 3020 1597 3085 tumultus,
1651 3024 1930 3074 evertatur
1959 3030 1981 3071 :

479 3141 498 3172 ι
537 3129 592 3175 et
618 3132 955 3189 quaecunque
1011 3129 1107 3186 per
1138 3114 1407 3169 insomnia
1465 3127 1742 3182 vanasque
1769 3110 1979 3167 revela-

486 3232 507 3266 ι
543 3215 719 3268 tiones
749 3209 938 3264 altaria
973 3209 1282 3279 eriguntur.
1317 3225 1338 3259 ι

479 3306 829 3375 Quacunque
858 3302 1002 3357 aedes
1033 3301 1284 3356 oratoria:
1312 3313 1410 3370 per
1434 3298 1814 3369 episcoporum
1843 3312 1975 3370 pre-

407 3414 504 3454 ces
540 3411 653 3452 non
685 3395 1118 3458 constituuntur,
1151 3406 1254 3448 nec
1304 3401 1614 3462 martyrum
1646 3390 1891 3460 reliquiz
1926 3391 1978 3445 in

411 3493 478 3545 iis
512 3499 873 3558 reponuntur,
904 3485 1144 3556 profanae
1164 3491 1311 3539 sunt.
1372 3481 1682 3554 Eapropter
1714 3484 1900 3553 itaque
1926 3492 1983 3538 et

410 3582 629 3646 altaria,
652 3595 776 3650 qua:
807 3580 858 3633 in
889 3579 1036 3647 agris
1066 3587 1162 3632 aut
1199 3577 1400 3632 vinetis
1436 3576 1570 3631 ﬁunt
1593 3578 1714 3632 sine
1740 3576 1979 3646 episcopi

414 3674 690 3744 precibus,
722 3681 777 3728 et
807 3670 1156 3738 reliquiarum
1212 3678 1514 3741 martyrum
1545 3668 1906 3738 depositione,
1934 3668 1979 3722 si

415 3769 534 3822 lieri
587 3775 788 3836 potest,
850 3764 1244 3819 subvertantur
1299 3779 1315 3818 :
1363 3763 1446 3816 sin
1495 3770 1676 3816 autem
1706 3761 1982 3832 popularis

411 3857 677 3914 tumultus
711 3858 812 3913 hoc
848 3856 964 3911 ﬁeri
1002 3855 1281 3925 prohibet,
1317 3853 1506 3906 saltem
1558 3852 1980 3918 admoueautur,

409 3949 689 4022 popularis
737 3947 915 4003 turbte
964 3944 1356 4000 concitationes
1411 3944 1464 3997 in
1515 3943 1582 3998 iis
1637 3957 1742 3999 non
1776 3942 1977 3998 facere.

413 4043 814 4098 Subvertantur
880 4050 1057 4094 autem
1107 4045 1161 4093 et
1226 4035 1417 4092 altaria
1479 4050 1577 4105 per
1633 4035 1898 4089 insomnia
1927 4046 1983 4089 et

412 4149 582 4191 vanas
615 4133 980 4189 revelationes
1035 4139 1243 4186 erecta.
1289 4129 1426 4185 (ium
1457 4126 1708 4183 diabolus
1737 4127 1880 4183 enim
1909 4126 1985 4180 sit

409 4229 665 4293 tenebrat,
701 4227 886 4282 lumen
914 4223 1137 4280 simulat
1165 4239 1182 4276 :
1216 4233 1270 4276 et
1296 4221 1516 4291 pietatis
1551 4221 1807 4275 nimirum
1839 4234 1982 4291 prae-

408 4332 554 4376 textu
582 4320 864 4376 hominum
889 4317 1106 4372 animas
1133 4316 1362 4372 inescat.

900 4495 1129 4554 CANON
1173 4493 1484 4551 LXXXVII.

413 4614 434 4648 ι
468 4596 540 4649 De
566 4591 813 4662 reliquiis
851 4589 1119 4644 idolorum
1169 4587 1430 4642 radicitus
1455 4583 1843 4656 exstirpandis.
1879 4582 1983 4638 Si-

490 4705 508 4738 ι
545 4684 748 4739 militer
771 4680 973 4752 placuit
994 4678 1102 4749 peti
1135 4692 1165 4732 a
1188 4675 1511 4733 clarissimis
1536 4675 1983 4745 imperatoribus,

483 4793 503 4826 ι
545 4785 604 4828 ιιι
633 4774 873 4843 reliquias
900 4769 1236 4834 idololatrias,
1267 4784 1371 4823 non
1417 4767 1593 4823 solum
1625 4781 1745 4836 qua:
1771 4774 1900 4820 sunt
1931 4767 1982 4821 in

485 4886 504 4918 ι
541 4864 868 4930 simulacris,
898 4863 993 4918 sed
1014 4863 1067 4916 in
1101 4861 1383 4932 quibusvis
1405 4858 1561 4926 locis,
1593 4864 1675 4914 vel
1701 4858 1861 4924 lucis,
1898 4857 1983 4912 vel

477 4979 494 5011 ι
537 4957 844 5023 arboribus,
875 4953 1189 5009 omnimodo
1219 4953 1528 5008 deleantur.
1569 4969 1589 5005 ι

479 5139 674 5198 BALS.
708 5139 899 5194 Patres
931 5138 1292 5208 imperatores
1323 5145 1536 5206 rogant,
1571 5145 1629 5190 ut
1657 5151 1775 5206 quae
1805 5138 1984 5191 adhuc

418 5237 625 5292 relictae
669 5235 779 5288 sint
839 5231 1106 5286 idolorum
1156 5230 1440 5300 imagines,
1471 5238 1527 5285 et
1567 5229 1874 5299 ubicunque
1904 5244 1984 5284 eae

410 5337 542 5391 sint,
566 5326 913 5382 adoleautur.

486 5419 739 5476 ZONAB.
775 5418 1033 5484 Quamvis
1063 5415 1354 5488 Evangelia
1411 5416 1568 5484 longe
1609 5415 1825 5488 lateque
1858 5429 1984 5485 pro-

408 5529 619 5589 pagato.
640 5515 815 5568 adhuc
843 5523 1019 5567 tamen
1049 5509 1291 5578 quaedam
1323 5525 1390 5565 ex
1419 5509 1720 5564 idololatria
1742 5507 1984 5578 reliquie

405 5611 821 5683 superfuerant,
845 5617 900 5663 et
952 5608 1127 5663 adhuc
1157 5606 1446 5662 simulacra
1486 5617 1648 5676 atque
1675 5618 1785 5662 ara
1813 5606 1984 5676 pluri-

408 5710 512 5760 bus
537 5705 591 5756 in
616 5701 747 5756 locis
779 5716 842 5754 ac
879 5700 1200 5756 nemoribus
1233 5701 1622 5756 servabantur.
1664 5700 1739 5754 De
1768 5700 1835 5755 iis
1877 5700 1982 5766 igi-

411 5807 496 5852 tur
523 5793 770 5852 funditus
827 5792 1133 5860 abolendis,
1166 5794 1240 5850 ita
1271 5802 1332 5848 ut
1362 5794 1499 5848 nihil
1546 5793 1780 5865 amplius
1812 5808 1877 5848 ex
1913 5793 1982 5848 iis

2011 4482 2059 4540 D

2077 1902 2207 1957 ἐῶσι
2244 1904 2640 1973 καθαιρεῖσθαι
2693 1905 2857 1970 αὐτὰ,
2916 1905 3287 1960 νουθετεῖσθαι
3343 1905 3418 1959 τὰ
3475 1903 3651 1976 πλήθη

2076 1995 2290 2049 κελεύει
2325 1996 2402 2068 μὴ
2426 1997 2765 2065 ὀχλαγωγεῖν
2799 1999 2926 2061 τοὺς
2965 1998 3165 2061 τόπους
3208 1996 3476 2064 ἐκείνους,
3497 2011 3652 2050 τουτο

2079 2087 2196 2140 ἐστι
2226 2087 2302 2157 μὴ
2336 2088 2671 2156 συνάγεσθαι
2716 2091 2845 2153 τοὺς
2893 2089 3086 2160 δχλους
3139 2091 3277 2158 ἐκεῖ,
3345 2089 3487 2159 μηδὲ
3529 2088 3652 2150 τοὺς

2075 2178 2390 2251 ὀρθοδὸξους
2443 2182 2909 2253 καταδεσμείσθαι
2945 2185 3014 2254 τῇ
3051 2183 3259 2236 τούτων
3315 2181 3652 2248 δεισιδαιμο·

2076 2273 2186 2344 νίᾳ,
2218 2275 2358 2344 μηδὲ
2392 2276 2617 2346 μνήμας
2649 2276 2948 2351 μαρτύρων
2977 2277 3038 2330 ἐν
3073 2276 3257 2341 αὐτοῖς
3289 2274 3582 2338 ἐπιτελεῖν,
3604 2272 3653 2327 εί

2080 2367 2156 2436 μὴ
2189 2368 2350 2435 σῶμα
2397 2367 2672 2437 μάρτυρος
2703 2367 2838 2438 μηδὲ
2879 2368 3106 2438 λείψανα
3124 2370 3243 2422 ἐκεῖ
3258 2366 3557 2437 κεῖνται,ἢ
3594 2363 3653 2429 ἐξ

2079 2455 2329 2525 ἀρχαίων
2364 2456 2577 2525 χρόνων
2599 2452 2668 2526 ἦν
2701 2456 3128 2529 ᾠκοδομημένον
3172 2457 3234 2512 τδ
3261 2457 3653 2529 θυσιαστήριον

2078 2547 2274 2604 δκεῖνο,
2310 2551 2376 2603 Ἀ
2401 2551 2532 2620 γὰρ,
2560 2551 2717 2622 φησι,
2744 2552 3112 2622 συνέστησαν,
3141 2553 3219 2616 ὡς
3273 2552 3334 2620 ἐξ
3389 2550 3653 2607 ἐνυπνίων

2079 2642 2176 2698 καὶ
2248 2642 2648 2714 ἀποκαλύψεων
2693 2644 3172 2717 οίκοδομησάντων
3248 2644 3398 2700 αύτά
3468 2661 3649 2714 τινων,

2090 2731 2275 2786 πάντα
2311 2733 2922 2804 ἀποδοκιμαζὲσθωσαν.

2151 2824 2377 2879 ΑΡιΣτ.
2427 2843 2448 2876 ι
2489 2826 2890 2897 Θυσιαστήριον
2923 2828 2982 2882 ἐν
3040 2826 3233 2898 ἀγροῖς
3281 2828 3316 2899 ή
3365 2827 3653 2898 ἀμπελῶσι

2083 2932 2104 2968 ι
2145 2916 2455 2986 γινόμενον,
2497 2917 2556 2971 ἐν
2599 2912 2682 2981 οἷς
2716 2919 2778 2972 οὐ
2819 2917 3071 2989 λείψανον
3112 2919 3408 2973 ἀπόκειται
3448 2919 3652 2990 μάρτυ·

2086 3026 2105 3059 ι
2154 3025 2272 3077 ρος,
2305 3009 2356 3063 τί
2391 3009 2466 3081 μή
2484 3011 2745 3081 δημόσιος
2773 3011 2988 3079 γίνεται
3049 3011 3305 3084 θόρυϐος,
3347 3031 3652 3085 καταστρε-

2089 3120 2109 3153 ι
2148 3102 2333 3173 φέσθω
2359 3119 2374 3134 ·
2396 3104 2492 3156 καὶ
2516 3105 2615 3157 ὅσα
2630 3104 2697 3158 δι’
2720 3105 2988 3160 ἐνυπνίων
3016 3107 3111 3161 καὶ
3127 3105 3529 3180 ἀποκαλύψεων
3557 3127 3655 3179 μα-

2089 3211 2109 3245 ι
2140 3193 2309 3246 ταίων
2330 3195 2646 3247 συνίσταται
2679 3194 3063 3267 θυσιαστήρια,
3103 3215 3124 3249 ι

2156 3286 2312 3340 Ὅσοι
2335 3287 2445 3339 τῶν
2484 3287 2795 3360 εὐκτηρίων
2823 3288 2991 3342 οἴκων
3029 3291 3090 3342 ού
3139 3289 3204 3343 δι’
3234 3289 3406 3361 εὐχῆς
3432 3288 3653 3345 ιπισκό-

2083 3395 2204 3432 πων
2224 3380 2589 3448 συνέστησαν,
2629 3380 2724 3433 καὶ
2773 3379 3010 3450 λείψανα
3083 3384 3384 3452 μαρτύρων
3446 3385 3653 3449 τούτοις

2082 3472 2512 3540 ἔναπετέθησαν,
2545 3472 2756 3541 ἀνίεροί
2787 3473 2916 3527 εἰσι.
2947 3474 3049 3527 Διὰ
3099 3475 3258 3529 τοῦτο
3284 3477 3418 3544 γοῦν
3467 3479 3565 3533 καὶ
3587 3482 3653 3534 τὰ.

2080 3567 2142 3619 ὲν
2181 3567 2386 3642 ’ἀγροῖς
2416 3569 2448 3636 il,
2491 3565 2778 3634 ἀμπελῶσι
2800 3566 3066 3637 γινόμενα
3097 3569 3466 3642 θυσιαστήρια
3488 3575 3652 3646 χωρὶς

2082 3661 2247 3730 εὐχῆς
2282 3659 2584 3712 ἐπισκόπου
2617 3658 2715 3710 καὶ
2755 3658 2874 3712 τοῦ.
2904 3660 3301 3731 ὲναποτεθῆναι
3361 3665 3654 3736 μαρτύρων

2081 3753 2334 3821 λείψανα,
2401 3753 2449 3805 εί
2508 3751 2756 3818 δυνατὸν,
2805 3755 3377 3824 καταπρεφὲσθωσαν
3415 3773 3431 3789 ο
3490 3760 3539 3811 εί
3597 3758 3652 3811 δὲ

2081 3843 2374 3915 δημοτικδς
2407 3841 2635 3911 θόρυϐος
2662 3841 2820 3896 τοῦτο
2845 3842 3049 3897 κωλύει
3078 3847 3356 3914 γενέσθαι,
3402 3848 3506 3903 κᾶν
3533 3866 3652 3903 νου-

2084 3935 2272 3990 θεσίαν
2295 3935 2645 4004 δεχέσθωσαν
2677 3935 2754 4005 μὴ
2803 3939 2982 3989 ποιεῖν
3012 3937 3071 3991 ὲν
3102 3938 3284 4001 αὐτοῖς
3317 3940 3649 4011 ἐχλαγώγια.

2094 4025 2681 4098 Καταστρεφέσθωσαν
2734 4026 2792 4080 δὲ
2851 4027 3048 4081 καὶτὰ
3101 4029 3169 4079 δι’
3234 4033 3504 4087 ἐνυπνίων
3563 4036 3654 4088 καὶ

2083 4117 2477 4186 ἀποκαλύψεων
2556 4118 2802 4187 ματαίων
2899 4122 3267 4189 συνιστάμενα
3356 4124 3652 4194 θυσιαστή·

2086 4229 2196 4280 ρια.
2224 4211 2424 4273 Σκότος
2461 4213 2572 4284 γὰρ
2600 4211 2676 4263 ὣν
2710 4213 2739 4264 ὁ
2760 4211 3030 4278 διάϐολος,
3089 4214 3207 4281 φῶς
3256 4214 3604 4287 ὑποκρίνεται
3635 4232 3648 4247 ο

2085 4303 2182 4356 καὶ
2202 4304 2474 4372 προφάσει
2494 4302 2658 4374 δῆθεν
2681 4303 2969 4368 εὐλαϐείας
2994 4305 3092 4367 τὰς
3111 4306 3220 4356 τῶν
3237 4306 3540 4376 ἀνθρώπων
3566 4311 3649 4362 δε-

2088 4394 2271 4460 λεάζει
2297 4395 2500 4467 ψυχάς.

2653 4490 2895 4547 ΚΔΝΩΝ
2928 4491 3053 4547 DZ’.

2163 4604 2183 4638 ι
2227 4587 2365 4657 Περὶ
2389 4585 2484 4640 τοῦ
2502 4586 2572 4640 τὰ
2591 4585 2825 4656 λείψανα
2876 4587 2988 4643 τῶν
3013 4587 3249 4642 εἰδώλων
3268 4587 3648 4659 ὲκριζωθῆναι.

2090 4697 2110 4729 ι
2159 4678 2395 4750 Ὀμοίως
2420 4680 2619 4750 ήρεσεν
2668 4679 2963 4750 αίτηθῆναι
2989 4680 3100 4734 ἀπὸ
3143 4682 3252 4734 τῶν
3300 4681 3650 4746 ἐνδοξοτάτων

2092 4791 2111 4825 ι
2154 4772 2444 4843 βασιλέων,
2474 4774 2563 4827 ἵνα
2596 4772 2668 4828 τὰ
2700 4773 2932 4844 λείψανα
2955 4773 3055 4841 τῆς
3115 4774 3558 4844 είδωλολατρείας
3580 4775 3650 4841 μὴ

2091 4886 2112 4918 ι
2155 4867 2318 4938 μόνον
2340 4868 2410 4920 τὰ
2429 4870 2487 4922 ἐν
2533 4867 2767 4934 ξοάνοις,
2800 4867 2938 4921 ἀλλά
2970 4869 3066 4921 καὶ
3110 4869 3170 4921 ὲν
3207 4868 3537 4938 οἰοισδήποτε
3564 4869 3648 4919 τό·

2091 4978 2111 5013 ι
2149 4977 2273 5023 ποις
2302 4962 2335 5032 ἢ
2362 4961 2586 5016 ἄλσεσιν
2639 4963 2672 5032 ἣ
2715 4961 2957 5033 δένδροις
2990 4962 3155 5015 παντὶ
3196 4963 3383 5033 τρόπῳ
3445 4961 3647 5028 ἐξαλει-

2091 5073 2110 5106 ι
2159 5053 2386 5123 oetam.
2425 5073 2445 5106 ›

2155 5146 2349 5201 ΒᾹΛΣ.
2377 5145 2792 5218 Παρακαλοῦσιν
2811 5147 2859 5200 οί
2889 5146 3135 5217 Πατέρες
3157 5145 3283 5211 τοὺς
3306 5147 3556 5215 βασιλεῖς,
3586 5143 3649 5196 τὰ

2085 5240 2167 5291 ἔτι
2198 5239 2616 5310 περιλειφθέντα
2648 5238 2942 5307 ἀγάλματα
2958 5236 3066 5290 τῶν
3096 5237 3350 5301 εἰδώλων,
3375 5241 3464 5290 καὶ
3493 5235 3648 5288 ὁπου-

2085 5332 2284 5404 δήποτε
2306 5332 2434 5386 δντα
2451 5328 2848 5402 ἐξαλειφθῆναι.

2158 5426 2409 5482 ΖΩΝΛΡ.
2435 5427 2545 5479 Καὶ
2573 5424 2668 5478 τοῦ
2701 5424 3072 5496 εύαγγελικοῦ
3125 5425 3478 5496 κηρύγματος
3513 5423 3643 5474 πλα-

2085 5519 2507 5585 τυνθέντος,ἔτι
2566 5517 2796 5589 λείψανα
2851 5517 2951 5587 τῆς
3009 5517 3459 5588 εἰδωλολατρείας
3505 5515 3640 5569 τινὰ.

2086 5613 2258 5683 ήγουν
2287 5610 2810 5680 ἐγκαταλείμματα,
2829 5609 3320 5681 περιελιμπάνοντο
3341 5624 3354 5639 ο
3393 5602 3644 5668 ἐσώζοντο

2086 5704 2182 5757 καὶ
2223 5703 2518 5772 ἀγάλματα
2540 5705 2634 5754 καὶ
2668 5701 2842 5773 βωμοὶ
2875 5705 2932 5755 ὲν
2981 5701 3264 5770 διαφόροις
3323 5701 3502 5760 τόποις
3553 5694 3642 5747 καὶ

2089 5798 2300 5852 ἄλσεσι.
2346 5796 2480 5864 Περὶ
2511 5793 2704 5850 τούτου
2733 5794 2877 5860 ἔδοξε
2903 5797 3019 5859 τοῖς
3077 5795 3360 5866 Πατράσιν
3405 5795 3636 5859 ὑπομνήο
