3930 6190
498 326 608 392 463

1783 331 1884 392 ΤΗ
1893 331 2056 398 EOD.
2101 333 2502 398 BALSAMON

3593 343 3680 410 ίθί

507 468 644 511 nare
674 468 780 509 non
813 453 1076 509 debemus
1103 467 1201 507 nec
1226 452 1488 524 jejunium
1522 454 1750 520 solvere,
1786 471 1854 512 ne
1879 456 2062 509 videa-

2178 455 2398 520 στεύειν,
2453 457 2571 512 οὐδὲ
2621 459 3019 528 ἀπονηστίξειν,
3053 459 3139 514 ἵνα
3191 460 3266 531 μη
3298 457 3516 530 δόξωμεν
3546 461 3683 519 ἔναν-

509 562 638 600 mur
668 558 976 616 repugnare
1005 546 1312 601 canonibus
1343 545 1440 614 qui
1476 555 1724 602 statuunt
1751 562 1852 604 nos
1876 548 2066 604 diebus

503 636 810 694 Dominicis
838 651 947 692 non
974 637 1173 692 debere
1205 637 1473 708 jejunare.
1505 636 1618 693 Etsi
1649 640 1794 693 enim
1819 639 1937 694 dies
1961 648 2068 694 ter-

509 729 618 783 tius
671 737 954 798 reputetur
980 727 1318 794 Dominicus,
1355 729 1530 784 solum
1573 738 1750 784 tamen
1783 743 2066 801 propterea

510 821 654 888 quod
698 821 860 874 trium
899 819 1109 875 dierum
1149 820 1475 877 resurrectio
1501 834 1626 876 eum
1678 820 1925 889 attingat,
1956 830 2068 876 ter-

513 913 622 965 tius
675 910 874 965 dicitur
900 927 915 962 z
942 919 1026 964 est
1067 911 1210 964 enim
1243 911 1474 981 primus.
1513 909 1578 966 Et
1607 911 1677 966 89
1725 927 1987 983 can.syn.
2012 914 2067 968 in

515 1000 703 1055 Trullo
726 1000 1126 1067 convenienter,
1151 999 1270 1065 dic,
1295 1007 1419 1055 ante
1448 1001 1634 1055 horam
1658 1001 1940 1069 septimam
1971 1015 2070 1054 no-

513 1092 692 1146 cturni
726 1089 951 1147 Sabbati
979 1091 1178 1146 debere
1200 1106 1301 1145 nos
1323 1089 1590 1160 jejunium
1616 1091 1826 1144 solvere
1856 1091 1908 1144 in
1932 1107 2069 1160 qua-

513 1197 728 1251 cunque
759 1183 892 1236 bora
922 1181 1152 1236 voluerit
1189 1181 1456 1251 quispiam
1491 1195 1557 1236 ex
1605 1196 1697 1235 sex
1741 1180 1930 1249 primis
1973 1181 2072 1234 ho-

515 1271 611 1335 ris,
646 1272 808 1342 idque
845 1273 1069 1325 omnino
1101 1286 1168 1326 ex
1221 1271 1392 1324 libera
1446 1269 1874 1341 uniuscujusque
1919 1279 2072 1340 pote-

514 1369 654 1418 state
679 1368 734 1417 et
757 1362 1004 1418 arbitrio.

594 1446 858 1524 510nm.
883 1451 1018 1507 Huic
1081 1450 1493 1521 interrogationi
1533 1451 1821 1522 respondet
1877 1450 1924 1505 is
1981 1450 2070 1517 cui

515 1541 792 1610 proposita
856 1541 1207 1612 interrogatio
1264 1551 1347 1596 est
1403 1558 1420 1598 :
1471 1541 1765 1598 Postulasti
1829 1542 2070 1597 sedulam

517 1631 721 1702 imponi
765 1632 958 1702 legem,
990 1633 1092 1687 hoc
1119 1640 1221 1698 est,
1271 1633 1510 1704 regulam
1567 1627 1906 1701 formamque
1932 1647 2071 1702 pra-

516 1723 719 1786 scribi,
767 1738 832 1777 ac
869 1723 1107 1778 adhibita
1143 1723 1423 1795 diligentia
1466 1724 1599 1778 certi
1649 1721 1854 1793 aliquid
1904 1722 2070 1778 statui

515 1817 585 1873 do
618 1818 752 1871 liora
785 1815 1076 1871 Dominicae
1107 1814 1554 1884 resurrectionis;
1586 1817 1730 1885 quod
1760 1815 1981 1886 quidem
2013 1823 2068 1869 et
2099 1795 2142 1851 Β

515 1909 728 1965 diiiicile
763 1919 846 1964 est
896 1923 950 1964 et
997 1910 1308 1965 lubricum:
1337 1909 1802 1980 quandoquidem,
1834 1917 1957 1979 post
1976 1923 2072 1964 ex-

515 2003 739 2057 citatum
765 2017 794 2056 a
822 2002 1052 2057 mortuis
1081 2001 1370 2056 Dominum
1400 2002 1814 2058 resurrectionis
1837 2000 2059 2056 celebri-

515 2098 680 2146 tatem
737 2091 983 2144 inchoari
1016 2100 1247 2160 oportet,
1281 2091 1562 2161 hucusque
1591 2091 1922 2162 jejunantes,
1951 2091 2098 2146 ani-.

517 2180 700 2250 tuique
726 2180 830 2236 hoc
865 2189 1023 2250 pacto
1048 2181 1430 2237 demissionem
1454 2193 1728 2237 curantes.
1756 2180 1814 2236 ln
1832 2197 1896 2238 ea
1919 2197 2074 2237 nam.

512 2285 625 2342 que
669 2285 793 2340 quas
841 2287 937 2340 per
965 2271 1232 2342 jejunium
1275 2281 1358 2327 est
1408 2274 1650 2342 corporis
1705 2273 2069 2340 aﬂlictatione,

515 2360 685 2416 animi
713 2361 973 2418 demissio
995 2364 1289 2434 quaeritur;
1324 2374 1383 2421 ut
1433 2364 1665 2434 proinde
1688 2367 1733 2421 si
1763 2366 1960 2422 elatior
1998 2367 2070 2422 sit

512 2451 809 2524 jejunantis
852 2454 1090 2519 animus,
1119 2455 1333 2510 irritum
1373 2470 1495 2511 esse
1534 2456 1803 2528 jejunium
1829 2458 2072 2514 omnium

515 2544 861 2601 confessione
897 2545 1194 2616 judicetur.
1231 2545 1462 2616 Subjicit
1488 2548 1679 2602 deinde
1707 2565 1724 2604 :
1752 2547 2075 2620 Quicunque

517 2636 586 2690 ad
618 2636 928 2705 sepulcrum
977 2647 1103 2692 sunt
1148 2637 1400 2707 profecti,
1425 2654 1521 2694 eos
1561 2638 1670 2701 iam
1718 2629 2010 2695 excitatum
2041 2655 2070 2695 a

515 2727 752 2781 mortuis
785 2726 1074 2782 Dominum
1127 2729 1447 2798 reperiisse;
1483 2745 1656 2800 neque
1683 2730 1968 2810 dissidere,
1999 2730 2076 2785 in-

515 2819 656 2887 quit,
692 2833 756 2873 ac
785 2819 887 2873 sibi
920 2819 1146 2875 invicem
1189 2821 1464 2876 adversari
1513 2823 1874 2892 evangelistas
1920 2823 2072 2877 arbi-

518 2919 746 2974 tremur,
791 2910 938 2980 quod
990 2928 1113 2967 cum
1165 2913 1352 2968 eadem
1403 2921 1561 2968 nocte
1614 2912 1899 2968 Dominum
1953 2929 2074 2969 sur-

518 2998 727 3055 rexisse
760 3000 1034 3054 communi
1079 3016 1347 3056 consensu
1393 3000 1626 3066 tradant,
1654 3018 1890 3071 quanam
1940 3005 2074 3058 hora

520 3091 780 3155 surrexit,
813 3091 995 3145 minus
1038 3092 1317 3161 explorate
1370 3094 1632 3149 iudicant.
1671 3091 1808 3147 Tum
1845 3094 2074 3161 ipsumet
2099 3126 2142 3184 ο

521 3181 704 3247 verba,
739 3181 822 3238 vel
852 3183 1032 3252 potius
1069 3183 1218 3239 locos
1270 3182 1567 3253 Scriptura;
1596 3183 1824 3254 profert,
1862 3184 1915 3237 in
1948 3184 2069 3253 qui-

522 3272 624 3329 bus
645 3273 1094 3343 evangelistarum
1126 3274 1354 3345 quilibet
1379 3275 1447 3330 de
1474 3275 1874 3330 resurrectione
1891 3274 2072 3328 Domi-

520 3364 643 3421 nica
671 3365 936 3434 loquitur,
968 3381 1034 3421 ac
1060 3382 1179 3420 eam
1212 3383 1333 3436 quae
1374 3367 1515 3422 inter
1539 3367 1689 3438 ipsos
1719 3367 1933 3421 videtur
1958 3381 2076 3421 esse

518 3456 939 3528 discrepantiam
984 3460 1283 3529 componit.
1326 3458 1501 3529 Atque
1546 3459 1611 3514 ad
1649 3458 1928 3523 haec:Qui
1955 3457 2077 3529 qui-

521 3545 643 3602 dem
687 3557 810 3603 ante
852 3549 1030 3604 noctis
1051 3550 1286 3604 medium
1338 3550 1560 3606 solvunt
1588 3550 1880 3619 jejunium,
1910 3551 2076 3605 veluti

524 3648 925 3710 contemptores
993 3642 1523 3712 intemperantesque
1593 3642 2078 3712 reprehendimus,

525 3731 721 3801 quippe
768 3733 1023 3802 exiguum
1057 3733 1122 3788 ad
1151 3742 1362 3803 tempus
1409 3733 1606 3803 jejunii
1635 3748 1859 3788 cursum
1884 3733 2079 3787 dissol~

526 3830 656 3876 vunt
679 3838 692 3888 ;
719 3823 959 3890 quivere
974 3825 1041 3876 ad
1066 3833 1315 3893 quartam
1342 3839 1513 3893 usque
1546 3824 1806 3894 vigiliam,
1843 3825 1943 3878 hoc
1976 3835 2078 3890 est,

525 3912 852 3967 matutinum
900 3919 1113 3983 tempus
1149 3915 1361 3970 fortiter
1418 3916 1711 3978 abstinent,
1744 3931 1840 3970 eos
1884 3915 2082 3984 proba-

526 4017 649 4058 mus
671 4020 685 4056 :
706 4004 751 4060 si
782 4005 874 4072 qui
907 4021 1036 4058 vero
1067 4019 1188 4076 post
1221 4005 1453 4060 mediam
1489 4017 1703 4062 noctem
1739 4010 2080 4074 quieverunt,

525 4095 629 4151 hoc
651 4103 736 4151 est
761 4096 1100 4151 amictionem
1121 4113 1183 4153 ex
1215 4098 1423 4168 jejunio
1451 4096 1745 4167 profectam
1776 4107 1833 4152 ut
1863 4108 2083 4166 patuere

525 4189 868 4256 sedavcrunt,
891 4191 978 4253 iis,
1000 4190 1192 4260 inquit,
1221 4189 1356 4244 nihil
1379 4190 1590 4246 molesti
1617 4190 1819 4258 simus;
1851 4191 2083 4256 liocest,

525 4279 661 4334 nihil
697 4289 782 4337 est
819 4282 964 4352 quod
995 4296 1112 4349 eos,
1143 4282 1273 4351 quia
1310 4296 1415 4335 non
1452 4283 1517 4335 ad
1557 4282 1879 4336 matutinum
1914 4296 2086 4350 usque

524 4380 740 4441 tempus
761 4372 1189 4440 perduraveriut,
1216 4387 1565 4429 accusemus:
1591 4372 1718 4441 quia
1750 4387 1842 4426 se:
1873 4386 2087 4442 quoque

2165 547 2410 602 τιοῦσθαι
2445 552 2554 613 τοῖς
2578 550 2764 603 κανόσι
2794 552 2906 613 τοῖς
2935 550 3318 623 διοριζομινοις
3347 551 3478 606 κατά
3503 552 3682 616 τας-κν»

2171 638 2471 709 ριωνύμους
2493 639 2566 710 μὴ
2597 639 2876 710 νηστεύειν
2897 643 3064 712 ἡμᾶς.
3096 641 3212 696 Κᾶν
3236 642 3343 715 γάρ
3360 644 3506 714 τρίτη
3529 640 3685 715 ἡμιρα

2166 730 2500 808 λογίζηταιη
2542 731 2900 803 κυριὼνυμος,
2934 732 3046 786 ἀλλ’
3079 734 3158 798 είς
3191 733 3349 806 μόνον
3383 735 3444 789 τὸ
3480 735 3688 805 ἅψασθαι

2164 819 2368 889 ταύτης
2407 819 2512 891 ,τὴν
2542 821 2837 892 τριήμερον
2883 821 3197 886 ἀνάστασιν,
3230 822 3491 891 λογίζεται
3531 823 3686 897 τρίτη·

2169 910 2357 983 πρώτη
2385 912 2492 983 γάρ
2537 913 2654 965 ἔστι
2673 928 2688 943 ο
2715 914 2811 967 καὶ
2839 912 3147 978 ἀκολούθως
3181 912 3259 984 τῷ
3291 912 3377 967 πθθ
3406 914 3574 968 κανόνι
3605 914 3690 985 τῆς

2168 1003 2226 1054 ἐν
2255 1001 2330 1072 τῷ
2361 1002 2613 1074 Τρούλλῳ
2641 1003 2877 1063 συνόδου,
2911 1003 3033 1073 λέγε
3064 1004 3170 1075 πρὸ
3200 1005 3296 1075 τῆς
3330 1003 3546 1076 ἑϐδόμης
3565 1003 3692 1076 ὥρας

2167 1093 2261 1146 τοῦ
2288 1093 2598 1165 νυκτερινοῦ
2629 1093 2905 1148 Σαϐϐάτου
2929 1095 3162 1163 ὀφείλειν
3203 1096 3348 1166 ἡμᾶς
3375 1096 3696 1166 ἀπονηστιζε-

2171 1182 2294 1236 σθαι
2323 1184 2379 1238 ἐν
2413 1184 2500 1256 οίᾳ
2527 1183 2647 1256 ὥρα
2677 1184 2891 1256 θελήσει
2928 1203 3014 1249 τις
3043 1186 3152 1240 τῶν
3186 1185 3246 1252 ἐξ
3284 1185 3508 1256 πρώτων
3539 1185 3696 1256 ὡρῶν,

2171 1272 2386 1339 πάντως
2421 1275 2563 1330 κατὰ
2587 1274 2684 1348 τὴν
2713 1276 2921 1330 οἰκείαν
2953 1275 3180 1348 δύναμιν
3211 1277 3307 1331 καὶ
3340 1276 3650 1349 προαίρεσιν.

2239 1454 2480 1508 ΖΩΝΛΡ.
2523 1455 2666 1527 Πρὸς
2695 1455 2755 1510 τὸ
2789 1454 3046 1528 ἐρώτημα
3073 1439 3229 1510 τοῦτο
3269 1457 3432 1527 φησὶν
3469 1459 3498 1510 ό
3522 1457 3704 1528 ἐρωτη-

2170 1544 2304 1609 θεὶς,
2333 1545 2432 1598 ὅτι·
2470 1542 2764 1616 Ἐξῄτησας
2784 1544 2987 1617 ἀκριδῆ
3019 1545 3147 1618 δρον
3187 1545 3517 1615 ἐπιτεθῆναι,
3554 1544 3701 1614 {mm

2171 1636 2372 1704 κανόνα
2396 1638 2490 1692 καὶ
2517 1636 2686 1691 τύπον
2703 1638 3005 1710 ὁρισθῆναι,
3040 1639 3135 1692 καὶ
3160 1636 3554 1710 σαφηνισθῆναι
3569 1639 3708 1707 ἀκριν

2172 1725 2282 1792 δῶς
2312 1726 2410 1799 τὴν
2465 1725 2614 1801 ὥραν
2654 1729 2751 1799 τῆς
2790 1729 3141 1794 ἀναστάσεως
3167 1728 3276 1792 ,τοῦ
3325 1729 3551 1800 Κυρίου,
3591 1729 3710 1798 ὅπερ

2170 1817 2263 1870 καὶ
2286 1815 2540 1870 δύσκολον
2575 1816 2671 1870 καὶ
2711 1817 2975 1888 σφαλερόν
3007 1819 3154 1871 ἐστιν
3173 1835 3193 1865 ⁸.
3220 1819 3302 1872 ὅτι
3337 1818 3440 1890 μιν
3466 1817 3568 1891 γὰρ
3593 1817 3712 1889 μετὰ

2170 1907 2231 1960 τὸ
2251 1906 2547 1978 ἀναστῆναι
2577 1907 2670 1962 τὸν
2698 1907 2902 1980 Κύριον
2930 1908 3028 1979 τῆς
3048 1909 3242 1979 ἑορτῆς
3267 1908 3367 1978 τῆς
3391 1909 3712 1969 ἀναστάσεως

2169 1998 2432 2071 ἄρχεσθαι
2461 1998 2563 2062 δεί,
2596 1998 2700 2064 hoc;
2733 1997 2923 2052 τούτου
2965 1998 3344 2069 νηστεύοντας,
3383 1999 3480 2053 xui.
3518 1997 3606 2063 τὰς
3627 1998 3714 2068 ψ.)-

2170 2090 2270 2162 χάς
2298 2089 2470 2156 οὕτως
2503 2090 2908 2157 ταπεινοῦντας.
2953 2091 3020 2145 Ἦ
3063 2093 3173 2164 γὰρ
3213 2091 3299 2146 διὰ
3349 2092 3449 2162 τῆς
3489 2090 3716 2160 νηστείας

2169 2180 2494 2249 ταπείνωσις
2523 2182 2614 2238 τοῦ
2649 2181 2921 2254 σώματος,
2949 2183 3038 2236 διὰ
3066 2183 3164 2254 τὴν
3198 2183 3296 2254 τῆς
3331 2182 3511 2254 ψυχῆς
3545 2184 3715 2253 imm—

2167 2274 2381 2330 δεύεται
2412 2275 2768 2329 ταπείνωσιν
2815 2274 2890 2340 ὡς
2918 2275 3030 2346 εἴγε
3068 2275 3356 2347 ἐπηρμένη
3405 2275 3490 2346 είη
3520 2272 3609 2328 τοῦ
3634 2289 3717 2344 νηο

2171 2366 2450 2432 στεύοντος
2500 2369 2533 2437 ἡ
2575 2367 2743 2442 ψυχὴ,
2793 2367 3000 2440 ματαία
3049 2369 3084 2440 ἠ
3134 2365 3356 2438 νηστεία
3409 2366 3548 2430 ἐστὶ,
3581 2360 3721 2418 τοῦτο

2169 2457 2616 2530 ὁμολογούμενον.
2675 2456 2900 2526 Ὲπάγει
2943 2454 3000 2509 δὲ
3031 2456 3116 2510 ὃτι
3161 2455 3276 2510 ὅσοι
3323 2454 3465 2528 πρὸς
3505 2453 3565 2508 rb
3603 2469 3723 2524 μνη·

2175 2553 2324 2623 μείον
2352 2548 2612 2622 ἀπῆλθον.
2639 2549 2948 2604 ἀναστάντα
2975 2548 3074 2620 ηδη
3099 2541 3257 2621 εὖρον
3281 2547 3372 2600 τὸν
3407 2547 3604 2619 Κύριον
3621 2561 3634 2574 ⁸
3658 2543 3726 2616 μὴ

2171 2642 2476 2711 διαφωνεῖν,
2507 2642 2661 2712 φησὶ,
2692 2640 2787 2694 καὶ
2817 2638 3191 2696 ἐναντιοῦσθαι
3223 2639 3477 2710 ἀλλήλοις
3507 2636 3727 2708 δόᾂομιν

2170 2734 2297 2796 τοὺς
2327 2730 2736 2802 εὐαγγελιστάς,
2768 2732 2854 2785 ὅτι
2881 2729 3297 2803 συμφωνοῦντες
3336 2731 3468 2803 περὶ
3494 2730 3587 2801 τῆς
3611 2728 3726 2782 ἀναο

2173 2823 2413 2887 στάσεως
2443 2823 2520 2886 ὡς
2541 2824 2599 2876 ιν
2629 2822 2808 2894 ἐκείνη
2838 2825 2905 2894 τῇ
2932 2823 3089 2876 νυκτὶ
3117 2818 3210 2874 τοῦ
3239 2821 3454 2892 Κυρίου
3483 2818 3730 2875 ἀναστάν-

2175 2931 2285 2982 τος,
2327 2914 2426 2986 τὴν
2463 2913 2611 2987 ὥραν
2649 2912 2772 2968 καθ’
2804 2915 2872 2986 ἢν
2903 2913 3101 2983 ἀνέστη
3141 2909 3328 2979 σαφῶς
3369 2912 3454 2972 οὺ,
3479 2911 3728 2981 λέγουσιν.

2174 3004 2309 3064 Εἶτα
2350 3007 2444 3063 καὶ
2472 3006 2612 3061 αὐτὰ
2637 3006 2706 3060 τὰ
2749 3007 2970 3077 ῥήματα
3001 3004 3036 3078 ἢ
3086 3003 3283 3076 μᾶλλον
3322 3002 3394 3057 τὰ
3432 3002 3606 3075 χωρία
3644 2999 3732 3073 τῆς

2175 3099 2395 3172 Γραφῆς
2421 3098 2634 3169 τίθησιν
2650 3135 2670 3163 ,
2696 3097 2796 3152 ὅσα
2833 3097 3062 3159 ἕκαστος
3100 3096 3206 3150 τῶν
3235 3094 3629 3164 εὐαγγελιστῶν
3653 3090 3733 3145 λι-

2173 3211 2260 3264 γει
2283 3192 2530 3264 περὶτῆς
2553 3190 2904 3253 ἀναστάσεως
2925 3188 3019 3244 τοῦ
3044 3189 3270 3261 Κυρίου,
3298 3189 3394 3242 καὶ
3424 3182 3732 3260 συμσιδάζει

2174 3283 2269 3355 τὴν
2318 3280 2577 3336 δοκοῦσαν
2630 3279 2924 3348 διαφωνίαν
2981 3278 3178 3332 αὐτῶν.
3233 3279 3342 3331 Καὶ
3391 3279 3488 3330 ἐπὶ
3545 3277 3736 3337 τούτοις

2175 3375 2300 3438 τοὺς
2331 3372 2428 3444 μὲν
2463 3371 2570 3443 πρὸ
2593 3369 2686 3423 τού
2718 3368 3071 3441 μεσονυκτίου
3105 3366 3329 3430 λύοντας
3356 3367 3459 3437 τὴν
3479 3365 3736 3439 νηστείαν,

2173 3466 2248 3528 ὡς
2273 3463 2564 3535 ὀλιγώρους
2592 3463 2684 3516 καὶ
2709 3462 2985 3534 ἀκρατεῖς,
3017 3460 3168 3531 φησι,
3194 3458 3549 3531 μεμφόμεθα,
3581 3457 3652 3521 ὡς
3676 3454 3739 3511 δι’

2175 3555 2360 3626 ὀλίγην
2386 3553 2533 3625 ὥραν
2577 3553 2667 3607 τὸν
2695 3551 2892 3624 δρόμον
2930 3549 3030 3619 τῆς
3068 3548 3317 3619 νηστείας
3351 3545 3734 3607 καταλύοντας·

2178 3646 2303 3710 τοὺς
2331 3643 2386 3698 δὲ
2424 3643 2581 3716 μέχρι
2606 3641 2866 3714 τετάρτης
2888 3639 3154 3711 φυλακῆς,
3183 3638 3298 3708 ἦτοι
3329 3636 3533 3710 ὄρθρου
3557 3638 3743 3706 ἐγκαρ-

2178 3737 2468 3810 τεροῦντας
2503 3734 2894 3806 ἀποδεχόμεθα.
2939 3735 3002 3787 El
3041 3732 3098 3785 δέ.
3128 3748 3272 3796 τινες
3321 3730 3465 3801 μετὰ
3502 3729 3562 3783 τὸ
3596 3743 3742 3800 μεσο-

2181 3830 2393 3883 νύκτιον
2439 3827 2838 3889 ἀνεπαύσαντο,
2887 3826 3052 3897 ἦγουν
3094 3823 3192 3895 τὴν
3248 3819 3622 3875 κακοπάθειαν
3653 3817 3740 3888 τὴν

2182 3923 2247 3974 ὲκ
2292 3921 2388 3990 τῆς
2429 3919 2683 3992 νηστείας
2725 3918 2967 3971 ἔπαυσαν
3012 3915 3086 3978 ὡς
3127 3913 3494 3984 ἠδυνήθησαν,
3527 3908 3740 3970 τούτοις,

2183 4008 2338 4079 φησὶ,
2372 4009 2446 4080 μὴ
2473 4007 2774 4078 ἐνοχλῶμεν
2808 4006 2951 4076 (ἀντὶ
2971 4004 3090 4068 τοῦ,
3124 4003 3197 4076 μὴ
3225 4004 3306 4057 ὅτι
3338 4002 3449 4064 ἕως
3485 3998 3628 4072 πρωῒ
3655 3997 3747 4052 οὐκ

2182 4100 2556 4173 ἐκαρτέρησαν
2583 4096 2882 4167 αἰτιώμεθα
2906 4097 3144 4162 αὑτοὺς),
3169 4097 3248 4148 ὅτι
3271 4093 3391 4147 οὐδὲ
3417 4092 3518 4156 τὰς
3543 4091 3601 4157 ἒξ
3626 4086 3748 4159 qua.

2185 4207 2285 4262 ρας
2328 4190 2427 4259 τῆς
2458 4188 2551 4242 τοῦ
2601 4187 2805 4251 πάθους
2846 4185 2939 4239 τοῦ
2981 4185 3186 4257 Κυρίου
3225 4182 3522 4253 ἑῦδομὰδος
3562 4178 3746 4238 πάντες

2182 4280 2382 4352 ὁμοίως
2414 4280 2694 4334 ἀνύουσιν·
2738 4280 2788 4331 oi
2826 4277 2924 4348 μὲν
2963 4277 3072 4349 γὰρ
3117 4275 3216 4338 τὰς
3248 4264 3430 4337 τὲἀσας
3474 4268 3749 4344 νηστεύου-

2187 4389 2291 4436 σιν,
2323 4371 2372 4424 οἱ
2399 4370 2457 4424 δὲ
2481 4371 2574 4424 δύο
2605 4369 2637 4439 ἢ
2669 4370 2838 4438 τρεῖς,
2877 4368 2928 4421 ci
2961 4367 3020 4421 δὲ
3052 4365 3288 4428 πλείους,
3318 4364 3368 4417 oi
3393 4364 3452 4418 δὲ
3484 4360 3746 4432 οὐδεμίαν.

524 4460 644 4518 dies
668 4461 787 4532 ejus
823 4462 1172 4518 hebdomade
1200 4479 1307 4533 qua
1336 4479 1530 4533 passus
1558 4473 1640 4518 est
1665 4461 1945 4530 Dominus,
1974 4478 2080 4517 non

2188 4461 2312 4523 Τοῖς
2345 4454 2438 4513 οὖν
2466 4459 2559 4512 ἐπὶ
2590 4457 2802 4522 πλείους
2837 4455 3051 4529 ἡμέρας
3087 4453 3409 4527 νηστεύσασι
3443 4455 3543 4507 καὶ
3573 4448 3753 4506 mdo

530 4569 719 4612 omnes
761 4556 953 4610 eodem
995 4557 1158 4610 modo
1209 4556 1537 4626 transigunt.
1571 4552 1703 4610 Nam
1747 4555 1835 4608 alii
1867 4554 2084 4624 quidem

525 4659 719 4700 omnes
754 4647 1022 4717 jejunant,
1075 4648 1167 4701 alii
1223 4663 1354 4702 vero
1387 4647 1545 4715 duos,
1586 4655 1785 4710 tresve,
1817 4647 1906 4700 alii
1963 4662 2088 4703 vero

528 4737 732 4809 plures,
758 4739 848 4792 alii
877 4755 1039 4808 porro
1063 4754 1130 4794 ne
1178 4754 1344 4794 unum
1372 4737 1610 4808 quidem.
1643 4735 1713 4790 lis
1742 4751 1871 4806 ergo
1897 4736 1991 4805 qui
2022 4737 2089 4791 ad

527 4826 713 4896 plures
739 4830 854 4884 dies
884 4830 1290 4900 jejunaverunt,
1315 4829 1658 4900 ampliusque
1686 4825 2088 4891 laboraverunt,

530 4917 579 4972 si
629 4919 790 4973 citius
830 4923 1006 4974 cibum
1059 4921 1433 4990 degustarint,
1472 4918 1826 4992 ignoscimus.
1886 4916 1942 4970 Si
1997 4917 2092 4988 qui

531 5021 662 5061 vero
685 5023 790 5060 non
817 5010 974 5063 modo
999 5011 1116 5063 dies
1169 5011 1375 5080 aliquot
1407 5012 1549 5067 haud
1581 5010 1921 5082 jejunarunt,
1957 5010 2088 5080 quin

531 5098 715 5168 potius
750 5099 870 5153 aliis
913 5111 1146 5168 quatuor
1184 5102 1536 5158 hebdomadas
1582 5104 1776 5157 diebus
1807 5103 2092 5156 luxuriose

533 5190 805 5253 vixerunt,
841 5192 892 5242 in
927 5189 1225 5244 Parasceve
1264 5200 1441 5245 autem
1490 5201 1544 5246 et
1602 5193 1838 5247 Sabbato
1881 5207 1908 5245 a
1969 5193 2092 5246 cibo

534 5281 934 5347 abstinuerunt,
976 5297 1039 5336 ac
1068 5297 1321 5352 magnum
1348 5283 1603 5351 quiddam
1643 5283 1823 5338 facere
1863 5299 1920 5338 se
1947 5282 2106 5336 arbi-.

539 5384 746 5426 trantur
800 5375 842 5429 si
892 5389 1063 5442 usque
1117 5371 1180 5426 ad
1246 5374 1564 5428 inatutinam
1607 5376 1794 5430 horam
1836 5373 1943 5428 diei
2000 5374 2092 5442 qui

536 5466 938 5524 resurrecucue
995 5481 1148 5520 sacer
1200 5475 1303 5533 est,
1348 5465 1520 5535 jejuni
1576 5474 1939 5536 perseverent,
1986 5480 2092 5520 non

2191 4566 2312 4604 σασι
2353 4547 2550 4619 μᾶλλον
2583 4550 2632 4600 εί
2659 4546 2950 4618 ταχύτερον
2983 4544 3263 4613 γεύσονται
3290 4544 3502 4615 τροφῆς
3527 4536 3748 4610 συγγνῶ-

2194 4656 2309 4709 μεν.
2338 4639 2400 4691 Εί
2441 4636 2497 4690 δέ
2531 4654 2674 4700 τινες
2704 4637 2764 4688 ού
2791 4636 2946 4706 μόνον
2980 4635 3066 4704 ἐφ’
3086 4635 3298 4705 ἡμέρας
3325 4633 3480 4698 τινὰς
3516 4633 3616 4685 οὐκ
3641 4628 3750 4697 svi)-

2193 4749 2442 4792 στευσαν,
2485 4729 2621 4784 ἀλλὰ
2673 4729 2767 4782 καὶ
2807 4715 3121 4798 ἐτρύφησαν
3173 4725 3273 4790 τὰς
3321 4725 3521 4796 ἐτέρας
3569 4723 3750 4776 τέσσα-

2195 4840 2292 4894 ρας
2338 4823 2438 4894 τῆς
2499 4819 2784 4891 ἑδδομάδος
2855 4817 3108 4890 ἡμέρας,
3169 4816 3314 4894 κατά
3371 4816 3428 4870 δὲ
3491 4817 3592 4886 τὴν
3651 4815 3752 4868 Πα-

2196 4893 2463 4987 ρασκευὴν
2524 4913 2616 4965 καὶ
2669 4913 2727 4965 τὸ
2778 4909 3051 4964 Σάδδατον
3097 4893 3400 4980 ἀπέσχοντο
3466 4907 3717 4981 βρώσεως
3733 4941 3751 4970 ,

2195 5007 2289 5062 καὶ
2321 5007 2463 5077 μέγα
2490 5021 2542 5058 τι
2574 5007 2745 5057 ποιεῖν
2783 5002 3112 5074 νομίζουσιν,
3143 5002 3191 5055 εί
3223 5001 3382 5072 μέχρι
3417 5001 3629 5073 πρωῖας
3661 4997 3752 5067 τῆς

2194 5098 2565 5169 ἀναστασίμου
2594 5096 2803 5168 ἡμέρας
2827 5095 3328 5166 ὲγκαρτερήσουσιν
3353 5094 3550 5154 ἄσιτοι,
3585 5090 3644 5145 οὐ
3666 5088 3754 5160 τὴν

2194 5192 2385 5262 ὁμοίαν
2413 5189 2635 5260 ἄθλησιν
2663 5185 2967 5239 ποιοῦνταν
2995 5185 3292 5248 τουτέστιν,
3325 5185 3420 5254 οὐχ
3447 5183 3649 5255 ὁμοίως
3669 5195 3749 5234 κε·

2198 5282 2494 5336 κοπιάκασι
2546 5281 2660 5341 τοῖς
2699 5276 2950 5338 πλειόνας
2989 5276 3208 5346 ἡμέρας
3248 5276 3543 5344 ἀσκήσασι.
3593 5269 3752 5324 Καὶό

2200 5372 2287 5426 πθί
2342 5371 2519 5425 κανὼν
2548 5370 2647 5439 τῆς
2692 5369 2744 5433 ς’
2781 5369 3029 5430 συνόδου,
3075 5367 3202 5437 ’περί¹
3240 5365 3407 5435 μέσας
3439 5363 3640 5422 νύκτας
3668 5356 3754 5412 τοῦ

2207 5464 2438 5536 μεγάλου
2487 5459 2760 5514 Σαϐϐάτου
2810 5460 2940 5528 φησὶ
2986 5459 3095 5510 δεῖν
3144 5453 3617 5526 ἀπονηστίζεσθαι,
3665 5452 3756 5513 τὰς

537 5559 739 5622 simile,
779 5558 973 5628 inquit,
1018 5569 1292 5615 certamen
1345 5560 1794 5629 perﬁciuntzhoc
1843 5569 1945 5621 est,
1988 5574 2080 5612 nor

2204 5554 2366 5618 ἄλλας
2393 5552 2602 5624 ἡμέρας
2646 5550 2743 5619 τῆς
2776 5550 3065 5620 ἑϐδομάδος
3092 5546 3185 5600 τοῦ
3220 5546 3421 5607 πάθους
3451 5547 3511 5596 ἐν
3548 5539 3756 5613 νηστείᾳ

543 5650 748 5720 pariter
774 5652 1111 5712 laborarunt,
1141 5652 1204 5706 iis
1234 5650 1326 5719 qui
1361 5666 1418 5704 se
1466 5651 1713 5719 pluribus
1739 5648 2096 5717 diebusjeju—

2207 5647 2300 5699 καὶ
2335 5644 2606 5716 προσευχῇ
2639 5643 2730 5693 καὶ
2764 5639 3049 5704 κατανύξει
3080 5636 3378 5703 διάγοντας.

545 5759 636 5798 mo
665 5755 1044 5802 exercuerunt.
1077 5743 1264 5800 Nonus
1285 5760 1506 5813 quoque
1534 5760 1694 5812 supra
1719 5745 2105 5812 octogesimum
2144 5751 2307 5795 sextae
2353 5736 2542 5808 synodi
2596 5751 2790 5804 canon,
2829 5732 3041 5786 circiter
3068 5729 3297 5784 mediam
3332 5724 3508 5796 magni
3541 5717 3754 5778 Sabbati
