  <div class='ocr_page' id='page_1' title='image "/cluster/home/n/w/nwhite01/storage/ocr_20150623/138/hvd.32044073502544/243.png"; bbox 0 0 4028 6184; ppageno 0'>
   <div class='ocr_carea' id='block_1_1' title="bbox 465 308 571 372">
    <p class='ocr_par' dir='ltr' id='par_1_1' title="bbox 465 308 571 372">
     <span class='ocr_line' id='line_1_1' title="bbox 465 308 571 372; baseline 0.009 -1"><span class='ocrx_word' id='word_1_1' title='bbox 465 308 571 372; x_wconf 73' lang='grc'><strong>475</strong></span> 
     </span>
    </p>
   </div>
   <div class='ocr_carea' id='block_1_2' title="bbox 1751 306 2478 373">
    <p class='ocr_par' dir='ltr' id='par_1_2' title="bbox 1751 306 2478 373">
     <span class='ocr_line' id='line_1_2' title="bbox 1751 306 2478 373; baseline 0.004 -6"><span class='ocrx_word' id='word_1_2' title='bbox 1751 306 2034 370; x_wconf 80' lang='grc' dir='ltr'><strong>ΤΗΕΟΙ).</strong></span> <span class='ocrx_word' id='word_1_3' title='bbox 2077 307 2478 373; x_wconf 81' lang='lat' dir='ltr'><strong>BALSAMON</strong></span> 
     </span>
    </p>
   </div>
   <div class='ocr_carea' id='block_1_3' title="bbox 3557 315 3651 382">
    <p class='ocr_par' dir='ltr' id='par_1_3' title="bbox 3557 315 3651 382">
     <span class='ocr_line' id='line_1_3' title="bbox 3557 315 3651 382; baseline 0.021 -2"><span class='ocrx_word' id='word_1_4' title='bbox 3557 315 3651 382; x_wconf 78' lang='grc'><strong>476</strong></span> 
     </span>
    </p>
   </div>
   <div class='ocr_carea' id='block_1_4' title="bbox 483 476 3633 518">
    <p class='ocr_par' dir='ltr' id='par_1_4' title="bbox 483 476 3633 518">
     <span class='ocr_line' id='line_1_4' title="bbox 483 476 3633 518; baseline 0.002 -9"><span class='ocrx_word' id='word_1_5' title='bbox 483 476 3633 518; x_wconf 54' lang='lat' dir='ltr'><strong>Mm</strong></span> 
     </span>
    </p>
   </div>
   <div class='ocr_carea' id='block_1_5' title="bbox 1316 618 2817 903">
    <p class='ocr_par' dir='ltr' id='par_1_5' title="bbox 1316 618 2817 903">
     <span class='ocr_line' id='line_1_5' title="bbox 1316 618 2817 903; baseline -0.005 -1"><span class='ocrx_word' id='word_1_6' title='bbox 1316 715 2085 903; x_wconf 87' lang='lat' dir='ltr'><strong>SANCTI</strong></span> <span class='ocrx_word' id='word_1_7' title='bbox 2170 618 2817 898; x_wconf 79' lang='lat' dir='ltr'><strong>PETRI</strong></span> 
     </span>
    </p>
   </div>
   <div class='ocr_carea' id='block_1_6' title="bbox 897 1053 3260 1152">
    <p class='ocr_par' dir='ltr' id='par_1_6' title="bbox 897 1053 3260 1152">
     <span class='ocr_line' id='line_1_6' title="bbox 897 1053 3260 1152; baseline -0.001 -3"><span class='ocrx_word' id='word_1_8' title='bbox 897 1053 1438 1152; x_wconf 86' lang='lat' dir='ltr'><strong>EPISCOPI</strong></span> <span class='ocrx_word' id='word_1_9' title='bbox 1511 1055 2342 1148; x_wconf 80' lang='lat' dir='ltr'><strong>ALEXANDRINI</strong></span> <span class='ocrx_word' id='word_1_10' title='bbox 2421 1056 2570 1146; x_wconf 89' lang='lat' dir='ltr'><strong>ET</strong></span> <span class='ocrx_word' id='word_1_11' title='bbox 2639 1053 3260 1147; x_wconf 79' lang='lat' dir='ltr'><strong>MARTYRIS</strong></span> 
     </span>
    </p>
   </div>
   <div class='ocr_carea' id='block_1_7' title="bbox 1319 1225 2882 1439">
    <p class='ocr_par' dir='ltr' id='par_1_7' title="bbox 1319 1225 2882 1439">
     <span class='ocr_line' id='line_1_7' title="bbox 1319 1225 2882 1439; baseline -0.001 -34"><span class='ocrx_word' id='word_1_12' title='bbox 1319 1225 2010 1410; x_wconf 89' lang='lat' dir='ltr'><strong>EPISTOLA</strong></span> <span class='ocrx_word' id='word_1_13' title='bbox 2101 1288 2882 1439; x_wconf 84' lang='lat' dir='ltr'><strong>CANONICA,</strong></span> 
     </span>
    </p>
   </div>
   <div class='ocr_carea' id='block_1_8' title="bbox 531 1693 3613 1772">
    <p class='ocr_par' dir='ltr' id='par_1_8' title="bbox 531 1693 3613 1772">
     <span class='ocr_line' id='line_1_8' title="bbox 531 1693 3613 1772; baseline 0.004 -23"><span class='ocrx_word' id='word_1_14' title='bbox 531 1699 619 1767; x_wconf 81' lang='lat'><strong>(8.</strong></span> <span class='ocrx_word' id='word_1_15' title='bbox 643 1698 786 1753; x_wconf 83' lang='lat' dir='ltr'><strong>Petri</strong></span> <span class='ocrx_word' id='word_1_16' title='bbox 806 1697 1129 1752; x_wconf 70' lang='lat' dir='ltr'><strong>Alexandrini</strong></span> <span class='ocrx_word' id='word_1_17' title='bbox 1148 1698 1370 1772; x_wconf 79' lang='lat' dir='ltr'><strong>Canones</strong></span> <span class='ocrx_word' id='word_1_18' title='bbox 1398 1693 1844 1772; x_wconf 58' lang='lat' dir='ltr'><strong>poapevemgium</strong></span> <span class='ocrx_word' id='word_1_19' title='bbox 1861 1695 2017 1772; x_wconf 65' lang='lat' dir='ltr'><strong>edidit</strong></span> <span class='ocrx_word' id='word_1_20' title='bbox 2043 1695 2516 1772; x_wconf 37' lang='lat' dir='ltr'><strong>_Ang.‘lai..8piril.</strong></span> <span class='ocrx_word' id='word_1_21' title='bbox 2554 1701 2688 1772; x_wconf 48' lang='lat' dir='ltr'><strong>Eam.</strong></span> <span class='ocrx_word' id='word_1_22' title='bbox 2721 1710 2806 1772; x_wconf 50' lang='grc' dir='ltr'>ιιι,</span> <span class='ocrx_word' id='word_1_23' title='bbox 2839 1699 2955 1772; x_wconf 45' lang='grc' dir='ltr'>ιιιε</span> <span class='ocrx_word' id='word_1_24' title='bbox 2972 1728 3034 1739; x_wconf 92' lang='grc'><strong><em>-</em></strong></span> <span class='ocrx_word' id='word_1_25' title='bbox 3053 1700 3127 1753; x_wconf 80' lang='lat' dir='ltr'><strong>Ex</strong></span> <span class='ocrx_word' id='word_1_26' title='bbox 3153 1705 3300 1756; x_wconf 82' lang='lat' dir='ltr'><strong>variis</strong></span> <span class='ocrx_word' id='word_1_27' title='bbox 3330 1703 3613 1761; x_wconf 75' lang='lat' dir='ltr'><strong>lectionibus</strong></span> 
     </span>
    </p>
   </div>
   <div class='ocr_carea' id='block_1_9' title="bbox 612 1760 2959 1827">
    <p class='ocr_par' dir='ltr' id='par_1_9' title="bbox 612 1760 2959 1827">
     <span class='ocr_line' id='line_1_9' title="bbox 612 1760 2959 1827; baseline 0 -17"><span class='ocrx_word' id='word_1_28' title='bbox 612 1784 614 1786; x_wconf 60' lang='grc' dir='ltr'><strong>τ</strong></span> <span class='ocrx_word' id='word_1_29' title='bbox 1233 1760 1450 1824; x_wconf 77' lang='lat' dir='ltr'><strong>potiores</strong></span> <span class='ocrx_word' id='word_1_30' title='bbox 1469 1760 1773 1820; x_wconf 70' lang='lat' dir='ltr'><strong>admisimus;</strong></span> <span class='ocrx_word' id='word_1_31' title='bbox 1802 1760 2019 1822; x_wconf 79' lang='lat' dir='ltr'><strong>reliquas</strong></span> <span class='ocrx_word' id='word_1_32' title='bbox 2042 1762 2201 1810; x_wconf 82' lang='lat' dir='ltr'><strong>textui</strong></span> <span class='ocrx_word' id='word_1_33' title='bbox 2224 1760 2535 1824; x_wconf 64' lang='lat' dir='ltr'><strong>subjec&#39;imus.</strong></span> <span class='ocrx_word' id='word_1_34' title='bbox 2565 1764 2694 1813; x_wconf 78' lang='lat' dir='ltr'><strong>Em.</strong></span> <span class='ocrx_word' id='word_1_35' title='bbox 2720 1762 2959 1827; x_wconf 67' lang='lat' dir='ltr'><strong>Panos.)</strong></span> 
     </span>
    </p>
   </div>
   <div class='ocr_carea' id='block_1_10' title="bbox 467 2057 2050 2123">
    <p class='ocr_par' dir='ltr' id='par_1_10' title="bbox 467 2057 2024 2118">
     <span class='ocr_line' id='line_1_10' title="bbox 467 2057 2024 2118; baseline -0.004 0"><span class='ocrx_word' id='word_1_36' title='bbox 467 2058 694 2118; x_wconf 76' lang='lat' dir='ltr'><strong>BEATI</strong></span> <span class='ocrx_word' id='word_1_37' title='bbox 765 2057 986 2115; x_wconf 83' lang='lat' dir='ltr'><strong>PETRI</strong></span> <span class='ocrx_word' id='word_1_38' title='bbox 1047 2057 1634 2116; x_wconf 78' lang='lat' dir='ltr'><strong>ARCHIEPISCOPI</strong></span> <span class='ocrx_word' id='word_1_39' title='bbox 1692 2057 2024 2117; x_wconf 77' lang='lat' dir='ltr'><strong>ALEXAN-</strong></span> 
     </span>
    </p>
   </div>
   <div class='ocr_carea' id='block_1_11' title="bbox 2121 2057 3670 2123">
    <p class='ocr_par' dir='ltr' id='par_1_11' title="bbox 2131 2062 3670 2123">
     <span class='ocr_line' id='line_1_11' title="bbox 2131 2062 3670 2123; baseline 0.005 -8"><span class='ocrx_word' id='word_1_40' title='bbox 2131 2062 2252 2115; x_wconf 81' lang='lat' dir='ltr'><strong>mr</strong></span> <span class='ocrx_word' id='word_1_41' title='bbox 2303 2063 2674 2116; x_wconf 74' lang='grc' dir='ltr'><strong>ΜΑΚᾹΡΙΟΥ</strong></span> <span class='ocrx_word' id='word_1_42' title='bbox 2719 2064 3317 2119; x_wconf 78' lang='grc' dir='ltr'><strong>ΑΡΧΙΕΠΙΣΚΟΠΟΥ</strong></span> <span class='ocrx_word' id='word_1_43' title='bbox 3370 2068 3670 2123; x_wconf 78' lang='grc' dir='ltr'><strong>ΑΛΕΞΑΝ-</strong></span> 
     </span>
    </p>
   </div>
   <div class='ocr_carea' id='block_1_12' title="bbox 537 2127 2021 2195">
    <p class='ocr_par' dir='ltr' id='par_1_12' title="bbox 537 2127 2021 2195">
     <span class='ocr_line' id='line_1_12' title="bbox 537 2127 2021 2195; baseline -0.002 -9"><span class='ocrx_word' id='word_1_44' title='bbox 537 2129 758 2186; x_wconf 78' lang='lat' dir='ltr'><strong><em>DRINI</em></strong></span> <span class='ocrx_word' id='word_1_45' title='bbox 830 2130 923 2184; x_wconf 81' lang='lat' dir='ltr'><em>ET</em></span> <span class='ocrx_word' id='word_1_46' title='bbox 974 2128 1366 2186; x_wconf 68' lang='grc' dir='ltr'><strong>’ΠΑητγιιιε</strong></span> <span class='ocrx_word' id='word_1_47' title='bbox 1432 2127 1822 2186; x_wconf 79' lang='lat' dir='ltr'><strong>CANONES.</strong></span> <span class='ocrx_word' id='word_1_48' title='bbox 1889 2128 2021 2195; x_wconf 81' lang='lat' dir='ltr'><strong>QUI</strong></span> 
     </span>
    </p>
   </div>
   <div class='ocr_carea' id='block_1_13' title="bbox 539 2197 2028 2328">
    <p class='ocr_par' dir='ltr' id='par_1_13' title="bbox 539 2197 2028 2328">
     <span class='ocr_line' id='line_1_13' title="bbox 542 2197 2028 2259; baseline -0.002 -3"><span class='ocrx_word' id='word_1_49' title='bbox 542 2197 937 2256; x_wconf 76' lang='lat' dir='ltr'><strong>FERUNTUR</strong></span> <span class='ocrx_word' id='word_1_50' title='bbox 982 2199 1066 2256; x_wconf 80' lang='lat' dir='ltr'><strong>IN</strong></span> <span class='ocrx_word' id='word_1_51' title='bbox 1104 2199 1468 2259; x_wconf 70' lang='lat' dir='ltr'><strong>SERJIONE</strong></span> <span class='ocrx_word' id='word_1_52' title='bbox 1517 2199 1694 2254; x_wconf 83' lang='lat' dir='ltr'><strong>EJUS</strong></span> <span class='ocrx_word' id='word_1_53' title='bbox 1736 2199 1829 2253; x_wconf 85' lang='lat' dir='ltr'><strong>DE</strong></span> <span class='ocrx_word' id='word_1_54' title='bbox 1869 2199 2028 2254; x_wconf 70' lang='lat' dir='ltr'><strong>PlE-</strong></span> 
     </span>
     <span class='ocr_line' id='line_1_14' title="bbox 539 2270 934 2328; baseline 0.008 -4"><span class='ocrx_word' id='word_1_55' title='bbox 539 2270 934 2328; x_wconf 80' lang='grc' dir='ltr'><strong>ΝΙΤΕΝΤΙΑ.</strong></span> 
     </span>
    </p>
   </div>
   <div class='ocr_carea' id='block_1_14' title="bbox 1023 2444 1391 2516">
    <p class='ocr_par' dir='ltr' id='par_1_14' title="bbox 1023 2444 1391 2516">
     <span class='ocr_line' id='line_1_15' title="bbox 1023 2444 1391 2516; baseline -0.011 0"><span class='ocrx_word' id='word_1_56' title='bbox 1023 2444 1322 2516; x_wconf 69' lang='grc' dir='ltr'><strong>εωΝοΝ</strong></span> <span class='ocrx_word' id='word_1_57' title='bbox 1348 2455 1391 2514; x_wconf 86' lang='lat' dir='ltr'><strong>t.</strong></span> 
     </span>
    </p>
   </div>
   <div class='ocr_carea' id='block_1_15' title="bbox 542 2547 2027 2620">
    <p class='ocr_par' dir='ltr' id='par_1_15' title="bbox 542 2547 2027 2620">
     <span class='ocr_line' id='line_1_16' title="bbox 542 2547 2027 2620; baseline 0.002 -19"><span class='ocrx_word' id='word_1_58' title='bbox 542 2568 562 2601; x_wconf 86' lang='lat'><strong>1</strong></span> <span class='ocrx_word' id='word_1_59' title='bbox 607 2547 873 2616; x_wconf 83' lang='lat' dir='ltr'><strong>Quoniam</strong></span> <span class='ocrx_word' id='word_1_60' title='bbox 904 2556 1086 2605; x_wconf 89' lang='lat' dir='ltr'><strong>autem</strong></span> <span class='ocrx_word' id='word_1_61' title='bbox 1129 2555 1384 2620; x_wconf 89' lang='lat' dir='ltr'><strong>quartum</strong></span> <span class='ocrx_word' id='word_1_62' title='bbox 1439 2548 1646 2606; x_wconf 81' lang='lat' dir='ltr'><strong>Pascha</strong></span> <span class='ocrx_word' id='word_1_63' title='bbox 1689 2550 2027 2619; x_wconf 57' lang='lat' dir='ltr'><strong>persecutis.</strong></span> 
     </span>
    </p>
   </div>
   <div class='ocr_carea' id='block_1_16' title="bbox 469 2638 2022 2713">
    <p class='ocr_par' dir='ltr' id='par_1_16' title="bbox 469 2638 2022 2713">
     <span class='ocr_line' id='line_1_17' title="bbox 469 2638 2022 2713; baseline 0.002 -23"><span class='ocrx_word' id='word_1_64' title='bbox 469 2656 490 2690; x_wconf 86' lang='lat'><strong>1</strong></span> <span class='ocrx_word' id='word_1_65' title='bbox 537 2654 658 2695; x_wconf 85' lang='lat' dir='ltr'><strong>nem</strong></span> <span class='ocrx_word' id='word_1_66' title='bbox 682 2640 794 2710; x_wconf 84' lang='lat' dir='ltr'><strong>jam</strong></span> <span class='ocrx_word' id='word_1_67' title='bbox 822 2638 1196 2713; x_wconf 83' lang='lat' dir='ltr'><strong>apprehendit,</strong></span> <span class='ocrx_word' id='word_1_68' title='bbox 1231 2639 1364 2696; x_wconf 85' lang='lat' dir='ltr'><strong>satis</strong></span> <span class='ocrx_word' id='word_1_69' title='bbox 1396 2647 1479 2696; x_wconf 87' lang='lat' dir='ltr'><strong>est</strong></span> <span class='ocrx_word' id='word_1_70' title='bbox 1530 2642 1585 2695; x_wconf 82' lang='lat' dir='ltr'><strong>in</strong></span> <span class='ocrx_word' id='word_1_71' title='bbox 1628 2641 1697 2696; x_wconf 89' lang='lat' dir='ltr'><strong>iis</strong></span> <span class='ocrx_word' id='word_1_72' title='bbox 1739 2642 1832 2712; x_wconf 90' lang='lat' dir='ltr'><strong>qui</strong></span> <span class='ocrx_word' id='word_1_73' title='bbox 1859 2640 2022 2696; x_wconf 85' lang='lat' dir='ltr'><strong>delati</strong></span> 
     </span>
    </p>
   </div>
   <div class='ocr_carea' id='block_1_17' title="bbox 473 2730 2025 2803">
    <p class='ocr_par' dir='ltr' id='par_1_17' title="bbox 473 2730 2025 2803">
     <span class='ocr_line' id='line_1_18' title="bbox 473 2730 2025 2803; baseline 0.004 -23"><span class='ocrx_word' id='word_1_74' title='bbox 473 2748 492 2780; x_wconf 76' lang='grc' dir='ltr'><strong>ι</strong></span> <span class='ocrx_word' id='word_1_75' title='bbox 539 2731 755 2803; x_wconf 78' lang='lat' dir='ltr'><strong>quidem</strong></span> <span class='ocrx_word' id='word_1_76' title='bbox 787 2741 910 2786; x_wconf 87' lang='lat' dir='ltr'><strong>sunt</strong></span> <span class='ocrx_word' id='word_1_77' title='bbox 933 2730 987 2796; x_wconf 87' lang='lat' dir='ltr'><strong>in</strong></span> <span class='ocrx_word' id='word_1_78' title='bbox 1005 2731 1418 2802; x_wconf 70' lang='lat' dir='ltr'><strong>custodiamque</strong></span> <span class='ocrx_word' id='word_1_79' title='bbox 1448 2734 1700 2803; x_wconf 89' lang='lat' dir='ltr'><strong>conjecti,</strong></span> <span class='ocrx_word' id='word_1_80' title='bbox 1727 2740 2025 2787; x_wconf 86' lang='lat' dir='ltr'><strong>tormenta-</strong></span> 
     </span>
    </p>
   </div>
   <div class='ocr_carea' id='block_1_18' title="bbox 472 2823 2025 2894">
    <p class='ocr_par' dir='ltr' id='par_1_18' title="bbox 472 2823 2025 2894">
     <span class='ocr_line' id='line_1_19' title="bbox 472 2823 2025 2894; baseline 0.005 -22"><span class='ocrx_word' id='word_1_81' title='bbox 472 2840 493 2872; x_wconf 89' lang='lat'><strong>1</strong></span> <span class='ocrx_word' id='word_1_82' title='bbox 537 2837 642 2891; x_wconf 89' lang='lat' dir='ltr'><strong>que</strong></span> <span class='ocrx_word' id='word_1_83' title='bbox 703 2838 809 2876; x_wconf 88' lang='lat' dir='ltr'><strong>non</strong></span> <span class='ocrx_word' id='word_1_84' title='bbox 839 2823 1164 2888; x_wconf 77' lang='lat' dir='ltr'><strong>suﬂ&#39;ercnda,</strong></span> <span class='ocrx_word' id='word_1_85' title='bbox 1195 2831 1250 2879; x_wconf 94' lang='lat' dir='ltr'><strong>et</strong></span> <span class='ocrx_word' id='word_1_86' title='bbox 1293 2823 1651 2879; x_wconf 75' lang='lat' dir='ltr'><strong>intolerabilia</strong></span> <span class='ocrx_word' id='word_1_87' title='bbox 1711 2823 1918 2894; x_wconf 85' lang='lat' dir='ltr'><strong>ﬂagella</strong></span> <span class='ocrx_word' id='word_1_88' title='bbox 1969 2833 2025 2879; x_wconf 90' lang='lat' dir='ltr'><strong>et</strong></span> 
     </span>
    </p>
   </div>
   <div class='ocr_carea' id='block_1_19' title="bbox 472 2913 2019 2984">
    <p class='ocr_par' dir='ltr' id='par_1_19' title="bbox 472 2913 2019 2984">
     <span class='ocr_line' id='line_1_20' title="bbox 472 2913 2019 2984; baseline 0.005 -22"><span class='ocrx_word' id='word_1_89' title='bbox 472 2931 491 2962; x_wconf 76' lang='grc' dir='ltr'><strong>ι</strong></span> <span class='ocrx_word' id='word_1_90' title='bbox 541 2914 736 2970; x_wconf 81' lang='lat' dir='ltr'><strong>multas</strong></span> <span class='ocrx_word' id='word_1_91' title='bbox 780 2913 914 2968; x_wconf 87' lang='lat' dir='ltr'><strong>alias</strong></span> <span class='ocrx_word' id='word_1_92' title='bbox 967 2929 1160 2984; x_wconf 87' lang='lat' dir='ltr'><strong>graves</strong></span> <span class='ocrx_word' id='word_1_93' title='bbox 1211 2917 1565 2974; x_wconf 74' lang='lat' dir='ltr'><strong>necessitates</strong></span> <span class='ocrx_word' id='word_1_94' title='bbox 1619 2917 2019 2982; x_wconf 85' lang='lat' dir='ltr'><strong>sustinuerunt,</strong></span> 
     </span>
    </p>
   </div>
   <div class='ocr_carea' id='block_1_20' title="bbox 469 3007 2019 3079">
    <p class='ocr_par' dir='ltr' id='par_1_20' title="bbox 469 3007 2019 3079">
     <span class='ocr_line' id='line_1_21' title="bbox 469 3007 2019 3079; baseline 0.005 -23"><span class='ocrx_word' id='word_1_95' title='bbox 469 3021 492 3056; x_wconf 99' lang='lat'><strong>1</strong></span> <span class='ocrx_word' id='word_1_96' title='bbox 539 3015 725 3077; x_wconf 89' lang='lat' dir='ltr'><strong>postea</strong></span> <span class='ocrx_word' id='word_1_97' title='bbox 750 3012 930 3061; x_wconf 87' lang='lat' dir='ltr'><strong>autem</strong></span> <span class='ocrx_word' id='word_1_98' title='bbox 961 3015 1090 3062; x_wconf 85' lang='lat' dir='ltr'><strong>sunt</strong></span> <span class='ocrx_word' id='word_1_99' title='bbox 1118 3021 1150 3060; x_wconf 88' lang='lat' dir='ltr'><strong>a</strong></span> <span class='ocrx_word' id='word_1_100' title='bbox 1186 3009 1370 3063; x_wconf 86' lang='lat' dir='ltr'><strong>carnis</strong></span> <span class='ocrx_word' id='word_1_101' title='bbox 1401 3007 1770 3064; x_wconf 85' lang='lat' dir='ltr'><strong>imbecillitate</strong></span> <span class='ocrx_word' id='word_1_102' title='bbox 1798 3008 2019 3079; x_wconf 88' lang='lat' dir='ltr'><strong>proditi,</strong></span> 
     </span>
    </p>
   </div>
   <div class='ocr_carea' id='block_1_21' title="bbox 475 3098 2025 3170">
    <p class='ocr_par' dir='ltr' id='par_1_21' title="bbox 475 3098 2025 3170">
     <span class='ocr_line' id='line_1_22' title="bbox 475 3098 2025 3170; baseline 0.002 -18"><span class='ocrx_word' id='word_1_103' title='bbox 475 3116 495 3152; x_wconf 84' lang='lat'><strong>1</strong></span> <span class='ocrx_word' id='word_1_104' title='bbox 534 3099 750 3156; x_wconf 87' lang='lat' dir='ltr'><strong>etiamsi</strong></span> <span class='ocrx_word' id='word_1_105' title='bbox 786 3113 891 3153; x_wconf 89' lang='lat' dir='ltr'><strong>non</strong></span> <span class='ocrx_word' id='word_1_106' title='bbox 919 3099 988 3154; x_wconf 86' lang='lat' dir='ltr'><strong>ab</strong></span> <span class='ocrx_word' id='word_1_107' title='bbox 1015 3098 1170 3154; x_wconf 89' lang='lat' dir='ltr'><strong>initio</strong></span> <span class='ocrx_word' id='word_1_108' title='bbox 1198 3099 1437 3170; x_wconf 81' lang='lat' dir='ltr'><strong>suscepti</strong></span> <span class='ocrx_word' id='word_1_109' title='bbox 1487 3109 1613 3155; x_wconf 87' lang='lat' dir='ltr'><strong>sunt</strong></span> <span class='ocrx_word' id='word_1_110' title='bbox 1660 3108 1880 3170; x_wconf 83' lang='lat' dir='ltr'><strong>propter</strong></span> <span class='ocrx_word' id='word_1_111' title='bbox 1900 3116 2025 3170; x_wconf 86' lang='lat' dir='ltr'><strong>gra-</strong></span> 
     </span>
    </p>
   </div>
   <div class='ocr_carea' id='block_1_22' title="bbox 468 3190 2020 3262">
    <p class='ocr_par' dir='ltr' id='par_1_22' title="bbox 468 3190 2020 3262">
     <span class='ocr_line' id='line_1_23' title="bbox 468 3190 2020 3262; baseline 0.003 -19"><span class='ocrx_word' id='word_1_112' title='bbox 468 3207 494 3243; x_wconf 82' lang='lat'><strong>1</strong></span> <span class='ocrx_word' id='word_1_113' title='bbox 535 3206 653 3246; x_wconf 90' lang='lat' dir='ltr'><strong>vem</strong></span> <span class='ocrx_word' id='word_1_114' title='bbox 688 3191 896 3262; x_wconf 91' lang='lat' dir='ltr'><strong>lapsum</strong></span> <span class='ocrx_word' id='word_1_115' title='bbox 953 3200 1305 3247; x_wconf 85' lang='lat' dir='ltr'><strong>consecutum</strong></span> <span class='ocrx_word' id='word_1_116' title='bbox 1340 3197 1562 3245; x_wconf 86' lang='lat' dir='ltr'><strong>:tameu</strong></span> <span class='ocrx_word' id='word_1_117' title='bbox 1609 3190 1737 3261; x_wconf 86' lang='lat' dir='ltr'><strong>quia</strong></span> <span class='ocrx_word' id='word_1_118' title='bbox 1791 3193 2020 3251; x_wconf 86' lang='lat' dir='ltr'><strong>multum</strong></span> 
     </span>
    </p>
   </div>
   <div class='ocr_carea' id='block_1_23' title="bbox 479 3281 2023 3354">
    <p class='ocr_par' dir='ltr' id='par_1_23' title="bbox 479 3281 2023 3354">
     <span class='ocr_line' id='line_1_24' title="bbox 479 3281 2023 3354; baseline 0.004 -20"><span class='ocrx_word' id='word_1_119' title='bbox 479 3300 496 3334; x_wconf 91' lang='lat'><strong>1</strong></span> <span class='ocrx_word' id='word_1_120' title='bbox 543 3282 889 3338; x_wconf 87' lang='lat' dir='ltr'><strong>decertarunt</strong></span> <span class='ocrx_word' id='word_1_121' title='bbox 910 3288 963 3336; x_wconf 88' lang='lat' dir='ltr'><strong>et</strong></span> <span class='ocrx_word' id='word_1_122' title='bbox 995 3281 1087 3337; x_wconf 91' lang='lat' dir='ltr'><strong>diu</strong></span> <span class='ocrx_word' id='word_1_123' title='bbox 1118 3281 1432 3338; x_wconf 84' lang='lat' dir='ltr'><strong>restiterunt</strong></span> <span class='ocrx_word' id='word_1_124' title='bbox 1460 3299 1474 3337; x_wconf 89' lang='lat'>:</span> <span class='ocrx_word' id='word_1_125' title='bbox 1507 3297 1615 3337; x_wconf 89' lang='lat' dir='ltr'><strong>non</strong></span> <span class='ocrx_word' id='word_1_126' title='bbox 1653 3282 1798 3338; x_wconf 87' lang='lat' dir='ltr'><strong>enim</strong></span> <span class='ocrx_word' id='word_1_127' title='bbox 1830 3291 2023 3354; x_wconf 84' lang='lat' dir='ltr'><strong>sponte</strong></span> 
     </span>
    </p>
   </div>
   <div class='ocr_carea' id='block_1_24' title="bbox 473 3372 2023 3446">
    <p class='ocr_par' dir='ltr' id='par_1_24' title="bbox 473 3372 2023 3446">
     <span class='ocr_line' id='line_1_25' title="bbox 473 3372 2023 3446; baseline 0.004 -21"><span class='ocrx_word' id='word_1_128' title='bbox 473 3391 494 3425; x_wconf 90' lang='lat'><strong>1</strong></span> <span class='ocrx_word' id='word_1_129' title='bbox 518 3374 607 3431; x_wconf 8' lang='lat' dir='ltr'><strong>ead</strong></span> <span class='ocrx_word' id='word_1_130' title='bbox 641 3387 703 3427; x_wconf 89' lang='lat' dir='ltr'><strong>ea</strong></span> <span class='ocrx_word' id='word_1_131' title='bbox 723 3372 1078 3436; x_wconf 86' lang='lat' dir='ltr'><strong>devenerunt,</strong></span> <span class='ocrx_word' id='word_1_132' title='bbox 1113 3372 1207 3428; x_wconf 85' lang='lat' dir='ltr'><strong>sed</strong></span> <span class='ocrx_word' id='word_1_133' title='bbox 1235 3388 1264 3427; x_wconf 85' lang='lat' dir='ltr'><strong>a</strong></span> <span class='ocrx_word' id='word_1_134' title='bbox 1289 3373 1471 3428; x_wconf 88' lang='lat' dir='ltr'><strong>carnis</strong></span> <span class='ocrx_word' id='word_1_135' title='bbox 1501 3372 1872 3432; x_wconf 88' lang='lat' dir='ltr'><strong>imbecillitate</strong></span> <span class='ocrx_word' id='word_1_136' title='bbox 1896 3390 2023 3446; x_wconf 90' lang='lat' dir='ltr'><strong>pro-</strong></span> 
     </span>
    </p>
   </div>
   <div class='ocr_carea' id='block_1_25' title="bbox 2194 2133 3674 2198">
    <p class='ocr_par' dir='ltr' id='par_1_25' title="bbox 2194 2133 3674 2198">
     <span class='ocr_line' id='line_1_26' title="bbox 2194 2133 3674 2198; baseline 0.007 -15"><span class='ocrx_word' id='word_1_137' title='bbox 2194 2133 2462 2187; x_wconf 77' lang='grc' dir='ltr'><strong>ΔΡΕΙΛΣ</strong></span> <span class='ocrx_word' id='word_1_138' title='bbox 2479 2134 2915 2197; x_wconf 76' lang='grc' dir='ltr'><strong>ΠΕΤΡΟΥ,1(ΑΙ</strong></span> <span class='ocrx_word' id='word_1_139' title='bbox 2933 2137 3337 2198; x_wconf 82' lang='grc' dir='ltr'><strong>ΜΑΡΤΥΡΟΣ,</strong></span> <span class='ocrx_word' id='word_1_140' title='bbox 3357 2139 3674 2194; x_wconf 80' lang='grc' dir='ltr'><strong>ΚΑΝΟΝΕΣ</strong></span> 
     </span>
    </p>
   </div>
   <div class='ocr_carea' id='block_1_26' title="bbox 2184 2202 2859 2259">
    <p class='ocr_par' dir='ltr' id='par_1_26' title="bbox 2184 2202 2859 2259">
     <span class='ocr_line' id='line_1_27' title="bbox 2184 2202 2859 2259; baseline 0.007 -6"><span class='ocrx_word' id='word_1_141' title='bbox 2184 2202 2716 2259; x_wconf 75' lang='grc' dir='ltr'><strong>ΕΜΦΕΡΟΜΕΝΟΙ</strong></span> <span class='ocrx_word' id='word_1_142' title='bbox 2757 2203 2859 2258; x_wconf 80' lang='grc' dir='ltr'><strong>ΕΝ</strong></span> 
     </span>
    </p>
   </div>
   <div class='ocr_carea' id='block_1_27' title="bbox 2907 2206 3675 2274">
    <p class='ocr_par' dir='ltr' id='par_1_27' title="bbox 2907 2206 3675 2274">
     <span class='ocr_line' id='line_1_28' title="bbox 2907 2206 3675 2274; baseline 0.007 -16"><span class='ocrx_word' id='word_1_143' title='bbox 2907 2206 2991 2274; x_wconf 72' lang='lat' dir='ltr'><strong>Ta</strong></span> <span class='ocrx_word' id='word_1_144' title='bbox 3041 2209 3220 2262; x_wconf 73' lang='grc' dir='ltr'>Περι</span> <span class='ocrx_word' id='word_1_145' title='bbox 3264 2206 3675 2265; x_wconf 69' lang='grc' dir='ltr'><strong>ΗεΤΑΝοιΑΣ</strong></span> 
     </span>
    </p>
   </div>
   <div class='ocr_carea' id='block_1_28' title="bbox 2190 2273 2972 2344">
    <p class='ocr_par' dir='ltr' id='par_1_28' title="bbox 2190 2273 2972 2344">
     <span class='ocr_line' id='line_1_29' title="bbox 2190 2273 2972 2344; baseline 0.004 -18"><span class='ocrx_word' id='word_1_146' title='bbox 2190 2275 2236 2326; x_wconf 73' lang='grc' dir='ltr'><strong>Α</strong></span> <span class='ocrx_word' id='word_1_147' title='bbox 2253 2273 2441 2326; x_wconf 85' lang='grc' dir='ltr'><strong>ΥΤΟΥ</strong></span> <span class='ocrx_word' id='word_1_148' title='bbox 2473 2274 2690 2344; x_wconf 82' lang='grc' dir='ltr'><strong>ΛΟΓῼ.</strong></span> <span class='ocrx_word' id='word_1_149' title='bbox 2958 2273 2972 2337; x_wconf 79' lang='grc' dir='ltr'><strong>ί</strong></span> 
     </span>
    </p>
   </div>
   <div class='ocr_carea' id='block_1_29' title="bbox 2745 2453 3092 2508">
    <p class='ocr_par' dir='ltr' id='par_1_29' title="bbox 2745 2453 3092 2508">
     <span class='ocr_line' id='line_1_30' title="bbox 2745 2453 3092 2508; baseline 0 0"><span class='ocrx_word' id='word_1_150' title='bbox 2745 2453 2986 2508; x_wconf 75' lang='grc' dir='ltr'><strong>ΚΔΝΩΝ</strong></span> <span class='ocrx_word' id='word_1_151' title='bbox 3015 2456 3092 2508; x_wconf 80' lang='lat' dir='ltr'><strong>A&#39;.</strong></span> 
     </span>
    </p>
   </div>
   <div class='ocr_carea' id='block_1_30' title="bbox 2195 2543 3678 2620">
    <p class='ocr_par' dir='ltr' id='par_1_30' title="bbox 2195 2543 3678 2620">
     <span class='ocr_line' id='line_1_31' title="bbox 2195 2543 3678 2620; baseline 0.003 -24"><span class='ocrx_word' id='word_1_152' title='bbox 2195 2563 2214 2595; x_wconf 87' lang='lat'><strong>1</strong></span> <span class='ocrx_word' id='word_1_153' title='bbox 2246 2543 2380 2597; x_wconf 78' lang='grc' dir='ltr'><strong>Επεὶ</strong></span> <span class='ocrx_word' id='word_1_154' title='bbox 2412 2543 2590 2598; x_wconf 98' lang='grc' dir='ltr'>τοίνυν</span> <span class='ocrx_word' id='word_1_155' title='bbox 2627 2543 2884 2618; x_wconf 71' lang='grc' dir='ltr'>τέταρτον</span> <span class='ocrx_word' id='word_1_156' title='bbox 2925 2547 3023 2618; x_wconf 68' lang='grc' dir='ltr'>ἢδη</span> <span class='ocrx_word' id='word_1_157' title='bbox 3078 2545 3266 2616; x_wconf 81' lang='grc' dir='ltr'><strong>Πάσχα</strong></span> <span class='ocrx_word' id='word_1_158' title='bbox 3305 2547 3678 2620; x_wconf 73' lang='grc' dir='ltr'>ὲπικατείληφε</span> 
     </span>
    </p>
   </div>
   <div class='ocr_carea' id='block_1_31' title="bbox 2127 2621 3676 2711">
    <p class='ocr_par' dir='ltr' id='par_1_31' title="bbox 2127 2621 3676 2711">
     <span class='ocr_line' id='line_1_32' title="bbox 2127 2621 3676 2711; baseline 0.004 -25"><span class='ocrx_word' id='word_1_159' title='bbox 2127 2653 2145 2686; x_wconf 83' lang='grc' dir='ltr'><strong>ι</strong></span> <span class='ocrx_word' id='word_1_160' title='bbox 2183 2636 2272 2690; x_wconf 73' lang='grc' dir='ltr'><strong>τδν</strong></span> <span class='ocrx_word' id='word_1_161' title='bbox 2291 2635 2548 2707; x_wconf 82' lang='grc' dir='ltr'>διωγμὸν,</span> <span class='ocrx_word' id='word_1_162' title='bbox 2567 2621 2852 2710; x_wconf 74' lang='grc' dir='ltr'>αὐτάρκως</span> <span class='ocrx_word' id='word_1_163' title='bbox 2866 2636 2979 2708; x_wconf 75' lang='grc' dir='ltr'><strong>εχει</strong></span> <span class='ocrx_word' id='word_1_164' title='bbox 2998 2640 3109 2701; x_wconf 78' lang='grc' dir='ltr'>τοῖς</span> <span class='ocrx_word' id='word_1_165' title='bbox 3138 2639 3235 2709; x_wconf 82' lang='grc' dir='ltr'>μὲν</span> <span class='ocrx_word' id='word_1_166' title='bbox 3260 2639 3676 2711; x_wconf 77' lang='grc' dir='ltr'>προσενεχθεῖσι,</span> 
     </span>
    </p>
   </div>
   <div class='ocr_carea' id='block_1_32' title="bbox 2125 2727 3682 2805">
    <p class='ocr_par' dir='ltr' id='par_1_32' title="bbox 2125 2727 3682 2805">
     <span class='ocr_line' id='line_1_33' title="bbox 2125 2727 3682 2805; baseline 0.005 -26"><span class='ocrx_word' id='word_1_167' title='bbox 2125 2747 2145 2779; x_wconf 91' lang='lat'><strong>1</strong></span> <span class='ocrx_word' id='word_1_168' title='bbox 2187 2728 2282 2785; x_wconf 67' lang='lat' dir='ltr'><strong>xci.</strong></span> <span class='ocrx_word' id='word_1_169' title='bbox 2315 2727 2712 2799; x_wconf 81' lang='grc' dir='ltr'>φυλακισθεϊσι,</span> <span class='ocrx_word' id='word_1_170' title='bbox 2744 2730 3007 2805; x_wconf 79' lang='grc' dir='ltr'>βασάνους</span> <span class='ocrx_word' id='word_1_171' title='bbox 3034 2749 3093 2785; x_wconf 88' lang='grc' dir='ltr'>τε</span> <span class='ocrx_word' id='word_1_172' title='bbox 3134 2732 3493 2795; x_wconf 75' lang='grc' dir='ltr'>ἀνυποίστους</span> <span class='ocrx_word' id='word_1_173' title='bbox 3516 2735 3530 2764; x_wconf 84' lang='grc'>¹</span> <span class='ocrx_word' id='word_1_174' title='bbox 3560 2733 3682 2787; x_wconf 77' lang='grc' dir='ltr'>ὑπο-</span> 
     </span>
    </p>
   </div>
   <div class='ocr_carea' id='block_1_33' title="bbox 2127 2820 3680 2896">
    <p class='ocr_par' dir='ltr' id='par_1_33' title="bbox 2127 2820 3680 2896">
     <span class='ocr_line' id='line_1_34' title="bbox 2127 2820 3680 2896; baseline 0.003 -24"><span class='ocrx_word' id='word_1_175' title='bbox 2127 2839 2144 2871; x_wconf 85' lang='grc' dir='ltr'><strong>ι</strong></span> <span class='ocrx_word' id='word_1_176' title='bbox 2192 2820 2542 2893; x_wconf 75' lang='grc' dir='ltr'>μεμενηκόσι,</span> <span class='ocrx_word' id='word_1_177' title='bbox 2580 2823 2674 2876; x_wconf 76' lang='grc' dir='ltr'>καὶ</span> <span class='ocrx_word' id='word_1_178' title='bbox 2701 2823 3005 2896; x_wconf 80' lang='grc' dir='ltr'><strong>ἀφορήτους</strong></span> <span class='ocrx_word' id='word_1_179' title='bbox 3039 2824 3330 2894; x_wconf 76' lang='grc' dir='ltr'>μάστιγας,</span> <span class='ocrx_word' id='word_1_180' title='bbox 3367 2823 3462 2878; x_wconf 77' lang='grc' dir='ltr'>καὶ</span> <span class='ocrx_word' id='word_1_181' title='bbox 3493 2824 3680 2888; x_wconf 72' lang='grc' dir='ltr'>πολλὰς</span> 
     </span>
    </p>
   </div>
   <div class='ocr_carea' id='block_1_34' title="bbox 2125 2913 3680 2988">
    <p class='ocr_par' dir='ltr' id='par_1_34' title="bbox 2125 2913 3680 2988">
     <span class='ocr_line' id='line_1_35' title="bbox 2125 2913 3680 2988; baseline 0.005 -24"><span class='ocrx_word' id='word_1_182' title='bbox 2125 2931 2144 2964; x_wconf 90' lang='lat'><strong>1</strong></span> <span class='ocrx_word' id='word_1_183' title='bbox 2181 2913 2366 2986; x_wconf 76' lang='grc' dir='ltr'>ἑτέρας</span> <span class='ocrx_word' id='word_1_184' title='bbox 2395 2914 2642 2987; x_wconf 76' lang='grc' dir='ltr'><strong>ἀνάγκας</strong></span> <span class='ocrx_word' id='word_1_185' title='bbox 2670 2913 2869 2980; x_wconf 80' lang='grc' dir='ltr'>δεινὰς,</span> <span class='ocrx_word' id='word_1_186' title='bbox 2897 2914 3120 2987; x_wconf 74' lang='grc' dir='ltr'>ὕστερον</span> <span class='ocrx_word' id='word_1_187' title='bbox 3142 2916 3198 2970; x_wconf 77' lang='grc' dir='ltr'>δὲ</span> <span class='ocrx_word' id='word_1_188' title='bbox 3225 2915 3680 2988; x_wconf 66' lang='grc' dir='ltr'>προδεδομένοιςν</span> 
     </span>
    </p>
   </div>
   <div class='ocr_carea' id='block_1_35' title="bbox 2125 3004 3683 3081">
    <p class='ocr_par' dir='ltr' id='par_1_35' title="bbox 2125 3004 3683 3081">
     <span class='ocr_line' id='line_1_36' title="bbox 2125 3004 3683 3081; baseline 0.002 -23"><span class='ocrx_word' id='word_1_189' title='bbox 2125 3023 2144 3057; x_wconf 88' lang='lat'><strong>1</strong></span> <span class='ocrx_word' id='word_1_190' title='bbox 2186 3004 2290 3059; x_wconf 80' lang='grc' dir='ltr'><strong>ὑπὸ</strong></span> <span class='ocrx_word' id='word_1_191' title='bbox 2330 3005 2430 3077; x_wconf 84' lang='grc' dir='ltr'>τῆς</span> <span class='ocrx_word' id='word_1_192' title='bbox 2464 3006 2746 3069; x_wconf 77' lang='grc' dir='ltr'>ἀσθενείας</span> <span class='ocrx_word' id='word_1_193' title='bbox 2787 3006 2887 3077; x_wconf 83' lang='grc' dir='ltr'>τῆς</span> <span class='ocrx_word' id='word_1_194' title='bbox 2916 3006 3140 3076; x_wconf 66' lang='grc' dir='ltr'>σαρκὸς,</span> <span class='ocrx_word' id='word_1_195' title='bbox 3181 3008 3231 3060; x_wconf 79' lang='grc' dir='ltr'>εί</span> <span class='ocrx_word' id='word_1_196' title='bbox 3273 3007 3472 3080; x_wconf 75' lang='grc' dir='ltr'>καὶμὴ</span> <span class='ocrx_word' id='word_1_197' title='bbox 3504 3008 3683 3081; x_wconf 62' lang='grc' dir='ltr'><strong>ἑξάρ-</strong></span> 
     </span>
    </p>
   </div>
   <div class='ocr_carea' id='block_1_36' title="bbox 2124 3096 3685 3172">
    <p class='ocr_par' dir='ltr' id='par_1_36' title="bbox 2124 3096 3685 3172">
     <span class='ocr_line' id='line_1_37' title="bbox 2124 3096 3685 3172; baseline 0.004 -24"><span class='ocrx_word' id='word_1_198' title='bbox 2124 3116 2145 3148; x_wconf 83' lang='grc'><strong><em>‹</em></strong></span> <span class='ocrx_word' id='word_1_199' title='bbox 2183 3096 2286 3169; x_wconf 76' lang='grc' dir='ltr'>χῆς</span> <span class='ocrx_word' id='word_1_200' title='bbox 2319 3096 2725 3171; x_wconf 77' lang='grc' dir='ltr'><strong>παρεδέχθησαν</strong></span> <span class='ocrx_word' id='word_1_201' title='bbox 2756 3098 2844 3154; x_wconf 84' lang='grc' dir='ltr'><strong>διὰ</strong></span> <span class='ocrx_word' id='word_1_202' title='bbox 2890 3099 2987 3170; x_wconf 72' lang='grc' dir='ltr'>τὴν</span> <span class='ocrx_word' id='word_1_203' title='bbox 3008 3099 3563 3172; x_wconf 73' lang='grc' dir='ltr'>παρακολουθήσασαν</span> <span class='ocrx_word' id='word_1_204' title='bbox 3593 3118 3685 3171; x_wconf 81' lang='grc' dir='ltr'><strong>με·</strong></span> 
     </span>
    </p>
   </div>
   <div class='ocr_carea' id='block_1_37' title="bbox 2125 3185 3686 3262">
    <p class='ocr_par' dir='ltr' id='par_1_37' title="bbox 2125 3185 3686 3262">
     <span class='ocr_line' id='line_1_38' title="bbox 2125 3185 3686 3262; baseline 0.004 -25"><span class='ocrx_word' id='word_1_205' title='bbox 2125 3202 2145 3236; x_wconf 84' lang='lat'><strong>1</strong></span> <span class='ocrx_word' id='word_1_206' title='bbox 2185 3186 2375 3255; x_wconf 87' lang='grc' dir='ltr'>γίστην</span> <span class='ocrx_word' id='word_1_207' title='bbox 2429 3185 2654 3251; x_wconf 77' lang='grc' dir='ltr'>πτῶσιν,</span> <span class='ocrx_word' id='word_1_208' title='bbox 2711 3188 2862 3259; x_wconf 83' lang='grc' dir='ltr'>ὅμως</span> <span class='ocrx_word' id='word_1_209' title='bbox 2889 3187 2978 3241; x_wconf 83' lang='grc' dir='ltr'>διὰ</span> <span class='ocrx_word' id='word_1_210' title='bbox 3015 3188 3078 3241; x_wconf 73' lang='grc' dir='ltr'><strong>τὸ</strong></span> <span class='ocrx_word' id='word_1_211' title='bbox 3101 3188 3269 3242; x_wconf 74' lang='grc' dir='ltr'>πολλὰ</span> <span class='ocrx_word' id='word_1_212' title='bbox 3303 3190 3505 3253; x_wconf 78' lang='grc' dir='ltr'>αὐτοὺς</span> <span class='ocrx_word' id='word_1_213' title='bbox 3530 3191 3686 3262; x_wconf 67' lang='grc' dir='ltr'>ἠθλη-</span> 
     </span>
    </p>
   </div>
   <div class='ocr_carea' id='block_1_38' title="bbox 2127 3275 3685 3355">
    <p class='ocr_par' dir='ltr' id='par_1_38' title="bbox 2127 3275 3685 3355">
     <span class='ocr_line' id='line_1_39' title="bbox 2127 3275 3685 3355; baseline 0.007 -27"><span class='ocrx_word' id='word_1_214' title='bbox 2127 3295 2145 3328; x_wconf 84' lang='grc'><strong>‹</strong></span> <span class='ocrx_word' id='word_1_215' title='bbox 2186 3276 2337 3332; x_wconf 75' lang='grc' dir='ltr'>κέναι</span> <span class='ocrx_word' id='word_1_216' title='bbox 2366 3275 2458 3332; x_wconf 79' lang='grc' dir='ltr'>καὶ</span> <span class='ocrx_word' id='word_1_217' title='bbox 2485 3279 2578 3332; x_wconf 70' lang='grc' dir='ltr'><strong>ἐπὶ</strong></span> <span class='ocrx_word' id='word_1_218' title='bbox 2600 3279 2733 3334; x_wconf 74' lang='grc' dir='ltr'>πολὺ</span> <span class='ocrx_word' id='word_1_219' title='bbox 2760 3279 3222 3351; x_wconf 78' lang='grc' dir='ltr'>ἀντιμαχέσασθαι</span> <span class='ocrx_word' id='word_1_220' title='bbox 3250 3283 3272 3314; x_wconf 75' lang='grc'>⁸</span> <span class='ocrx_word' id='word_1_221' title='bbox 3307 3281 3391 3352; x_wconf 82' lang='grc' dir='ltr'>(οὐ</span> <span class='ocrx_word' id='word_1_222' title='bbox 3419 3283 3528 3355; x_wconf 79' lang='grc' dir='ltr'><strong>γὰρ</strong></span> <span class='ocrx_word' id='word_1_223' title='bbox 3554 3283 3685 3338; x_wconf 72' lang='grc' dir='ltr'>κατὰ</span> 
     </span>
    </p>
   </div>
   <div class='ocr_carea' id='block_1_39' title="bbox 2129 3370 3683 3448">
    <p class='ocr_par' dir='ltr' id='par_1_39' title="bbox 2129 3370 3683 3448">
     <span class='ocr_line' id='line_1_40' title="bbox 2129 3370 3683 3448; baseline 0.005 -28"><span class='ocrx_word' id='word_1_224' title='bbox 2129 3388 2146 3420; x_wconf 82' lang='lat'><strong>1</strong></span> <span class='ocrx_word' id='word_1_225' title='bbox 2189 3370 2503 3442; x_wconf 84' lang='grc' dir='ltr'>προαίρεσιν</span> <span class='ocrx_word' id='word_1_226' title='bbox 2541 3371 2600 3425; x_wconf 74' lang='grc' dir='ltr'>ιν</span> <span class='ocrx_word' id='word_1_227' title='bbox 2647 3370 2819 3442; x_wconf 85' lang='grc' dir='ltr'>τούτῳ</span> <span class='ocrx_word' id='word_1_228' title='bbox 2861 3370 3202 3444; x_wconf 69' lang='grc' dir='ltr'>ἐληλύθασιν,</span> <span class='ocrx_word' id='word_1_229' title='bbox 3246 3372 3386 3427; x_wconf 79' lang='grc' dir='ltr'>ἀλλὰ</span> <span class='ocrx_word' id='word_1_230' title='bbox 3414 3391 3683 3448; x_wconf 74' lang='grc' dir='ltr'>καταπροο</span> 
     </span>
    </p>
   </div>
   <div class='ocr_carea' id='block_1_40' title="bbox 471 3460 2050 3538">
    <p class='ocr_par' dir='ltr' id='par_1_40' title="bbox 471 3462 2023 3538">
     <span class='ocr_line' id='line_1_41' title="bbox 471 3462 2023 3538; baseline 0.005 -21"><span class='ocrx_word' id='word_1_231' title='bbox 471 3485 491 3517; x_wconf 82' lang='lat'><strong>1</strong></span> <span class='ocrx_word' id='word_1_232' title='bbox 532 3466 631 3520; x_wconf 87' lang='lat' dir='ltr'><strong>diti</strong></span> <span class='ocrx_word' id='word_1_233' title='bbox 659 3484 673 3521; x_wconf 88' lang='lat'><strong>:</strong></span> <span class='ocrx_word' id='word_1_234' title='bbox 701 3481 825 3520; x_wconf 90' lang='lat' dir='ltr'><strong>nam</strong></span> <span class='ocrx_word' id='word_1_235' title='bbox 877 3473 931 3519; x_wconf 89' lang='lat' dir='ltr'><strong>et</strong></span> <span class='ocrx_word' id='word_1_236' title='bbox 972 3465 1226 3535; x_wconf 74' lang='lat' dir='ltr'><strong>stigmata</strong></span> <span class='ocrx_word' id='word_1_237' title='bbox 1263 3462 1392 3521; x_wconf 66' lang='lat' dir='ltr'><strong>Iesu</strong></span> <span class='ocrx_word' id='word_1_238' title='bbox 1441 3466 1495 3519; x_wconf 92' lang='lat' dir='ltr'><strong>in</strong></span> <span class='ocrx_word' id='word_1_239' title='bbox 1545 3465 1662 3521; x_wconf 91' lang='lat' dir='ltr'><strong>suis</strong></span> <span class='ocrx_word' id='word_1_240' title='bbox 1702 3467 2023 3538; x_wconf 84' lang='lat' dir='ltr'><strong>corporibus</strong></span> 
     </span>
    </p>
   </div>
   <div class='ocr_carea' id='block_1_41' title="bbox 2121 3460 3687 3538">
    <p class='ocr_par' dir='ltr' id='par_1_41' title="bbox 2127 3460 3687 3536">
     <span class='ocr_line' id='line_1_42' title="bbox 2127 3460 3687 3536; baseline 0.004 -25"><span class='ocrx_word' id='word_1_241' title='bbox 2127 3480 2143 3511; x_wconf 87' lang='lat'><strong>1</strong></span> <span class='ocrx_word' id='word_1_242' title='bbox 2179 3460 2421 3525; x_wconf 72' lang='grc' dir='ltr'>δοθέντες</span> <span class='ocrx_word' id='word_1_243' title='bbox 2449 3461 2555 3514; x_wconf 72' lang='grc' dir='ltr'><strong>ὑπὸ</strong></span> <span class='ocrx_word' id='word_1_244' title='bbox 2570 3463 2669 3534; x_wconf 84' lang='grc' dir='ltr'><strong>τῆς</strong></span> <span class='ocrx_word' id='word_1_245' title='bbox 2695 3462 2976 3526; x_wconf 76' lang='grc' dir='ltr'><strong>ἀσθενείας</strong></span> <span class='ocrx_word' id='word_1_246' title='bbox 2999 3463 3097 3536; x_wconf 77' lang='grc' dir='ltr'>τῆς</span> <span class='ocrx_word' id='word_1_247' title='bbox 3120 3464 3364 3536; x_wconf 77' lang='grc' dir='ltr'>σαρκὸς),</span> <span class='ocrx_word' id='word_1_248' title='bbox 3389 3464 3577 3536; x_wconf 69' lang='grc' dir='ltr'>ἐπειδὴ</span> <span class='ocrx_word' id='word_1_249' title='bbox 3597 3464 3687 3518; x_wconf 71' lang='grc' dir='ltr'>καὶ</span> 
     </span>
    </p>
   </div>
   <div class='ocr_carea' id='block_1_42' title="bbox 473 3557 2019 3627">
    <p class='ocr_par' dir='ltr' id='par_1_42' title="bbox 473 3557 2019 3627">
     <span class='ocr_line' id='line_1_43' title="bbox 473 3557 2019 3627; baseline 0.004 -18"><span class='ocrx_word' id='word_1_250' title='bbox 473 3575 490 3609; x_wconf 80' lang='lat'><strong>1</strong></span> <span class='ocrx_word' id='word_1_251' title='bbox 533 3565 824 3620; x_wconf 81' lang='lat' dir='ltr'><strong>ostentant,</strong></span> <span class='ocrx_word' id='word_1_252' title='bbox 856 3565 911 3612; x_wconf 88' lang='lat' dir='ltr'><strong>et</strong></span> <span class='ocrx_word' id='word_1_253' title='bbox 956 3557 1199 3614; x_wconf 85' lang='lat' dir='ltr'><strong>nonnulli</strong></span> <span class='ocrx_word' id='word_1_254' title='bbox 1247 3572 1391 3612; x_wconf 89' lang='lat' dir='ltr'><strong>anno</strong></span> <span class='ocrx_word' id='word_1_255' title='bbox 1429 3557 1540 3627; x_wconf 87' lang='lat' dir='ltr'><strong>jam</strong></span> <span class='ocrx_word' id='word_1_256' title='bbox 1584 3558 1746 3613; x_wconf 89' lang='lat' dir='ltr'><strong>tertio</strong></span> <span class='ocrx_word' id='word_1_257' title='bbox 1774 3557 1968 3616; x_wconf 79' lang='lat' dir='ltr'><strong>deﬂent</strong></span> <span class='ocrx_word' id='word_1_258' title='bbox 2003 3578 2019 3615; x_wconf 87' lang='lat'><strong>:</strong></span> 
     </span>
    </p>
   </div>
   <div class='ocr_carea' id='block_1_43' title="bbox 466 3648 2020 3720">
    <p class='ocr_par' dir='ltr' id='par_1_43' title="bbox 466 3648 2020 3720">
     <span class='ocr_line' id='line_1_44' title="bbox 466 3648 2020 3720; baseline 0.005 -21"><span class='ocrx_word' id='word_1_259' title='bbox 466 3666 491 3699; x_wconf 78' lang='lat'><strong>1</strong></span> <span class='ocrx_word' id='word_1_260' title='bbox 537 3649 618 3704; x_wconf 90' lang='lat' dir='ltr'><strong>eis</strong></span> <span class='ocrx_word' id='word_1_261' title='bbox 643 3648 710 3703; x_wconf 88' lang='lat' dir='ltr'><strong>ab</strong></span> <span class='ocrx_word' id='word_1_262' title='bbox 746 3648 979 3704; x_wconf 87' lang='lat' dir='ltr'><strong>adventu</strong></span> <span class='ocrx_word' id='word_1_263' title='bbox 1011 3665 1106 3720; x_wconf 90' lang='lat' dir='ltr'><strong>per</strong></span> <span class='ocrx_word' id='word_1_264' title='bbox 1156 3649 1556 3705; x_wconf 83' lang='lat' dir='ltr'><strong>revocationem</strong></span> <span class='ocrx_word' id='word_1_265' title='bbox 1601 3650 1658 3706; x_wconf 90' lang='lat' dir='ltr'><strong>in</strong></span> <span class='ocrx_word' id='word_1_266' title='bbox 1705 3652 2020 3708; x_wconf 85' lang='lat' dir='ltr'><strong>memoriam</strong></span> 
     </span>
    </p>
   </div>
   <div class='ocr_carea' id='block_1_44' title="bbox 467 3741 2017 3815">
    <p class='ocr_par' dir='ltr' id='par_1_44' title="bbox 467 3741 2017 3815">
     <span class='ocr_line' id='line_1_45' title="bbox 467 3741 2017 3815; baseline 0.006 -24"><span class='ocrx_word' id='word_1_267' title='bbox 467 3755 492 3790; x_wconf 88' lang='lat'><strong>1</strong></span> <span class='ocrx_word' id='word_1_268' title='bbox 539 3741 632 3794; x_wconf 86' lang='lat' dir='ltr'><strong>alii</strong></span> <span class='ocrx_word' id='word_1_269' title='bbox 663 3741 1022 3813; x_wconf 85' lang='lat' dir='ltr'><strong>quadraginta</strong></span> <span class='ocrx_word' id='word_1_270' title='bbox 1051 3741 1168 3797; x_wconf 87' lang='lat' dir='ltr'><strong>dies</strong></span> <span class='ocrx_word' id='word_1_271' title='bbox 1201 3741 1574 3813; x_wconf 71' lang='lat' dir='ltr'><strong>iniungantur,</strong></span> <span class='ocrx_word' id='word_1_272' title='bbox 1609 3757 1746 3814; x_wconf 89' lang='lat' dir='ltr'><strong>quos</strong></span> <span class='ocrx_word' id='word_1_273' title='bbox 1772 3758 1896 3799; x_wconf 90' lang='lat' dir='ltr'><strong>cum</strong></span> <span class='ocrx_word' id='word_1_274' title='bbox 1928 3744 2017 3815; x_wconf 83' lang='lat' dir='ltr'><strong>je-</strong></span> 
     </span>
    </p>
   </div>
   <div class='ocr_carea' id='block_1_45' title="bbox 468 3832 2020 3903">
    <p class='ocr_par' dir='ltr' id='par_1_45' title="bbox 468 3832 2020 3903">
     <span class='ocr_line' id='line_1_46' title="bbox 468 3832 2020 3903; baseline 0.005 -20"><span class='ocrx_word' id='word_1_275' title='bbox 468 3849 488 3883; x_wconf 83' lang='lat'><strong>1</strong></span> <span class='ocrx_word' id='word_1_276' title='bbox 532 3835 778 3903; x_wconf 85' lang='lat' dir='ltr'><strong>junassct</strong></span> <span class='ocrx_word' id='word_1_277' title='bbox 804 3832 1062 3888; x_wconf 84' lang='lat' dir='ltr'><strong>Dominus</strong></span> <span class='ocrx_word' id='word_1_278' title='bbox 1089 3841 1144 3887; x_wconf 92' lang='lat' dir='ltr'><strong>et</strong></span> <span class='ocrx_word' id='word_1_279' title='bbox 1173 3832 1433 3888; x_wconf 87' lang='lat' dir='ltr'><strong>Servator</strong></span> <span class='ocrx_word' id='word_1_280' title='bbox 1459 3841 1645 3890; x_wconf 87' lang='lat' dir='ltr'><strong>noster</strong></span> <span class='ocrx_word' id='word_1_281' title='bbox 1673 3832 1832 3892; x_wconf 84' lang='lat' dir='ltr'><strong>Jesus</strong></span> <span class='ocrx_word' id='word_1_282' title='bbox 1859 3835 2020 3891; x_wconf 84' lang='lat' dir='ltr'><strong>Chri-</strong></span> 
     </span>
    </p>
   </div>
   <div class='ocr_carea' id='block_1_46' title="bbox 469 3924 2016 3996">
    <p class='ocr_par' dir='ltr' id='par_1_46' title="bbox 469 3924 2016 3996">
     <span class='ocr_line' id='line_1_47' title="bbox 469 3924 2016 3996; baseline 0.005 -21"><span class='ocrx_word' id='word_1_283' title='bbox 469 3943 488 3975; x_wconf 83' lang='lat'><strong>1</strong></span> <span class='ocrx_word' id='word_1_284' title='bbox 535 3931 674 3988; x_wconf 83' lang='lat' dir='ltr'><strong>stus,</strong></span> <span class='ocrx_word' id='word_1_285' title='bbox 699 3931 984 3994; x_wconf 84' lang='lat' dir='ltr'><strong>postquam</strong></span> <span class='ocrx_word' id='word_1_286' title='bbox 1016 3925 1321 3996; x_wconf 83' lang='lat' dir='ltr'><strong>baptizatus</strong></span> <span class='ocrx_word' id='word_1_287' title='bbox 1360 3924 1557 3994; x_wconf 75' lang='lat' dir='ltr'><strong>fuerat,</strong></span> <span class='ocrx_word' id='word_1_288' title='bbox 1592 3935 1834 3984; x_wconf 82' lang='lat' dir='ltr'><strong>tentatus</strong></span> <span class='ocrx_word' id='word_1_289' title='bbox 1864 3934 1948 3982; x_wconf 90' lang='lat' dir='ltr'><strong>est</strong></span> <span class='ocrx_word' id='word_1_290' title='bbox 1986 3943 2016 3983; x_wconf 92' lang='lat' dir='ltr'><strong>a</strong></span> 
     </span>
    </p>
   </div>
   <div class='ocr_carea' id='block_1_47' title="bbox 471 4014 2018 4090">
    <p class='ocr_par' dir='ltr' id='par_1_47' title="bbox 471 4014 2018 4090">
     <span class='ocr_line' id='line_1_48' title="bbox 471 4014 2018 4090; baseline 0.003 -22"><span class='ocrx_word' id='word_1_291' title='bbox 471 4035 489 4068; x_wconf 92' lang='lat'><strong>1</strong></span> <span class='ocrx_word' id='word_1_292' title='bbox 536 4014 771 4071; x_wconf 89' lang='lat' dir='ltr'><strong>diabolo.</strong></span> <span class='ocrx_word' id='word_1_293' title='bbox 806 4015 862 4069; x_wconf 88' lang='lat' dir='ltr'><strong>In</strong></span> <span class='ocrx_word' id='word_1_294' title='bbox 895 4016 1094 4086; x_wconf 89' lang='lat' dir='ltr'><strong>quibus</strong></span> <span class='ocrx_word' id='word_1_295' title='bbox 1123 4024 1177 4074; x_wconf 90' lang='lat' dir='ltr'><strong>et</strong></span> <span class='ocrx_word' id='word_1_296' title='bbox 1220 4017 1321 4090; x_wconf 89' lang='lat' dir='ltr'><strong>ipsi</strong></span> <span class='ocrx_word' id='word_1_297' title='bbox 1370 4032 1494 4073; x_wconf 91' lang='lat' dir='ltr'><strong>cum</strong></span> <span class='ocrx_word' id='word_1_298' title='bbox 1540 4017 1696 4074; x_wconf 81' lang='lat' dir='ltr'><strong>valde</strong></span> <span class='ocrx_word' id='word_1_299' title='bbox 1737 4018 2018 4074; x_wconf 82' lang='lat' dir='ltr'><strong>exercitati</strong></span> 
     </span>
    </p>
   </div>
   <div class='ocr_carea' id='block_1_48' title="bbox 468 4105 2015 4181">
    <p class='ocr_par' dir='ltr' id='par_1_48' title="bbox 468 4105 2015 4181">
     <span class='ocr_line' id='line_1_49' title="bbox 468 4105 2015 4181; baseline 0.005 -24"><span class='ocrx_word' id='word_1_300' title='bbox 468 4125 488 4157; x_wconf 86' lang='lat'><strong>1</strong></span> <span class='ocrx_word' id='word_1_301' title='bbox 537 4105 756 4167; x_wconf 79' lang='lat' dir='ltr'><strong>fuerint,</strong></span> <span class='ocrx_word' id='word_1_302' title='bbox 789 4113 844 4161; x_wconf 90' lang='lat' dir='ltr'><strong>et</strong></span> <span class='ocrx_word' id='word_1_303' title='bbox 874 4107 1214 4181; x_wconf 87' lang='lat' dir='ltr'><strong>constantius</strong></span> <span class='ocrx_word' id='word_1_304' title='bbox 1231 4108 1598 4179; x_wconf 67' lang='lat' dir='ltr'><strong>ieiunaverint</strong></span> <span class='ocrx_word' id='word_1_305' title='bbox 1625 4128 1638 4164; x_wconf 92' lang='lat'><strong>:</strong></span> <span class='ocrx_word' id='word_1_306' title='bbox 1666 4108 1922 4180; x_wconf 88' lang='lat' dir='ltr'><strong>deinceps</strong></span> <span class='ocrx_word' id='word_1_307' title='bbox 1959 4111 2015 4165; x_wconf 87' lang='lat' dir='ltr'><strong>in</strong></span> 
     </span>
    </p>
   </div>
   <div class='ocr_carea' id='block_1_49' title="bbox 467 4195 2014 4271">
    <p class='ocr_par' dir='ltr' id='par_1_49' title="bbox 467 4195 2014 4271">
     <span class='ocr_line' id='line_1_50' title="bbox 467 4195 2014 4271; baseline 0.008 -27"><span class='ocrx_word' id='word_1_308' title='bbox 467 4212 486 4244; x_wconf 85' lang='lat'><strong>1</strong></span> <span class='ocrx_word' id='word_1_309' title='bbox 531 4195 868 4250; x_wconf 85' lang='lat' dir='ltr'><strong>orationibus</strong></span> <span class='ocrx_word' id='word_1_310' title='bbox 904 4196 1569 4268; x_wconf 84' lang='lat' dir='ltr'><strong>vigilabuntzmeditantes</strong></span> <span class='ocrx_word' id='word_1_311' title='bbox 1618 4201 1762 4271; x_wconf 91' lang='lat' dir='ltr'><strong>quod</strong></span> <span class='ocrx_word' id='word_1_312' title='bbox 1809 4200 2014 4256; x_wconf 88' lang='lat' dir='ltr'><strong>dictum</strong></span> 
     </span>
    </p>
   </div>
   <div class='ocr_carea' id='block_1_50' title="bbox 464 4286 2016 4363">
    <p class='ocr_par' dir='ltr' id='par_1_50' title="bbox 464 4286 2016 4363">
     <span class='ocr_line' id='line_1_51' title="bbox 464 4286 2016 4363; baseline 0.007 -27"><span class='ocrx_word' id='word_1_313' title='bbox 464 4306 484 4336; x_wconf 84' lang='lat'><strong>1</strong></span> <span class='ocrx_word' id='word_1_314' title='bbox 528 4295 613 4341; x_wconf 85' lang='lat' dir='ltr'><strong>est</strong></span> <span class='ocrx_word' id='word_1_315' title='bbox 638 4303 668 4340; x_wconf 86' lang='lat' dir='ltr'><strong>a</strong></span> <span class='ocrx_word' id='word_1_316' title='bbox 694 4286 920 4342; x_wconf 84' lang='lat' dir='ltr'><strong>Domino</strong></span> <span class='ocrx_word' id='word_1_317' title='bbox 947 4288 1014 4342; x_wconf 88' lang='lat' dir='ltr'><strong>ad</strong></span> <span class='ocrx_word' id='word_1_318' title='bbox 1043 4303 1168 4345; x_wconf 87' lang='lat' dir='ltr'><strong>eum</strong></span> <span class='ocrx_word' id='word_1_319' title='bbox 1207 4289 1302 4361; x_wconf 91' lang='lat' dir='ltr'><strong>qui</strong></span> <span class='ocrx_word' id='word_1_320' title='bbox 1335 4289 1483 4346; x_wconf 90' lang='lat' dir='ltr'><strong>illum</strong></span> <span class='ocrx_word' id='word_1_321' title='bbox 1505 4299 1690 4356; x_wconf 75' lang='lat' dir='ltr'><strong>tentet,</strong></span> <span class='ocrx_word' id='word_1_322' title='bbox 1723 4297 1782 4345; x_wconf 90' lang='lat' dir='ltr'><strong>ut</strong></span> <span class='ocrx_word' id='word_1_323' title='bbox 1836 4291 2016 4363; x_wconf 88' lang='lat' dir='ltr'><strong>ipsum</strong></span> 
     </span>
    </p>
   </div>
   <div class='ocr_carea' id='block_1_51' title="bbox 464 4379 2022 4452">
    <p class='ocr_par' dir='ltr' id='par_1_51' title="bbox 464 4379 2022 4452">
     <span class='ocr_line' id='line_1_52' title="bbox 464 4379 2022 4452; baseline 0.006 -22"><span class='ocrx_word' id='word_1_324' title='bbox 464 4395 485 4430; x_wconf 89' lang='lat'><strong>1</strong></span> <span class='ocrx_word' id='word_1_325' title='bbox 529 4379 718 4434; x_wconf 80' lang='lat' dir='ltr'><strong>adoret</strong></span> <span class='ocrx_word' id='word_1_326' title='bbox 745 4397 758 4433; x_wconf 91' lang='lat'><strong>:</strong></span> <span class='ocrx_word' id='word_1_327' title='bbox 785 4379 884 4433; x_wconf 77' lang='lat' dir='ltr'><strong>Abi</strong></span> <span class='ocrx_word' id='word_1_328' title='bbox 940 4394 1091 4449; x_wconf 77' lang='lat' dir='ltr'><strong>pone,</strong></span> <span class='ocrx_word' id='word_1_329' title='bbox 1134 4380 1336 4437; x_wconf 82' lang='lat' dir='ltr'><strong>Satana</strong></span> <span class='ocrx_word' id='word_1_330' title='bbox 1374 4395 1395 4438; x_wconf 91' lang='lat'><strong><em>:</em></strong></span> <span class='ocrx_word' id='word_1_331' title='bbox 1430 4382 1683 4452; x_wconf 75' lang='lat' dir='ltr'><strong>scriptum</strong></span> <span class='ocrx_word' id='word_1_332' title='bbox 1727 4393 1803 4438; x_wconf 73' lang='lat' dir='ltr'><strong>est</strong></span> <span class='ocrx_word' id='word_1_333' title='bbox 1851 4384 2022 4441; x_wconf 81' lang='lat' dir='ltr'><strong>enim:</strong></span> 
     </span>
    </p>
   </div>
   <div class='ocr_carea' id='block_1_52' title="bbox 464 4469 1974 4541">
    <p class='ocr_par' dir='ltr' id='par_1_52' title="bbox 464 4469 1974 4541">
     <span class='ocr_line' id='line_1_53' title="bbox 464 4469 1974 4541; baseline 0.006 -19"><span class='ocrx_word' id='word_1_334' title='bbox 464 4490 483 4521; x_wconf 89' lang='lat'><strong>1</strong></span> <span class='ocrx_word' id='word_1_335' title='bbox 534 4469 812 4524; x_wconf 83' lang='lat' dir='ltr'><strong>Dominum</strong></span> <span class='ocrx_word' id='word_1_336' title='bbox 846 4481 991 4526; x_wconf 80' lang='lat' dir='ltr'><strong>tuum</strong></span> <span class='ocrx_word' id='word_1_337' title='bbox 1020 4472 1291 4541; x_wconf 75' lang='lat' dir='ltr'><strong>adorabis,</strong></span> <span class='ocrx_word' id='word_1_338' title='bbox 1327 4482 1375 4530; x_wconf 79' lang='lat' dir='ltr'><strong>et</strong></span> <span class='ocrx_word' id='word_1_339' title='bbox 1407 4473 1490 4528; x_wconf 81' lang='lat' dir='ltr'><strong>illi</strong></span> <span class='ocrx_word' id='word_1_340' title='bbox 1510 4472 1614 4529; x_wconf 79' lang='lat' dir='ltr'><strong>soli</strong></span> <span class='ocrx_word' id='word_1_341' title='bbox 1635 4475 1822 4530; x_wconf 72' lang='lat' dir='ltr'><strong>servies</strong></span> <span class='ocrx_word' id='word_1_342' title='bbox 1857 4485 1906 4531; x_wconf 73' lang='grc' dir='ltr'><strong>ι.</strong></span> <span class='ocrx_word' id='word_1_343' title='bbox 1937 4494 1974 4530; x_wconf 68' lang='grc' dir='ltr'>σι</span> 
     </span>
    </p>
   </div>
   <div class='ocr_carea' id='block_1_53' title="bbox 2122 3552 3688 3630">
    <p class='ocr_par' dir='ltr' id='par_1_53' title="bbox 2122 3552 3688 3630">
     <span class='ocr_line' id='line_1_54' title="bbox 2122 3552 3688 3630; baseline 0.004 -24"><span class='ocrx_word' id='word_1_344' title='bbox 2122 3572 2142 3606; x_wconf 87' lang='lat'><strong>1</strong></span> <span class='ocrx_word' id='word_1_345' title='bbox 2185 3553 2456 3624; x_wconf 73' lang='grc' dir='ltr'><strong>στίγματα</strong></span> <span class='ocrx_word' id='word_1_346' title='bbox 2484 3552 2577 3609; x_wconf 80' lang='grc' dir='ltr'><strong>τοῦ</strong></span> <span class='ocrx_word' id='word_1_347' title='bbox 2619 3553 2796 3628; x_wconf 76' lang='grc' dir='ltr'><strong>Ἰησοῦ</strong></span> <span class='ocrx_word' id='word_1_348' title='bbox 2829 3555 3187 3610; x_wconf 64' lang='grc' dir='ltr'>ἐνδείκνυνται</span> <span class='ocrx_word' id='word_1_349' title='bbox 3212 3557 3267 3611; x_wconf 83' lang='grc' dir='ltr'>ὲν</span> <span class='ocrx_word' id='word_1_350' title='bbox 3309 3559 3427 3620; x_wconf 80' lang='grc' dir='ltr'>τοῖς</span> <span class='ocrx_word' id='word_1_351' title='bbox 3450 3557 3688 3630; x_wconf 81' lang='grc' dir='ltr'>σώμασιν</span> 
     </span>
    </p>
   </div>
   <div class='ocr_carea' id='block_1_54' title="bbox 2122 3645 3690 3721">
    <p class='ocr_par' dir='ltr' id='par_1_54' title="bbox 2122 3645 3690 3721">
     <span class='ocr_line' id='line_1_55' title="bbox 2122 3645 3690 3721; baseline 0.003 -23"><span class='ocrx_word' id='word_1_352' title='bbox 2122 3665 2141 3698; x_wconf 89' lang='lat'><strong>1</strong></span> <span class='ocrx_word' id='word_1_353' title='bbox 2180 3645 2385 3701; x_wconf 78' lang='grc' dir='ltr'>ἑαυτῶν</span> <span class='ocrx_word' id='word_1_354' title='bbox 2404 3647 2470 3716; x_wconf 68' lang='grc' dir='ltr'>ν,</span> <span class='ocrx_word' id='word_1_355' title='bbox 2490 3645 2585 3721; x_wconf 54' lang='grc' dir='ltr'>καὶ</span> <span class='ocrx_word' id='word_1_356' title='bbox 2605 3646 2704 3718; x_wconf 69' lang='grc' dir='ltr'>ήδη</span> <span class='ocrx_word' id='word_1_357' title='bbox 2721 3645 2864 3710; x_wconf 73' lang='grc' dir='ltr'>τινὲς</span> <span class='ocrx_word' id='word_1_358' title='bbox 2877 3645 3055 3718; x_wconf 85' lang='grc' dir='ltr'>τρίτον</span> <span class='ocrx_word' id='word_1_359' title='bbox 3075 3647 3194 3711; x_wconf 70' lang='grc' dir='ltr'>ἔτος</span> <span class='ocrx_word' id='word_1_360' title='bbox 3214 3647 3398 3718; x_wconf 72' lang='grc' dir='ltr'>ἔχουσι</span> <span class='ocrx_word' id='word_1_361' title='bbox 3425 3663 3690 3702; x_wconf 80' lang='grc' dir='ltr'>καταπεν-</span> 
     </span>
    </p>
   </div>
   <div class='ocr_carea' id='block_1_55' title="bbox 2123 3738 3691 3812">
    <p class='ocr_par' dir='ltr' id='par_1_55' title="bbox 2123 3738 3691 3812">
     <span class='ocr_line' id='line_1_56' title="bbox 2123 3738 3691 3812; baseline 0.001 -22"><span class='ocrx_word' id='word_1_362' title='bbox 2123 3758 2141 3790; x_wconf 87' lang='lat'><strong>1</strong></span> <span class='ocrx_word' id='word_1_363' title='bbox 2180 3738 2394 3803; x_wconf 77' lang='grc' dir='ltr'>θοῦντες</span> <span class='ocrx_word' id='word_1_364' title='bbox 2414 3755 2429 3769; x_wconf 87' lang='grc'><strong>·</strong></span> <span class='ocrx_word' id='word_1_365' title='bbox 2480 3738 3004 3811; x_wconf 75' lang='grc' dir='ltr'>προσεπιτιμηθῆυαι</span> <span class='ocrx_word' id='word_1_366' title='bbox 3033 3739 3215 3802; x_wconf 78' lang='grc' dir='ltr'>αὐτοῖς</span> <span class='ocrx_word' id='word_1_367' title='bbox 3245 3739 3353 3792; x_wconf 81' lang='grc' dir='ltr'><strong>ἀπὸ</strong></span> <span class='ocrx_word' id='word_1_368' title='bbox 3380 3740 3500 3811; x_wconf 67' lang='grc' dir='ltr'><strong>τῆς</strong></span> <span class='ocrx_word' id='word_1_369' title='bbox 3532 3756 3691 3812; x_wconf 85' lang='grc' dir='ltr'>προσ-</span> 
     </span>
    </p>
   </div>
   <div class='ocr_carea' id='block_1_56' title="bbox 2122 3829 3688 3907">
    <p class='ocr_par' dir='ltr' id='par_1_56' title="bbox 2122 3829 3688 3907">
     <span class='ocr_line' id='line_1_57' title="bbox 2122 3829 3688 3907; baseline 0.003 -25"><span class='ocrx_word' id='word_1_370' title='bbox 2122 3849 2141 3882; x_wconf 91' lang='lat'><strong>1</strong></span> <span class='ocrx_word' id='word_1_371' title='bbox 2177 3829 2440 3894; x_wconf 82' lang='grc' dir='ltr'><strong>ελεύσεως</strong></span> <span class='ocrx_word' id='word_1_372' title='bbox 2494 3829 2618 3895; x_wconf 58' lang='grc' dir='ltr'>καθέ</span> <span class='ocrx_word' id='word_1_373' title='bbox 2678 3831 2981 3907; x_wconf 76' lang='grc' dir='ltr'>ὑπόμνησιν</span> <span class='ocrx_word' id='word_1_374' title='bbox 3049 3831 3216 3895; x_wconf 77' lang='grc' dir='ltr'>ἄλλας</span> <span class='ocrx_word' id='word_1_375' title='bbox 3282 3831 3688 3903; x_wconf 79' lang='grc' dir='ltr'>τεσσαράκοντα</span> 
     </span>
    </p>
   </div>
   <div class='ocr_carea' id='block_1_57' title="bbox 2124 3923 3688 3999">
    <p class='ocr_par' dir='ltr' id='par_1_57' title="bbox 2124 3923 3688 3999">
     <span class='ocr_line' id='line_1_58' title="bbox 2124 3923 3688 3999; baseline -0.004 -18"><span class='ocrx_word' id='word_1_376' title='bbox 2124 3939 2142 3987; x_wconf 72' lang='grc' dir='ltr'><strong><em>ᾳ</em></strong></span> <span class='ocrx_word' id='word_1_377' title='bbox 2182 3923 2411 3997; x_wconf 76' lang='grc' dir='ltr'>ἡμέρας.</span> <span class='ocrx_word' id='word_1_378' title='bbox 2439 3924 2526 3989; x_wconf 70' lang='grc' dir='ltr'>ἃς,</span> <span class='ocrx_word' id='word_1_379' title='bbox 2551 3924 2750 3997; x_wconf 83' lang='grc' dir='ltr'>καίπερ</span> <span class='ocrx_word' id='word_1_380' title='bbox 2772 3923 3072 3999; x_wconf 75' lang='grc' dir='ltr'>νηστεύσας</span> <span class='ocrx_word' id='word_1_381' title='bbox 3100 3925 3129 3978; x_wconf 86' lang='grc' dir='ltr'><strong>ό</strong></span> <span class='ocrx_word' id='word_1_382' title='bbox 3157 3924 3359 3997; x_wconf 81' lang='grc' dir='ltr'>Κύριος</span> <span class='ocrx_word' id='word_1_383' title='bbox 3382 3925 3482 3978; x_wconf 76' lang='grc' dir='ltr'>καὶ</span> <span class='ocrx_word' id='word_1_384' title='bbox 3505 3924 3688 3996; x_wconf 76' lang='grc' dir='ltr'>Σωτὴρ</span> 
     </span>
    </p>
   </div>
   <div class='ocr_carea' id='block_1_58' title="bbox 2123 4000 3686 4088">
    <p class='ocr_par' dir='ltr' id='par_1_58' title="bbox 2123 4000 3686 4088">
     <span class='ocr_line' id='line_1_59' title="bbox 2123 4000 3686 4088; baseline -0.004 -19"><span class='ocrx_word' id='word_1_385' title='bbox 2123 4032 2142 4068; x_wconf 82' lang='grc' dir='ltr'><strong>ι</strong></span> <span class='ocrx_word' id='word_1_386' title='bbox 2182 4015 2338 4088; x_wconf 77' lang='grc' dir='ltr'>ἡμῶν</span> <span class='ocrx_word' id='word_1_387' title='bbox 2395 4011 2602 4087; x_wconf 80' lang='grc' dir='ltr'>Ἰησοῦς</span> <span class='ocrx_word' id='word_1_388' title='bbox 2652 4000 2914 4086; x_wconf 77' lang='grc' dir='ltr'>Χριστὸς,</span> <span class='ocrx_word' id='word_1_389' title='bbox 2986 4011 3126 4084; x_wconf 78' lang='grc' dir='ltr'>μετὰ</span> <span class='ocrx_word' id='word_1_390' title='bbox 3172 4013 3232 4067; x_wconf 81' lang='grc' dir='ltr'>τὸ</span> <span class='ocrx_word' id='word_1_391' title='bbox 3287 4011 3686 4083; x_wconf 77' lang='grc' dir='ltr'>βαπτισθῆναι,</span> 
     </span>
    </p>
   </div>
   <div class='ocr_carea' id='block_1_59' title="bbox 2124 4101 3687 4177">
    <p class='ocr_par' dir='ltr' id='par_1_59' title="bbox 2124 4101 3687 4177">
     <span class='ocr_line' id='line_1_60' title="bbox 2124 4101 3687 4177; baseline -0.004 -18"><span class='ocrx_word' id='word_1_392' title='bbox 2124 4125 2142 4159; x_wconf 85' lang='lat'><strong>1</strong></span> <span class='ocrx_word' id='word_1_393' title='bbox 2180 4105 2477 4177; x_wconf 74' lang='grc' dir='ltr'><strong>ὲπειρᾶσθη</strong></span> <span class='ocrx_word' id='word_1_394' title='bbox 2522 4105 2628 4160; x_wconf 75' lang='grc' dir='ltr'><strong>ὑπὸ</strong></span> <span class='ocrx_word' id='word_1_395' title='bbox 2676 4103 2769 4158; x_wconf 81' lang='grc' dir='ltr'>τοῦ</span> <span class='ocrx_word' id='word_1_396' title='bbox 2813 4102 3056 4159; x_wconf 77' lang='grc' dir='ltr'>διαϐόλου</span> <span class='ocrx_word' id='word_1_397' title='bbox 3083 4103 3114 4134; x_wconf 79' lang='grc'><em>·’</em></span> <span class='ocrx_word' id='word_1_398' title='bbox 3162 4104 3244 4167; x_wconf 79' lang='grc' dir='ltr'>εις</span> <span class='ocrx_word' id='word_1_399' title='bbox 3281 4103 3348 4168; x_wconf 74' lang='grc' dir='ltr'>ἃς</span> <span class='ocrx_word' id='word_1_400' title='bbox 3397 4104 3500 4158; x_wconf 81' lang='grc' dir='ltr'>καὶ</span> <span class='ocrx_word' id='word_1_401' title='bbox 3538 4101 3687 4156; x_wconf 73' lang='grc' dir='ltr'>αὐτοὶ</span> 
     </span>
    </p>
   </div>
   <div class='ocr_carea' id='block_1_60' title="bbox 2124 4194 3685 4270">
    <p class='ocr_par' dir='ltr' id='par_1_60' title="bbox 2124 4194 3685 4270">
     <span class='ocr_line' id='line_1_61' title="bbox 2124 4194 3685 4270; baseline -0.003 -17"><span class='ocrx_word' id='word_1_402' title='bbox 2124 4220 2142 4253; x_wconf 88' lang='lat'><strong>1</strong></span> <span class='ocrx_word' id='word_1_403' title='bbox 2179 4198 2319 4254; x_wconf 81' lang='grc' dir='ltr'>κατὰ</span> <span class='ocrx_word' id='word_1_404' title='bbox 2343 4197 2404 4252; x_wconf 77' lang='grc' dir='ltr'>τὸ</span> <span class='ocrx_word' id='word_1_405' title='bbox 2430 4198 2683 4270; x_wconf 82' lang='grc' dir='ltr'>περισσὸν</span> <span class='ocrx_word' id='word_1_406' title='bbox 2709 4197 3212 4269; x_wconf 79' lang='grc' dir='ltr'>διαγυμνασθέντες,</span> <span class='ocrx_word' id='word_1_407' title='bbox 3236 4195 3597 4268; x_wconf 52' lang='lat' dir='ltr'><strong>summa»</strong></span> <span class='ocrx_word' id='word_1_408' title='bbox 3623 4194 3685 4225; x_wconf 66' lang='grc' dir='ltr'><strong>’θ’</strong></span> 
     </span>
    </p>
   </div>
   <div class='ocr_carea' id='block_1_61' title="bbox 2126 4285 3686 4362">
    <p class='ocr_par' dir='ltr' id='par_1_61' title="bbox 2126 4285 3686 4362">
     <span class='ocr_line' id='line_1_62' title="bbox 2126 4285 3686 4362; baseline -0.003 -16"><span class='ocrx_word' id='word_1_409' title='bbox 2126 4313 2156 4357; x_wconf 79' lang='grc' dir='ltr'><strong>ι¹</strong></span> <span class='ocrx_word' id='word_1_410' title='bbox 2182 4309 2243 4346; x_wconf 86' lang='grc' dir='ltr'>τε</span> <span class='ocrx_word' id='word_1_411' title='bbox 2292 4290 2579 4362; x_wconf 81' lang='grc' dir='ltr'>νήψαντες,</span> <span class='ocrx_word' id='word_1_412' title='bbox 2619 4291 3057 4362; x_wconf 73' lang='grc' dir='ltr'>γρηγορήσουσιν</span> <span class='ocrx_word' id='word_1_413' title='bbox 3115 4291 3196 4353; x_wconf 85' lang='grc' dir='ltr'>είς</span> <span class='ocrx_word' id='word_1_414' title='bbox 3247 4287 3558 4362; x_wconf 77' lang='grc' dir='ltr'>προσευχὰς</span> <span class='ocrx_word' id='word_1_415' title='bbox 3595 4285 3686 4341; x_wconf 79' lang='grc' dir='ltr'><strong>τοῦ</strong></span> 
     </span>
    </p>
   </div>
   <div class='ocr_carea' id='block_1_62' title="bbox 2125 4379 3684 4453">
    <p class='ocr_par' dir='ltr' id='par_1_62' title="bbox 2125 4379 3684 4453">
     <span class='ocr_line' id='line_1_63' title="bbox 2125 4379 3684 4453; baseline -0.005 -15"><span class='ocrx_word' id='word_1_416' title='bbox 2125 4402 2146 4438; x_wconf 81' lang='lat'><strong>1</strong></span> <span class='ocrx_word' id='word_1_417' title='bbox 2179 4383 2387 4446; x_wconf 81' lang='grc' dir='ltr'>λοιποῦ,</span> <span class='ocrx_word' id='word_1_418' title='bbox 2412 4380 2884 4453; x_wconf 58' lang='grc' dir='ltr'>καταμελετᾶψτες</span> <span class='ocrx_word' id='word_1_419' title='bbox 2911 4380 2973 4434; x_wconf 83' lang='grc' dir='ltr'><strong>τδ</strong></span> <span class='ocrx_word' id='word_1_420' title='bbox 2998 4379 3318 4451; x_wconf 78' lang='grc' dir='ltr'>λελεγμένον</span> <span class='ocrx_word' id='word_1_421' title='bbox 3343 4381 3433 4412; x_wconf 81' lang='grc'><strong>²⁶⁶⁹</strong></span> <span class='ocrx_word' id='word_1_422' title='bbox 3462 4380 3569 4434; x_wconf 76' lang='grc' dir='ltr'><strong>ὑπὸ</strong></span> <span class='ocrx_word' id='word_1_423' title='bbox 3595 4379 3684 4431; x_wconf 81' lang='grc' dir='ltr'>τοῦ</span> 
     </span>
    </p>
   </div>
   <div class='ocr_carea' id='block_1_63' title="bbox 2125 4468 3685 4547">
    <p class='ocr_par' dir='ltr' id='par_1_63' title="bbox 2125 4468 3685 4547">
     <span class='ocr_line' id='line_1_64' title="bbox 2125 4468 3685 4547; baseline -0.001 -21"><span class='ocrx_word' id='word_1_424' title='bbox 2125 4493 2145 4526; x_wconf 89' lang='lat'><strong>1</strong></span> <span class='ocrx_word' id='word_1_425' title='bbox 2181 4472 2384 4544; x_wconf 76' lang='grc' dir='ltr'>Κυρίου</span> <span class='ocrx_word' id='word_1_426' title='bbox 2413 4471 2546 4542; x_wconf 83' lang='grc' dir='ltr'>πρὸς</span> <span class='ocrx_word' id='word_1_427' title='bbox 2567 4472 2655 4525; x_wconf 82' lang='grc' dir='ltr'>τὸν</span> <span class='ocrx_word' id='word_1_428' title='bbox 2676 4468 3000 4547; x_wconf 72' lang='grc' dir='ltr'>-πειράζοντα</span> <span class='ocrx_word' id='word_1_429' title='bbox 3024 4470 3313 4532; x_wconf 80' lang='grc' dir='ltr'>αὑτὸν,ἵνα</span> <span class='ocrx_word' id='word_1_430' title='bbox 3333 4471 3685 4541; x_wconf 74' lang='grc' dir='ltr'>προσκυνήσῃ</span> 
     </span>
    </p>
   </div>
   <div class='ocr_carea' id='block_1_64' title="bbox 463 4563 3685 4642">
    <p class='ocr_par' dir='ltr' id='par_1_64' title="bbox 463 4563 3685 4642">
     <span class='ocr_line' id='line_1_65' title="bbox 463 4563 3685 4642; baseline -0 -24"><span class='ocrx_word' id='word_1_431' title='bbox 463 4585 494 4629; x_wconf 86' lang='lat'><strong>1_</strong></span> <span class='ocrx_word' id='word_1_432' title='bbox 517 4566 664 4638; x_wconf 83' lang='grc' dir='ltr'>αὐτῴ</span> <span class='ocrx_word' id='word_1_433' title='bbox 684 4584 697 4597; x_wconf 91' lang='grc'><strong>·</strong></span> <span class='ocrx_word' id='word_1_434' title='bbox 739 4567 954 4638; x_wconf 76' lang='grc' dir='ltr'><strong>Ὕπαγε</strong></span> <span class='ocrx_word' id='word_1_435' title='bbox 995 4568 1185 4624; x_wconf 75' lang='grc' dir='ltr'>ὀπίσω</span> <span class='ocrx_word' id='word_1_436' title='bbox 1231 4587 1372 4640; x_wconf 81' lang='grc' dir='ltr'>μου,</span> <span class='ocrx_word' id='word_1_437' title='bbox 1401 4568 1662 4626; x_wconf 82' lang='grc' dir='ltr'>Σατανᾶ·</span> <span class='ocrx_word' id='word_1_438' title='bbox 1707 4568 2024 4642; x_wconf 58' lang='grc' dir='ltr'>τέτραπται</span> <span class='ocrx_word' id='word_1_439' title='bbox 2077 4569 2209 4640; x_wconf 77' lang='grc' dir='ltr'>γὰρ,</span> <span class='ocrx_word' id='word_1_440' title='bbox 2250 4569 2469 4637; x_wconf 69' lang='grc' dir='ltr'>Κύριον</span> <span class='ocrx_word' id='word_1_441' title='bbox 2535 4567 2641 4619; x_wconf 74' lang='grc' dir='ltr'><strong>τὸν</strong></span> <span class='ocrx_word' id='word_1_442' title='bbox 2683 4566 2832 4619; x_wconf 78' lang='grc' dir='ltr'><strong>Θεόν</strong></span> <span class='ocrx_word' id='word_1_443' title='bbox 2882 4581 3025 4632; x_wconf 82' lang='grc' dir='ltr'><strong>σου¹</strong></span> <span class='ocrx_word' id='word_1_444' title='bbox 3055 4563 3524 4632; x_wconf 74' lang='grc' dir='ltr'>προσκυνήσεις,</span> <span class='ocrx_word' id='word_1_445' title='bbox 3592 4565 3685 4618; x_wconf 72' lang='grc' dir='ltr'>καὶ</span> 
     </span>
    </p>
   </div>
   <div class='ocr_carea' id='block_1_65' title="bbox 465 4660 1322 4733">
    <p class='ocr_par' dir='ltr' id='par_1_65' title="bbox 465 4660 1322 4733">
     <span class='ocr_line' id='line_1_66' title="bbox 465 4660 1322 4733; baseline 0.007 -21"><span class='ocrx_word' id='word_1_446' title='bbox 465 4679 485 4711; x_wconf 82' lang='lat'><strong>1</strong></span> <span class='ocrx_word' id='word_1_447' title='bbox 524 4660 683 4726; x_wconf 79' lang='grc' dir='ltr'>αὐτῷ</span> <span class='ocrx_word' id='word_1_448' title='bbox 706 4663 870 4730; x_wconf 81' lang='grc' dir='ltr'>μόνῳ</span> <span class='ocrx_word' id='word_1_449' title='bbox 896 4664 1264 4733; x_wconf 76' lang='grc' dir='ltr'>λατρεύσεις.</span> <span class='ocrx_word' id='word_1_450' title='bbox 1301 4683 1322 4718; x_wconf 70' lang='grc' dir='ltr'><strong>ι</strong></span> 
     </span>
    </p>
   </div>
   <div class='ocr_carea' id='block_1_66' title="bbox 534 4744 2050 4834">
    <p class='ocr_par' dir='ltr' id='par_1_66' title="bbox 534 4744 2050 4834">
     <span class='ocr_line' id='line_1_67' title="bbox 534 4744 2050 4834; baseline 0.007 -25"><span class='ocrx_word' id='word_1_451' title='bbox 534 4757 690 4813; x_wconf 63' lang='grc' dir='ltr'><strong>ΒΑιιε.</strong></span> <span class='ocrx_word' id='word_1_452' title='bbox 717 4758 1018 4818; x_wconf 69' lang='grc' dir='ltr'>Ρτωεοηῑοε</span> <span class='ocrx_word' id='word_1_453' title='bbox 1047 4776 1287 4819; x_wconf 88' lang='lat' dir='ltr'><strong>canones</strong></span> <span class='ocrx_word' id='word_1_454' title='bbox 1305 4768 1544 4819; x_wconf 87' lang='lat' dir='ltr'><strong>tractant</strong></span> <span class='ocrx_word' id='word_1_455' title='bbox 1571 4763 1639 4820; x_wconf 90' lang='lat' dir='ltr'><strong>de</strong></span> <span class='ocrx_word' id='word_1_456' title='bbox 1664 4761 1734 4820; x_wconf 89' lang='lat' dir='ltr'><strong>iis</strong></span> <span class='ocrx_word' id='word_1_457' title='bbox 1762 4744 1858 4834; x_wconf 86' lang='lat' dir='ltr'><strong>qui</strong></span> <span class='ocrx_word' id='word_1_458' title='bbox 1887 4776 2013 4833; x_wconf 84' lang='lat' dir='ltr'><strong>pro-</strong></span> <span class='ocrx_word' id='word_1_459' title='bbox 2039 4769 2050 4819; x_wconf 76' lang='lat' dir='ltr'><strong>t</strong></span> 
     </span>
    </p>
   </div>
   <div class='ocr_carea' id='block_1_67' title="bbox 2121 4744 3683 4834">
    <p class='ocr_par' dir='ltr' id='par_1_67' title="bbox 2182 4748 3683 4827">
     <span class='ocr_line' id='line_1_68' title="bbox 2182 4748 3683 4827; baseline -0.004 -14"><span class='ocrx_word' id='word_1_460' title='bbox 2182 4757 2378 4813; x_wconf 78' lang='grc' dir='ltr'><strong>ΒΛΔΣ.</strong></span> <span class='ocrx_word' id='word_1_461' title='bbox 2412 4757 2473 4810; x_wconf 87' lang='lat' dir='ltr'><strong>Ol</strong></span> <span class='ocrx_word' id='word_1_462' title='bbox 2504 4756 2768 4827; x_wconf 82' lang='grc' dir='ltr'>παρόντες</span> <span class='ocrx_word' id='word_1_463' title='bbox 2800 4753 3019 4820; x_wconf 83' lang='grc' dir='ltr'>κανόνες</span> <span class='ocrx_word' id='word_1_464' title='bbox 3049 4756 3179 4827; x_wconf 74' lang='grc' dir='ltr'>περὶ</span> <span class='ocrx_word' id='word_1_465' title='bbox 3210 4751 3403 4810; x_wconf 79' lang='grc' dir='ltr'><strong>τῶνὲν</strong></span> <span class='ocrx_word' id='word_1_466' title='bbox 3428 4748 3683 4826; x_wconf 73' lang='grc' dir='ltr'>διωγμοῖς</span> 
     </span>
    </p>
   </div>
   <div class='ocr_carea' id='block_1_68' title="bbox 460 4846 2016 4926">
    <p class='ocr_par' dir='ltr' id='par_1_68' title="bbox 460 4846 2016 4926">
     <span class='ocr_line' id='line_1_69' title="bbox 460 4846 2016 4926; baseline 0.008 -28"><span class='ocrx_word' id='word_1_467' title='bbox 460 4846 638 4917; x_wconf 85' lang='lat' dir='ltr'><strong>priam</strong></span> <span class='ocrx_word' id='word_1_468' title='bbox 670 4847 827 4905; x_wconf 81' lang='lat' dir='ltr'><strong>ﬁdem</strong></span> <span class='ocrx_word' id='word_1_469' title='bbox 858 4851 911 4905; x_wconf 91' lang='lat' dir='ltr'><strong>in</strong></span> <span class='ocrx_word' id='word_1_470' title='bbox 939 4853 1410 4922; x_wconf 88' lang='lat' dir='ltr'><strong>persecutionibus</strong></span> <span class='ocrx_word' id='word_1_471' title='bbox 1443 4861 1797 4926; x_wconf 83' lang='lat' dir='ltr'><strong>negaverunt,</strong></span> <span class='ocrx_word' id='word_1_472' title='bbox 1819 4861 1872 4908; x_wconf 89' lang='lat' dir='ltr'><strong>et</strong></span> <span class='ocrx_word' id='word_1_473' title='bbox 1895 4867 2016 4923; x_wconf 73' lang='lat' dir='ltr'><strong>pm-</strong></span> 
     </span>
    </p>
   </div>
   <div class='ocr_carea' id='block_1_69' title="bbox 461 4937 2013 5016">
    <p class='ocr_par' dir='ltr' id='par_1_69' title="bbox 461 4937 2013 5016">
     <span class='ocr_line' id='line_1_70' title="bbox 461 4937 2013 5016; baseline 0.006 -25"><span class='ocrx_word' id='word_1_474' title='bbox 461 4937 744 4993; x_wconf 82' lang='lat' dir='ltr'><strong>nitentiam</strong></span> <span class='ocrx_word' id='word_1_475' title='bbox 766 4952 1013 5010; x_wconf 86' lang='lat' dir='ltr'><strong>egerunt.</strong></span> <span class='ocrx_word' id='word_1_476' title='bbox 1047 4942 1112 4997; x_wconf 87' lang='lat' dir='ltr'><strong>Et</strong></span> <span class='ocrx_word' id='word_1_477' title='bbox 1140 4943 1294 5014; x_wconf 83' lang='lat' dir='ltr'><strong>jubet</strong></span> <span class='ocrx_word' id='word_1_478' title='bbox 1329 4944 1548 5016; x_wconf 87' lang='lat' dir='ltr'><strong>quidem</strong></span> <span class='ocrx_word' id='word_1_479' title='bbox 1579 4946 1788 5016; x_wconf 88' lang='lat' dir='ltr'><strong>primus</strong></span> <span class='ocrx_word' id='word_1_480' title='bbox 1815 4959 2013 5009; x_wconf 87' lang='lat' dir='ltr'><strong>canon,</strong></span> 
     </span>
    </p>
   </div>
   <div class='ocr_carea' id='block_1_70' title="bbox 461 5030 2015 5107">
    <p class='ocr_par' dir='ltr' id='par_1_70' title="bbox 461 5030 2015 5107">
     <span class='ocr_line' id='line_1_71' title="bbox 461 5030 2015 5107; baseline 0.003 -22"><span class='ocrx_word' id='word_1_481' title='bbox 461 5030 543 5086; x_wconf 88' lang='lat' dir='ltr'><strong>eis</strong></span> <span class='ocrx_word' id='word_1_482' title='bbox 587 5030 682 5100; x_wconf 91' lang='lat' dir='ltr'><strong>qui</strong></span> <span class='ocrx_word' id='word_1_483' title='bbox 726 5038 848 5101; x_wconf 89' lang='lat' dir='ltr'><strong>post</strong></span> <span class='ocrx_word' id='word_1_484' title='bbox 892 5034 1060 5088; x_wconf 82' lang='lat' dir='ltr'><strong>multa</strong></span> <span class='ocrx_word' id='word_1_485' title='bbox 1093 5044 1361 5092; x_wconf 88' lang='lat' dir='ltr'><strong>tormenta</strong></span> <span class='ocrx_word' id='word_1_486' title='bbox 1385 5036 1784 5102; x_wconf 80' lang='lat' dir='ltr'><strong>sacriﬁcarunt,</strong></span> <span class='ocrx_word' id='word_1_487' title='bbox 1815 5044 1875 5092; x_wconf 90' lang='lat' dir='ltr'><strong>ut</strong></span> <span class='ocrx_word' id='word_1_488' title='bbox 1923 5036 2015 5107; x_wconf 90' lang='lat' dir='ltr'><strong>qui</strong></span> 
     </span>
    </p>
   </div>
   <div class='ocr_carea' id='block_1_71' title="bbox 462 5121 2014 5202">
    <p class='ocr_par' dir='ltr' id='par_1_71' title="bbox 462 5121 2014 5202">
     <span class='ocr_line' id='line_1_72' title="bbox 462 5121 2014 5202; baseline 0.007 -29"><span class='ocrx_word' id='word_1_489' title='bbox 462 5131 685 5194; x_wconf 85' lang='lat' dir='ltr'><strong>propter</strong></span> <span class='ocrx_word' id='word_1_490' title='bbox 721 5121 1139 5182; x_wconf 84' lang='lat' dir='ltr'><strong>imbecillitatem</strong></span> <span class='ocrx_word' id='word_1_491' title='bbox 1189 5143 1536 5199; x_wconf 84' lang='lat' dir='ltr'><strong>perseverare</strong></span> <span class='ocrx_word' id='word_1_492' title='bbox 1573 5147 1682 5187; x_wconf 90' lang='lat' dir='ltr'><strong>non</strong></span> <span class='ocrx_word' id='word_1_493' title='bbox 1719 5131 2014 5202; x_wconf 79' lang='lat' dir='ltr'><strong>potuerint,</strong></span> 
     </span>
    </p>
   </div>
   <div class='ocr_carea' id='block_1_72' title="bbox 463 5212 2014 5292">
    <p class='ocr_par' dir='ltr' id='par_1_72' title="bbox 463 5212 2014 5292">
     <span class='ocr_line' id='line_1_73' title="bbox 463 5212 2014 5292; baseline 0.006 -26"><span class='ocrx_word' id='word_1_494' title='bbox 463 5219 515 5266; x_wconf 87' lang='lat' dir='ltr'><strong>ct</strong></span> <span class='ocrx_word' id='word_1_495' title='bbox 539 5213 591 5265; x_wconf 88' lang='lat' dir='ltr'><strong>in</strong></span> <span class='ocrx_word' id='word_1_496' title='bbox 620 5212 934 5282; x_wconf 73' lang='lat' dir='ltr'><strong>pmnitentia</strong></span> <span class='ocrx_word' id='word_1_497' title='bbox 967 5224 1076 5272; x_wconf 89' lang='lat' dir='ltr'><strong>tres</strong></span> <span class='ocrx_word' id='word_1_498' title='bbox 1105 5231 1278 5274; x_wconf 86' lang='lat' dir='ltr'><strong>annos</strong></span> <span class='ocrx_word' id='word_1_499' title='bbox 1306 5221 1691 5292; x_wconf 79' lang='lat' dir='ltr'><strong>transegerint,</strong></span> <span class='ocrx_word' id='word_1_500' title='bbox 1719 5223 1853 5277; x_wconf 86' lang='lat' dir='ltr'><strong>alios</strong></span> <span class='ocrx_word' id='word_1_501' title='bbox 1882 5239 2014 5292; x_wconf 85' lang='lat' dir='ltr'><strong>quo-</strong></span> 
     </span>
    </p>
   </div>
   <div class='ocr_carea' id='block_1_73' title="bbox 467 5304 2014 5382">
    <p class='ocr_par' dir='ltr' id='par_1_73' title="bbox 467 5304 2014 5382">
     <span class='ocr_line' id='line_1_74' title="bbox 467 5304 2014 5382; baseline 0.008 -26"><span class='ocrx_word' id='word_1_502' title='bbox 467 5320 569 5373; x_wconf 84' lang='lat' dir='ltr'><strong>que</strong></span> <span class='ocrx_word' id='word_1_503' title='bbox 596 5304 952 5375; x_wconf 83' lang='lat' dir='ltr'><strong>quadraginta</strong></span> <span class='ocrx_word' id='word_1_504' title='bbox 999 5308 1116 5364; x_wconf 90' lang='lat' dir='ltr'><strong>dies</strong></span> <span class='ocrx_word' id='word_1_505' title='bbox 1158 5309 1387 5382; x_wconf 89' lang='lat' dir='ltr'><strong>injungi,</strong></span> <span class='ocrx_word' id='word_1_506' title='bbox 1418 5319 1471 5367; x_wconf 92' lang='lat' dir='ltr'><strong>et</strong></span> <span class='ocrx_word' id='word_1_507' title='bbox 1493 5313 1572 5368; x_wconf 86' lang='lat' dir='ltr'><strong>sic</strong></span> <span class='ocrx_word' id='word_1_508' title='bbox 1615 5313 1845 5368; x_wconf 88' lang='lat' dir='ltr'><strong>admitti.</strong></span> <span class='ocrx_word' id='word_1_509' title='bbox 1877 5313 2014 5368; x_wconf 80' lang='lat' dir='ltr'><strong>Nota</strong></span> 
     </span>
    </p>
   </div>
   <div class='ocr_carea' id='block_1_74' title="bbox 468 5401 2018 5474">
    <p class='ocr_par' dir='ltr' id='par_1_74' title="bbox 468 5401 2018 5474">
     <span class='ocr_line' id='line_1_75' title="bbox 468 5401 2018 5474; baseline 0.005 -22"><span class='ocrx_word' id='word_1_510' title='bbox 468 5406 758 5471; x_wconf 65' lang='lat' dir='ltr'><strong>przcscutes</strong></span> <span class='ocrx_word' id='word_1_511' title='bbox 782 5413 1040 5464; x_wconf 81' lang='lat' dir='ltr'><strong>canones,</strong></span> <span class='ocrx_word' id='word_1_512' title='bbox 1084 5401 1176 5471; x_wconf 85' lang='lat' dir='ltr'><strong>qui</strong></span> <span class='ocrx_word' id='word_1_513' title='bbox 1211 5403 1358 5457; x_wconf 82' lang='lat' dir='ltr'><strong>varia</strong></span> <span class='ocrx_word' id='word_1_514' title='bbox 1392 5405 1633 5474; x_wconf 64' lang='lat' dir='ltr'><strong>quaedam</strong></span> <span class='ocrx_word' id='word_1_515' title='bbox 1666 5413 1717 5461; x_wconf 89' lang='lat' dir='ltr'><strong>et</strong></span> <span class='ocrx_word' id='word_1_516' title='bbox 1747 5405 1897 5460; x_wconf 87' lang='lat' dir='ltr'><strong>utilia</strong></span> <span class='ocrx_word' id='word_1_517' title='bbox 1925 5407 2018 5460; x_wconf 86' lang='lat' dir='ltr'><strong>de-</strong></span> 
     </span>
    </p>
   </div>
   <div class='ocr_carea' id='block_1_75' title="bbox 567 5553 1034 5620">
    <p class='ocr_par' dir='ltr' id='par_1_75' title="bbox 567 5553 1034 5620">
     <span class='ocr_line' id='line_1_76' title="bbox 567 5553 1034 5620; baseline 0 -10"><span class='ocrx_word' id='word_1_518' title='bbox 567 5568 596 5596; x_wconf 75' lang='grc' dir='ltr'><strong>ι</strong></span> <span class='ocrx_word' id='word_1_519' title='bbox 618 5553 811 5612; x_wconf 77' lang='lat' dir='ltr'><strong>Matth.</strong></span> <span class='ocrx_word' id='word_1_520' title='bbox 841 5569 912 5620; x_wconf 85' lang='lat' dir='ltr'><strong>tv,</strong></span> <span class='ocrx_word' id='word_1_521' title='bbox 950 5553 1034 5610; x_wconf 89' lang='lat' dir='ltr'><strong>-l0.</strong></span> 
     </span>
    </p>
   </div>
   <div class='ocr_carea' id='block_1_76' title="bbox 2115 4847 3683 4934">
    <p class='ocr_par' dir='ltr' id='par_1_76' title="bbox 2115 4847 3683 4934">
     <span class='ocr_line' id='line_1_77' title="bbox 2115 4847 3683 4934; baseline -0.003 -28"><span class='ocrx_word' id='word_1_522' title='bbox 2115 4848 2508 4923; x_wconf 71' lang='grc' dir='ltr'>ἀρνησαμένων</span> <span class='ocrx_word' id='word_1_523' title='bbox 2559 4849 2664 4918; x_wconf 80' lang='grc' dir='ltr'>τὴν</span> <span class='ocrx_word' id='word_1_524' title='bbox 2699 4847 2906 4902; x_wconf 76' lang='grc' dir='ltr'>οἰκείαν</span> <span class='ocrx_word' id='word_1_525' title='bbox 2954 4847 3154 4934; x_wconf 82' lang='grc' dir='ltr'>πίστιν,</span> <span class='ocrx_word' id='word_1_526' title='bbox 3183 4847 3278 4902; x_wconf 76' lang='grc' dir='ltr'>καὶ</span> <span class='ocrx_word' id='word_1_527' title='bbox 3325 4847 3683 4919; x_wconf 79' lang='grc' dir='ltr'>μετανοησάν-</span> 
     </span>
    </p>
   </div>
   <div class='ocr_carea' id='block_1_77' title="bbox 2115 4936 3682 5013">
    <p class='ocr_par' dir='ltr' id='par_1_77' title="bbox 2115 4936 3682 5013">
     <span class='ocr_line' id='line_1_78' title="bbox 2115 4936 3682 5013; baseline -0.004 -17"><span class='ocrx_word' id='word_1_528' title='bbox 2115 4959 2244 5007; x_wconf 84' lang='grc' dir='ltr'>των,</span> <span class='ocrx_word' id='word_1_529' title='bbox 2294 4940 2734 5013; x_wconf 76' lang='grc' dir='ltr'>διαλαμϐάνουσι.</span> <span class='ocrx_word' id='word_1_530' title='bbox 2789 4940 2899 4993; x_wconf 75' lang='grc' dir='ltr'><strong>Καὶ</strong></span> <span class='ocrx_word' id='word_1_531' title='bbox 2959 4938 3156 4994; x_wconf 86' lang='grc' dir='ltr'>αὐτίκα</span> <span class='ocrx_word' id='word_1_532' title='bbox 3188 4941 3216 4993; x_wconf 88' lang='grc' dir='ltr'><strong>ό</strong></span> <span class='ocrx_word' id='word_1_533' title='bbox 3242 4939 3454 5010; x_wconf 85' lang='grc' dir='ltr'>πρῶτος</span> <span class='ocrx_word' id='word_1_534' title='bbox 3506 4936 3682 4998; x_wconf 81' lang='grc' dir='ltr'>κανὼν</span> 
     </span>
    </p>
   </div>
   <div class='ocr_carea' id='block_1_78' title="bbox 2077 5029 3684 5103">
    <p class='ocr_par' dir='ltr' id='par_1_78' title="bbox 2077 5029 3684 5103">
     <span class='ocr_line' id='line_1_79' title="bbox 2077 5029 3684 5103; baseline -0.006 -13"><span class='ocrx_word' id='word_1_535' title='bbox 2077 5096 2079 5098; x_wconf 32' lang='grc' dir='ltr'><strong>η</strong></span> <span class='ocrx_word' id='word_1_536' title='bbox 2116 5033 2506 5098; x_wconf 81' lang='grc' dir='ltr'>διακελεύεται,</span> <span class='ocrx_word' id='word_1_537' title='bbox 2535 5033 2660 5095; x_wconf 78' lang='grc' dir='ltr'>τοὺς</span> <span class='ocrx_word' id='word_1_538' title='bbox 2694 5031 2959 5096; x_wconf 87' lang='grc' dir='ltr'>Θύσαντας</span> <span class='ocrx_word' id='word_1_539' title='bbox 2989 5031 3126 5103; x_wconf 82' lang='grc' dir='ltr'>μετὰ</span> <span class='ocrx_word' id='word_1_540' title='bbox 3173 5030 3433 5102; x_wconf 75' lang='grc' dir='ltr'>βασάνους</span> <span class='ocrx_word' id='word_1_541' title='bbox 3464 5029 3684 5093; x_wconf 79' lang='grc' dir='ltr'>πολλὰς,</span> 
     </span>
    </p>
   </div>
   <div class='ocr_carea' id='block_1_79' title="bbox 2118 5120 3679 5198">
    <p class='ocr_par' dir='ltr' id='par_1_79' title="bbox 2118 5120 3679 5198">
     <span class='ocr_line' id='line_1_80' title="bbox 2118 5120 3679 5198; baseline -0.004 -18"><span class='ocrx_word' id='word_1_542' title='bbox 2118 5126 2194 5191; x_wconf 86' lang='grc' dir='ltr'>ὼς</span> <span class='ocrx_word' id='word_1_543' title='bbox 2255 5126 2329 5198; x_wconf 84' lang='grc' dir='ltr'>μὴ</span> <span class='ocrx_word' id='word_1_544' title='bbox 2365 5123 2687 5196; x_wconf 81' lang='grc' dir='ltr'>δυνηθέντας</span> <span class='ocrx_word' id='word_1_545' title='bbox 2712 5123 2800 5177; x_wconf 86' lang='grc' dir='ltr'>διὰ</span> <span class='ocrx_word' id='word_1_546' title='bbox 2829 5123 3110 5177; x_wconf 78' lang='grc' dir='ltr'>ἀσθένειαν</span> <span class='ocrx_word' id='word_1_547' title='bbox 3149 5123 3571 5194; x_wconf 76' lang='grc' dir='ltr'>ἐγκαρτερῆσαι,</span> <span class='ocrx_word' id='word_1_548' title='bbox 3593 5120 3679 5173; x_wconf 62' lang='grc' dir='ltr'>καὶ</span> 
     </span>
    </p>
   </div>
   <div class='ocr_carea' id='block_1_80' title="bbox 2117 5216 3676 5291">
    <p class='ocr_par' dir='ltr' id='par_1_80' title="bbox 2117 5216 3676 5291">
     <span class='ocr_line' id='line_1_81' title="bbox 2117 5216 3676 5291; baseline -0.007 -16"><span class='ocrx_word' id='word_1_549' title='bbox 2117 5219 2534 5284; x_wconf 77' lang='grc' dir='ltr'>διαϐιϐάσαντας</span> <span class='ocrx_word' id='word_1_550' title='bbox 2574 5221 2701 5291; x_wconf 88' lang='grc' dir='ltr'>τρία</span> <span class='ocrx_word' id='word_1_551' title='bbox 2745 5218 2838 5289; x_wconf 76' lang='grc' dir='ltr'><strong>ἐτη</strong></span> <span class='ocrx_word' id='word_1_552' title='bbox 2863 5218 2920 5270; x_wconf 83' lang='grc' dir='ltr'>ὲν</span> <span class='ocrx_word' id='word_1_553' title='bbox 2949 5218 3013 5288; x_wconf 81' lang='grc' dir='ltr'><strong>τῇ</strong></span> <span class='ocrx_word' id='word_1_554' title='bbox 3063 5216 3336 5287; x_wconf 77' lang='grc' dir='ltr'>μετανοίᾳ,</span> <span class='ocrx_word' id='word_1_555' title='bbox 3369 5229 3676 5287; x_wconf 79' lang='grc' dir='ltr'>προσεπιτι-</span> 
     </span>
    </p>
   </div>
   <div class='ocr_carea' id='block_1_81' title="bbox 2124 5303 3680 5384">
    <p class='ocr_par' dir='ltr' id='par_1_81' title="bbox 2124 5303 3680 5384">
     <span class='ocr_line' id='line_1_82' title="bbox 2124 5303 3680 5384; baseline -0.008 -19"><span class='ocrx_word' id='word_1_556' title='bbox 2124 5311 2357 5384; x_wconf 75' lang='grc' dir='ltr'>μηθῆναι</span> <span class='ocrx_word' id='word_1_557' title='bbox 2391 5311 2480 5364; x_wconf 73' lang='grc' dir='ltr'>καὶ</span> <span class='ocrx_word' id='word_1_558' title='bbox 2505 5311 2692 5383; x_wconf 75' lang='grc' dir='ltr'>ἑτέρας</span> <span class='ocrx_word' id='word_1_559' title='bbox 2734 5307 3138 5380; x_wconf 81' lang='grc' dir='ltr'>τεσσαράκοντα</span> <span class='ocrx_word' id='word_1_560' title='bbox 3163 5307 3390 5377; x_wconf 73' lang='grc' dir='ltr'>ἡμέρας,</span> <span class='ocrx_word' id='word_1_561' title='bbox 3422 5305 3515 5358; x_wconf 79' lang='grc' dir='ltr'>καὶ</span> <span class='ocrx_word' id='word_1_562' title='bbox 3540 5303 3680 5356; x_wconf 76' lang='grc' dir='ltr'>οὕτω</span> 
     </span>
    </p>
   </div>
   <div class='ocr_carea' id='block_1_82' title="bbox 2121 5393 3678 5476">
    <p class='ocr_par' dir='ltr' id='par_1_82' title="bbox 2121 5393 3678 5476">
     <span class='ocr_line' id='line_1_83' title="bbox 2121 5393 3678 5476; baseline -0.007 -19"><span class='ocrx_word' id='word_1_563' title='bbox 2121 5404 2391 5476; x_wconf 71' lang='grc' dir='ltr'>δεχθῆναι.</span> <span class='ocrx_word' id='word_1_564' title='bbox 2421 5403 2732 5474; x_wconf 84' lang='grc' dir='ltr'>Σημείωσαι</span> <span class='ocrx_word' id='word_1_565' title='bbox 2759 5401 2882 5466; x_wconf 74' lang='grc' dir='ltr'>τοὺς</span> <span class='ocrx_word' id='word_1_566' title='bbox 2913 5399 3180 5471; x_wconf 82' lang='grc' dir='ltr'>παρόντας</span> <span class='ocrx_word' id='word_1_567' title='bbox 3204 5397 3431 5462; x_wconf 83' lang='grc' dir='ltr'>κανόνας</span> <span class='ocrx_word' id='word_1_568' title='bbox 3453 5393 3678 5469; x_wconf 78' lang='grc' dir='ltr'>διοριζο-</span> 
     </span>
    </p>
   </div>
   <div class='ocr_carea' id='block_1_83' title="bbox 1732 5656 2401 5725">
    <p class='ocr_par' dir='ltr' id='par_1_83' title="bbox 1732 5656 2401 5725">
     <span class='ocr_line' id='line_1_84' title="bbox 1732 5656 2401 5725; baseline 0.007 -6"><span class='ocrx_word' id='word_1_569' title='bbox 1732 5667 1966 5723; x_wconf 44' lang='lat' dir='ltr'><strong>vitam</strong></span> <span class='ocrx_word' id='word_1_570' title='bbox 2003 5656 2401 5725; x_wconf 78' lang='lat' dir='ltr'><strong>LECTIONES.</strong></span> 
     </span>
    </p>
   </div>
   <div class='ocr_carea' id='block_1_84' title="bbox 567 5803 964 5866">
    <p class='ocr_par' dir='ltr' id='par_1_84' title="bbox 567 5803 964 5866">
     <span class='ocr_line' id='line_1_85' title="bbox 567 5803 964 5866; baseline 0 -10"><span class='ocrx_word' id='word_1_571' title='bbox 567 5803 584 5831; x_wconf 85' lang='lat'><strong><em>‘</em></strong></span> <span class='ocrx_word' id='word_1_572' title='bbox 622 5803 964 5866; x_wconf 52' lang='grc' dir='ltr'>ἀνηκέστους.</span> 
     </span>
    </p>
   </div>
   <div class='ocr_carea' id='block_1_85' title="bbox 1049 5799 2393 5871">
    <p class='ocr_par' dir='ltr' id='par_1_85' title="bbox 1049 5799 2393 5871">
     <span class='ocr_line' id='line_1_86' title="bbox 1049 5799 2393 5871; baseline -0.003 -17"><span class='ocrx_word' id='word_1_573' title='bbox 1049 5805 1085 5833; x_wconf 90' lang='grc'><strong>¹⁹</strong></span> <span class='ocrx_word' id='word_1_574' title='bbox 1124 5799 1545 5871; x_wconf 81' lang='grc' dir='ltr'>προδιδομένοις.</span> <span class='ocrx_word' id='word_1_575' title='bbox 1617 5804 1636 5835; x_wconf 82' lang='lat'><strong>&#39;</strong></span> <span class='ocrx_word' id='word_1_576' title='bbox 1661 5801 2044 5870; x_wconf 69' lang='grc' dir='ltr'>ἀντιμάγςσθαυ</span> <span class='ocrx_word' id='word_1_577' title='bbox 2151 5808 2182 5833; x_wconf 61' lang='grc' dir='ltr'><strong>τ’</strong></span> <span class='ocrx_word' id='word_1_578' title='bbox 2218 5804 2393 5855; x_wconf 56' lang='grc' dir='ltr'><strong>αἶ’-’ὒν</strong></span> 
     </span>
    </p>
   </div>
   <div class='ocr_carea' id='block_1_86' title="bbox 2400 5799 3446 5867">
    <p class='ocr_par' dir='ltr' id='par_1_86' title="bbox 2400 5799 3446 5867">
     <span class='ocr_line' id='line_1_87' title="bbox 2400 5799 3446 5867; baseline -0.003 -12"><span class='ocrx_word' id='word_1_579' title='bbox 2400 5847 2404 5854; x_wconf 94' lang='grc'>.</span> <span class='ocrx_word' id='word_1_580' title='bbox 2487 5804 2552 5834; x_wconf 63' lang='grc' dir='ltr'><strong>θ’*</strong></span> <span class='ocrx_word' id='word_1_581' title='bbox 2586 5799 2956 5866; x_wconf 67' lang='grc' dir='ltr'>ἐντονώτερον.</span> <span class='ocrx_word' id='word_1_582' title='bbox 3024 5802 3115 5834; x_wconf 72' lang='grc'><strong>⁸⁸⁸⁸</strong></span> <span class='ocrx_word' id='word_1_583' title='bbox 3144 5799 3446 5867; x_wconf 70' lang='grc' dir='ltr'>λεγόμενον.</span> 
     </span>
    </p>
   </div>
  </div>
