3930 6190
286 353 376 416 885
1390 352 1475 414 ΙΝ
1506 352 1724 415 EPlST
1790 352 1829 414 S

1928 350 2128 414 'ETRl
2171 350 2394 415 ALEX.

3384 358 3492 424 486

285 483 345 535 οὐ
373 480 581 551 γυμνῶς
628 481 687 533 δέ
722 482 780 535 τὰ
801 480 936 552 πρὸς
973 481 1204 553 ἄρνησιν
1239 479 1505 555 ἔγραψαν,
1557 451 1680 539 ἀντι
1729 482 1823 536 τοῦ

1928 502 2048 557 qua:
2071 486 2141 543 ad
2176 487 2589 558 abnegatlonem
2636 494 2887 559 spectant
2916 502 3025 543 non
3058 486 3201 545 nude
3253 487 3493 561 scripse-

284 572 370 627 ούκ
408 571 913 644 ἀπαρακαλύπτως,
946 571 1007 626 οὐ
1057 574 1329 647 φανερῶς,
1378 574 1514 629 ἀλλὰ
1555 576 1642 630 διά
1689 586 1835 633 τινος

285 657 481 730 μεθόδου
507 656 787 726 διέπαιξαν
817 661 943 726 τοὺς
984 660 1268 731 βιάζοντας
1296 663 1511 730 αὐτοὺς,
1550 665 1624 728 ὡς
1660 668 1689 719 ό
1725 668 1831 718 Δα-

283 747 358 800 ϐὶδ
390 747 473 802 ὅτι
496 748 590 803 τόν
613 736 909 822 ἐπίληπτον
954 751 1218 824 ύπεκρίθη
1271 752 1488 822 φεύγων
1518 753 1609 807 τὸν
1640 754 1830 820 Σαοὺλ,

279 841 364 894 καὶ
387 840 517 912 πρὸς
554 842 684 905 τοὺς
733 841 1063 913 ἀλλοφύλους
1089 842 1399 915 γενόμενος,
1433 845 1526 899 καὶ
1567 844 1711 900 οὕτω
1743 847 1832 900 τὸν

278 931 491 986 θάνατον
532 932 895 1005 διαπέφευγε·
952 935 1240 1002 διέπαιξαν
1287 935 1367 1003 δέ,
1403 938 1557 1009 φησὶ,
1591 938 1688 1002 τὰς
1723 937 1832 993 τῶν

276 1022 461 1096 mpm
505 1026 830 1092 ἐπιϐουλὰς,
860 1027 937 1093 ὡς
963 1028 1150 1083 παιδία
1188 1028 1529 1100 βουλευτικὰ,
1561 1028 1827 1101 ἔμφρονα,

276 1114 512 1189 φρόνιμα,
533 1118 628 1170 καὶ
651 1117 887 1183 συνετῶς
900 1117 1103 1191 δηλαδὴ
1125 1119 1503 1192 βουλευόμενα.
1527 1119 1832 1187 διαπαίζου-

273 1222 348 1262 σιν
360 1209 412 1267 ἐν
425 1206 626 1280 ἄφροσι
642 1208 890 1273 παιδίοις.
902 1211 967 1264 Ἐ
973 1229 1175 1283 μφροσι
1184 1213 1243 1267 δὲ
1256 1212 1543 1279 ἀπεικάζει
1556 1214 1682 1278 τοὺς
1694 1215 1833 1268 ἀπα-

270 1301 525 1371 τήσαντας
540 1302 668 1365 τοὺς
683 1302 915 1368 ἀσεϐεῖς,
939 1305 1032 1358 καὶ
1045 1304 1303 1371 δόξαντας
1324 1307 1421 1377 μὲν
1441 1306 1608 1371 θύειν,
1638 1307 1710 1378 μὴ
1737 1306 1831 1361 θύ-

271 1407 446 1455 σαντας
463 1392 547 1446 δέ’
580 1391 853 1466 ἔμφρονας
871 1395 968 1466 μὲν
981 1396 1056 1461 ὡς
1075 1396 1174 1469 τὴν
1193 1398 1380 1452 θυσίαν
1396 1397 1530 1461 τέως
1550 1397 1830 1453 ἐκκλίναν-
1868 1390 1871 1391 ν

266 1498 351 1545 τας
367 1482 425 1514 ¹⁸⁶
445 1500 462 1514 ν
491 1483 767 1550 παιδείους
782 1486 859 1549 δέ,
879 1488 955 1552 ὡς
976 1487 1050 1559 μὴ
1067 1489 1269 1543 τέλειον
1285 1489 1648 1562 καὶάνδρῶδες
1661 1492 1834 1546 ἔνδεια,

268 1572 518 1645 ξαμένους
534 1576 809 1647 φρόνημα,
830 1579 924 1632 καὶ
938 1579 1199 1648 γενναίως
1210 1581 1704 1647 ἀντικαταστάντας
1717 1586 1829 1649 τοῖς

265 1667 686 1740 εεδωλολάτραις,
722 1669 835 1724 ἀλλ’
859 1670 1007 1743 ὅμως
1051 1672 1412 1745 συνθεμένους
1440 1675 1624 1743 θῦσαι,
1658 1678 1706 1730 εί
1735 1676 1829 1732 καί

262 1775 389 1824 τινες
412 1761 510 1792 ¹⁸⁹θ
540 1760 659 1815 ἀνθ’
686 1761 894 1818 ἑαυτῶν
916 1764 1182 1820 ὑπέϐαλον
1207 1766 1472 1832 ἐθνικοὺς,
1501 1769 1669 1840 ἤγουν
1696 1769 1827 1825 ἀπί-

1937 585 2084 638 runt,
2112 578 2214 634 hoc
2245 587 2330 635 est
2352 594 2461 635 non
2484 580 2791 646 manifeste,
2816 596 2928 637 non
2952 590 3168 653 aperte;
3200 582 3296 637 sed
3322 580 3494 637 artiﬁ-

1933 669 2020 723 cio
2048 668 2284 740 quodam
2312 683 2408 726 eos
2436 670 2530 740 qui
2556 670 2663 725 vim
2696 669 3004 727 inferebant
3034 670 3296 727 ludiﬁcati
3318 676 3447 727 sunt
3472 686 3490 727 ι

1934 773 1992 818 ιιι
2022 763 2211 831 David,
2244 765 2335 834 qui
2362 765 2490 820 dum
2520 762 2739 821 Saulem
2767 764 2994 836 fugeret,
3029 780 3095 821 ac
3137 766 3203 822 ad
3244 765 3494 838 alienige-

1930 873 2031 913 nas
2061 855 2391 920 devenisset,
2440 873 2500 913 se
2550 858 2894 930 epileptieum
2929 857 3104 924 ﬁnxit,
3133 874 3305 929 eoque
3335 865 3495 929 pacto

1931 957 2160 1005 mortem
2188 949 2429 1003 evitavit.
2457 946 2746 1005 Ludiﬁcati
2773 965 2934 1021 porro
2964 959 3113 1017 sunt,
3147 951 3345 1021 inquit,
3382 951 3491 1005 ini-

1929 1037 2197 1094 micorum
2226 1038 2493 1107 insidias;
2519 1040 2688 1096 veluti
2720 1040 2871 1109 pueri
2908 1040 3226 1110 prudentes,
3258 1038 3492 1097 consilio

1932 1124 2187 1181 nimirum
2218 1142 2281 1181 ac
2304 1129 2590 1200 prudentia
2624 1129 2860 1199 praediti,
2896 1130 3100 1200 quique
3148 1131 3358 1186 scilicet
3402 1146 3496 1188 so-

1928 1216 2095 1273 lerter
2126 1222 2415 1278 consilium
2448 1222 2748 1292 capientes,
2784 1222 3104 1292 insipientes
3130 1239 3328 1294 pueros
3366 1224 3516 1279 illu-'

1928 1309 2087 1366 riunt.
2118 1309 2484 1368 Prudentihus
2530 1320 2709 1367 autem
2757 1322 3037 1383 comparat
3070 1328 3167 1370 eos
3216 1330 3246 1369 a
3293 1315 3494 1387 quibus

1927 1401 2138 1474 decepti
2173 1412 2300 1459 sunt
2321 1404 2497 1475 impii,
2520 1407 2726 1478 quique
2746 1422 2871 1462 eum
2898 1425 3007 1464 non
3037 1407 3490 1471 saerilleaverint,

1930 1492 2244 1554 sacriﬁcare
2272 1493 2629 1550 nihilominus
2657 1496 2759 1551 visi
2804 1504 2970 1566 sunt;
3026 1497 3325 1568 prudentes
3370 1497 3495 1569 qui-

1927 1583 2075 1647 dem,
2109 1590 2169 1637 ut
2187 1584 2279 1653 qui
2310 1583 2643 1640 sacriﬁcium
2676 1600 2919 1657 eousque
2957 1586 3277 1642 evitaverint
3311 1604 3326 1641 :
3359 1601 3494 1657 pue-

1927 1690 2020 1733 ros
2053 1686 2255 1740 autem,
2288 1677 2434 1747 quod
2467 1676 2769 1749 perfectum
2796 1692 2862 1733 ae
2894 1679 3105 1734 virilem
3135 1694 3357 1735 sensum
3391 1679 3493 1734 mi-

1928 1766 2074 1822 nime
2098 1766 2391 1832 induerint,
2432 1783 2533 1825 nec
2563 1783 2827 1843 generose
2870 1768 3137 1825 idolorum
3183 1771 3494 1826 cultoribus

264 1866 437 1917 παυς,
498 1853 596 1905 καὶ
658 1853 881 1908 ἐκείνοιν
946 1853 1222 1911 θυσάντων
1274 1860 1631 1931 ἐνομίσθησαν
1677 1861 1829 1916 αὐτοὶ

1931 1861 2322 1930 repugnat-int;
2357 1875 2541 1915 verum
2592 1874 2652 1915 se
2686 1860 3094 1918 sacriﬁcaturos
3145 1868 3273 1915 sunt
3322 1862 3490 1932 pacti,

260 1943 556 2025 τεθυκέναι.
622 1944 748 2009 Τοῖς
779 1946 1058 2014 τοιούτοις,
1118 1951 1301 2020 φησιν,
1332 1951 1599 2023 ἑξάμηνος
1636 1953 1828 2025 καιρὸς

262 2023 539 2108 ἐξαρκέσει
569 2036 652 2100 είς
704 2037 1010 2108 μετάνοιαν.
1054 2040 1174 2094 Κᾶν
1200 2042 1308 2115 γὰρ
1344 2044 1444 2097 οὐκ
1467 2040 1683 2109 ἔθυσαν,
1708 2023 1826 2098 ἀλλ’

258 2127 329 2181 ὅτι
374 2128 667 2184 συνέθεντο
717 2130 896 2197 θῦσαι,
941 2132 974 2205 ἢ
1036 2134 1119 2188 δτι
1154 2134 1372 2207 ἐτέρους
1420 2136 1705 2204 ὑπέϐαλον,
1732 2137 1826 2192 καὶ

256 2215 429 2285 ἐδοξαν
464 2219 625 2273 αὐτοὶ
659 2219 839 2286 θῦσαι,
878 2221 1232 2295 ἐλογίσθησαν
1267 2225 1475 2280 δεῖσθαι
1516 2227 1822 2299 μετανοίας,

258 2306 302 2359 εί
324 2307 413 2360 καί
439 2324 591 2362 τισιν
628 2309 808 2365 αὐτῶν
838 2312 1218 2387 συνεχώρησάν
1243 2331 1386 2379 τινες
1420 2315 1527 2370 τῶν
1558 2317 1841 2389 ὁμολογηση

260 2396 480 2452 σάντων.
516 2400 674 2464 Τινὲς
696 2400 804 2474 γὰρ
819 2401 928 2456 τῶν
954 2408 1414 2479 μαρτυρησάντων
1434 2409 1528 2462 καὶ
1548 2408 1825 2464 παθόντων

256 2486 387 2560 ὑπὲρ
413 2490 522 2559 τῆς
575 2490 812 2557 πίστεως
851 2494 1234 2569 συνεχώρησαν
1274 2500 1387 2564 τοῖς
1426 2498 1515 2555 διὰ
1565 2501 1823 2573 μεθόδων,

254 2576 323 2643 ὥς
363 2580 610 2652 εἴρηται,
658 2582 735 2656 μὴ
764 2583 978 2651 θύσασι,
1017 2588 1112 2642 καὶ
1143 2587 1388 2655 ἐδέξαντο
1433 2591 1629 2658 αὐτοὺς
1688 2593 1826 2664 μετὰ

254 2670 353 2725 τῶν
405 2674 642 2740 πιστῶν,
692 2676 773 2729 ὅτι
812 2675 1073 2749 ἐξέφυγον
1103 2679 1454 2754 πολυτρόπως
1480 2682 1542 2739 τὸ
1572 2684 1825 2742 θυσιάσαι

253 2762 356 2825 τοῖς
383 2761 631 2833 δαίμοσι.
659 2763 756 2818 Διὰ
781 2763 839 2818 δέ
857 2765 956 2838 τὴν
994 2765 1263 2840 ἑξάμηνον
1300 2770 1638 2843 προθεσμίαν
1658 2773 1827 2845 ἐμνή-

255 2850 349 2925 σθη
403 2854 503 2908 τοῦ
564 2854 653 2911 διὰ
700 2855 937 2930 Γαϐριὴλ
982 2859 1315 2933 μηνύματος,
1355 2862 1450 2917 τοῦ
1482 2865 1542 2917 ἐν
1565 2863 1642 2936 τῷ
1683 2865 1825 2937 ἕκτῳ

257 2945 383 3018 μηνὶ
439 2947 546 3019 τῆς
600 2947 909 3022 συλλήψεως
952 2951 1046 3006 τοῦ
1090 2953 1435 3026 Προδρόμου,
1503 2956 1563 3009 ἐν
1608 2951 1652 3026 ᾧ
1700 2973 1825 3013 συν·

252 3038 460 3111 ιλήφθη
516 3043 546 3095 ό
595 3039 817 3113 Κύριος.
878 3043 1156 3118 Ἐπιφέρει
1203 3045 1259 3100 δὲ
1300 3047 1393 3101 καὶ
1434 3048 1658 3120 ῥήματα
1682 3049 1823 3103 ἀπο-

256 3131 494 3186 στολαά,
688 3146 693 3150 .
1343 3148 1346 3151 .

1925 1949 2089 2007 etiam
2107 1951 2152 2006 si
2170 1950 2429 2021 quosdam
2467 1964 2565 2021 pro
2606 1965 2667 2008 se
2695 1952 3071 2017 subtniserint,
3093 1952 3365 2017 ethnicos,
3385 1953 3491 2007 hoc

1919 2045 2021 2098 est,
2049 2035 2313 2097 inﬁdeles.
2336 2037 2511 2105 iisque
2547 2036 3006 2104 sacriﬁcantibus,
3045 2040 3147 2111 ipsi
3181 2041 3284 2111 12
3314 2044 3483 2098 sacri-

1922 2127 2112 2184 ﬁcasse
2128 2128 2426 2185 existimati
2446 2139 2594 2184 sunt.
2621 2124 2924 2198 Ejusmodi,
2951 2129 3151 2201 inquit,
3173 2130 3494 2189 hominibus

1922 2228 2190 2276 semestre
2210 2228 2423 2290 tempus
2450 2222 2513 2276 ad
2554 2223 2931 2293 ptenitentiam
2959 2222 3213 2280 sulliclet.
3231 2224 3369 2280 Nam
3386 2225 3491 2283 etsi

1924 2311 2152 2366 minime
2186 2310 2570 2378 immolarunt;
2617 2320 2801 2366 tamen
2854 2310 2985 2381 quia
3016 2325 3077 2368 se
3111 2313 3492 2378 immolaturos

1924 2408 2054 2458 sunt
2081 2401 2249 2472 pacti,
2279 2403 2362 2459 vel
2410 2401 2555 2474 quod
2610 2402 2750 2458 alios
2797 2402 3122 2468 submisere,
3154 2402 3367 2474 ipsique
3394 2402 3491 2457 im-

1882 2520 1883 2523 η
1925 2492 2161 2548 molasse
2216 2503 2345 2549 sunt
2404 2492 2529 2553 visi,
2585 2492 2905 2565 pmnitentia
2956 2492 3199 2562 indigere
3256 2490 3489 2561 iudicati

1926 2592 2055 2641 sunt
2091 2604 2105 2641 :
2140 2586 2247 2640 etsi
2278 2586 2605 2657 quibusdam
2639 2601 2705 2643 ex
2748 2585 2884 2656 ipsis
2932 2584 3179 2639 nonnulli
3207 2583 3490 2639 confesso-

1924 2694 2045 2733 rum
2074 2680 2352 2750 ignovcre.
2383 2677 2585 2735 Eorum
2615 2692 2807 2749 nempe
2845 2677 3069 2749 quidam
3116 2678 3211 2747 qui
3261 2690 3321 2732 se
3365 2672 3489 2731 ﬁdei

1924 2779 2094 2829 testes
2124 2773 2491 2829 exbibuerunt
2537 2786 2601 2827 ac
2633 2786 2732 2845 pro
2766 2770 2871 2826 ﬁde
2914 2776 3044 2826 sunt
3074 2771 3243 2841 passi,
3297 2770 3365 2825 iis
3393 2767 3486 2839 qui

1925 2864 2158 2920 artiﬁcio
2189 2864 2450 2936 quodam,
2476 2870 2535 2918 ut
2569 2860 2775 2918 dictum
2803 2869 2910 2927 est,
2938 2877 3050 2917 non
3079 2860 3486 2923 sacriﬁcarunt,

1925 2954 2207 3026 ignovere,
2239 2969 2302 3008 ae
2334 2954 2457 3008 illos
2490 2967 2615 3007 cum
2666 2952 2916 3008 ﬁdelibus
2945 2952 3010 3007 ad
3045 2950 3487 3006 communionem

1925 3045 2215 3108 admisere,
2274 3043 2420 3114 quod
2472 3060 2540 3098 ne
2592 3042 2927 3098 daemonibus
2983 3041 3324 3096 immolarent
3371 3048 3489 3095 stu-

1925 3138 2078 3195 diose
2100 3139 2430 3194 vitaverunt.
2461 3136 2631 3191 Porro
2652 3134 2816 3204 hujus
2847 3133 3125 3189 semestris
3153 3130 3374 3188 termini
3392 3144 3488 3187 oc-

254 3223 497 3287 casione,
534 3222 982 3282 Annuntiationis
1015 3242 1113 3298 per
1137 3227 1444 3285 Gabrielem
1502 3228 1660 3287 laetae
1702 3231 1966 3297 meminit,
2006 3236 2163 3286 sexto
2194 3228 2379 3284 mense
2405 3226 2782 3296 conceptionis
2812 3222 3194 3287 Praecursoris,
3225 3236 3332 3293 quo
3351 3235 3487 3277 con-

253 3322 441 3388 ceptus
469 3328 554 3373 est
579 3316 858 3377 Dominus.
892 3319 1031 3375 Tum
1067 3323 1364 3391 apostolica
1389 3325 1554 3381 verba
1574 3326 1892 3397 subiungit:

857 3412 1094 3468 KANDN
1132 3414 1225 3480 ς’.

326 3516 346 3551 ι
383 3496 509 3563 Τοῖς
552 3498 610 3554 δέ
638 3500 857 3567 δούλους
878 3504 1255 3577 Χριστιανοὺς
1291 3505 1406 3560 ἀνθ’
1442 3507 1652 3563 ἐαυτῶν
1696 3509 1827 3563 ὑπο-

257 3607 279 3640 ιι
309 3590 656 3661 ϐεϐληκόσιν,
690 3592 743 3645 οί
777 3593 875 3665 μέν
894 3593 1089 3659 δοῦλοι,
1122 3595 1199 3661 ὼς
1222 3596 1289 3651 ἂν
1312 3597 1613 3670 ὑποχείριοι
1646 3598 1823 3664 ὅντεςς

258 3700 278 3733 ι
312 3685 407 3738 καὶ
424 3685 625 3755 τρόπον
638 3682 763 3738 τινὰ
776 3686 870 3740 καὶ
890 3688 1043 3742 αὐτοὶ
1055 3687 1478 3758 φυλακισθόντες
1498 3692 1602 3746 ὑπὸ
1616 3692 1725 3747 τῶν
1744 3693 1825 3747 δε-

261 3797 275 3825 ι
305 3775 537 3837 σποτῶν.
551 3777 1041 3849 καταπειληθέντες
1052 3781 1323 3836 τε¹³⁶”“ύπ⁹
1334 3783 1512 3837 αὐτῶν
1527 3784 1621 3838 καὶ
1632 3784 1720 3839 διὰ
1735 3784 1825 3841 τὸν

258 3884 279 3917 ι
316 3867 476 3936 φόϐον
497 3867 680 3921 αὐτῶν
698 3871 780 3933 είς
797 3868 955 3923 τοῦτο
975 3870 1287 3943 ἐληλυθότες
1309 3874 1406 3927 καὶ
1421 3874 1821 3948 ὁλισθήσαντες,

258 3975 275 4005 ι
310 3957 535 4009 ἐνπ¹⁸““
568 3958 799 4030 ἐνιαυτῷ
823 3958 893 4014 τὰ
923 3959 1024 4031 τῆς
1073 3963 1357 4034 μετανοίας
1387 3963 1525 4038 ἔργα
1569 3964 1823 4030 δείξουσι,

257 4062 279 4097 ι
319 4047 678 4118 μανθάνοντες
697 4049 792 4104 τοῦ
806 4049 1015 4117 λοιποῦ,
1033 4052 1107 4117 ῶς
1127 4052 1300 4107 δοῦλοι
1317 4054 1553 4127 Χριστοῦ
1575 4059 1744 4111 ποιεῖν
1762 4059 1824 4112 τὸ

260 4157 278 4190 ι
317 4140 525 4213 θέλημα
561 4139 660 4220 τοῦ
691 4141 927 4213 Χριστοῦ
959 4141 1149 4209 ⁸⁸·⁶“⁹,⁴
1172 4141 1265 4199 καὶ
1310 4144 1590 4214 φοϐεῖσθαι
1624 4148 1819 4203 αὐτόν·

2529 3408 2759 3465 CANON
2789 3410 2878 3465 Vl.

2003 3525 2021 3557 ι
2060 3504 2098 3561 li
2122 3514 2301 3562 autem
2335 3505 2429 3578 qui
2476 3521 2663 3563 servos
2690 3503 3031 3559 Christianos
3083 3514 3182 3571 pro
3203 3514 3263 3557 se
3289 3499 3491 3557 submi-
3538 3554 3541 3555 ν

1931 3618 1952 3653 ι
1985 3606 2193 3665 serunt,
2226 3599 2368 3653 servi
2419 3597 2664 3667 quidem,
2724 3603 2782 3651 ut
2814 3595 2905 3665 qui
2929 3593 3033 3666 ipsi
3072 3593 3176 3649 sub
3206 3608 3367 3647 manu
3388 3603 3491 3649 ὀε-

1931 3712 1951 3743 ‹
1983 3699 2122 3754 sent,
2152 3698 2207 3745 et
2235 3686 2636 3758 quodammodo
2659 3687 2775 3757 ipsi
2797 3700 3016 3755 quoque
3046 3685 3101 3739 in
3143 3682 3489 3757 dominorum

1931 3802 1950 3835 ι
1989 3780 2240 3837 custodia
2260 3787 2467 3843 essent,
2498 3778 2768 3847 minisque
2798 3778 2871 3831 ab
2906 3766 3041 3846 ipsis
3062 3776 3257 3837 tem’ti,
3279 3782 3333 3829 et
3362 3782 3493 3846 proé

1931 3890 1952 3925 ι
1985 3883 2105 3944 pter
2129 3885 2320 3928 eorum
2372 3878 2577 3925 metum
2629 3884 2693 3924 eo
2738 3868 3005 3938 cempulsi
3040 3874 3095 3923 et
3146 3867 3304 3937 lapsi,
3345 3858 3491 3921 anno

1930 3983 1950 4017 ι
1984 3978 2148 4034 opera
2178 3962 2511 4034 paenitentiae
2553 3961 2860 4026 ostendent,
2890 3971 2944 4015 et
2986 3960 3244 4031 deinceps
3272 3958 3491 4032 discen-

1929 4076 1949 4109 ι
1979 4066 2083 4123 tes,
2108 4061 2168 4109 ut
2199 4054 2340 4110 servi
2364 4040 2593 4117 Christi,
2627 4052 2806 4109 facere
2834 4052 3039 4109 Christi
3077 4052 3409 4107 voluntatem
3432 4047 3489 4107 ct

1929 4166 1949 4200 ι
1984 4162 2108 4203 eum
2143 4140 2334 4200 timere
2366 4162 2380 4198 :
2412 4143 2697 4200 audientes
2752 4143 3007 4206 maxime,
3030 4142 3173 4213 quod
3209 4141 3493 4211 unusquis-

258 4247 279 4281 ι
313 4222 597 4295 ἀκούοντες
632 4226 887 4303 μάλιστα,
907 4232 995 4286 ’ὅτι
1027 4230 1284 4300 ἕκαστος
1306 4233 1417 4288 ἐάν
1462 4233 1525 4308 [1.
1570 4236 1600 4290 ὃ
1630 4236 1721 4310 ἄν]
1768 4254 1851 4305 τι,

258 4338 280 4373 ι
312 4322 534 4392 ποιήσῃ
565 4321 810 4391 ἀγαθόν,
846 4321 1348 4393 τοῦτοκομισεται
1381 4327 1541 4396 παρὰ
1578 4330 1821 4397 Κυρίου,

259 4427 280 4461 ‹
314 4411 430 4464 stre
458 4410 683 4479 δοῦλος
706 4411 827 4466 εἴτε
854 4412 1168 4482 ἐλεύθερός
1190 4416 1323 4471 ἐστι
1366 4406 1431 4472 “.
1470 4436 1501 4473 ι.
1544 4437 1551 4443 ’
1851 4398 1857 4404 ’

320 4501 511 4575 ΒΔᾼΣ.
539 4503 683 4567 Τοὺς
721 4502 866 4576 κατᾷ
891 4505 1138 4563 κέλευσιν
1184 4510 1279 4564 καὶ
1318 4510 1547 4583 ἀπειλὴν
1587 4512 1697 4568 τῶν
1735 4514 1823 4568 δε-

1992 4504 2154 4561 ΒΑιε.
2183 4503 2382 4560 Servos
2403 4503 2494 4575 qui
2530 4504 2868 4558 dominorum
2899 4503 3059 4573 jussu
3088 4516 3152 4557 ac
3203 4500 3371 4557 minis
3392 4515 3487 4557 sa-

256 4594 460 4648 σποτῶν
506 4592 785 4660 θύσαντας
816 4596 1035 4663 δούλους
1079 4600 1191 4654 ἐπι
1222 4601 1464 4657 ἐνιαυτὸν
1516 4605 1745 4677 ἐπιτιμᾷ
1792 4607 1821 4659 ό

1928 4599 2258 4664 critical-unt,
2285 4612 2428 4652 anno
2452 4595 2608 4665 punit
2636 4594 2725 4650 hic
2753 4592 2914 4648 Pater
2948 4610 2963 4646 :
3000 4599 3059 4669 ut
3093 4590 3187 4661 qui
3211 4591 3355 4646 enim
3382 4591 3487 4646 do-

254 4684 433 4759 Πατὴρ
466 4681 662 4752 οὗτοςο
691 4687 768 4753 ὡς
808 4688 906 4761 μὲν
930 4690 1041 4764 γὰρ
1072 4691 1336 4748 πεισθεῖσι
1383 4698 1497 4760 τοῖς
1532 4695 1819 4762 δεσπόταις

1928 4690 2071 4745 mino
2101 4688 2403 4761 paruerint,
2436 4684 2689 4756 ignoscit.
2736 4684 2789 4740 el
2833 4700 2996 4755 grave
3018 4684 3347 4754 supplicium
3377 4698 3489 4739 non

256 4781 641 4849 σὐτγνωμονεῐ,
662 4779 768 4834 καὶ·
785 4779 1005 4853 βαρεῖαν
1041 4784 1143 4837 οὐκ
1161 4784 1355 4855 ἐπάγει
1380 4785 1597 4841 κόλασιν
1615 4805 1630 4818 ·
1659 4788 1736 4852 ὡς
1760 4788 1819 4843 δέ

1928 4780 2115 4852 inﬂigit
2147 4799 2161 4836 :
2195 4786 2255 4835 ut
2287 4780 2378 4848 qui
2410 4786 2589 4832 autem
2635 4775 2748 4832 sint
2768 4779 2941 4846 magis
2973 4774 3182 4829 Christi
3235 4774 3401 4837 servi,
3431 4783 3489 4830 et

256 4865 445 4934 δούλοις
460 4870 699 4942 Χριστοῦ
717 4870 916 4942 μᾶλλον
932 4868 1070 4939 οὖσι,
1088 4874 1338 4931 κάκεῖνον
1358 4876 1518 4932 πλέον
1536 4877 1814 4948 φοϐεῖσθαι

1928 4891 2043 4930 eum
2068 4874 2268 4929 debent
2294 4872 2468 4942 magis
2495 4880 2758 4933 metuere,
2783 4868 3108 4925 mediocrem
3139 4880 3356 4937 penam
3391 4865 3490 4920 im-

258 4957 534 5030 6φιίλουσι,
549 4963 787 5035 μετρίως
799 4964 1045 5038 ἐπιτιμᾷ.
1064 4967 1353 5035 Ἕκαστος
1368 4969 1500 5039 γὰρ,
1520 4970 1652 5042 φησὶ
1672 4970 1814 5025 κατὰ

1928 4966 2084 5034 ponit.
2122 4963 2483 5035 Unusquisque
2497 4962 2655 5025 enim,
2682 4960 2880 5032 inquit,
2909 4959 3210 5035 secundum
3233 4974 3487 5029 magnum

259 5050 340 5104 τὸν
359 5053 529 5124 μέγαν
554 5055 786 5121 Παῦλον,
819 5056 852 5111 δ
875 5056 987 5111 ἐὰν
1008 5058 1234 5129 ποιήσῃ
1256 5059 1501 5125 ἀγαθὸν,
1531 5061 1815 5133 κομιεῖται

1928 5054 2166 5118 Paulum,
2195 5055 2331 5126 quod
2357 5055 2532 5124 fecerit
2561 5053 2751 5108 bonum
2777 5069 2813 5108 α
2843 5052 3067 5107 Domino
3118 5051 3350 5121 recipiet,
3380 5053 3488 5106 sive

259 5143 420 5199 τοῦτο
444 5149 605 5215 παρὰ
636 5148 878 5216 Κυρίου,
904 5149 1026 5205 εἴτε
1055 5150 1277 5218 δοῦλος
1310 5152 1434 5207 εἴτε
1477 5154 1813 5223 ἐλεύθερος.

1928 5167 2093 5207 servus
2112 5150 2215 5204 sive
2242 5148 2393 5202 liber.

322 5234 556 5294 ΖΩΝΛΡ.
596 5239 751 5306 Τινές
782 5240 1000 5306 δούλους
1030 5243 1263 5309 οίκείους
1298 5245 1656 5317 Χριστιανοὺς
1697 5244 1814 5301 ἀνθ’

1989 5241 2197 5298 lenas.
2222 5236 2481 5298 Nonnulli
2514 5253 2705 5295 servos
2736 5252 2867 5295 suos
2905 5236 3276 5301 Christianos,
3307 5248 3489 5306 prose

262 5324 448 5384 ἑαυτῶν
472 5332 568 5385 καὶ
593 5332 836 5389 ἀκόντιον
931 5335 1465 5410 ἄκοντας]ύπέϐἆλον
1490 5338 1655 5395 θύειν.
1678 5339 1816 5405 Τοὺς

1928 5337 2091 5410 ipsis,
2145 5336 2308 5393 etiam
2357 5331 2557 5390 invitos
2602 5330 2670 5386 ad
2730 5330 3116 5386 immolandum
3162 5328 3488 5386 submisere.

321 5492 347 5523 ι
372 5472 558 5556 Ephes.
582 5502 662 5554 τι,
690 5486 745 5546 8.

1930 4256 1948 4289 ι
1989 4253 2108 4307 que,
2149 4235 2353 4306 siquid
2402 4233 2521 4289 boni
2555 4237 2759 4304 fecerit,
2811 4233 2907 4289 hoc
2960 4234 3090 4305 {erat
3138 4250 3173 4286 α
3238 4232 3488 4297 Domino.

1928 4346 1948 4380 ι
1985 4328 2088 4381 sive
2110 4342 2287 4380 servus
2311 4326 2418 4380 sive
2449 4324 2581 4380 liber
2613 4327 2682 4380 sit
2708 4338 2757 4381 ι.
2794 4345 2813 4379 ι

1576 5624 1812 5683 ἾΔΜΕ
1864 5623 2268 5684 LECTIONES.

356 5784 418 5819 ⁸⁸⁸
446 5786 811 5858 ἐκκλίνοντας.
886 5792 978 5826 ¹³⁶θ
1004 5790 1039 5863 ἢ
1065 5792 1161 5849 καὶ
1188 5793 1245 5848 εί
1262 5809 1423 5860 τινες.
1499 5791 1610 5829 ¹³”’
1634 5812 1692 5851 τε
1720 5810 1830 5853 om.
1933 5796 2065 5829 ¹⁸⁶⁶⁶⁹
2094 5795 2154 5850 ἐν
2184 5808 2293 5850 om.
2375 5766 2529 5826 ³⁸³⁶⁴⁶⁶
2558 5792 2713 5847 θεοῦ.
2791 5793 2835 5825 ¹⁶
2863 5789 3013 5849 deest
3040 5784 3176 5843 ἐστί.
