4028 6184
533 308 642 375 495
1754 323 2032 395 aneos.
2065 328 2464 400 BALSAMON
3631 357 3721 428 ne

539 455 807 513 calorum,
831 455 1098 506 tormenta
1119 451 1373 510 nimirum
1397 473 1517 528 qua:
1540 474 1570 513 a
1586 461 2080 531 tyrannis-interm

2194 465 2291 531 τὰς
2313 468 2386 532 ,ἑκ
2408 467 2517 523 τῶν
2538 460 2808 544 τυράννων
2842 473 3082 546 δηλονότι
3113 474 3373 540 κολάσεις.
3411 479 3541 534 Ἀλλ’
3570 486 3616 538 ει
3638 487 3719 543 καὶ

537 549 646 594 tur.
680 539 784 594 Sed
807 545 1058 613 quamvis
1083 558 1306 602 accuset
1336 563 1431 604 eos
1462 552 1553 619 qui
1591 553 1690 607 boc
1722 553 1883 608 modo
1912 569 1971 611 se
2001 571 2080 625 ge-

2197 558 2435 613 αίτιᾶται
2455 561 2581 625 τοὺς
2599 539 2772 627 οὕτως
2796 539 3094 629 ποιοῦντας,
3115 539 3382 622 κοινωνεῖν
3404 571 3532 636 τέως
3557 539 3718 643 αὐτοῖς

538 637 685 692 runt,
720 631 853 700 ipsis
874 640 1058 691 tamen
1079 650 1111 690 a
1141 637 1393 695 ﬁdelibus
1423 643 1938 698 communicandum
1971 660 2080 701 esse

2194 649 2321 713 τοὺς
2347 653 2568 717 πιστοὺς
2593 653 2951 718 διατάττεται.
2975 659 3057 711 ὅτι
3085 660 3140 712 ὲν
3161 660 3378 730 ὀνόματι
3395 662 3484 715 τοῦ

533 719 797 786 decernit,
828 724 973 794 quod
1006 725 1061 780 in
1095 729 1314 784 nomine
1343 724 1543 786 Christi
1563 733 1629 786 ad
1655 734 1757 787 hoc
1782 734 2051 804 prodeunt
2075 755 2080 790 :

2196 741 2556 813 παρέρχονται
2591 748 2669 808 εἰς
2699 749 2858 802 τοῦτο
2877 787 2890 810 ,
2922 719 3468 821 θαρροῦντες-δηλαδὴ
3499 719 3574 824 τῶ
3607 719 3726 828 Χριίι

533 807 760 866 ﬂdentes
790 813 1037 870 videlicet
1074 814 1315 883 Christo,
1351 827 1444 874 aut
1481 820 1534 874 in
1564 821 1685 890 ejus
1729 822 1948 878 nomine
1987 825 2080 879 sibi

2196 807 2554 904 στῶίῆ-ὑπὲρ
2729 807 3118 907 ὀνόματοςιτοῦ
3167 807 3400 911 Χριστοῦ
3440 807 3725 912 αἱρούμεῦοι

531 907 806 958 certamen
835 903 1193 975 deposcente:
1225 925 1241 975 ;
1289 910 1502 966 etiamsi
1536 910 1674 965 forte
1712 911 1857 968 illius
1887 928 2090 982 praece-

531 993 706 1062 ptioni
728 995 910 1052 minus
942 998 1332 1068 obtemperent,
1356 1002 1603 1057 docentis
1621 1011 1800 1071 petere
1831 1020 1898 1058 ne
1919 1012 2092 1058 tente~

528 1098 672 1148 mur,
712 1085 793 1140 vel
823 1087 983 1140 etiam
1010 1088 1258 1158 ignorent
1283 1090 1568 1145 Dominum
1600 1094 1896 1150 secessisse
1915 1096 1984 1150 ab
2006 1095 2090 1149 in-

527 1177 880 1234 sidiatoribus
902 1180 1038 1248 suis,
1073 1183 1400 1254 solitumque
1451 1184 1745 1254 aliquando
1773 1201 1880 1240 non
1911 1188 2088 1256 palam

526 1267 895 1337 deambulare,
929 1286 1028 1326 nec
1066 1288 1124 1326 se
1164 1273 1338 1341 ipsqu
1361 1274 1669 1344 prodidisse
1705 1285 1762 1330 ut
1791 1285 2088 1346 pateretur,

525 1373 711 1414 verum
737 1363 806 1416 ab
829 1362 952 1417 aliis
975 1366 1250 1433 proditum
1279 1383 1294 1432 ;
1329 1368 1758 1438 praecepisseque
1785 1370 2083 1440 discipulis,

525 1458 584 1506 ut
610 1467 721 1521 quo
753 1459 996 1523 tempore
1051 1455 1175 1509 illos
1221 1456 1426 1512 inimici
1479 1457 1906 1524 insectarentur,
1937 1461 2088 1530 fuge-

525 1549 643 1596 rent
670 1556 701 1596 e
727 1542 950 1598 civitate
983 1544 1037 1596 in
1064 1544 1360 1609 civitatem,
1377 1561 1475 1600 nec
1493 1562 1552 1602 se
1579 1548 1727 1618 ipsos
1753 1550 1897 1603 ultro
1916 1557 2089 1604 torto-

523 1629 676 1684 ribus
716 1630 1014 1694 traderent,
1070 1647 1139 1686 ne
1191 1633 1439 1702 pluribus
1469 1649 1528 1688 se
1554 1634 1794 1690 caedibus
1822 1637 2087 1692 contami-

522 1720 684 1774 nandi
715 1735 935 1776 causam
963 1721 1098 1793 ipsis
1158 1723 1481 1793 praeberent,
1512 1741 1610 1781 eos
1635 1727 1778 1781 velut
1809 1727 2085 1784 irritantes

2191 921 2285 973 τὸν
2315 923 2531 990 ἀγῶνα,
2563 927 2611 978 εί
2639 925 2778 996 τάχα
2803 927 2898 979 καὶ
2924 928 2985 981 οὐ
3010 928 3149 983 κατὰ
3179 930 3277 1000 τὴν
3295 932 3501 985 ἐκείνου
3531 936 3723 990 ποιοῦσι

2190 1012 2554 1080 διδασκαλίαν,
2599 1016 2939 1083 διδάσκοντος
2984 1021 3154 1074 αίτεῖν
3193 1023 3268 1092 μὴ
3309 1025 3722 1100 respuo-7;va

2191 1103 2285 1156 καὶ
2314 1103 2620 1172 ἀγνοοῦσιν,
2651 1106 2730 1160 ὅτι
2749 1108 2778 1160 ὁ
2797 1107 2998 1180 Κύριος
3029 1110 3296 1182 ὑπεχώρει
3335 1113 3443 1165 άπὸ
3486 1114 3588 1166 τῶν
3615 1117 3723 1170 ἐπι·
3747 1155 3749 1157 ι

2189 1194 2548 1249 δουλευόντων
2581 1196 2766 1267 αὐτῷ,
2814 1199 2908 1251 καὶ
2951 1199 3096 1253 ἐστιν
3131 1203 3219 1254 ὅτε
3263 1204 3355 1256 καὶ
3388 1203 3449 1255 οὐ
3499 1207 3725 1277 φανερῶς

2190 1288 2528 1358 περιεπάτει,
2571 1290 2664 1342 καὶ
2697 1291 2778 1343 ὅτι
2815 1290 2936 1344 οὐδὲ
2981 1295 3170 1346 ἑαυτὸν
3215 1296 3494 1366 παρέδωκε
3531 1297 3721 1364 παθεῖν,

2188 1377 2323 1431 άλλά
2351 1379 2616 1451 παρεδόθη
2637 1397 2651 1411 ·
2689 1383 2779 1434 καὶ
2821 1384 2877 1437 ὲν
2909 1383 2988 1454 τῷ
3016 1383 3306 1438 διώκεσθαι
3349 1390 3473 1450 τοὺς
3505 1388 3727 1460 μαθητὰς

2187 1469 2372 1534 αὑτοῦ,
2405 1470 2682 1537 διετάξατο
2730 1473 2949 1541 φεύγειν
2995 1476 3073 1538 είς
3123 1476 3274 1529 πόλιν
3300 1480 3365 1531 ἐκ
3404 1480 3622 1543 πόλεως,
3645 1482 3727 1535 καὶ

2191 1563 2265 1634 μὴ
2294 1562 2610 1632 αὐτομολεῖν
2651 1562 2786 1633 πρὸς
2829 1566 2956 1627 τοὺς
2995 1565 3282 1630 κολαστὰς,
3332 1569 3418 1620 ἵνα
3469 1568 3541 1640 μὴ
3582 1571 3730 1624 αἴτιοι

2186 1653 2365 1717 αὐτοῖς
2412 1654 2646 1721 γίνοιντο
2696 1653 2953 1708 πλειόνων
3006 1657 3215 1725 φόνων,
3256 1657 3445 1732 ὥσπερ
3498 1661 3726 1731 παραθή-

2183 1763 2366 1814 γοντες
2396 1746 2591 1809 αὐτοὺς
2620 1748 2698 1810 είς
2733 1747 2830 1811 τὰς
2876 1747 3016 1800 κατὰ
3040 1747 3148 1801 τῶν
3187 1748 3429 1801 εὐσεϐῶν
3460 1750 3726 1820 τιμωρίας.

521 1810 588 1864 ad
620 1812 884 1882 supplicia
917 1813 1022 1881 piis
1077 1813 1388 1870 hominibus
1447 1815 1758 1886 irroganda.
1809 1816 2080 1889 Aﬂeuque

2185 1810 2293 1893 Καὶ
2321 1839 2445 1901 τοὺς
2486 1810 2818 1902 ἀποστόλους
2864 1838 3099 1908 παράγει
3149 1840 3226 1903 είς
3280 1810 3614 1911 ὑπόδειγμα,
3647 1810 3728 1892 τον

520 1905 890 1971 apostolorum
949 1907 1277 1975 exemplum,
1313 1906 1594 1978 Stephani,
1633 1908 1843 1976 Jacobi,
1891 1925 1956 1965 ac
1986 1927 2083 1966 su-

519 2012 827 2065 premorum
855 1996 1063 2051 ordinis
1096 1999 1178 2052 sui
1213 2013 1499 2068 procerum
1525 1998 1672 2056 Petri
1701 2009 1755 2055 et
1775 1998 1947 2056 Pauli.

1133 2088 1361 2145 CANON
1401 2089 1469 2144 Χ.

594 2195 612 2223 ι
657 2175 809 2232 Unde
841 2195 946 2234 non
994 2190 1075 2234 est
1133 2197 1345 2251 aequum
1366 2223 1382 2248 ,
1425 2190 1482 2236 ut
1516 2182 1598 2238 vel
1632 2183 1824 2238 clerici
1855 2185 1946 2254 qui
1982 2199 2080 2239 sua

523 2288 544 2320 ε
594 2279 787 2338 sponte
809 2270 1155 2340 aufugerunt,
1191 2273 1326 2349 lapsi
1355 2281 1530 2328 autem
1565 2282 1619 2329 et
1656 2276 1903 2330 reluctati
1932 2285 2080 2341 sunt,

525 2378 542 2409 ι
591 2361 824 2429 amplius
849 2362 899 2414 in
931 2376 1090 2416 sacro
1129 2364 1431 2416 ministerio
1465 2361 1738 2430 maneant,
1777 2368 1947 2437 utqui
1976 2365 2082 2421 Do-

525 2470 545 2502 ι
595 2452 732 2504 mini
783 2465 996 2523 gregem
1029 2453 1369 2522 reliquerint,
1394 2463 1446 2508 ct
1472 2472 1530 2510 se
1555 2456 1702 2524 ipsos
1743 2458 2081 2527 vituperave-

524 2562 545 2595 ι
591 2543 731 2597 rint:
761 2546 903 2614 quod
932 2545 1116 2600 nullus
1145 2545 1271 2600 fecit
1301 2562 1366 2600 ex
1397 2550 1681 2617 apostolis.
1722 2549 1933 2605 Etenim
1953 2565 2077 2604 cum

520 2652 546 2688 ι
589 2638 788 2691 nitiltas
839 2638 1245 2706 persecutiones
1300 2640 1548 2703 obiisset,
1580 2651 1632 2696 et
1678 2643 1849 2696 multa
1903 2650 2081 2697 certa-

522 2743 545 2778 ι
590 2726 795 2779 minum
821 2709 1039 2795 praemia
1061 2729 1393 2784 ostendisset
1423 2731 1614 2786 beatus
1641 2734 1918 2802 apostolus
1935 2733 2079 2790 Pau-

521 2833 542 2868 ι
592 2817 695 2877 lus.
730 2817 908 2871 sciens
942 2833 1063 2872 esse
1086 2821 1240 2890 longe
1262 2823 1455 2876 melius
1508 2822 1723 2878 dissolvi
1751 2835 1800 2879 et
1823 2841 1934 2878 esse
1960 2842 2078 2880 cum

519 2926 543 2960 ε
591 2908 802 2965 Christo
854 2924 901 2974 ι,
935 2911 1098 2965 infert
1133 2922 1186 2966 et
1228 2913 1400 2968 dicit:
1444 2913 1506 2967 In
1535 2933 1690 2970 carne
1742 2927 1916 2970 autem
1963 2935 2079 2973 ma-

518 3018 541 3052 ε
588 3018 726 3064 nere,
763 3004 929 3072 magis
960 3006 1306 3058 necessarium
1327 3017 1540 3076 propter
1560 3025 1669 3064 vos.
1707 3009 2076 3070 Considerans

521 3107 540 3140 ι
583 3092 724 3144 enim
757 3109 862 3145 non
892 3109 1066 3159 suam,
1105 3096 1196 3149 sed
1224 3097 1513 3151 multorum
1547 3101 1856 3167 utilitatem,
1884 3113 1942 3160 ut
1962 3123 2077 3161 ser-

2184 1931 2450 1999 Στέφανον
2472 1970 2487 1996 ,
2532 1931 2623 1983 τὸν
2664 1929 2914 1983 Ἰάκωϐον
2935 1967 2950 1993 ,
2983 1931 3077 1984 καὶ
3117 1933 3242 1993 τοὺς
3290 1931 3726 2002 κορυφαιοτάτους

2179 2022 2387 2094 Πέτρον
2415 2023 2507 2075 καὶ
2532 2020 2760 2076 Παῦλον.

2796 2110 3033 2167 ΚᾹΝΩΝ
3071 2114 3128 2167 1⁷.

2255 2223 2274 2256 ι
2312 2205 2469 2258 Ὅθεν
2492 2205 2566 2274 (Β)
2593 2207 2692 2260 οὐκ
2712 2206 2857 2258 ἔστιν
2885 2204 3101 2273 εὔλογον
3130 2207 3250 2261 οὐδὲ
3271 2192 3399 2270 τοὺς
3419 2204 3525 2262 άπὸ
3546 2205 3726 2276 κλήρου

2186 2312 2205 2346 ι
2241 2295 2729 2366 αὐτομολήσαντας,
2775 2297 3194 2359 ἐκπεπτωκότας
3223 2314 3280 2349 τε
3322 2298 3419 2350 καὶ
3451 2295 3727 2350 ἀναπαλαί-

2183 2402 2204 2436 ε
2247 2402 2463 2450 σαντας,
2491 2387 2570 2440 ἔτι
2606 2389 2664 2440 ὲν
2696 2389 2760 2458 τῇ
2805 2386 3113 2457 λειτουργίᾳ
3147 2383 3281 2440 εἶναι
3301 2426 3315 2450 ,
3355 2390 3449 2442 άτε
3482 2389 3545 2458 δὴ
3576 2406 3726 2440 κατα-

2184 2494 2203 2528 ι
2242 2475 2531 2547 λείψαντας
2562 2477 2622 2530 τὸ
2649 2478 2897 2548 ποίμνιον
2930 2479 3135 2548 Κυρίου
3171 2479 3262 2531 καὶ
3309 2481 3729 2551 μωμησαμίνους

2185 2586 2203 2618 ι
2241 2568 2460 2631 ἑαυτούς
2479 2585 2492 2598 °
2517 2571 2651 2640 ὅπερ
2669 2568 2841 2632 οὐδεὶς
2860 2569 2969 2621 τῶν
2990 2569 3295 2622 ἀποστόλων
3326 2571 3609 2641 πεποίηκε.
3632 2571 3727 2625 Καὶ

2186 2674 2205 2708 ι
2245 2656 2352 2728 γὰρ
2382 2659 2410 2711 ό
2439 2657 2663 2722 πολλοὺς
2702 2657 2972 2728 διωγμοὺς
3009 2658 3270 2724 ἐξανύσας
3313 2660 3414 2728 (6),
3469 2658 3631 2712 πολλά
3676 2676 3725 2717 τε

2185 2764 2204 2800 ι
2244 2743 2378 2800 ἆθλα
2404 2749 2794 2818 ἀγωνισμάτων
2823 2749 3210 2820 ἐνδειξάμενος,
3246 2754 3275 2804 ὁ
3307 2751 3576 2823 μακάριος
3605 2751 3729 2803 ἁπό-

2182 2859 2205 2894 ι
2241 2841 2422 2905 στολος
2442 2840 2488 2874 ⁸⁵
2526 2842 2767 2908 Παῦλος,
2811 2842 3065 2912 ἐγνωκώς
3095 2860 3152 2897 τε
3198 2844 3279 2897 ὅτι
3327 2843 3546 2896 κάλλιόν
3596 2843 3728 2895 ἐστιν

2183 2949 2206 2984 ε
2241 2931 2537 2986 ἀναλῦσαι
2581 2933 2675 2984 καὶ
2710 2932 2834 2986 σὺν
2874 2932 3103 3002 Χριστῷ
3135 2928 3308 2995 εἶναι,
3355 2931 3601 3001 ἐπιφέρει
3643 2929 3728 2982 καὶ

2184 3042 2203 3076 ι
2240 3022 2410 3092 λέγει·
2443 3023 2514 3078 Τὸ
2540 3023 2607 3076 δὲ
2633 3019 2923 3094 ἐπὶμεῖναι
2959 3024 3032 3092 τῇ
3054 3025 3252 3093 σαρκὶ,
3281 3024 3729 3093 ἀναγκαιότερον

2185 3133 2203 3167 ι
2241 3113 2314 3168 δι’
2346 3115 2517 3185 ὑμᾶς.
2568 3116 2789 3170 Σκοπῶν
2821 3117 2929 3189 γὰρ
2977 3117 3037 3170 οὗ
3089 3116 3148 3169 τὸ
3193 3115 3388 3170 ἑαυτοῦ
3430 3114 3727 3187 συμφέρον,

518 3196 540 3230 ι
584 3189 798 3244 ventur,
833 3185 1005 3254 magis
1035 3201 1196 3254 quam
1223 3201 1376 3240 suam
1408 3191 1666 3259 quietem,
1699 3198 2072 3251 necessarium

2184 3223 2203 3256 ι
2243 3205 2375 3258 ἀλλὰ
2409 3205 2469 3258 τὸ
2498 3206 2604 3258 τῶν
2643 3185 2851 3260 πολλῶν
2896 3185 2984 3260 ῖνα
3015 3205 3288 3269 σωθῶσιν,
3319 3185 3727 3273 ἀναγκαιότερον

519 3289 538 3323 ι
585 3273 937 3339 existimavit,
971 3278 1109 3344 apud
1139 3277 1337 3335 fratres
1396 3296 1632 3345 manere,
1676 3293 1728 3338 et
1763 3300 1948 3341 eorum
1978 3303 2076 3343 ους

519 3380 538 3415 ι
584 3381 699 3419 ram
729 3383 934 3436 gerere.
963 3367 1064 3435 Qui
1104 3373 1263 3425 etiam
1295 3373 1407 3426 vult
1457 3389 1578 3428 eum
1610 3378 1701 3444 qui
1724 3377 1901 3441 docet,
1953 3395 2076 3436 esse

520 3474 540 3508 ι
589 3458 642 3512 in
675 3457 918 3513 doctrina
965 3463 1255 3529 exemplum
1291 3463 1318 3503 δ
1353 3463 1620 3519 fidelibus.
1670 3465 1823 3522 Unde
1874 3473 1966 3539 qui
2018 3471 2075 3526 in

517 3567 539 3601 ι
589 3565 809 3606 carcere
834 3552 1244 3618 contendentes,
1269 3569 1298 3608 a
1328 3555 1632 3612 ministerio
1653 3559 1992 3624 exciderunt.
2021 3569 2075 3616 et

516 3661 537 3694 ι
581 3646 823 3699 reluctati
858 3656 1002 3713 sunt,
1035 3663 1229 3702 sensus
1262 3649 1420 3717 plane
1453 3658 1578 3704 sunt
1629 3662 1898 3722 expertes.
1928 3654 2076 3720 Quo-

517 3752 537 3784 1
585 3733 744 3786 modo
768 3734 911 3787 enim
948 3743 1135 3802 petunt
1189 3736 1331 3806 quod
1377 3738 1731 3809 reliquerunt,
1772 3756 1894 3796 cum
1929 3745 1981 3797 in
2012 3760 2073 3800 ea

517 3843 537 3876 ι
586 3832 905 3893 tempestate
953 3840 1074 3879 esse
1123 3835 1344 3895 possent
1393 3826 1654 3884 fratribus
1708 3831 1822 3886 suis
1865 3834 2078 3889 utiles?

519 3931 536 3963 ι
583 3909 833 3979 Quandiu
863 3912 1046 3982 itaque
1071 3914 1209 3968 firmi
1244 3915 1578 3985 stabilesque
1603 3921 2076 3988 manserunt,ejus

519 4023 537 4054 ι
586 4004 731 4075 quod
758 4009 952 4075 praeter
976 4006 1242 4060 rationem
1276 4006 1537 4068 fecerant.
1559 4011 1637 4066 eis
1649 4013 1803 4066 venia
1824 4013 2072 4070 dabatur.

519 4113 538 4142 ο
586 4096 817 4163 Quando
862 4096 1042 4150 autem
1096 4097 1229 4166 lapsi
1272 4109 1419 4162 sunt,
1458 4104 1635 4171 utqui
1688 4119 1969 4174 perperam
2017 4122 2076 4161 se

519 4209 540 4236 ι
590 4195 876 4254 gesserunt
899 4193 952 4240 et
975 4202 1034 4241 se
1056 4189 1203 4257 ipsos
1227 4188 1691 4260 vituperaverunt,
1722 4211 1826 4249 non
1847 4207 2076 4266 possunt

2181 3313 2200 3347 ι
2239 3296 2336 3366 τῆς
2383 3295 2572 3350 ἑαυτοῦ
2623 3297 2979 3358 ἀναπαύσεως
3024 3298 3264 3368 ἡγήσατο
3301 3296 3364 3350 τὸ
3411 3293 3729 3366 παραμένειν

2181 3405 2199 3435 ο
2239 3388 2352 3449 τοῖς
2377 3387 2622 3456 ἀδελφοῖς
2649 3388 2741 3441 καὶ
2773 3388 3143 3460 ἐπιμελεῖσθαι
3169 3387 3368 3440 αὐτῶν.
3411 3390 3507 3449 Ὃς
3537 3385 3624 3439 καί
3645 3384 3730 3437 τὸν

2180 3495 2199 3528 ι
2234 3477 2549 3533 διδάσκοντα
2593 3479 2732 3533 θέλει
2765 3476 2899 3534 εἶναι
2945 3483 3015 3533 ἐν
3054 3480 3126 3549 τῇ
3158 3477 3522 3548 διδασκαλίᾳ
3553 3481 3730 3534 τύπον

2180 3587 2199 3620 ι
2236 3570 2515 3642 γινόμενον
2540 3571 2647 3624 τῶν
2677 3572 2897 3626 πιστῶν.
2927 3571 3088 3626 Ὅθεν
3124 3574 3172 3625 οι
3208 3574 3266 3625 ὲν
3293 3576 3362 3644 τῇ
3404 3575 3592 3641 εἱρκτῇ
3619 3569 3727 3623 tm.

2179 3679 2198 3712 ι
2237 3660 2574 3734 δικαζόμενοι
2623 3663 2722 3733 τῆς
2768 3663 3106 3735 λειτουργίας
3155 3665 3598 3726 ἐκπεπτωκότες,
3645 3663 3728 3714 καὶ

2181 3773 2200 3804 ι
2242 3753 2741 3820 άναπαλαίσαντες,
2800 3754 2941 3809 πάνυ
2997 3755 3401 3827 άναισθητοῦσι.
3467 3754 3587 3818 Πῶς
3631 3757 3727 3823 γάρ

2180 3866 2200 3898 ι
2235 3846 2472 3912 αἰτοῦσιν
2515 3847 2545 3900 δ
2595 3847 2951 3917 κατέλειψαν,
2999 3848 3282 3918 δυνάμενοι
3325 3852 3438 3911 τοῖς
3497 3848 3728 3918 ἀδελφοῖς

2179 3956 2199 3989 ι
2236 3937 2520 4010 εύχρηστοι
2554 3934 2688 3993 εἶναι
2739 3941 2797 3993 ἐν
2840 3940 3017 4011 καιρῷ
3054 3939 3306 4013 τοιούτῳς
3341 3941 3487 4002 Ἕως
3521 3938 3615 4008 μὲν
3643 3933 3727 3991 οὖν

2181 4044 2200 4077 ι
2239 4026 2523 4080 άπταιστοι
2549 4023 2714 4099 ἦσαν,
2763 4028 3086 4097 συγγνώμην
3127 4024 3268 4098 εἶχον
3313 4028 3408 4080 ἐπὶ
3457 4031 3522 4098 τῇ
3548 4023 3727 4098 παραρ-

2180 4138 2199 4168 ι
2235 4117 2378 4188 λόγῳ
2413 4118 2456 4149 ³⁸
2489 4118 2667 4172 αὐτῶν
2717 4119 2944 4194 πράξει⁸
3002 4119 3092 4174 ὅτε
3129 4119 3183 4172 δὲ
3226 4119 3490 4173 ἔπταισαν
3513 4156 3528 4183 ,
3555 4122 3627 4181 ὼς
3667 4118 3727 4170 ἂν

2181 4227 2200 4258 ι
2239 4224 2302 4259 πε
2312 4209 2734 4280 ρπερευσάμενοι
2757 4211 2848 4262 καὶ
2871 4210 3094 4271 ἑαυτοὺς
3116 4211 3530 4280 μωμησάμενοι,
3557 4209 3728 4261 οὐκέτι

520 4297 543 4333 ι
576 4281 810 4350 amplius
839 4295 994 4334 sacra
1018 4280 1124 4352 ιθ
1151 4281 1451 4337 ministeria
1482 4283 1744 4344 obire.Et
1773 4285 1895 4340 ideo
1919 4291 2080 4357 magis

2184 4317 2198 4347 I
2237 4297 2488 4352 δύνανται
2531 4297 2878 4370 λειτουργεῖν.
2932 4300 3022 4353 Διὸ
3060 4300 3490 4370 φροντιζέτωσαν
3541 4296 3725 4369 μᾶλλον

523 4390 543 4423 ι
573 4388 758 4428 curam
791 4383 1001 4442 gerant,
1021 4373 1296 4442 quomodo
1325 4373 1380 4430 in
1414 4375 1723 4433 humilitate
1743 4378 1907 4432 vitam
1929 4393 2084 4449 pera-

517 4481 541 4514 ο
582 4472 710 4532 gent
748 4479 781 4518 a
808 4478 944 4519 vana
970 4464 1141 4536 gloria
1199 4476 1495 4524 cessantes.
1537 4465 1630 4524 Eis
1675 4467 1822 4524 enim
1881 4468 2083 4524 sutIieit

521 4573 540 4602 ι
573 4553 910 4621 communio,
936 4570 1062 4624 qua:
1089 4556 1376 4625 diligenter
1395 4567 1449 4612 et
1482 4569 1739 4614 accurate
1772 4561 1831 4615 ιιι
1863 4559 2083 4615 duabus

517 4659 539 4693 ι
586 4641 655 4696 de
676 4644 860 4697 causis
880 4681 894 4708 ,
942 4651 1056 4698 tum
1081 4659 1150 4700 ne
1179 4644 1468 4701 vidcantur
1489 4645 1733 4703 moiestia
1758 4649 1916 4718 atlici,
1949 4653 2076 4709 hinc

521 4755 541 4784 ι
588 4733 1002 4791 dissolutionem
1025 4736 1077 4791 vi
1110 4736 1434 4806 arripientes
1461 4758 1472 4793 :
1508 4746 1623 4794 tum
1653 4756 1721 4796 ne
1744 4743 1880 4813 lapsi
1909 4746 2075 4816 aliqui

519 4842 542 4875 ο
585 4834 880 4879 causentur
896 4842 953 4882 se
980 4837 1200 4897 propter
1226 4843 1400 4896 pcente
1429 4833 1774 4888 occasionem
1803 4834 1972 4891 fuisse
1999 4854 2079 4892 re-

518 4935 547 4970 ε
582 4919 817 4973 missos:
853 4917 955 4984 Qui
1002 4920 1218 4988 quidem
1253 4921 1538 4990 plusquam
1571 4940 1760 4980 omnes
1797 4928 2074 4996 .probrum

548 5113 561 5125 .
584 5084 611 5115 ι
645 5071 875 5140 Philipp.
921 5089 959 5130 ι.
994 5072 1082 5135 2'5,
1117 5073 1203 5127 Ἃ.
1284 5075 1310 5113 δ
1342 5073 1446 5127 Tit.
1471 5089 1535 5140 ﬂ,
1571 5075 1622 5129 7.

2181 4406 2199 4438 ι
2241 4389 2298 4440 ἐν
2337 4389 2820 4461 ταπεινοφροσύνῃ,
2855 4389 2968 4452 πῶς
3009 4389 3345 4443 ὲκτελέσουσι
3405 4389 3725 4457 παυσάμενοι

2184 4497 2202 4527 ι
2241 4479 2339 4549 τῆς
2396 4480 2717 4546 κενοδοξίας.
2773 4482 2954 4553 Ἀρκεῖ
3012 4481 3121 4552 γὰρ
3167 4482 3347 4542 αὐτοῖς
3407 4487 3441 4550 ἡ
3490 4477 3726 4532 κοινωνία
3809 4527 3812 4531 .

2184 4588 2201 4620 ι
2246 4572 2362 4641 μετ’
2383 4571 2717 4635 ἐπιστάσεως
2740 4573 2784 4602 ³⁸
2802 4574 2892 4626 καὶ
2910 4573 3188 4642 ἀκριϐείας
3207 4573 3341 4642 πρὸς
3365 4571 3644 4643 ἀμφότερα
3665 4569 3722 4600 ιε’

2182 4677 2202 4712 ι
2241 4657 2517 4731 γινομένη,
2551 4662 2643 4716 καὶ
2691 4663 2776 4716 ενα
2809 4663 2883 4736 μὴ
2922 4662 3112 4728 δόξωσι
3141 4661 3587 4732 λυπεῖσθαι-μετὰ
3617 4659 3722 4729 βίας

2183 4771 2203 4804 ι
2241 4753 2719 4826 περιδρασσόμενοι
2753 4755 2851 4824 τῆς
2898 4755 3145 4810 ἐντεῦθεν
3176 4753 3488 4816 ἀναλύσεως
3516 4751 3608 4822 (7),
3642 4750 3721 4803 καὶ

2185 4861 2202 4892 ι
2245 4843 2330 4896 ἵνα
2358 4846 2430 4915 μή
2455 4862 2598 4909 τινες
2634 4846 2972 4910 ἐκπεσόντες,
3006 4847 3441 4916 προφασίζωνται
3460 4846 3503 4878 ³⁷
3523 4843 3664 4898 ὼσάν
3683 4841 3722 4874 ⁸⁸

2184 4954 2202 4984 ι
2239 4933 2326 4989 διὰ
2377 4939 2473 5008 τὴν
2519 4939 2770 5011 ἀφορμὴν
2814 4941 2911 5010 τῆς
2958 4940 3236 5009 ἐπιτιμίας
3280 4936 3720 5010 ὑπεκλελυμένοι⁶

1807 5211 2035 5268 VARl/E
2069 5215 2466 5274 LECTTONES.

585 5342 629 5374 “
651 5340 798 5396 deest
825 5342 1133 5407 ἀπόστολος.
1170 5343 1213 5374 ³⁸
1244 5345 1394 5413 παρὰ
1413 5343 1590 5412 λόγον.
1665 5347 1710 5379 ³⁸
1743 5349 2065 5415 ὲπιτάσεως.
2140 5353 2206 5385 ³⁸·
2237 5355 2562 5428 ἀμφότερον.
2642 5359 2686 5394 ³¹
2715 5363 3174 5432 προφασίσωνται.
3249 5365 3293 5399 ³⁸
3318 5366 3408 5429 ὡς.

585 5532 658 5601 (5}
695 5533 882 5594 Ὅθεν,
910 5545 965 5582 κ.
994 5545 1044 5582 τ.
1077 5528 1127 5580 λ.
1180 5526 1378 5587 Confer
1409 5548 1533 5586 cum
1579 5533 1664 5586 his
1708 5537 2076 5588 narrationem

508 5599 795 5676 Epiphanli
827 5603 893 5656 de
938 5601 1253 5664 Meietianis,
1316 5602 1444 5657 her.
1502 5618 1692 5667 uvrrr,
1741 5619 1794 5659 tr.
1861 5603 1896 5660 Ξ
1940 5613 1992 5659 ct
2020 5603 2075 5659 3.

513 5673 776 5727 Ηλνῐυῐιηε.

589 5744 664 5811 (6)
703 5743 1055 5810 Ἐξαγύσας.
1091 5741 1170 5796 Ms
1219 5742 1342 5798 cod.
1371 5741 1490 5796 Nan
1543 5742 1889 5807 ὲξαντλήσας.

2255 5539 2330 5608 i7)
2392 5541 2504 5609 Τῆς
2529 5543 2808 5599 ἐντεῦθεν
2839 5545 3014 5598 dmi.
3068 5542 3310 5597 Zonaras
3359 5546 3414 5596 et
3454 5537 3715 5609 Balsamon

2183 5602 2608 5681 videntur'h'unc
2632 5615 2808 5669 locum
2834 5628 3112 5681 perperam
3147 5610 3508 5681 interpretari.
3553 5612 3605 5661 οι
3625 5602 3715 5674 τὴν

2183 5680 2428 5734 ἐντεῦθεν
2455 5683 2710 5737 ἀνάλυσιν
2736 5684 2802 5738 de
2832 5679 3003 5738 morte
3027 5683 3292 5752 accipere.
3316 5679 3568 5735 limum.
