3968 6186
563 347 671 411 543

1814 336 2099 401 -ΤΗΕοῡ.
2146 333 2544 402 BALSAMON

3640 344 3728 412 Mi

556 489 706 546 runt,
731 489 913 550 utpote
938 494 1047 535 non
1084 492 1114 534 a
1152 476 1396 533 barbaris
1425 475 1650 539 ablatas,
1677 472 1759 529 vel
1787 472 1839 526 in
1865 472 1966 528 viis
2015 472 2099 528 ab-

2223 468 2546 542 πράγματα,
2563 468 2641 535 ὡς
2666 466 2740 542 μή
2774 471 2925 541 παρὰ
2952 468 3059 524 τῶν
3087 465 3369 544 βαρϐάρων
3396 470 3727 547 ἀφαιρεθέντα,

550 573 738 639 jcctas,
763 569 990 627 fortasse
1006 578 1220 640 propter
1235 567 1466 638 pondus,
1484 568 1729 620 inventas
1744 562 1959 635 quidem
1970 561 2111 619 bona

557 663 662 717 lide
695 662 1066 721 restituentes.
1096 660 1149 715 in
1168 658 1276 732 34
1293 657 1535 729 perferto
1556 658 1723 729 gradu
1754 666 1900 714 stare
1930 655 2135 714 debere

557 763 683 803 cum
704 747 973 803 ﬁdelibus.
987 748 1083 804 Sin
1102 758 1281 803 autem
1299 747 1645 803 condemnati
1658 744 1884 808 fuerint.
1906 746 2131 811 colloca-

558 839 606 894 ri
620 854 749 895 cum
767 840 834 896 iis
849 841 943 911 qui
960 841 1412 907 substernuutur,
1427 839 1634 895 scilicet
1647 838 1830 911 egredi
1846 854 1968 895 cum
1988 849 2134 894 cate-

556 928 863 984 chumenis.
882 925 1005 982 Haec
1018 941 1141 981 cum
1163 925 1235 981 ita
1256 942 1315 982 se
1339 927 1592 991 habeant,
1613 927 1809 982 dixerit
1824 928 2113 997 quispiam,

556 1039 649 1079 eos
686 1023 763 1078 sic
792 1022 989 1091 puniri,
1019 1022 1111 1091 qui
1143 1036 1242 1091 pro
1270 1036 1329 1077 re
1357 1018 1571 1076 inventa
1604 1022 1932 1078 restituenda
1983 1036 2114 1077 eon-

557 1115 959 1169 demnationem
1001 1120 1340 1182 exspectant,
1383 1127 1503 1167 esse
1533 1112 1895 1182 iustissimum
1918 1153 1936 1179 ,
1972 1129 2115 1185 quo-

558 1206 706 1260 niam
738 1203 867 1259 furti
895 1219 1111 1274 quoque
1142 1202 1356 1257 actione
1383 1212 1669 1270 tenentur,
1698 1202 1996 1261 secundum
2035 1205 2115 1259 le-

556 1312 701 1367 gem,
728 1310 851 1366 qua:
881 1294 1048 1349 dicit:
1075 1292 1187 1347 Fur
1207 1293 1403 1361 estqui
1432 1309 1543 1348 rem
1568 1294 1798 1349 alienam
1820 1301 2118 1349 contrectat

559 1394 753 1456 prater
780 1385 987 1441 domini
1014 1383 1369 1449 voluntatem,
1414 1388 1592 1441 sciens
1614 1385 1665 1439 id
1702 1385 1778 1439 illi
1827 1385 2115 1441 molestum

557 1493 697 1533 esse.
726 1478 864 1533 Cum
894 1475 1141 1531 lldelibus
1161 1485 1338 1531 autem
1364 1476 1687 1539 consistere,
1712 1485 1766 1531 et
1799 1491 2115 1532 sacramen-

560 1568 629 1622 tis
682 1576 891 1622 tantum
914 1581 1022 1621 non
1056 1565 1266 1636 dignari
1291 1581 1415 1620 eum
1443 1567 1534 1636 qui
1562 1581 1621 1620 se
1646 1567 1821 1636 ipsum
1843 1567 2113 1633 detulerit,

556 1668 612 1713 et
634 1659 800 1729 probe
818 1673 930 1712 rem
956 1657 1229 1712 inventam
1252 1655 1477 1721 dederit,
1504 1673 1701 1712 novum
1727 1667 1842 1723 est;
1870 1668 1953 1714 est
1971 1658 2117 1715 enim

558 1750 741 1819 potius
773 1747 1112 1803 Encharistia
1136 1746 1351 1817 dignus.
1376 1748 1545 1818 utqui
1570 1763 1682 1803 rem
1711 1749 1908 1817 captivi
1935 1764 2119 1804 servae

2221 560 2380 635 ήκαὶ
2409 560 2551 617 κατὰ
2575 559 2673 625 τὰς
2717 560 2868 625 ὁδοὺς
2910 560 3151 633 ῥιφέντα,
3187 562 3273 618 διὰ
3304 566 3362 620 τδ
3392 566 3542 641 βάρος
3576 569 3728 641 τυχδν,

2220 652 2700 715 άποκαθιστῶντας
2729 652 2827 724 μὲν
2867 652 3223 726 εὐγνωμόνως
3262 654 3330 710 τὰ
3366 657 3646 731 εὑρεθέντα,
3666 664 3733 728 εις

2220 745 2313 801 τὸν
2356 745 2519 800 τόπον
2565 744 2827 800 ἵστασθαι
2856 744 2947 799 τὸν
2982 746 3183 802 τέλειον
3216 749 3351 819 μετὰ
3384 749 3485 804 τῶν
3524 751 3731 807 πιστῶν·

2222 838 2272 892 ει
2297 837 2355 891 δὲ
2382 836 2839 901 καταδικασθῶσι,
2866 837 3153 894 τάττεσθαι
3184 840 3278 894 σὺν
3307 842 3414 904 τοῖς
3444 841 3737 898 ὑποπίπτου-

2222 924 2328 992 σιν,
2353 928 2519 997 ήγουν
2543 927 2857 999 εξέρχεσθαι
2887 927 3026 1000 μετὰ
3052 929 3161 983 τῶν
3192 932 3609 1001 κατηχουμενων.
3629 930 3741 988 Τού-

2220 1037 2328 1075 των
2354 1018 2527 1084 οὕτως
2568 1020 2799 1091 ἑχόντων
2819 1061 2835 1087 ,
2865 1021 3009 1074 ετποι
3048 1038 3154 1087 τις,
3183 1020 3259 1086 ὡς
3288 1022 3349 1076 τὸ
3388 1022 3521 1077 οὕτω
3554 1024 3741 1091 ιιολάεἴε⁸

2223 1111 2349 1168 σθαι
2385 1112 2514 1177 τοὺς
2546 1111 2913 1183 άναμένοντας
2963 1113 3263 1185 καταδίκην
3304 1114 3457 1186 χάριν
3498 1115 3741 1186 άντιστρου

2222 1204 2329 1274 φῆς
2372 1203 2466 1257 ⁴τοῦ
2490 1203 2815 1276 εὑρέματος,
2845 1202 3179 1259 δικαιότατον
3231 1206 3377 1261 ἐστιν
3398 1244 3414 1270 ,
3462 1204 3539 1260 ὃτι
3582 1205 3662 1260 καὶ
3687 1210 3741 1277 τῇ

2222 1294 2353 1366 περὶ
2392 1293 2599 1365 κλοπῆς
2628 1296 2823 1367 ἀγωγῇ
2852 1294 3158 1367 ινέχονται,
3190 1294 3333 1350 κατὰ
3376 1295 3464 1350 τὸν
3500 1294 3647 1367 νόμον
3670 1296 3744 1350 τὸν

2222 1386 2477 1455 λάτονταο
2538 1386 2791 1459 κλέπτης
2838 1384 2995 1442 ἐστὶν
3047 1389 3077 1442 ό
3116 1387 3180 1441 τὸ
3223 1386 3495 1459 ἀλλότριον
3546 1389 3746 1461 πρᾶγμα

2219 1476 2484 1548 ψηλαφῶν
2514 1476 2665 1551 παρὰ
2694 1475 2920 1550 γνώμην
2951 1476 3046 1532 τοῦ
3074 1477 3333 1533 δεσπότου
3374 1479 3432 1532 tv
3466 1478 3647 1549 εἰδήσει
3669 1479 3745 1535 τοῦ

2221 1567 2460 1639 λυπῆσαι
2500 1569 2682 1623 αὐτόν.
2718 1569 2794 1623 Τὸ
2823 1568 2879 1623 δὲ
2921 1568 3271 1624 συνίστασθαι
3300 1569 3413 1633 τοῖς
3434 1571 3647 1635 πιστοῖς,
3672 1571 3749 1625 καὶ

2223 1660 2385 1727 μόνον
2418 1661 2495 1735 μή
2538 1660 2817 1726 ἀξιοῦσθαι
2854 1662 2912 1716 δὲ
2952 1660 3061 1715 τῶν
3111 1660 3466 1734 ἁγιασμάτων
3500 1662 3582 1715 τὸν
3610 1678 3749 1736 προσ-

2220 1752 2550 1822 αγγείλαντα
2572 1752 2765 1807 ἑαυτὸν
2784 1754 2877 1807 καὶ
2904 1753 3258 1824 εὐγνωμόνως
3282 1753 3442 1808 δόντα
3467 1752 3526 1807 τὸ
3554 1751 3748 1825 εὕρεμα,

562 1838 719 1903 verit,
749 1848 805 1894 et
832 1843 1003 1908 ipsam
1027 1839 1345 1895 restituerit.
1384 1836 1453 1893 Et
1495 1839 1615 1895 ideo
1636 1839 1822 1895 dicunt
1848 1840 2115 1909 nonnulli,

2223 1844 2406 1900 καινόν
2437 1848 2616 1900 ἐστιν·
2647 1844 2794 1911 άξιος
2827 1844 2936 1916 γὰρ
2982 1842 3179 1915 μᾶλλον
3216 1844 3574 1916 Εὐχαριστίας
3607 1844 3747 1910 ἐστὶν,

558 1947 686 1985 cum
709 1930 957 1987 ﬁdelibus
979 1931 1409 1997 consistentiam,
1423 1941 1888 1987 sacramentorum
1904 1946 2118 2004 quoque

560 2026 1023 2107 participationem
1054 2026 1217 2081 tacite
1250 2026 1529 2096 Consequi.

632 2298 831 2356 Zona.
867 2297 1113 2363 Barbari,
1138 2314 1261 2355 cum
1315 2298 1766 2369 depopularentur
1813 2297 2119 2368 regionem,

564 2409 652 2448 res
683 2392 966 2463 quasdam
1004 2400 1338 2463 rapuerunt;
1396 2404 1630 2461 moxque
1680 2390 1764 2445 vel
1788 2390 1929 2445 obvii
1990 2388 2121 2446 facti

564 2485 907 2550 melioribus,
933 2484 1015 2538 vel
1040 2484 1245 2555 gravati
1270 2483 1525 2555 pondere,
1541 2498 1664 2540 cum
1687 2499 1809 2554 quae
1830 2490 2123 2553 rapuerant

566 2577 709 2633 ferre
733 2576 955 2631 minime
992 2584 1238 2646 possent,
1267 2575 1467 2646 partim
1493 2590 1591 2645 per
1614 2589 1834 2645 campos
1854 2574 2117 2645 abiecere,

564 2664 762 2733 partim
815 2663 870 2718 in
903 2663 1212 2733 aliquorum
1268 2664 1493 2727 aedibus.
1546 2664 1600 2717 in
1650 2663 1851 2734 quibus
1896 2664 2121 2720 meliora

565 2753 700 2810 forte
727 2763 1057 2824 repererant,
1086 2753 1405 2823 deposuere.
1458 2753 1779 2824 Quicunque
1813 2753 1996 2826 igitur,
2030 2754 2119 2810 in-

564 2846 702 2916 quit,
729 2855 834 2901 aut'
853 2845 907 2899 in
930 2846 1138 2917 campis
1167 2854 1263 2902 aut
1303 2844 1357 2901 in
1394 2846 1509 2901 suis
1556 2846 1804 2903 domibus
1824 2846 2006 2915 aliqua
2031 2844 2120 2901 ln-

565 2945 848 3003 venerunt,
864 2936 941 2991 illi
964 2938 1011 2993 si
1044 2938 1263 3008 quidem
1293 2938 1533 2993 accusati
1557 2945 1611 2992 et
1640 2937 1871 2994 convicti
1896 2934 2120 3002 fuerint,

565 3029 706 3083 inter
723 3042 819 3083 eos
840 3027 935 3097 qui
952 3026 1376 3083 substernuntur
1396 3028 1576 3085 locum
1596 3028 1881 3098 accipiant.
1909 3025 1968 3083 Si
1993 3042 2123 3083 vero
2145 3079 2148 3083 .

2219 1936 2297 2002 ῶς
2339 1936 2401 1991 τδ
2431 1939 2663 2009 πρᾶγμα
2713 1934 2808 1991 τοῦ
2856 1935 3382 2007 αἱχμαλωτισθέντος
3406 1934 3633 2006 φυλάξας
3674 1940 3754 1991 καὶ

2219 2028 2678 2097 ἀποκαταστήσας
2705 2025 2859 2081 αὐτό.
2893 2026 2985 2079 Διδ
3011 2025 3105 2081 καὶ
3137 2025 3357 2094 λέγουσι
3380 2044 3525 2091 τινες
3556 2024 3752 2081 συνέπι-

2225 2117 2346 2174 σθαι
2381 2120 2448 2190 τῇ
2484 2118 2621 2190 μετὰ
2668 2117 2778 2171 τῶν
2819 2118 3025 2172 πιστῶν
3068 2119 3359 2186 συστάσει,
3405 2118 3499 2175 καὶ
3539 2116 3628 2190 τὴν
3666 2117 3754 2173 τῶν

2224 2210 2576 2281 ἀγιασμάτων
2610 2208 2825 2281 μέθεξιν
2856 2210 3169 2283 σιωπηρῶς.

2293 2302 2534 2357 ΖΩΝΑΡ.
2581 2302 2647 2355 Ol.
2680 2301 2972 2374 βάρϐαροι.
3016 2300 3404 2373 λεηλατοῦντες
3440 2300 3538 2374 τήν
3578 2300 3754 2376 χώραν,

2221 2392 2466 2467 ἥρπαζον
2518 2394 2847 2466 πράγματα’
2896 2395 2993 2449 καὶ
3046 2392 3080 2466 ἢ
3128 2393 3406 2466 κρείττοσι
3451 2393 3581 2474 μετὰ
3617 2394 3756 2450 ταῦτα

2223 2486 2658 2557 ιντυγχάνοντες,
2688 2486 2721 2559 ἢ
2749 2485 2840 2541 διὰ
2865 2486 3030 2560 βάρος
3060 2485 3136 2558 μὴ
3162 2485 3447 2558 δυνάμενοι
3478 2487 3653 2560 φέρειν
3676 2488 3757 2544 ὅσα

2222 2576 2495 2647 ήρπασαν,
2528 2576 2599 2633 τὰ
2630 2578 2727 2649 μὲν
2769 2580 2829 2647 ιν
2856 2577 2932 2650 τῷ
2962 2578 3129 2651 πεδίῳ
3173 2577 3465 2651 ἔρριπτον,
3499 2578 3566 2634 τά
3593 2580 3644 2634 ἃ
3682 2582 3759 2636 καὶ

2222 2666 2282 2721 ἐν
2321 2667 2517 2732 οίκίαις
2563 2668 2725 2723 τινῶν
2746 2707 2763 2734 ,
2806 2670 2866 2723 ιν
2911 2663 2999 2734 αἷς
3052 2667 3182 2734 ἴσως
3224 2670 3481 2726 καλλίονα
3518 2670 3757 2743 εὕρισκον.

2226 2759 2381 2814 Ὅσοι
2424 2758 2589 2830 γοῦν,
2642 2761 2839 2831 φησιν,
2881 2755 3037 2833 εὗρόν
3079 2778 3203 2837 τινα
3246 2765 3304 2820 tv
3342 2763 3424 2835 τῷ
3473 2762 3628 2834 πεδίῳ
3657 2761 3687 2833 ἢ
3714 2765 3761 2817 tv

2223 2853 2344 2915 ταῖς
2374 2850 2584 2906 ἑαυτῶν
2635 2851 2833 2918 οίκίαις
2854 2891 2872 2918 ,
2920 2845 3067 2907 οὖτοι
3084 2895 3099 2919 ,
3128 2855 3179 2909 εί
3232 2855 3331 2925 μιν
3379 2852 3761 2927 κατηγορηθῶσι

2189 2946 2197 2954 '
2225 2942 2320 2997 καὶ
2349 2941 2664 3014 sumam,
2703 2943 3082 3000 ταττέσθωσαν
3122 2947 3181 3001 ιν
3207 2948 3323 3010 τοῖς
3366 2945 3759 3002 ὑποπίπτουσιν

2224 3033 2322 3089 ἑὰν
2370 3032 2440 3088 δὲ’
2484 3034 2710 3099 ἑαυτοὺς
2757 3034 3195 3107 προσαγγείλωσι
3212 3076 3229 3101 ,
3285 3038 3385 3092 καὶ
3434 3035 3689 3090 ἀποδῶσιν
3734 3034 3765 3088 ά

565 3134 625 3174 se
654 3118 804 3189 ipsos
831 3118 1144 3185 detulerint,
1167 3126 1316 3174 ae’ea
1346 3134 1468 3188 qua:
1490 3120 1743 3175 invenere
1771 3118 2120 3187 reddiderint,

2226 3118 2419 3198 εὗρον,
2466 3126 2693 3198 καὶτῆς
2737 3127 2903 3199 εὐχῆς
2948 3127 3358 3196 ἀξιούσθωσαν
3416 3128 3579 3199 ήγουν
3625 3126 3764 3199 μέχρι

568 3210 883 3279 precatione
909 3224 1128 3281 quoque
1148 3208 1297 3281 digni
1328 3210 1631 3266 habeantur
1657 3230 1672 3265 :
1706 3209 1809 3267 hoc
1832 3217 1934 3275 est,
1953 3208 2028 3265 ad
2052 3208 2122 3265 ﬂ-

568 3315 691 3355 nem
715 3315 886 3370 usque
914 3301 1246 3371 precationis
1275 3316 1399 3357 cum
1428 3300 1677 3358 ﬁdelibus
1701 3302 2025 3369 consistant,
2056 3314 2124 3359 ac

568 3405 598 3443 a
633 3398 819 3459 sancta
853 3389 1237 3445 communione
1283 3389 1663 3445 tantummodo
1688 3395 2009 3453 arceantur;
2032 3385 2121 3441 vi-

568 3479 755 3533 delicet
797 3478 1099 3546 usquedum
1136 3478 1509 3549 paenitentiam
1552 3478 1991 3548 ostenderint,et
2018 3476 2124 3534 bac

568 3584 785 3641 quoque
807 3568 956 3641 digni
987 3570 1387 3625 existimentur.

1178 3658 1407 3715 CANON
1437 3660 1507 3715 Χ.

642 3771 663 3805 ε
708 3750 815 3810 Eos
844 3758 1025 3807 autem
1056 3750 1148 3820 qui
1177 3761 1399 3807 servant
1423 3748 1693 3818 mandata,
1738 3751 1947 3823 absque
1974 3747 2124 3806 omni
2204 3775 2211 3779 -

571 3861 593 3896 ι
636 3843 779 3914 turpi
828 3843 985 3899 lucro
1010 3856 1228 3897 servare
1254 3852 1501 3912 oportet;
1554 3858 1654 3898 nec
1682 3842 1865 3899 indicii
1897 3841 1981 3896 vel
2023 3855 2125 3897 cn-

572 3953 592 3988 ι
631 3935 842 4001 stadia,
882 3932 966 3988 vel
1005 3931 1337 3987 inventionis
1362 3933 1618 4003 pretium,
1663 3933 1746 3988 vel
1799 3946 2126 4004 quocunque

572 4044 596 4080 ε
640 4026 861 4082 nomine
888 4024 992 4081 hoc
1029 4022 1318 4093 appellant,
1347 4022 1643 4095 exigentes.
1684 4040 1705 4076 ι

637 4116 800 4172 Βλιε.
825 4115 961 4171 Cum
1001 4114 1313 4169 admisisset
1344 4121 1565 4170 sanctus
1587 4114 1784 4169 bonam
1813 4126 2005 4168 eorum
2029 4126 2127 4169 vo-

569 4212 854 4271 luntatem,
876 4204 967 4274 qui
1000 4218 1059 4259 se
1087 4202 1239 4272 ipsos
1261 4202 1571 4259 detulerunt
1613 4212 1667 4258 et
1721 4202 2001 4259 inventum
2027 4202 2122 4258 be-

570 4296 762 4353 nevole
782 4296 1155 4356 reddiderunt,
1174 4293 1381 4364 adjicit,
1398 4296 1543 4366 quod
1566 4295 1609 4351 si
1637 4294 1676 4349 ii
1701 4294 1863 4349 velint
1888 4288 2125 4347 mandati

572 4390 664 4444 Dei
689 4389 1068 4447 observatores
1090 4385 1284 4453 videri,
1313 4388 1512 4443 debent
1534 4388 1738 4456 absque
1766 4385 1968 4457 quovis
1982 4382 2127 4455 turpi

2222 3217 2412 3282 τέλους
2466 3217 2570 3289 τῆς
2641 3218 2808 3289 εὐχῆς
2860 3218 3339 3291 συνεστηκὰωσαν
3389 3221 3501 3284 τοῖς
3545 3219 3764 3281 πιστοῖς.

2228 3307 2396 3381 μόνης
2453 3308 2555 3380 τῆς
2601 3309 2764 3380 ἁγίας
2829 3309 3181 3383 μεταλήψιως
3221 3310 3578 3383 κωλυόμενον
3624 3310 3768 3381 ἤγουν

2228 3400 2420 3475 μέχρις
2447 3400 2514 3458 ἂν
2546 3401 2834 3475 μετάνοιαν
2863 3402 3257 3471 ἐπιδείξωνται,
3280 3404 3380 3459 καὶ
3400 3402 3599 3474 ταύτης
3626 3400 3769 3467 ἀξιω-

2225 3492 2383 3548 θῶσι.

2841 3657 3079 3712 ΚΛΝΩΝ
3116 3658 3173 3713 Ρ.

2303 3765 2323 3800 ι
2363 3746 2501 3812 Τοὺς
2530 3747 2588 3803 δι
2636 3746 2735 3823 τὴν
2774 3747 2991 3820 δντολήν
3030 3746 3373 3821 πληροῦντας
3413 3746 3568 3811 tunc
3610 3743 3769 3815 πάσης

2198 3874 2201 3878 ›
2232 3856 2255 3893 ι
2289 3838 2733 3913 αἰσχροκερδείας
2762 3839 3000 3913 πληροῦν
3024 3839 3128 3904 δεῖ,
3158 3841 3296 3914 μήτε
3342 3842 3587 3914 μήνυτρα
3612 3838 3645 3912 ή
3674 3836 3771 3895 σῶ·

2232 3946 2254 3985 ε
2292 3946 2460 4001 στρα,
2488 3930 2522 4003 ή
2550 3930 2818 4005 εῦρετρα,
2851 3932 2885 4005 ή
2933 3925 2979 4002 ᾧ
3017 3931 3240 4005 ὀνόματι
3284 3932 3462 3987 ταῦτα
3509 3930 3768 3996 καλοῦσιν,

2239 4039 2257 4074 ι
2293 4022 2675 4087 ἀπαιτοῦντας.
2705 4042 2723 4075 ι

2298 4113 2491 4167 ΒΔΛΣ.
2526 4112 2944 4185 ’Δποδεξάμενος
2966 4112 3062 4183 τὴν
3089 4109 3475 4182 άγαθοθίλειαν
3496 4109 3601 4163 τῶν
3628 4122 3774 4168 προσ·

2227 4204 2595 4274 αγγειλάντων
2650 4207 2875 4269 ἑαυτοὺς
2930 4206 3025 4258 καὶ
3082 4202 3387 4257 ἀποδόντων
3443 4201 3773 4273 admunus

2225 4296 2291 4352 τὸ
2320 4295 2565 4370 εὕρεμα,
2596 4296 2948 4370 προστίθησιν
2993 4296 3022 4349 ὁ
3066 4295 3259 4364 ἅγιος,
3303 4293 3413 4359 ὡς,
3459 4296 3507 4348 εί
3554 4292 3775 4348 θέλουσιν

2228 4384 2376 4447 οὗτοι
2419 4390 2727 4463 λογισθῆναι
2774 4388 3056 4463 πληρωταὶ
3090 4388 3189 4459 τῆς
3233 4387 3457 4460 ἐντολῆς
3506 4386 3596 4440 τοῦ
3633 4388 3773 4452 Quo,

572 4480 726 4536 lucro
753 4496 867 4536 rem
905 4480 1180 4536 inventam
1208 4480 1451 4536 reddere.
1492 4477 1781 4537 Deﬁnitum
1813 4486 1992 4533 autem
2019 4482 2123 4543 est,

2230 4481 2501 4551 ὀφείλουσι
2559 4483 2728 4555 χωρὶς
2774 4480 2999 4553 αἰσχροῦ
3046 4479 3271 4552 κέρδους
3305 4478 3418 4533 οἴου
3442 4479 3505 4551 δή
3526 4494 3662 4541 τινος
3688 4473 3775 4545 τήν

570 4587 677 4628 non
712 4573 925 4643 exigere
950 4584 1200 4643 oportere
1228 4586 1351 4627 eum
1381 4570 1475 4640 qui
1517 4569 1745 4636 invenit,
1792 4568 1861 4625 ab
1915 4583 1983 4624 eo
2031 4567 2124 4639 qui

2231 4572 2483 4627 ἀπόδοσιν
2512 4570 2607 4625 τοῦ
2640 4571 2940 4643 εῦρὲματος
2970 4572 3160 4625 ποιεῖν.
3199 4568 3415 4641 Ὡρίσθη
3445 4569 3503 4623 δὲ
3526 4567 3599 4641 μὴ
3629 4566 3775 4621 άπαι-

568 4664 817 4733 captivus
853 4661 977 4730 fuit,
1000 4665 1083 4719 vel
1108 4662 1315 4729 indicii,
1344 4661 1422 4716 vel
1447 4660 1729 4728 custodiae,
1757 4660 1837 4715 vel
1861 4659 2124 4716 inventio-

2228 4662 2440 4720 τεῖσθαι
2486 4662 2638 4735 παρὰ
2690 4661 2784 4717 τοῦ
2840 4662 3131 4735 εὑρηκότος
3182 4661 3247 4714 εκ
3307 4659 3401 4714 τοῦ
3464 4657 3655 4734 μέρους
3692 4652 3775 4711 τοῦ

572 4756 657 4809 nis
680 4754 933 4824 pretium,
965 4755 1047 4809 vel
1077 4754 1282 4824 aliquid
1303 4754 1479 4817 aliud;
1520 4768 1584 4808 eo
1617 4751 1764 4821 quod
1788 4746 1893 4806 non
1930 4767 1995 4807 ex
2029 4766 2124 4807 ne-

2232 4751 2580 4825 αἰχμαλώτου
2615 4754 2861 4825 μήνυτρα
2904 4753 2938 4824 ἦ
2972 4752 3187 4824 σῶστρα
3215 4752 3249 4823 ἢ
3279 4750 3550 4824 εῦρετρα,
3594 4750 3626 4823 ἢ
3663 4748 3775 4805 ἄλλο

571 4846 831 4916 gligentia
859 4846 1230 4910 dominorum,
1256 4846 1342 4901 vel
1358 4845 1521 4900 etiam
1559 4842 1780 4897 fortuito
1814 4858 1901 4898 res
1925 4842 2124 4899 amissa

2229 4861 2306 4909 τι,
2332 4843 2421 4900 διὰ
2444 4844 2507 4899 τὸ
2543 4843 2617 4917 μὴ
2646 4844 2705 4912 ιξ
2738 4842 2997 4915 ἀμελείας
3035 4843 3144 4897 τῶν
3184 4841 3458 4897 δεσποτῶν
3504 4842 3537 4914 ἢ
3580 4841 3669 4897 καὶ
3692 4858 3766 4895 suo

569 4937 668 5001 sit,
698 4936 792 4991 sed
837 4951 1030 5006 magna
1059 4937 1367 4992 calamitate
1395 4943 1449 4989 et
1478 4932 1763 4989 barbarica
1792 4932 2123 4990 incursione.

568 5027 678 5096 Qui
721 5028 864 5084 enim
901 5044 987 5085 res
1016 5028 1360 5085 dominorum
1403 5023 1725 5096 negligentia
1771 5024 1857 5078 vel
1906 5022 2129 5078 fortuito

574 5121 811 5191 perditas
838 5120 1161 5177 invenerunt
1200 5128 1255 5177 et
1295 5134 1390 5175 eas
1428 5117 1754 5185 restituunt,
1803 5112 2128 5177 inventionis

572 5213 805 5282 pretium
830 5220 979 5268 recte
1006 5212 1250 5280 exigunt,
1278 5209 1730 5282 quemadmodum
1755 5208 1860 5263 hoc
1889 5221 1953 5261 cx
1997 5204 2127 5276 legi-

573 5304 679 5358 bus
708 5305 959 5375 superius
988 5304 1181 5375 positis
1211 5311 1450 5375 apparet.

648 5484 851 5541 Zama.
876 5486 1015 5547 Cum
1046 5485 1114 5541 iis
1139 5484 1233 5555 qui
1275 5498 1384 5539 rem
1412 5482 1640 5540 alienam
1682 5498 1711 5538 a
1754 5496 1813 5538 se
1856 5480 2121 5535 inventam

571 5576 928 5646 demmtiant,
976 5578 1259 5649 benignius
1303 5579 1564 5648 agendum
1616 5593 1735 5633 esse
1787 5576 1867 5631 vir
1910 5581 2127 5635 sanctus

664 5742 779 5813 (33)
820 5744 891 5800 Τὸ
924 5746 1261 5814 ἀλλότριον.
1295 5742 1482 5799 Scribe
1514 5744 1621 5799 τῶν
1651 5745 1955 5817 ἀλλοτρίων.

2232 4937 2399 5009 χαίως
2425 4936 2675 5007 γενέσθαι
2701 4935 2797 5007 τὴν
2819 4933 3113 4999 ἀπώλειαν,
3134 4932 3273 4991 ἀλλὰ
3298 4934 3407 4989 άπὸ
3426 4934 3775 5007 περιστάσεως

2236 5028 2477 5101 μεγάλης
2516 5029 2609 5113 καὶ
2651 5023 2952 5101 ἐπιδρομῆς
2994 5026 3350 5101 βαρδαρικῆς.
3380 5030 3444 5084 οἱ
3486 5026 3592 5099 γὰρ
3630 5026 3776 5098 εὑρη·

2234 5122 2390 5187 κότες
2420 5120 2719 5193 πράγματα
2748 5120 2809 5187 ἐξ
2836 5121 3092 5193 ἀμελείας
3122 5120 3230 5176 τῶν
3265 5119 3532 5176 δεσποτῶν
3563 5118 3595 5192 ἢ
3626 5116 3775 5187 τύχης

2235 5214 2620 5277 άπολεσθέντα,
2648 5215 2743 5270 καὶ
2765 5212 3235 5280 άποκαθιστῶντες
3263 5212 3454 5278 ταῦτα,
3479 5210 3777 5267 ἀπαιτοῦσιν

2237 5305 2487 5379 εῦρετρα.
2519 5304 2701 5371 καθὼς
2731 5304 2889 5361 τοῦτο
2914 5304 3261 5376 ἀναφαίνεται
3301 5305 3407 5361 άπὸ
3431 5303 3542 5359 τῶν
3573 5299 3773 5359 ὄπισθεν

2239 5398 2728 5471 καταπρωθὲντων
2757 5395 2960 5468 νόμων.

2307 5490 2547 5545 ΖΩΝΛΡ.
2616 5490 2739 5555 Τοῖς
2794 5486 3111 5561 ὁμολογοῦσι
3161 5489 3223 5543 τὸ
3272 5487 3479 5563 εὕρεμα
3526 5485 3583 5540 τὸ
3638 5479 3769 5535 ἁλλό-

2237 5596 2385 5654 τριον
2439 5580 2549 5652 (54)
2598 5581 3133 5652 συγγνωμονέστερον
3186 5578 3510 5635 διατίθεσθαι
3560 5576 3587 5627 ι
3638 5573 3770 5639 sm
