3968 6186
497 350 611 421 563

1764 355 2044 418 THEOD.
2083 355 2481 417 BALSAMON
3634 360 3721 425 564

493 477 626 523 cuin
676 466 749 521 iiii
797 468 851 524 in
910 480 1172 522 canonetn
1227 464 1430 522 redacti
1485 468 1615 533 sint,
1668 466 1724 521 hi
1794 466 2064 537 legantur,

2181 485 2290 537 ρων
2320 466 2801 537 ἀναγινώσκεσθαι
2839 469 2953 533 τοῖς
2985 469 3119 538 ἄρτι
3168 472 3607 541 προσερχομένας
3642 483 3724 529 καὶ

500 575 765 628 nusquam
798 559 1236 631 apocrypltorum
1270 559 1473 615 mentio
1509 559 1739 615 habetur
1768 558 1881 631 (92)
1909 576 1924 627 ;
1980 559 2072 614 sed

501 653 537 709 ii
596 665 723 709 sunt
788 655 1169 709 hereticorum
1221 664 1609 721 commentum,
1664 654 1754 723 qui
1808 654 2070 707 arbitratu

504 761 605 799 suo
634 746 797 800 libros
815 747 1189 811 conscribunt,
1230 747 1432 817 quibus
1474 748 1760 815 assignant
1804 756 2070 815 tempora,

503 846 646 891 utra
677 854 840 906 quam
877 839 1009 905 ipsis
1054 838 1331 893 ascribunt
1371 838 1713 903 antiquitatis
1745 838 1947 908 specie,
1982 850 2075 888 oc—

497 931 772 985 casionem
801 938 1017 1002 captent
1039 930 1395 1000 simpliciores
1429 927 1674 984 fallendi.

2184 560 2531 630 βουλομένοις
2593 560 2951 632 κατηχείσθαι
3014 563 3107 616 τὸν
3172 564 3271 633 τῆς
3328 565 3597 627 εὖσεϐείας
3652 568 3727 622 λό-

2181 670 2324 722 γονο
2397 652 2564 721 Σοφία
2618 654 2990 722 Σολομῶντος.
3050 656 3146 708 καὶ
3192 656 3362 724 Σοφία
3415 658 3597 728 Σιράχ,
3646 668 3727 716 καί

2194 745 2414 816 Ἐσθὴρ,
2446 747 2545 801 καὶ
2581 746 2793 812 ’ίουδὶθ,
2826 748 2920 803 καὶ
2947 745 3169 811 Τοϐίας,
3206 750 3298 802 καὶ
3327 748 3520 819 Διδαχὴ
3546 755 3725 807 κιλουο

2189 838 2328 909 μένη
2385 838 2496 892 τῶν
2547 838 2884 904 ἀποστόλων,
2940 841 3038 895 καὶ
3084 842 3112 893 ό
3160 841 3392 911 Ποιμήν.
3435 844 3543 897 Καὶ
3576 845 3729 912 ὅμως,

2181 931 2492 1001 ἀγαπητοὶ,
2547 931 2818 984 κάκείνων
2888 931 3323 1004 κανονιζομένων
3390 937 3478 989 καὶ
3546 935 3733 990 τούτων

2187 1026 2740 1093 ἀναγινωσκομένων,
2760 1024 2999 1096 οὐδαμοῦ
3026 1026 3137 1080 τῶν
3168 1028 3505 1098 ἀποκρύφων
3539 1033 3732 1099 μνήμη·

494 1120 633 1175 ἀλλά
661 1123 952 1193 αίρετικῶν
989 1125 1138 1175 ἐστιν
1179 1120 1426 1187 ἐπίνοια,
1486 1120 1806 1189 γραφόντων
1856 1115 1957 1186 μὲν
2018 1116 2103 1167 ὅτε
2163 1116 2408 1170 θέλουσιν
2469 1119 2641 1182 αὐτὰ,
2687 1121 3061 1188 χαριζομένων
3105 1120 3162 1173 δὲ
3215 1121 3306 1173 καὶ
3358 1122 3733 1190 προστιθέντων

495 1215 679 1275 αὐτοῖς
716 1217 965 1285 χρόνους,
1004 1215 1093 1279 ἵν’,
1121 1214 1194 1276 ὡς
1227 1213 1431 1267 παλαιὰ
1457 1213 1842 1283 προφέροντες,
1876 1209 2147 1278 πρόφασιν
2174 1208 2369 1277 ἔχωσιν
2402 1211 2618 1281 ἀπατᾷν
2650 1212 2713 1264 ὲκ
2742 1211 2932 1265 τούτου
2962 1213 3087 1275 τοὺς
3114 1214 3424 1284 ἀκεραίους.

568 1305 764 1360 BALS.
821 1305 1133 1360 Postremus
1166 1318 1339 1357 canon
1399 1304 1734 1369 apostolicus
1784 1305 2071 1354 enumerat

498 1401 666 1453 liliros
697 1396 788 1465 qui
827 1396 929 1466 legi
962 1396 1183 1460 debent,
1223 1404 1276 1448 et
1336 1393 1545 1448 Veteris
1600 1392 1957 1452 Testumenti,
2018 1399 2067 1442 et

498 1490 655 1546 Novi.
693 1487 795 1544 ilic
840 1497 1018 1542 autem
1065 1496 1310 1550 sanctus,
1342 1501 1464 1539 cum
1506 1482 1813 1538 rescivisset
1864 1483 1946 1553 (ut
1992 1489 2074 1535 est

508 1581 827 1647 verisimile)
869 1580 1010 1651 quod
1065 1579 1331 1644 nonnulli,
1365 1577 1609 1632 volentes
1644 1590 1763 1640 eos,
1817 1575 1907 1644 qui
1951 1584 2076 1627 sunt

504 1676 557 1727 in
584 1675 787 1743 pietate
826 1689 889 1727 ac
923 1673 1185 1743 religione
1218 1670 1410 1740 integri
1440 1667 1659 1741 (quibus
1698 1666 1906 1721 scilicet
1939 1665 2069 1720 nihil

498 1768 699 1831 deﬁcit,
722 1782 819 1822 nec
843 1766 969 1836 quid
1003 1767 1200 1819 habent
1224 1763 1606 1833 compositum,
1626 1760 1710 1817 vel
1740 1769 2071 1825 contortum,

500 1862 596 1913 sed
652 1870 779 1914 sunt
827 1860 1123 1929 simplices)
1175 1860 1456 1921 seducere,
1509 1854 1695 1910 dicunt
1736 1868 1888 1910 essse
1937 1852 2074 1908 alios

498 1956 764 2020 quosdam
836 1952 1024 2019 libros,
1095 1952 1189 2023 qui
1238 1948 1453 2019 quidem
1502 1957 1629 2004 sunt
1695 1961 2069 2014 perversorum

2253 1299 2447 1356 ΒΔΛΣ.
2500 1298 2559 1353 Ὀ
2601 1301 2910 1366 τελευταῖος
2941 1304 3298 1369 ἀποστολικδς
3334 1307 3515 1361 κανὼν
3550 1308 3735 1375 ἀπαρι-

2181 1391 2399 1459 θμείται
2440 1394 2511 1447 τά
2555 1393 2844 1462 ὀφείλοντα
2900 1397 3377 1465 ἀναγινώσκεσθαι
3425 1401 3597 1470 βιϐλία
3646 1405 3733 1468 τῆς

2180 1485 2425 1548 Παλαιᾶς
2460 1485 2736 1555 Διαθήκης
2770 1488 2866 1540 καὶ
2920 1488 3021 1557 τῆς
3066 1489 3234 1552 Νέας.
3295 1491 3560 1545 Ἐνταῦθα
3614 1493 3664 1545 δὲ
3713 1496 3734 1546 ό

2182 1579 2360 1644 ἀγιος,
2389 1577 2464 1643 ὡς
2499 1578 2671 1644 ἔοικε,
2705 1579 2892 1647 μαθὼν
2943 1581 3027 1636 ὅτι
3072 1582 3222 1645 τινὲς
3253 1584 3506 1646 θέλοντες
3539 1586 3733 1656 ἀπατᾲν

2183 1673 2309 1734 τοὺς
2335 1673 2635 1742 ἀκεραίους
2660 1674 2805 1728 κατά
2828 1674 2925 1743 τὴν
2966 1674 3279 1737 εὐσέϐειαν.
3310 1676 3482 1745 ἧγουν
3508 1680 3629 1739 τοὺς
3672 1679 3733 1746 μὴ

2180 1762 2404 1834 ἔχοντας
2453 1763 2669 1827 ἐλλιπές
2714 1782 2766 1818 τι
2816 1764 2848 1834 ἦ
2907 1766 3284 1823 σύνθετονΑκαὶ
3330 1767 3565 1831 σκολιὸν,
3616 1768 3737 1821 ἀλλὰ

2179 1857 2337 1919 ὄντας
2371 1856 2598 1921 ἀπλοῦς,
2638 1857 2888 1925 λέγουσιν
2919 1854 3058 1912 εἶναι
3090 1858 3185 1912 καὶ
3211 1858 3381 1929 ἕτερά
3407 1877 3528 1913 τινα
3552 1858 3734 1928 βιϐλία,

2175 1948 2627 2019 διεστραμμένων
2680 1949 2781 2021 μὲν
2824 1950 2958 2004 ϐντα
3002 1950 3313 2020 δογμάτων,
3357 1951 3646 2019 ἀπόκρυφα
3687 1951 3736 2005 δὲ

498 2043 838 2111 «iugulatum,
861 2053 913 2098 et
941 2044 1194 2097 dicuntur
1222 2040 1527 2112 apocrypha
1552 2054 1568 2104 ;
1601 2036 1820 2106 scripsit
1855 2046 1910 2092 et
1936 2036 2072 2106 ipSP.

2179 2041 2469 2111 λεγόμενα,
2514 2042 2723 2114 ἔγραψε
2753 2041 2811 2097 δὲ
2850 2042 3013 2106 αὐτὸς
3042 2044 3112 2097 τά
3147 2044 3436 2113 ὀφείλοντα
3486 2044 3737 2109 ἀναγινώ-

501 2138 663 2191 libros
708 2152 843 2207 quos
893 2136 994 2207 legi
1026 2145 1294 2207 oporteat.
1329 2132 1407 2187 Ne
1434 2130 1648 2187 mireris
1682 2141 1882 2195 autem,
1915 2128 1961 2184 si
1991 2128 2074 2183 iu-

500 2231 717 2286 veneris
747 2244 1008 2284 canouetn
1041 2227 1421 2299 apostolicum,
1453 2226 1543 2296 qui
1592 2224 1727 2279 alios
1754 2237 1969 2293 quoque
2004 2221 2073 2276 li-

497 2324 629 2377 hros
653 2332 980 2377 enumerat:
1019 2319 1116 2375 sed
1162 2320 1279 2390 lege
1312 2333 1435 2390 qua
1478 2318 1533 2373 in
1577 2316 1724 2374 dicto
1774 2317 2077 2388 apostolico

498 2428 711 2468 canone
744 2414 945 2483 scripta
983 2423 1130 2469 sunt.

571 2503 822 2563 ZONAB.
857 2506 956 2560 Hic
977 2520 1202 2576 magnus
1220 2504 1549 2561 Athanasius
1575 2503 1787 2561 Veteris
1808 2502 2076 2572 Namque

502 2597 798 2669 Scriptum
836 2600 1003 2655 libros
1040 2609 1345 2662 enumerat.
1379 2599 1526 2669 quia
1568 2598 1819 2654 lidelibus
1848 2596 1949 2667 legi
1984 2596 2077 2650 de-

502 2692 674 2759 bent;
706 2704 772 2745 ne
804 2691 897 2761 qui
935 2691 1139 2760 decepti
1174 2690 1340 2745 libros
1390 2691 1730 2761 apocrypltos
1781 2688 1956 2744 dictos
1993 2688 2072 2745 le-

502 2798 655 2856 pant,
685 2790 779 2856 qui
804 2806 911 2846 non
944 2796 1092 2846 recte
1124 2806 1182 2845 se
1214 2786 1437 2853 habent,
1463 2794 1519 2842 et
1541 2786 1811 2856 ἀκέραιοι,
1838 2785 1941 2841 hoc
1968 2795 2072 2853 est,

502 2881 779 2951 simplices
808 2892 863 2935 et
892 2882 1118 2953 deceptu
1149 2880 1333 2937 faciles
1358 2878 1554 2935 exinde
1583 2877 1928 2933 incommodo
1960 2878 2075 2934 atii-

498 2976 744 3030 eiuntur.
781 2975 888 3031 Eos
933 2984 1111 3029 autem
1156 2981 1212 3031 et
1255 2988 1428 3029 canon
1481 2971 1554 3028 85
1574 2971 1674 3027 SS.
1707 2973 2074 3044 apostolorum

2178 2134 2407 2189 σκεσθαι
2467 2135 2670 2207 βιϐλία.
2726 2134 2819 2208 Μὴ
2875 2136 3165 2208 θαυμάσῃς
3229 2136 3286 2190 δὶ
3337 2136 3607 2208 εὑρίσκων
3657 2138 3738 2191 τὸν

2176 2227 2537 2282 ἀποστολικδν
2563 2228 2766 2283 κανόνα
2796 2229 2892 2283 καὶ
2920 2230 3130 2297 ἑτέρων
3162 2227 3387 2297 βιϐλίων
3437 2229 3735 2299 ἀπαρίθμηο

2178 2336 2266 2372 σιν
2305 2321 2665 2389 ποιούμενονο
2699 2318 2837 2374 ἀλλά
2884 2318 3161 2387 ἀνάγνωθι
3204 2319 3276 2374 τά
3320 2321 3383 2373 ιν
3431 2318 3509 2391 τῷ
3537 2319 3735 2392 metm

2177 2411 2522 2481 ἀποστολικῷ
2553 2411 2745 2466 κανόνι
2773 2411 3080 2482 γραφέντα.

2252 2504 2497 2560 ΖΩΝΔΡ.
2526 2503 2797 2559 Ἐνταῦθα
2822 2504 2898 2574 (α)
2923 2506 2952 2559 ό
2985 2504 3500 2577 μέγαςἋθανάσιος
3526 2507 3738 2573 ἀπαρίθο

2182 2614 2353 2669 μησιν
2379 2600 2619 2653 ποιεῖται
2637 2596 2749 2652 τῶν
2784 2598 3007 2669 βιϐλίων
3026 2599 3126 2669 τῆς
3150 2616 3209 2652 τε
3244 2600 3496 2666 Παλαιὰ
3534 2602 3736 2671 Γραφῆς

2177 2693 2273 2747 καὶ
2302 2691 2405 2759 τῆς
2433 2691 2577 2755 Νέας
2612 2690 2722 2745 τῶν
2746 2689 3071 2760 όςιειλόντων
3100 2693 3579 2763 ἀναγινώσκεσθαι
3604 2693 3738 2763 παρὰ

2177 2786 2287 2841 τῶν
2340 2786 2585 2840 πιστῶν·
2618 2784 2710 2839 ίνα
2771 2787 2846 2857 μή
2901 2804 3051 2852 τινες
3083 2787 3437 2857 πλανώμενοι
3482 2788 3733 2858 ἀναγινώ-

2179 2895 2354 2935 σκωσι
2388 2879 2485 2933 καὶ
2525 2879 2628 2945 τὰς
2661 2881 2965 2951 λεγομένας
3011 2881 3376 2951 ἀποκρύφους
3430 2879 3657 2951 βίϐλους,
3686 2880 3735 2935 αἳ

2175 2973 2277 3028 οὐκ
2329 2972 2505 3045 ὀρθῶς
2532 2972 2737 3045 ἔχουσι,
2759 2974 2857 3027 καὶ
2884 2971 3137 3028 ιντεῦθεν
3158 2973 3495 3047 βλάπτονται
3510 2975 3731 3044 ἀκέραιοι

499 3078 657 3124 antea
693 3067 987 3124 recensuit.
1026 3066 1123 3123 Hic
1154 3075 1332 3122 autem
1359 3067 1538 3134 Pater,
1573 3078 1835 3138 quantum
1874 3067 1941 3122 ad
1972 3080 2072 3121 nu-

2179 3070 2327 3133 livuc
2369 3070 2490 3142 ἦτοι
2532 3067 2803 3125 ἄπλαστοι
2847 3067 2944 3125 καὶ
2987 3068 3413 3137 εὐεξαπάτητοι.
3463 3066 3641 3123 Ταῦτα
3684 3066 3732 3121 δι

500 3177 709 3218 uerum
735 3178 922 3218 eorum
945 3172 1175 3234 spectat,
1216 3163 1404 3217 ultimo
1440 3162 1524 3217 isti
1560 3162 1856 3233 apostolico
1878 3162 2071 3218 canoni

2179 3165 2273 3221 καὶ
2313 3166 2342 3219 ό
2376 3162 2460 3218 πε⁹
2507 3164 2691 3219 κανὼν
2724 3164 2833 3220 τῶν
2866 3164 3040 3235 ἀγίων
3068 3164 3393 3219 ἀποστόλων
3421 3165 3528 3235 πρδ
3562 3164 3731 3218 τούτου

498 3257 554 3310 in
582 3256 838 3311 omnibus
873 3271 978 3311 non
1013 3257 1288 3312 convenit.
1321 3254 1562 3326 Apostoli
1594 3255 1739 3311 enim
1786 3254 1985 3312 Esther
2017 3264 2072 3311 et

2179 3259 2489 3331 ἀπαριθμεί
2512 3274 2526 3289 ⁸
2558 3259 2660 3312 οὐκ
2691 3258 2750 3313 ὲν
2776 3258 2910 3313 πᾶσι
2943 3258 3000 3312 δε
3046 3258 3075 3310 ό
3112 3255 3304 3330 Πατὴρ
3340 3249 3500 3322 οὗτος
3529 3272 3730 3327 συμφω-

504 3348 844 3419 Sapientiam
878 3348 1072 3403 Sirach
1109 3358 1165 3404 et
1200 3348 1369 3405 libros
1410 3348 1832 3405 Maceabaeorum
1863 3362 2072 3404 connu-

2179 3352 2261 3404 νεῖ
2288 3348 2365 3419 τῷ
2397 3346 2741 3419 ἀποστολικῷ
2782 3347 3076 3417 τελευταίῳ
3119 3349 3305 3403 κανόνι
3352 3348 3413 3401 ιν
3452 3350 3518 3418 τῇ
3552 3351 3734 3417 ἀπαριο

498 3452 781 3498 iuerarnnt
822 3443 956 3498 :hic
999 3454 1178 3499 autem
1234 3457 1332 3498 eos
1386 3442 1750 3513 pratermisit.
1806 3441 1865 3497 in
1913 3440 2072 3495 Novae

2179 3443 2405 3514 θμήσει.
2455 3443 2519 3497 Oi
2550 3444 2652 3515 μὲν
2683 3442 2791 3512 γάρ
2820 3441 3111 3497 ἀπόστολοι
3144 3442 3240 3496 καὶ
3266 3441 3370 3511 τὴν
3412 3441 3608 3511 Ἐσθὴρ
3640 3442 3736 3494 ἀπ-

496 3534 663 3588 etiam
701 3533 1192 3605 Seriptnrualibris,
1223 3535 1390 3591 divini
1421 3533 1642 3606 quidem
1676 3533 1907 3605 apostoli
1937 3546 2072 3587 con-

2180 3535 2585 3606 ηριθμήσαντο.
2618 3533 2828 3604 statith
2862 3532 3063 3602 Σοφίαν
3084 3532 3277 3605 Σιράχ,
3301 3535 3399 3588 κα)⁵
3426 3534 3497 3587 τά
3527 3534 3735 3587 Μακκα-

498 3627 810 3684 ειίιυιίοιιειι
863 3642 992 3683 suas
1016 3644 1043 3679 a
1078 3626 1357 3683 Clemente
1402 3626 1745 3695 conscriptas
1781 3640 2072 3680 enumera-

2179 3629 2345 3684 ϐαῖκά
2365 3644 2382 3661 ⁶
2415 3623 2568 3689 οὕτω
2593 3627 2649 3681 δὲ
2679 3626 3047 3698 παραλέλοιπε
3076 3625 3278 3682 ταῦτα.
3316 3626 3408 3680 Ἐν
3434 3623 3490 3681 δὲ
3513 3628 3629 3688 ταῖς
3644 3625 3731 3689 τῆς

506 3730 629 3775 runt
664 3738 677 3775 :
717 3721 805 3776 hic
835 3732 1016 3775 autem
1040 3735 1134 3775 eas
1160 3720 1361 3775 omisit.
1408 3718 1629 3774 Addidit
1658 3720 1784 3773 vero
1814 3718 2071 3788 Theologi

506 3813 903 3883 Apocalypsim.
942 3812 1069 3868 Post
1106 3813 1271 3867 libros
1313 3822 1492 3867 autem
1550 3821 1920 3877 enumeratos,
1973 3814 2072 3879 ait,

502 3907 643 3975 quod
672 3907 763 3962 alii
795 3906 902 3960 sint
930 3915 1123 3976 praeter
1148 3920 1244 3960 eos
1273 3904 1418 3973 lihri,
1465 3904 1520 3960 iu
1555 3918 1819 3961 canouem
1854 3904 2073 3975 quidem

507 4014 613 4051 non
646 3998 826 4062 relati,
858 3997 1071 4068 legendi
1118 4007 1337 4065 tamen;
1372 4010 1508 4067 quos
1536 3996 1670 4051 dicit
1695 4012 1816 4052 esse
1845 3995 2077 4066 Sapien-

509 4094 636 4144 tiam
667 4092 997 4155 Salomonis,
1032 4100 1086 4147 et
1118 4091 1447 4161 Sapientiam
1476 4089 1689 4158 Siracb,
1728 4090 1943 4153 Esther,
1975 4087 2073 4145 Ju-

503 4180 641 4244 (lllb,
676 4190 731 4234 et
763 4180 943 4246 Tobit,
978 4190 1034 4236 et
1075 4181 1377 4236 doctrinam
1430 4181 1799 4251 apostolorum
1846 4182 2072 4248 dictam,

497 4288 635 4341 quas
681 4282 939 4329 asserunt
978 4288 1101 4329 esse
1148 4272 1577 4329 Constitutiones
1631 4274 2004 4345 apostolorum
2040 4287 2071 4327 a

498 4366 779 4421 Clemente
809 4367 1179 4437 conscriptas;
1227 4381 1364 4436 quas
1410 4380 1474 4422 ea
1526 4382 1646 4437 qua:
1681 4375 1831 4422 sexta
1872 4365 2075 4421 dicitur

503 4458 743 4526 synodus
772 4457 872 4524 legi
906 4473 1010 4513 non
1037 4457 1326 4528 permittit,
1358 4467 1415 4512 ut
1440 4457 1773 4513 ailulteratas
1804 4466 1858 4512 et
1885 4470 2074 4512 corru-

500 4563 619 4615 ptas
663 4549 731 4602 ab
773 4549 1070 4605 hatreticis.
1118 4550 1218 4615 Qui
1274 4557 1455 4604 autem
1513 4549 1834 4621 apocrypbi,
1872 4550 2070 4619 inquit,

495 4652 759 4696 vocantur
790 4641 937 4709 libri,
970 4658 1147 4713 neque
1190 4642 1332 4697 inter
1359 4656 1476 4707 eos,
1506 4641 1598 4711 qui
1633 4651 1789 4695 extra
1834 4643 1967 4696 istos
1995 4641 2073 4696 le-

2176 3722 2320 3785 Νέας
2349 3720 2569 3791 Γραφῆς
2598 3717 2825 3790 βίϐλοις,
2849 3718 2898 3771 oi
2930 3718 3028 3786 μὲν
3058 3716 3191 3770 θεῖοι
3224 3716 3516 3771 ἀπόστολοι
3540 3715 3734 3776 καὶτὰς

2174 3815 2263 3870 διὰ
2294 3812 2387 3867 τοῦ
2432 3813 2748 3883 Κλήμεντος
2778 3809 3194 3879 συγγραφείσας
3246 3809 3512 3879 διαταγὰς
3573 3807 3734 3859 αὐτῶν

2176 3904 2609 3978 ἀπηρίθμησαν
2643 3897 2799 3968 οὗτος
2842 3902 2900 3956 δὲ
2944 3900 3151 3965 ταύτας
3205 3900 3303 3971 μὶν
3347 3902 3731 3971 παραλέλοιπε’

2175 3997 2475 4071 προσέθετο
2517 3997 2575 4050 δὲ
2612 3995 2713 4066 τὴν
2754 3993 3121 4062 ’Δποκάλυψιν
3145 3992 3239 4048 τοῦ
3278 3993 3567 4064 Θεολόγου.
3597 3993 3733 4049 Μετὰ

2174 4092 2232 4147 δέ
2264 4107 2327 4161 γε
2355 4089 2460 4160 τὴν
2487 4088 2894 4158 ἀπαρίθμησιν,
2938 4088 3126 4157 φησὶν,
3158 4087 3243 4139 δτι
3280 4086 3432 4141 εστιν
3474 4088 3633 4159 ἔτερα
3663 4088 3736 4155 βι.

2176 4183 2301 4237 ϐλία
2331 4183 2538 4235 τούτων
2565 4178 2788 4246 ἔξωθεν,
2815 4178 2877 4232 οὐ
2907 4177 3303 4249 κανονιζόμενα
3334 4179 3457 4247 μὲν,
3488 4180 3733 4247 ἀναγινω-

2178 4278 2416 4347 σκόμενα
2446 4272 2526 4336 δὲ,
2576 4270 2740 4326 ἆτινα
2787 4270 2938 4338 λέγει
2983 4264 3125 4325 εἶναι
3178 4272 3281 4339 τὴν
3312 4271 3510 4339 σοφίαν
3556 4270 3729 4337 sim.

2188 4366 2412 4435 Ἐσθὴρ,
2455 4363 2680 4434 Ἰουδὴθ,
2710 4365 2805 4417 καὶ
2837 4360 3057 4434 Τωϐἠτ,
3088 4362 3185 4418 καὶ
3226 4363 3448 4435 διδαχὴν
3480 4360 3732 4428 καλουμέ-

2176 4478 2275 4529 νην
2300 4458 2408 4512 τῶν
2440 4456 2753 4510 ἀποστόλων
2787 4454 3041 4526 λέγουσιν
3069 4451 3210 4510 εἶναι
3238 4457 3334 4520 τὰς
3373 4457 3461 4511 διά
3484 4454 3574 4509 τοῦ
3602 4454 3733 4523 Κλή-

2178 4570 2373 4625 μεντος
2398 4550 2818 4621 συγγραφείσας
2860 4551 2970 4603 τῶν
3002 4548 3322 4604 ἀποστόλων
3352 4550 3643 4615 διατάξεις,
3673 4548 3731 4609 ἀς

2175 4649 2210 4719 ἡ
2231 4649 2498 4716 λεγομένη
2522 4646 2655 4714 ἕκτη
2686 4643 2905 4707 σύνοδος
2939 4642 3417 4712 ἀναγινώσκεσθαι
3438 4645 3499 4696 οὺ
3537 4657 3728 4709 συγχωο

497 4734 656 4804 gemli
690 4738 1118 4801 constituuntur,
1165 4735 1257 4805 qui
1296 4735 1504 4790 scilicet
1542 4734 1598 4788 in
1642 4748 1911 4789 canonem
1961 4748 2070 4789 non

2179 4738 2373 4814 ρεῖ,ὡς
2397 4736 2744 4799 νοθευθείσας
2769 4736 2864 4789 καὶ
2892 4733 3192 4807 φθαρείσας
3222 4735 3327 4788 ὑπὸ
3344 4734 3653 4807 αίρετικῶν.
3676 4733 3729 4784 Δί

500 4826 828 4882 referuntur.
862 4827 1169 4883 Cauonicos
1193 4838 1371 4883 autem
1400 4828 1515 4882 sive
1547 4827 1599 4880 in
1629 4840 1894 4881 canonem
1927 4827 2071 4882 rela-

501 4929 584 4972 tos
606 4918 775 4973 libros
810 4930 1029 4974 sanctus
1057 4922 1370 4976 denominat
1401 4936 1465 4976 ex
1502 4934 1711 4975 canone
1726 4920 1842 4976 sive
1864 4919 2071 4991 regula,

498 5015 640 5077 quod
668 5012 869 5081 lignum
902 5022 1007 5077 est,
1039 5028 1147 5081 quo
1178 5012 1415 5069 artilices
1443 5021 1671 5069 utuntur
1706 5014 1775 5069 ad
1800 5012 2071 5083 lignorum

498 5114 596 5159 aut
628 5104 868 5174 lapidum
904 5105 1305 5162 rectitudinetn.
1344 5105 1608 5177 Regulam
1638 5107 1786 5162 enim
1817 5106 1906 5174 iis,
1952 5120 2073 5177 qua

498 5206 818 5267 operantur,
854 5207 1210 5266 opponentes,
1249 5212 1345 5267 per
1370 5212 1487 5251 eam
1520 5198 1735 5268 siquas
1787 5198 2072 5256 inveniunt

500 5293 552 5343 in
586 5291 704 5347 istis
744 5290 1110 5360 obliquitates,
1148 5290 1520 5347 imminentias
1557 5300 1612 5347 et
1660 5290 2072 5362 prominentias,

500 5384 568 5437 ad
597 5383 973 5437 rectitudinetu
1009 5383 1273 5437 abradunt
1330 5391 1384 5438 et
1436 5382 1515 5438 sic
1564 5397 1702 5452 opus
1753 5382 2074 5439 rectiticant.

500 5474 614 5529 lloc
645 5473 832 5545 itaque
862 5473 915 5527 in
944 5473 1064 5529 istis
1097 5472 1249 5529 libris
1283 5473 1422 5529 ratio
1446 5484 1700 5546 tanquam
1734 5475 1915 5545 regula
1939 5474 2073 5531 ede-

501 5568 597 5632 cit,
618 5566 752 5621 'illos
780 5566 1116 5635 distinguens
1151 5564 1217 5619 ab
1260 5565 1401 5632 istis,
1437 5567 1528 5635 qui
1562 5580 1667 5620 non
1709 5578 1856 5621 recte
1883 5582 1940 5622 se
1971 5567 2073 5623 ba-

502 5659 651 5719 bent,
685 5656 779 5709 sed
810 5653 1047 5723 perversi
1082 5663 1209 5707 sunt
1239 5668 1254 5708 :
1283 5664 1337 5709 et
1370 5655 1468 5709 hos
1502 5654 1719 5724 quidem
1759 5657 2070 5721 admittens,

504 5758 562 5802 et
603 5748 929 5817 approbatis,
963 5758 1016 5802 et
1045 5747 1147 5816 piis
1171 5746 1427 5816 legendos
1457 5762 1795 5816 proponens;
1825 5749 1945 5803 illos
1973 5764 2070 5804 au-

2178 4832 2235 4886 δὲ
2284 4830 2642 4900 καλούμεναι,
2696 4830 2885 4899 φησὶν,
2924 4829 3235 4900 ἀπόκρυφοι
3282 4828 3475 4899 βίϐλοι,
3536 4827 3651 4881 οὔτε
3682 4828 3729 4879 ἐν

2176 4926 2297 4988 ταῖς
2326 4922 2813 4993 ἀπηριθμημέναις
2852 4920 3056 4990 βίϐλοις
3112 4919 3483 4990 εὑρίσκονται,
3536 4918 3651 4973 οὔτε
3679 4921 3728 4971 ὲν

2178 5018 2387 5081 τούτοις
2408 5014 2562 5078 ὲκτδς
2589 5012 2814 5068 ἐκείνων
2846 5014 3204 5082 τεταγμένοις
3250 5010 3725 5082 ἀναγινώσκεσθαι,

2178 5110 2380 5183 δηλαδὴ
2428 5110 2540 5172 τοῖς
2561 5107 2959 5170 ἀκανονίστοις.
3014 5107 3459 5178 Κεκανονισμένα
3484 5105 3540 5159 δὲ
3564 5104 3725 5176 βιϐλία

2180 5206 2283 5277 ἔφη
2328 5207 2358 5259 ό
2388 5204 2542 5274 ἅγιος
2571 5201 2638 5254 ἑκ
2666 5200 2763 5254 τοῦ
2794 5200 3040 5265 κανόνος,
3072 5202 3100 5254 ὅ
3124 5205 3242 5255 ἐστι
3269 5200 3425 5268 ξύλον
3443 5195 3486 5269 ᾧ
3516 5198 3725 5269 κέχρην-

2177 5314 2267 5351 ται
2296 5295 2347 5349 οι
2373 5296 2617 5366 τεχνῖται
2652 5294 2734 5357 είς
2760 5291 2934 5360 ξύλων
2963 5294 2999 5363 ἢ
3028 5292 3193 5346 λίθων
3222 5292 3492 5363 εὐθύτητα
3512 5307 3527 5323 ·
3566 5304 3724 5357 παρα-

2176 5386 2424 5450 τεθέντες
2467 5384 2579 5457 γάρ
2607 5386 2698 5439 τὸν
2726 5385 2932 5438 κανόνα
2960 5386 3074 5447 τοῖς
3133 5383 3266 5452 παρ’
3300 5382 3480 5436 αὐτῶν
3510 5377 3720 5451 ὲργαζο·

2181 5478 2384 5548 μένοις,
2432 5477 2501 5533 δι’
2538 5474 2706 5532 αὑτοῦ
2756 5475 2810 5529 εί
2862 5492 3011 5538 τινας
3068 5474 3420 5544 εὑρίσκουσιν
3468 5474 3524 5525 ὲν
3556 5471 3717 5530 αύτοίς

2176 5570 2472 5639 λοξότητας
2528 5568 2745 5638 είσοχάς
2794 5584 2854 5622 τε
2892 5558 3015 5621 ’καὶ
3060 5564 3274 5636 ἐξοχὰς,
3332 5567 3410 5630 είς
3468 5560 3716 5628 εὐθύτητα

2178 5660 2492 5727 ἀποξέουσι,
2524 5662 2617 5713 καὶ
2654 5657 2878 5730 όρθοῢσι
2921 5657 2984 5711 τὸ
3016 5657 3421 5728 ἐργαζόμενον
3463 5655 3607 5709 τοῦτο
3635 5650 3713 5704 οὖν

2179 5751 2275 5805 καὶ
2303 5752 2395 5805 ἐπὶ
2437 5752 2546 5805 τῶν
2578 5750 2799 5820 βιϐλίων
2830 5748 3037 5806 τούτων
3084 5752 3113 5805 ό
3143 5750 3303 5819 λόγος
3354 5750 3534 5821 ὥσπερ
3559 5741 3711 5801 κανὼν

566 5870 639 5933 (a)
669 5871 807 5928 Apud
833 5870 1162 5927 Bevereuium
1189 5872 1239 5919 in
1268 5868 1418 5925 notis.
1446 5883 1495 5924 υ.
1517 5870 1629 5930 221,
1662 5883 1722 5920 ex
1750 5871 1918 5921 codice
1945 5872 2352 5925 Amerbachiano.
2377 5871 2511 5924 Eutr.
