3878 6192
254 368 346 434 629

1202 370 1292 435 IN
1318 367 1557 435 EPIST.
1584 369 1644 435 S.
1689 369 1978 435 BASlLII
2012 371 2456 437 CANONiCAM
2493 375 2546 439 Ι.

251 480 392 545 θείοις
419 478 613 552 ὕμνοις,
655 482 796 538 ἀλλά
828 484 1040 555 ἀργεῖν.
1086 486 1180 541 Ἐκ
1213 489 1423 542 τούτων
1470 488 1565 542 καὶ
1589 490 1774 560 ἡμεῖς,

1898 506 2132 561 quoque,
2162 491 2363 563 inquit,
2411 507 2529 562 qua:
2569 491 2634 546 ad
2656 490 2942 562 Cyriacum
3000 488 3294 561 pertinent,
3355 490 3472 544 dis-

247 576 406 644 «φησιν,
433 575 827 646 οἰκονομοῦντες
876 581 945 631 τὰ
977 579 1122 636 κατά
1178 581 1271 636 τὸν
1331 583 1636 653 Κυριακδν,
1689 583 1782 638 καὶ

246 667 532 740 ίτιστρίψαι
559 669 718 723 αὑτὸν
754 673 834 732 είς
867 671 969 742 τὴν
1019 675 1346 746 ἐκκλησίαν,
1384 671 1417 748 ἦ
1445 677 1662 747 ὤμοσεν
1688 681 1784 748 ὲγο

246 763 519 833 καρτερεῖν,
549 764 966 835 ἐπιτρέποντας,
990 767 1052 820 ού
1085 768 1317 840 δόξομεν
1371 771 1524 843 παρά
1549 775 1783 837 κανόνας

245 857 551 916 nemiuem}
585 859 798 922 lascivo;
834 861 1203 931 παραϐαίνειν
1225 863 1320 919 τδν
1341 865 1508 937 ὅρκον
1540 867 1781 939 κριθείη.

253 947 684 1036 ἐπανερχόμενος
707 952 819 1024 γάρ
872 954 1024 1009 δοκεῖ
1087 957 1390 1027 φυλάσσειν
1445 960 1538 1014 τὸν
1595 961 1782 1033 ὅρκον,

237 1040 310 1093 δτι
332 1040 443 1096 οὐδε
468 1043 788 1112 πρόσκειται
817 1045 896 1118 τῷ
927 1048 1102 1120 ὅρκῳ,
1125 1049 1258 1104 ὀὑδὶ
1294 1051 1431 1120 πρὸς
1463 1053 1640 1125 βραχῦ
1657 1055 1787 1110 ἀνα-

239 1132 481 1203 χωρήσειν
507 1137 601 1188 τοῦ
642 1135 813 1206 ἀγροῦ
847 1139 957 1192 τῶν
983 1139 1288 1200 Μινδάνων.
1326 1144 1470 1213 Ὅρα
1519 1144 1614 1199 οὖν
1667 1146 1785 1212 πῶς

238 1225 293 1277 lx
316 1225 402 1294 τῆς
423 1225 527 1280 τῶν
562 1231 825 1300 ῥημάτων
844 1233 1149 1298 ἐξετάσεως
1192 1236 1286 1289 καὶ
1310 1239 1784 1309 κατασκοπήσεως

236 1318 506 1389 ίθήρευσεν
534 1324 563 1376 ό
610 1319 784 1392 ἅγιος
809 1327 956 1392 νοῦν,
1005 1329 1150 1384 ὥστε
1184 1331 1258 1402 μὴ
1289 1331 1469 1386 δοκεῖν
1500 1335 1787 1402 ιπιορκεῖν

236 1409 314 1459 σὺν
338 1411 623 1478 ὀμόσαντα.
657 1415 848 1472 Ταῦτα
880 1420 979 1490 μὲν
1000 1415 1094 1476 οῦν
1149 1421 1280 1492 περὶ
1330 1421 1425 1478 τοῦ
1479 1423 1784 1496 Κυριακοῦ.

241 1501 297 1555 '0
317 1501 369 1555 δὲ
390 1503 643 1576 Σεσῆρος,
671 1509 1020 1580 αἰτιώμενος,
1051 1514 1132 1568 ὅτι
1174 1514 1254 1578 είς
1306 1515 1480 1586 ἀγρδν
1525 1517 1786 1590 ἀλλοτρίᾳ

238 1591 571 1650 ὑποτελοῦντα
600 1599 788 1674 ὲνορίᾳ
815 1603 1246 1676 ἐχειροτόνησεν,
1269 1607 1425 1676 ἔλεγε
1453 1608 1596 1663 κατά
1611 1608 1787 1682 λήθην

235 1685 371 1738 τοῦτο
394 1689 641 1756 τοιῆσαι,
673 1692 949 1764 ἀγνοήσας
980 1696 1154 1767 ἑτέρῳ
1187 1699 1280 1752 τὸν
1315 1700 1492 1772 ἀγρὸν
1555 1702 1784 1756 ὑποκεῖ-

239 1775 364 1830 σθαι.
408 1777 557 1861 Ἐπεὶ
587 1778 704 1848 οῦν,
737 1788 894 1856 φησὶ,
930 1790 1033 1859 τήν
1070 1788 1242 1860 λήθην
1270 1792 1658 1863 προϐάλλεται,
1707 1797 1790 1851 δεῖ

232 1870 376 1925 αὐτὸν
405 1877 834 1948 συγχωρηθῆναι
861 1882 954 1934 καὶ
986 1883 1067 1946 είς
1095 1881 1195 1954 τὴν
1245 1884 1428 1953 κρίσιν
1478 1887 1786 1960 ἀναρτῆσαι

235 1963 378 2016 αὺτὸν
408 1965 501 2019 τοῦ
530 1967 697 2024 Θεοῦ.
727 1971 854 2025 ὀτι
889 1974 1116 2044 γὰρούκ
1137 1976 1305 2047 ίσμὶν
1330 1979 1786 2050 καρδιογνῶσται,

231 2055 751 2132 ἀλλ’ὠςάκούομεν,
792 2066 1078 2136 κρίνομεν,
1129 2068 1312 2140 δῶμεν
1360 2072 1460 2142 τὴν
1506 2072 1791 2145 ικδίκησιν

229 2149 300 2219 τῷ
330 2149 459 2220 Θεῷ,
499 2160 1062 2228 συγγνωμονήσαντες
1120 2162 1209 2216 διὰ
1257 2164 1357 2235 τὴν
1405 2165 1604 2236 λήθην,
1665 2166 1791 2239 ήτις

230 2242 333 2296 ίστὶ
360 2243 526 2308 πάθος
556 2246 922 2317 ἀνθρώπινον.
967 2253 1078 2307 Καὶ
1107 2253 1176 2308 τά
1218 2255 1316 2324 μὲν
1345 2256 1442 2310 τοῦ
1474 2261 1701 2324 κανόνος
1727 2260 1790 2313 ιν

226 2335 437 2402 τούτοις.
475 2339 549 2394 Σὺ
580 2340 638 2394 δὲ
661 2341 937 2412 ἀνάγνωθι
964 2345 1028 2398 τὸ
1079 2345 1149 2417 ιη’
1175 2365 1303 2419 κεφ.
1352 2348 1448 2403 τοῦ
1481 2348 1553 2420 ιγ’
1607 2352 1789 2407 τίτλον

227 2427 311 2482 τοῦ
329 2432 594 2499 παρόντος
629 2438 1038 2508 συντάγματος,
1085 2441 1180 2496 καὶ
1209 2441 1277 2496 τὰ
1341 2443 1423 2506 είς
1468 2445 1570 2510 τήν
1616 2445 1793 2517 ἑρμη-

225 2521 360 2576 νείαν
384 2525 547 2580 αὑτοῦ
566 2527 858 2598 γραφέντα
888 2529 1054 2601 χάριν
1081 2531 1559 2605 ἀναψηλαφήσεως
1588 2535 1790 2606 ὅρκων.

231 2615 347 2690 Ἔχε
375 2619 430 2675 δὲ
463 2623 556 2677 ἀπὶ
581 2625 812 2695 μνήμης
843 2627 937 2678 καὶ
962 2626 1026 2680 τὸ
1054 2625 1211 2698 παρά
1257 2626 1354 2681 τοῦ
1383 2628 1544 2698 ἀγίου
1573 2629 1792 2701 ὁρισθὲν

221 2712 367 2784 χάριν
390 2715 481 2770 τοῦ
506 2719 962 2789 παρεμπεσόντος
990 2718 1204 2788 φάκτου
1234 2721 1332 2777 επὶ
1357 2723 1426 2794 τῇ
1474 2725 1790 2797 χειροτονίᾳ

225 2802 308 2859 τοῦ
332 2805 641 2881 Κυριακοῦ,
670 2811 766 2866 καὶ
808 2813 876 2884 τῇ
904 2813 1174 2886 γενομένη
1210 2815 1364 2885 παρά
1394 2815 1584 2871 τούτου
1628 2817 1792 2888 δῆθεν

225 2898 481 2974 ῖιιιορκίᾳ.
519 2904 636 2957 Καὶ
663 2906 974 2976 σημείωσαι
1006 2906 1089 2959 δτι
1140 2907 1234 2964 διὰ
1261 2908 1453 2963 τούτου
1521 2911 1792 2981 συγγινώ-

224 3005 450 3060 σκονται,
482 2997 559 3060 ὡς
590 2996 789 3064 ἔοικεν,
823 2998 875 3051 οῖ
905 3001 1045 3055 κατά
1079 3018 1234 3066 τινας
1269 3004 1673 3074 πατριαρχικὰς
1697 3003 1790 3059 hc-

227 3083 441 3156 κλησίας
471 3089 914 3161 ίερουργοῦντες,
942 3091 1204 3164 ἐγχώριοι
1253 3093 1554 3166 ἀρχιερεῖς.
1585 3093 1650 3151 El
1679 3097 1791 3171 γάρ

226 3176 380 3282 MA“
398 3184 508 3282 ἰῆς
521 3182 765 3282 ἔγνξίξς
786 3184 1101 3282 Δπρόϐλημα
1133 3185 1405 3282 ἀϐοήθησε
1433 3187 1510 3261 τῷ
1541 3189 1788 3263 Σεσήρῳ,
1817 3222 1862 3282 C

221 3268 482 3346 καθῃρέθη
516 3275 611 3343 ἂν,
631 3275 722 3332 διὰ
752 3277 814 3331 τὸ
847 3277 980 3348 παρ’
1004 3279 1222 3350 ὲνορίαν
1262 3281 1489 3351 ποιῆσαι
1543 3300 1786 3355 χειροτοο

219 3361 348 3419 νίαν.
379 3366 514 3437 Περὶ
559 3369 622 3422 δι
659 3370 853 3444 ίερέων
870 3371 1085 3443 ψευδῶς
1123 3375 1595 3446 μαρτυρησάντων
1622 3375 1793 3444 ἀνάγ-

219 3455 340 3510 νωθι
365 3457 464 3530 τὴν
498 3467 591 3526 ος’
622 3462 839 3532 Νεαρὰν
867 3462 964 3516 τοῦ
1016 3462 1286 3533 βασιλέως
1335 3463 1506 3538 κυροῦ
1563 3467 1792 3533 Λάοντος

217 3550 302 3604 τοῦ
326 3553 651 3626 Φιλοσόφου,
684 3556 1164 3628 διαλαμὸάνουσαν
1209 3561 1312 3626 ὡς,
1351 3562 1402 3615 εί
1437 3560 1537 3632 μὲν
1567 3561 1792 3632 ἔνορκον

214 3645 688 3722 ψευδομαρτυρίαν
762 3654 982 3724 ποιήσει
1051 3657 1080 3710 ὸ
1142 3655 1345 3728 ἱερεὺς,
1421 3654 1788 3728 καθαιρεῖται.

214 3739 409 3812 Ὀρκου
452 3744 511 3797 δὲ
585 3746 662 3815 μὴ
727 3747 1279 3817 παραζευγνυμινου,
1341 3746 1662 3816 ἀφορίζεται
1695 3749 1788 3802 ἐπὶ

211 3835 388 3906 τριετῆ
427 3839 628 3908 χρόνον
663 3840 744 3903 είς
794 3842 1180 3914 μοναστήριον,
1207 3841 1302 3896 καὶ
1344 3842 1629 3908 οὓτως-είς
1688 3843 1787 3916 τήν

215 3925 342 3980 ίίίαν
372 3931 528 3995 τάξιν
553 3932 1017 3989 ἀποκαθίσταται.

277 4019 706 4088 ΖΩΝΔΡ.τινὲς
732 4026 813 4090 εἷς
854 4024 917 4080 τδ
963 4027 1409 4101 χειροτονηθῆναι
1461 4030 1789 4103 καλούμενοι

213 4108 514 4181 ῖξὼμνυντο
547 4113 626 4187 μή
681 4116 1078 4184 καταδέξασθαι
1131 4120 1232 4192 τὴν
1261 4122 1620 4190 χειροτονίαν.
1651 4122 1791 4185 Τοὺς

211 4198 299 4256 οὖν
323 4207 607 4270 τοιούτους
660 4205 811 4276 λέγει
849 4207 877 4261 ὁ
901 4209 1082 4264 κανὼν
1115 4211 1193 4282 μὴ
1223 4212 1337 4267 δεῖν
1379 4213 1791 4282 ἀναγκάζεσθαι

213 4295 506 4370 ιπιορκεῖν.
535 4299 837 4375 Κᾶνροκῇ,
871 4305 1059 4376 φησιν,
1089 4304 1294 4370 ἐξεῖναι
1318 4309 1432 4372 τοῖς
1455 4307 1549 4378 ἀφ’
1580 4309 1790 4386 ἑαυτῶν

212 4389 488 4463 ὀμόσασιν,
545 4394 582 4466 ἢ
633 4394 837 4466 δεσμόν
856 4413 977 4451 τινα
1039 4398 1253 4463 ἑαυτοῖς
1282 4400 1656 4469 άπισαλοῦσιν,
1680 4395 1795 4457 οἷον

215 4485 286 4554 μή
312 4489 514 4557 φαγεῖν
540 4487 736 4562 κράας,
762 4489 796 4562 ή
825 4490 903 4563 μὴ
929 4493 1075 4544 πιεῖν
1102 4486 1271 4558 οἶνον,
1301 4493 1336 4564 ἢ
1368 4493 1442 4564 μὴ
1459 4495 1580 4548 τόδε
1610 4492 1658 4565 ἢ⁷
1671 4495 1792 4549 τόδε

1888 595 2202 654 pensantes,
2227 595 2280 639 et
2313 584 2690 656 permittentes
2742 594 2797 641 ut
2835 586 3019 639 redeat
3054 583 3121 638 ad
3149 581 3469 646 ecclesiam.

1884 678 1940 731 iu
1969 692 2074 748 qua
2103 693 2163 733 se
2194 691 2549 747 perseverare
2601 677 2827 746 juravit,
2877 691 2982 732 non
3018 675 3325 730 videbimur
3379 663 3465 730 fa-

1885 786 2012 827 cere
2028 781 2225 840 praeter
2243 786 2504 836 canones,
2526 787 2626 828 nec
2655 771 3131 849 illejusjurandum
3158 768 3479 840 transgredi.

1885 863 2160 922 videbitur
2195 883 2210 920 :
2249 875 2532 922 revertens
2578 865 2722 920 enim
2752 866 2966 920 videtur
3015 879 3236 920 servare
3284 863 3468 936 jusju-

1887 954 2147 1025 randum,
2193 955 2319 1026 Quia
2361 955 2716 1028 jurijuraudo
2761 956 3036 1028 adjectum
3090 971 3198 1011 non
3245 966 3347 1019 est,
3405 971 3467 1012 se

1889 1063 1996 1103 non
2031 1049 2099 1103 ad
2149 1050 2314 1106 breve
2354 1061 2566 1122 tempus
2620 1064 2976 1106 excessurum
3027 1066 3095 1108 ex
3145 1067 3278 1122 agro
3325 1048 3467 1106 biiu-

1887 1141 2175 1198 dauorum.
2209 1141 2318 1215 67
2343 1140 2477 1198 Vide
2514 1126 2655 1213 [ergo
2709 1144 2984 1214 quomodo
3041 1157 3108 1196 ex
3180 1141 3466 1196 verborum

1887 1234 2287 1290 examinatione
2331 1243 2386 1290 et
2406 1235 2848 1291 consideratione
2873 1245 3098 1291 sanctus
3132 1233 3466 1290 sententiam

1889 1335 2134 1390 venatur,
2177 1336 2235 1382 ut
2258 1331 2305 1382 is
2329 1329 2420 1397 qui
2452 1328 2680 1398 juravit,
2731 1344 2840 1384 non
2896 1331 3153 1395 videatur,
3198 1328 3467 1401 pejerare.

1890 1419 2014 1474 llaec
2039 1436 2168 1492 ergo
2209 1421 2274 1476 de
2337 1421 2588 1492 Cyriaco.
2638 1421 2874 1478 Severus
2932 1433 3114 1478 autem
3160 1433 3477 1485 accusatus,

1889 1511 2035 1581 quod
2075 1516 2128 1568 in
2169 1529 2381 1585 agrum,
2411 1513 2501 1584 qui
2533 1523 2650 1570 erat
2672 1513 2766 1569 alii
2813 1515 3022 1587 regioni
3058 1514 3358 1582 subjectus,
3380 1530 3473 1571 or-

1891 1609 2151 1674 tlinassel,
2186 1608 2401 1662 dicebat
2430 1622 2490 1662 se
2522 1608 2625 1662 hoc
2648 1606 2929 1664 oblivione
2972 1608 3185 1669 iecisse,
3220 1608 3478 1664 nescien-

1893 1712 1998 1754 tem
2031 1716 2217 1770 agrum
2272 1701 2362 1755 alii
2422 1716 2544 1756 esse
2599 1699 2931 1770 subjectum.
2989 1701 3257 1768 Quoniam
3315 1715 3475 1772 ergo,

1895 1792 2089 1864 inquit,
2149 1795 2213 1846 ad
2266 1793 2348 1848 sui
2403 1793 2776 1850 defensionem
2830 1794 3194 1866 ignorantiam
3250 1792 3472 1863 allegat,

1891 1894 2108 1954 Oportet
2142 1885 2191 1940 ei
2219 1885 2448 1955 ignosci,
2484 1901 2718 1957 eumque
2749 1885 2843 1941 Dei
2877 1886 3084 1957 judicio
3116 1886 3466 1956 relinquere:

1894 1992 2015 2030 cum
2049 1976 2191 2030 enim
2226 1977 2470 2032 cordiutn
2521 1979 2834 2049 cognitores
2870 1993 2976 2033 non
3024 1993 3235 2041 sumus,
3285 1975 3382 2030 sed
3415 1985 3475 2028 ut

1892 2071 2165 2137 audimus,
2191 2070 2520 2140 judicamus,
2548 2072 2737 2130 demus
2766 2071 2877 2127 Deo
2907 2071 3230 2136 vindictam,
3271 2069 3478 2144 condo-

1895 2175 2085 2219 nantes
2116 2172 2337 2232 propter
2372 2164 2730 2230 oblivionem,
2780 2179 2900 2233 qua:
2931 2172 3016 2220 est
3066 2164 3360 2233 humanum
3391 2162 3479 2215 vi-

1875 2258 2052 2319 ,tium.
2089 2257 2157 2313 Et
2197 2273 2374 2312 canon
2408 2257 2627 2328 quidem
2663 2259 2714 2312 in
2751 2257 2838 2313 his
2866 2256 3139 2312 Consistit.
3174 2253 3262 2310 Tu’
3291 2261 3472 2308 autem

1893 2348 2012 2421 lege
2064 2365 2185 2419 cap.
2220 2349 2288 2404 i8
2316 2391 2330 2409 .
2359 2365 2482 2420 cap.
2512 2349 2581 2404 i3
2639 2349 2720 2402 tit.
2758 2349 2825 2404 i5
2852 2348 3135 2419 praesentis
3175 2349 3358 2416 operis
3379 2387 3394 2410 ,
3419 2356 3477 2400 et

1895 2453 2013 2512 qua:
2046 2445 2099 2498 in
2130 2443 2248 2513 ejus
2299 2444 2745 2514 interpretatione
2768 2443 2968 2514 scripta
3006 2453 3128 2497 sunt
3161 2443 3228 2496 de
3271 2448 3474 2495 tracta-

1895 2536 2042 2590 tione
2069 2533 2530 2604 juramentorum.
2565 2534 2647 2589 Tu
2684 2541 2868 2589 autem
2905 2534 3047 2589 habe
3100 2531 3154 2586 in
3208 2531 3474 2585 memoria

1893 2627 1947 2682 id
1976 2641 2212 2698 quoque,
2248 2627 2453 2698 quoda
2507 2637 2700 2682 sancto
2758 2626 3021 2697 scriptum
3074 2635 3159 2679 est
3210 2623 3279 2679 de
3329 2621 3480 2678 iacto

1894 2721 2039 2790 quod
2070 2718 2263 2776 incidit
2291 2721 2349 2775 in
2381 2721 2726 2777 ordinatione
2756 2718 2996 2793 Cyriaci,
3028 2729 3086 2774 et
3144 2720 3211 2774 de
3235 2716 3480 2790 periurio

1893 2811 2037 2884 quod
2065 2810 2136 2867 ab
2154 2826 2221 2867 eo
2240 2812 2591 2869 commissum
2607 2823 2691 2870 est
2727 2832 2740 2869 :
2771 2823 2825 2869 et
2851 2821 2977 2868 nota
2999 2813 3144 2882 quod
3164 2820 3474 2882 propterea.

1895 2913 1956 2960 ut
1981 2913 2068 2961 est
2115 2905 2430 2972 verisimile,
2484 2905 2786 2977 ignoscitur
2816 2906 3055 2975 regionis
3114 2903 3478 2967 antistitibus.

1893 2999 1988 3070 qui
2023 2999 2078 3053 in
2139 2999 2466 3067 quibusdam
2518 2998 2971 3069 patriarchalibus
3028 2999 3277 3055 ecclesiis
3320 3013 3482 3054 sacra

1895 3089 2194 3147 celebrant.
2221 3088 2334 3146 Nisi
2379 3093 2526 3148 enim
2574 3092 2894 3164 ignorantia:
2924 3095 3218 3161 priztextus
3270 3087 3480 3148 Severo

1895 3183 2160 3239 auxilium
2193 3183 2431 3249 tulisset,
2467 3185 2750 3257 depositus
2785 3195 2952 3251 esset,
2979 3183 3124 3254 quod
3149 3171 3291 3241 ultra
3319 3199 3477 3265 suam

1899 3275 2183 3332 dimcesim
2239 3277 2641 3333 ordinationem
2697 3277 2942 3336 fecisset.
2991 3275 3068 3333 De
3106 3274 3484 3333 sacerdotibus

1899 3375 2083 3424 autem
2104 3366 2254 3425 falso
2303 3370 2625 3432 testiﬁcatis,
2693 3369 2812 3438 lege
2881 3368 3227 3439 imperatoris
3275 3351 3482 3423 demitti

1898 3455 2096 3514 Leonis
2129 3458 2404 3530 Sapientis
2454 3460 2720 3516 novellam
2751 3458 2841 3524 76,
2873 3473 2996 3531 qua
3047 3458 3314 3520 continet,
3335 3458 3482 3527 quod

1899 3554 1944 3608 si
2002 3554 2263 3609 sacerdos
2323 3553 2517 3610 falsum
2568 3553 2942 3608 testimonium
2993 3551 3205 3621 iuratus
3260 3550 3480 3612 dixerit,

1901 3649 2206 3718 deponitur.
2241 3648 2394 3716 Quod
2422 3650 2464 3703 si
2494 3649 2880 3720 jusjurandum
2915 3663 3023 3703 non
3055 3639 3377 3710 accesserit,
3426 3647 3482 3701 iu

1903 3743 2295 3798 monasteriqu
2329 3741 2395 3796 ad
2443 3743 2736 3797 triennium
2787 3752 3096 3814 separetur,
3154 3751 3210 3796 et
3243 3740 3322 3796 sic
3374 3740 3484 3812 pri-

1901 3838 2043 3893 stino
2072 3837 2247 3894 ordini
2281 3838 2618 3894 restituatur.

1971 4020 2226 4079 ZONAR.
2257 4022 2486 4091 Quidam
2512 4021 2687 4078 vocati
2711 4033 2769 4077 ut
2792 4022 3202 4088 ordinarentur,
3228 4020 3488 4089 jurarunt

1902 4132 1964 4173 se
2000 4117 2398 4173 ordinationem
2455 4133 2562 4173 non
2620 4118 2976 4174 admissuros.
3029 4112 3488 4188 Ejusmodiergo

1902 4209 2174 4274 homines,
2207 4210 2284 4264 ait
2310 4223 2506 4274 canon,
2541 4225 2646 4266 non
2675 4225 2802 4266 esse
2832 4209 2898 4266 ad
2931 4207 3231 4280 perjurium
3265 4207 3491 4278 adigeu.

1901 4303 2018 4357 dos.
2065 4301 2294 4358 Etiamsi
2341 4303 2610 4371 videatur,
2663 4304 2860 4372 inquit,
2897 4302 3061 4357 licere
3114 4301 3201 4364 iis,
3245 4302 3337 4370 qui
3383 4313 3486 4353 sua

1901 4405 2096 4466 sponte
2137 4394 2414 4468 jurarunt,
2462 4405 2558 4452 ιιιιῑ
2587 4397 2805 4466 aliquod
2841 4395 3114 4451 vinculum
3143 4393 3246 4449 sibi
3287 4393 3489 4462 iujeee-

1903 4497 2066 4556 runt;
2107 4491 2251 4543 velut
2284 4489 2556 4544 abstinere
2596 4506 2626 4542 a
2663 4489 3087 4563 carnibus,aut
3129 4502 3157 4538 a
3207 4485 3353 4548 vino,
3394 4494 3489 4536 aut

215 4581 454 4646 ποιῆσαι,
491 4578 647 4633 λύειν
717 4579 884 4636 πάλιν
940 4579 1040 4651 ἀφ’
1086 4583 1300 4636 ἑαυτῶν
1330 4583 1422 4637 τὸν
1445 4584 1664 4656 δεσμὸν,
1699 4587 1790 4641 καὶ

1903 4582 2007 4637 hoc
2032 4580 2119 4638 vel
2155 4579 2285 4637 illud
2314 4581 2604 4647 omittere;
2635 4580 2912 4636 vinculum
2943 4578 3072 4634 illud
3102 4592 3322 4632 rursum
3350 4591 3482 4644 pro.-

211 4667 302 4722 τοῦ
333 4673 506 4742 ὅρκου
553 4671 933 4740 ἀφίστασθαι·
991 4671 1122 4726 ἀλλ’
1176 4676 1242 4726 εκ
1289 4674 1489 4746 πείρας
1515 4675 1795 4747 ἐμάθομεν

212 4757 287 4811 ὅτι
314 4761 362 4813 οῖ
386 4761 868 4832 παρορκήσαντες,
934 4762 1101 4833 ῆγουν
1130 4762 1180 4815 oi
1229 4764 1382 4835 παρά
1427 4764 1557 4828 τοὺς
1597 4765 1794 4835 ὅρκους

213 4857 566 4924 ποιήσαντες,
617 4856 720 4910 οὐκ
755 4854 1126 4922 εὐδοκοῦνται,
1165 4855 1289 4910 ἀντὶ
1315 4854 1435 4924 τοῦ,
1480 4857 1540 4910 ού
1577 4856 1796 4928 θελητοῖ

212 4946 285 5016 τῷ
302 4947 422 5019 Θεῷ
447 4950 610 5012 είσιν,
636 4947 668 5019 ή
698 4948 800 5002 οὐκ
821 4948 1102 5018 εὐδόκιμοι
1141 4949 1314 5022 αὐτῷ,
1350 4950 1411 5000 ού
1443 4950 1486 5003 δ’
1508 4949 1795 5022 εὐάρεστοι

214 5041 514 5109 κρίνονται.
544 5043 638 5094 Δεῖ
671 5041 749 5106 δὲ,
778 5046 970 5113 φησιν,
996 5043 1090 5096 ἀπὶ
1141 5042 1252 5095 τῶν
1297 5041 1555 5097 τοιούτοιν
1590 5042 1686 5097 καὶ
1735 5045 1796 5097 τὸ

216 5131 346 5201 εἶδος
381 5137 481 5191 τοῦ
516 5137 682 5208 ὅρκου
715 5140 942 5191 σκοπεῖν
962 5155 976 5168 ·
1006 5138 1210 5203 εῐτουν,
1259 5141 1307 5194 εί
1334 5139 1469 5192 Θεὸν
1509 5139 1797 5210 ὠνόμασεν

213 5228 454 5298 ὀμνύων,
505 5229 540 5300 ἦ
567 5229 697 5284 ἀλλο
726 5247 803 5296 τι,
838 5232 932 5284 καὶ
982 5230 1054 5283 τὰ.
1095 5231 1316 5304 ῥήματα
1346 5229 1443 5284 τοῦ
1469 5231 1796 5299 ὀμόσαντος,

218 5322 308 5376 καὶ
353 5324 460 5394 τὴν
496 5322 741 5378 διάθεσιν
793 5324 891 5394 ἀφ’
952 5318 1017 5394 ἧς
1072 5323 1281 5392 ὤμοσε,
1336 5325 1432 5377 καὶ
1487 5323 1587 5386 τὰς
1657 5324 1798 5377 κατὰ

215 5417 406 5471 λεπτὸν
439 5419 503 5472 ὲν
529 5419 640 5480 τοῖς
687 5417 897 5487 ῥήμασι
940 5419 1279 5490 προσθήκας.
1320 5420 1479 5482 Εἰκὸς
1506 5420 1614 5490 γάρ
1648 5420 1798 5473 ιστιν

219 5509 279 5562 ιιι
312 5511 413 5581 τῆς
444 5509 543 5563 τοῦ
598 5509 768 5579 ὅρκου
833 5512 1142 5580 ποιότητος,
1178 5518 1272 5565 καὶ
1305 5513 1369 5566 ἐκ
1394 5518 1503 5565 τῶν
1535 5511 1798 5586 ῥημάτων

219 5602 310 5654 καὶ
329 5604 397 5657 εκ
429 5603 532 5672 τῆς
590 5603 885 5679 διιθέσεως
914 5621 930 5635 ’
979 5607 1028 5657 εί
1058 5605 1220 5676 τυχὸν
1279 5608 1345 5659 ὲκ
1411 5604 1797 5676 μικροψυχίας,

219 5691 314 5745 καὶ
336 5693 442 5748 οὐκ
468 5692 527 5761 ιξ
546 5695 786 5766 ἀμέτρου
808 5693 1033 5766 γνώμης
1080 5692 1285 5765 ὤμοσε,
1314 5696 1645 5752 καταλαϐεῖν
1674 5697 1801 5760 τοὺς

223 5783 580 5851 σκοποῦντας,
618 5785 695 5857 μὴ
727 5783 1032 5840 κωλύεσθαι
1067 5786 1158 5838 τὸν
1188 5786 1466 5855 ὀμόσαντα
1498 5784 1802 5855 ἀποστῆναι

224 5875 314 5928 τοῦ
343 5877 531 5948 ὅρκον.
566 5879 628 5934 Εἰ
655 5879 736 5949 δὲ,
771 5879 975 5934 τούτων
1045 5879 1464 5951 σκοπουμένων,
1503 5879 1604 5932 οὐκ
1653 5877 1804 5934 ἐστιν

1903 4676 2018 4746 pria
2065 4676 2395 4730 auctoritate
2443 4674 2765 4738 dissolvere,
2801 4681 2857 4728 et
2900 4686 2929 4725 a
2961 4668 3318 4741 jurejurando
3353 4670 3490 4722 dell-

1901 4781 2067 4822 cere:
2112 4776 2484 4823 verumtamen
2522 4765 2856 4836 experientia
2903 4763 3217 4825 didicimus.
3265 4775 3360 4816 eos
3391 4761 3484 4831 qui

1903 4862 2270 4931 perjurarunt,
2304 4863 2402 4916 hoc
2433 4868 2540 4924 est,
2566 4858 2656 4929 qui
2681 4867 2869 4914 contra
2898 4857 2953 4909 id
2974 4856 3114 4926 quod
3139 4855 3486 4925 juraverunj.

1902 4954 2182 5023 quippiam
2227 4951 2496 5016 fecerunt,
2544 4967 2651 5005 non
2695 4952 2930 5021 placere,
2958 4951 3062 5004 hoc
3097 4959 3215 5015 est,
3266 4948 3489 5003 minime

1904 5055 2155 5108 acceptos
2185 5058 2307 5098 esse
2338 5042 2469 5104 Deo,
2514 5040 2598 5094 vel
2649 5039 3065 5110 haudquaquam
3104 5036 3319 5108 probos,
3351 5037 3488 5090 ami-

1903 5151 2104 5205 cosque
2141 5137 2209 5190 ah
2265 5136 2381 5202 ipso
2426 5131 2689 5204 judicari.
2732 5130 2957 5202 Oportet
3003 5145 3156 5197 vero,
3194 5129 3385 5200 inquit,
3436 5128 3488 5182 iu

1907 5227 2055 5281 hisce
2091 5225 2395 5279 hominibus
2442 5237 2614 5294 genus
2643 5236 2857 5292 quoque
2898 5219 3260 5289 iurisiurandi
3310 5221 3488 5275 consi-

1906 5322 2118 5384 derare.
2147 5319 2390 5390 Deumne
2419 5317 3014 5388 appellaveritjurans,
3046 5331 3114 5369 an
3151 5316 3300 5370 aliud
3335 5317 3486 5386 quid-

1910 5415 2072 5484 piam.
2113 5424 2224 5468 tutn
2251 5411 2496 5490 jurautis
2528 5410 2713 5475 verba,
2761 5411 3038 5480 animique
3081 5406 3332 5463 affectum
3381 5422 3490 5476 quo

1908 5510 2129 5577 juravit,
2179 5485 2527 5578 acuminutas
2567 5515 2812 5576 qdasque
2857 5502 3163 5558 additiones
3195 5502 3250 5557 in
3282 5501 3485 5556 verbis.

1912 5600 2194 5656 Probabile
2217 5600 2362 5655 eiiim
2390 5607 2493 5664 est,
2518 5613 2584 5653 ex
2609 5596 2971 5667 jurisjurandi
3001 5593 3194 5661 forma,
3219 5609 3284 5649 ex
3314 5592 3493 5648 verbis

1913 5695 2136 5766 pariter,
2177 5704 2230 5749 et
2254 5708 2322 5750 ex
2357 5693 2524 5748 animi
2561 5688 2867 5754 affectione,
2917 5691 2962 5745 si
3003 5688 3143 5743 forte
3178 5703 3242 5741 ex
3274 5682 3496 5756 pusilla-

1915 5790 2183 5852 nimitate.
2212 5804 2319 5843 non
2352 5799 2538 5844 autem
2566 5781 2646 5845 ex.
2661 5785 2933 5842 constanti
2970 5778 3490 5854 propositojuravit,

1914 5880 2242 5953 deprehendi
2281 5895 2439 5950 posse
2470 5879 2537 5935 ab
2567 5879 2655 5946 iis,
2695 5878 2784 5950 qui
2821 5877 3082 5934 attentius
3110 5870 3492 5944 cogitaverim,
