  <div class='ocr_page' id='page_1' title='image "/cluster/home/n/w/nwhite01/storage/ocr_20150623/138/hvd.32044073502544/324.png"; bbox 0 0 3968 6186; ppageno 0'>
   <div class='ocr_carea' id='block_1_1' title="bbox 203 368 300 437">
    <p class='ocr_par' dir='ltr' id='par_1_1' title="bbox 203 368 300 437">
     <span class='ocr_line' id='line_1_1' title="bbox 203 368 300 437; baseline 0 0"><span class='ocrx_word' id='word_1_1' title='bbox 203 368 300 437; x_wconf 76' lang='grc'><strong>637</strong></span> 
     </span>
    </p>
   </div>
   <div class='ocr_carea' id='block_1_2' title="bbox 1159 364 2517 442">
    <p class='ocr_par' dir='ltr' id='par_1_2' title="bbox 1159 364 2517 442">
     <span class='ocr_line' id='line_1_2' title="bbox 1159 364 2517 442; baseline 0.009 -12"><span class='ocrx_word' id='word_1_2' title='bbox 1159 368 1244 432; x_wconf 83' lang='lat' dir='ltr'><strong>IN</strong></span> <span class='ocrx_word' id='word_1_3' title='bbox 1277 368 1523 434; x_wconf 77' lang='lat' dir='ltr'><strong>EPIST.</strong></span> <span class='ocrx_word' id='word_1_4' title='bbox 1562 370 1623 432; x_wconf 85' lang='lat' dir='ltr'><strong>S.</strong></span> <span class='ocrx_word' id='word_1_5' title='bbox 1651 364 1939 431; x_wconf 80' lang='lat' dir='ltr'><strong>BASlLII</strong></span> <span class='ocrx_word' id='word_1_6' title='bbox 1975 371 2424 440; x_wconf 74' lang='lat' dir='ltr'><strong>CANONICAM</strong></span> <span class='ocrx_word' id='word_1_7' title='bbox 2463 379 2517 442; x_wconf 89' lang='grc' dir='ltr'><strong>Ῐ.</strong></span> 
     </span>
    </p>
   </div>
   <div class='ocr_carea' id='block_1_3' title="bbox 3359 383 3467 447">
    <p class='ocr_par' dir='ltr' id='par_1_3' title="bbox 3359 383 3467 447">
     <span class='ocr_line' id='line_1_3' title="bbox 3359 383 3467 447; baseline 0.009 -1"><span class='ocrx_word' id='word_1_8' title='bbox 3359 383 3467 447; x_wconf 77' lang='lat'><strong>638</strong></span> 
     </span>
    </p>
   </div>
   <div class='ocr_carea' id='block_1_4' title="bbox 201 479 1765 558">
    <p class='ocr_par' dir='ltr' id='par_1_4' title="bbox 201 479 1765 554">
     <span class='ocr_line' id='line_1_4' title="bbox 201 479 1765 554; baseline 0.001 -15"><span class='ocrx_word' id='word_1_9' title='bbox 201 506 298 539; x_wconf 66' lang='grc' dir='ltr'><strong>ων</strong></span> <span class='ocrx_word' id='word_1_10' title='bbox 344 480 854 554; x_wconf 75' lang='grc' dir='ltr'><strong>αἰχμαλιοτισθῆναι</strong></span> <span class='ocrx_word' id='word_1_11' title='bbox 901 481 1134 539; x_wconf 83' lang='grc' dir='ltr'><strong>πιστῶν.</strong></span> <span class='ocrx_word' id='word_1_12' title='bbox 1180 479 1473 552; x_wconf 75' lang='grc' dir='ltr'><strong>ὒῦτρς⁶δὲ</strong></span> <span class='ocrx_word' id='word_1_13' title='bbox 1507 490 1536 544; x_wconf 82' lang='grc' dir='ltr'>ὁ</span> <span class='ocrx_word' id='word_1_14' title='bbox 1583 487 1765 544; x_wconf 79' lang='grc' dir='ltr'><strong>κανὼν</strong></span> 
     </span>
    </p>
   </div>
   <div class='ocr_carea' id='block_1_5' title="bbox 1870 479 3466 558">
    <p class='ocr_par' dir='ltr' id='par_1_5' title="bbox 1870 498 3466 558">
     <span class='ocr_line' id='line_1_5' title="bbox 1870 498 3466 558; baseline 0.003 -9"><span class='ocrx_word' id='word_1_15' title='bbox 1870 501 2052 553; x_wconf 73' lang='lat' dir='ltr'><strong>autem</strong></span> <span class='ocrx_word' id='word_1_16' title='bbox 2104 516 2279 558; x_wconf 89' lang='lat' dir='ltr'><strong>canon</strong></span> <span class='ocrx_word' id='word_1_17' title='bbox 2313 500 2482 556; x_wconf 77' lang='lat' dir='ltr'><strong>divini</strong></span> <span class='ocrx_word' id='word_1_18' title='bbox 2530 499 2708 557; x_wconf 81' lang='lat' dir='ltr'><strong>Patris</strong></span> <span class='ocrx_word' id='word_1_19' title='bbox 2743 498 3024 557; x_wconf 78' lang='lat' dir='ltr'><strong>sanctitati</strong></span> <span class='ocrx_word' id='word_1_20' title='bbox 3071 499 3466 555; x_wconf 75' lang='lat' dir='ltr'><strong>convenienter</strong></span> 
     </span>
    </p>
   </div>
   <div class='ocr_carea' id='block_1_6' title="bbox 197 576 1769 652">
    <p class='ocr_par' dir='ltr' id='par_1_6' title="bbox 197 576 1769 652">
     <span class='ocr_line' id='line_1_6' title="bbox 197 576 1769 652; baseline 0.003 -18"><span class='ocrx_word' id='word_1_21' title='bbox 197 581 354 644; x_wconf 78' lang='grc' dir='ltr'><strong>ἀξίως</strong></span> <span class='ocrx_word' id='word_1_22' title='bbox 412 579 510 647; x_wconf 75' lang='grc' dir='ltr'><strong>μὲν</strong></span> <span class='ocrx_word' id='word_1_23' title='bbox 539 581 608 650; x_wconf 79' lang='grc' dir='ltr'><strong>τῇ</strong></span> <span class='ocrx_word' id='word_1_24' title='bbox 649 578 1021 650; x_wconf 75' lang='grc' dir='ltr'><strong>ἁγιοπρεπεία</strong></span> <span class='ocrx_word' id='word_1_25' title='bbox 1055 576 1160 634; x_wconf 79' lang='grc' dir='ltr'><strong>’τοῦ</strong></span> <span class='ocrx_word' id='word_1_26' title='bbox 1197 581 1346 636; x_wconf 88' lang='grc' dir='ltr'><strong>θείου</strong></span> <span class='ocrx_word' id='word_1_27' title='bbox 1401 583 1619 652; x_wconf 78' lang='grc' dir='ltr'><strong>ηατρδς</strong></span> <span class='ocrx_word' id='word_1_28' title='bbox 1650 586 1769 651; x_wconf 72' lang='grc' dir='ltr'><strong>ἔξι-</strong></span> 
     </span>
    </p>
   </div>
   <div class='ocr_carea' id='block_1_7' title="bbox 200 667 1769 745">
    <p class='ocr_par' dir='ltr' id='par_1_7' title="bbox 200 667 1769 745">
     <span class='ocr_line' id='line_1_7' title="bbox 200 667 1769 745; baseline 0.006 -23"><span class='ocrx_word' id='word_1_29' title='bbox 200 667 338 735; x_wconf 66' lang='grc' dir='ltr'><strong>ιέθη,</strong></span> <span class='ocrx_word' id='word_1_30' title='bbox 364 672 464 723; x_wconf 75' lang='grc' dir='ltr'><strong>οὐκ</strong></span> <span class='ocrx_word' id='word_1_31' title='bbox 493 672 712 742; x_wconf 68' lang='grc' dir='ltr'><strong>ἐνεργεῖ</strong></span> <span class='ocrx_word' id='word_1_32' title='bbox 765 671 842 736; x_wconf 76' lang='grc' dir='ltr'><strong>δὲ,</strong></span> <span class='ocrx_word' id='word_1_33' title='bbox 875 673 962 726; x_wconf 81' lang='grc' dir='ltr'><strong>διὰ</strong></span> <span class='ocrx_word' id='word_1_34' title='bbox 1005 673 1064 726; x_wconf 81' lang='grc' dir='ltr'><strong>τὸ</strong></span> <span class='ocrx_word' id='word_1_35' title='bbox 1123 674 1480 745; x_wconf 79' lang='grc' dir='ltr'><strong>συμπίπτειν,</strong></span> <span class='ocrx_word' id='word_1_36' title='bbox 1528 679 1578 732; x_wconf 81' lang='grc' dir='ltr'><strong>εί</strong></span> <span class='ocrx_word' id='word_1_37' title='bbox 1606 676 1769 732; x_wconf 88' lang='grc' dir='ltr'><strong>τοῦτο</strong></span> 
     </span>
    </p>
   </div>
   <div class='ocr_carea' id='block_1_8' title="bbox 198 763 1770 841">
    <p class='ocr_par' dir='ltr' id='par_1_8' title="bbox 198 763 1770 841">
     <span class='ocr_line' id='line_1_8' title="bbox 198 763 1770 841; baseline 0.005 -23"><span class='ocrx_word' id='word_1_38' title='bbox 198 763 339 835; x_wconf 73' lang='grc' dir='ltr'><strong>δοθῇ,</strong></span> <span class='ocrx_word' id='word_1_39' title='bbox 361 763 640 834; x_wconf 78' lang='grc' dir='ltr'><strong>μηδέποτε</strong></span> <span class='ocrx_word' id='word_1_40' title='bbox 664 766 792 830; x_wconf 78' lang='grc' dir='ltr'><strong>τοὺς</strong></span> <span class='ocrx_word' id='word_1_41' title='bbox 819 766 1162 837; x_wconf 73' lang='grc' dir='ltr'><strong>στρατιώτας</strong></span> <span class='ocrx_word' id='word_1_42' title='bbox 1191 770 1637 841; x_wconf 74' lang='grc' dir='ltr'><strong>μεταλαμϐάνειν</strong></span> <span class='ocrx_word' id='word_1_43' title='bbox 1657 772 1770 826; x_wconf 83' lang='grc' dir='ltr'><strong>τῶν</strong></span> 
     </span>
    </p>
   </div>
   <div class='ocr_carea' id='block_1_9' title="bbox 198 859 1771 937">
    <p class='ocr_par' dir='ltr' id='par_1_9' title="bbox 198 859 1771 937">
     <span class='ocr_line' id='line_1_9' title="bbox 198 859 1771 937; baseline 0.007 -26"><span class='ocrx_word' id='word_1_44' title='bbox 198 859 343 912; x_wconf 70' lang='grc' dir='ltr'><strong>θείων</strong></span> <span class='ocrx_word' id='word_1_45' title='bbox 415 859 781 928; x_wconf 84' lang='grc' dir='ltr'><strong>ἀγιασμάτων</strong></span> <span class='ocrx_word' id='word_1_46' title='bbox 825 860 1084 929; x_wconf 80' lang='grc' dir='ltr'><strong>πολέμοις</strong></span> <span class='ocrx_word' id='word_1_47' title='bbox 1154 863 1583 937; x_wconf 78' lang='grc' dir='ltr'><strong>ἀλλεπαλλήλοις</strong></span> <span class='ocrx_word' id='word_1_48' title='bbox 1652 869 1771 922; x_wconf 73' lang='grc' dir='ltr'><strong>ἔνο-</strong></span> 
     </span>
    </p>
   </div>
   <div class='ocr_carea' id='block_1_10' title="bbox 198 950 1769 1034">
    <p class='ocr_par' dir='ltr' id='par_1_10' title="bbox 198 950 1769 1034">
     <span class='ocr_line' id='line_1_10' title="bbox 198 950 1769 1034; baseline 0.01 -33"><span class='ocrx_word' id='word_1_49' title='bbox 198 950 536 1023; x_wconf 82' lang='grc' dir='ltr'><strong>χλουμένους,</strong></span> <span class='ocrx_word' id='word_1_50' title='bbox 570 953 672 1005; x_wconf 77' lang='grc' dir='ltr'><strong>καὶ</strong></span> <span class='ocrx_word' id='word_1_51' title='bbox 726 952 1093 1023; x_wconf 70' lang='grc' dir='ltr'><strong>ἀναιροῦντας</strong></span> <span class='ocrx_word' id='word_1_52' title='bbox 1122 958 1250 1020; x_wconf 74' lang='grc' dir='ltr'><strong>τοὺς</strong></span> <span class='ocrx_word' id='word_1_53' title='bbox 1291 957 1769 1034; x_wconf 80' lang='grc' dir='ltr'><strong>πολεμίους,δπερ</strong></span> 
     </span>
    </p>
   </div>
   <div class='ocr_carea' id='block_1_11' title="bbox 198 1045 1769 1123">
    <p class='ocr_par' dir='ltr' id='par_1_11' title="bbox 198 1045 1769 1123">
     <span class='ocr_line' id='line_1_11' title="bbox 198 1045 1769 1123; baseline 0.008 -25"><span class='ocrx_word' id='word_1_54' title='bbox 198 1047 333 1098; x_wconf 78' lang='grc' dir='ltr'><strong>ὲστίν</strong></span> <span class='ocrx_word' id='word_1_55' title='bbox 383 1045 682 1115; x_wconf 70' lang='grc' dir='ltr'><strong>ἀφόρητον.</strong></span> <span class='ocrx_word' id='word_1_56' title='bbox 750 1046 1068 1117; x_wconf 77' lang='grc' dir='ltr'><strong>Γέγραπται</strong></span> <span class='ocrx_word' id='word_1_57' title='bbox 1110 1048 1170 1103; x_wconf 73' lang='grc' dir='ltr'><strong>δὲ</strong></span> <span class='ocrx_word' id='word_1_58' title='bbox 1234 1049 1312 1114; x_wconf 80' lang='grc' dir='ltr'><strong>ὡς</strong></span> <span class='ocrx_word' id='word_1_59' title='bbox 1360 1052 1456 1106; x_wconf 82' lang='grc' dir='ltr'><strong>τοῦ</strong></span> <span class='ocrx_word' id='word_1_60' title='bbox 1505 1052 1769 1123; x_wconf 75' lang='grc' dir='ltr'><strong>βασιλέως</strong></span> 
     </span>
    </p>
   </div>
   <div class='ocr_carea' id='block_1_12' title="bbox 198 1137 1768 1218">
    <p class='ocr_par' dir='ltr' id='par_1_12' title="bbox 198 1137 1768 1218">
     <span class='ocr_line' id='line_1_12' title="bbox 198 1137 1768 1218; baseline 0.01 -29"><span class='ocrx_word' id='word_1_61' title='bbox 198 1137 393 1190; x_wconf 72' lang='grc' dir='ltr'><strong>ὶκείνου</strong></span> <span class='ocrx_word' id='word_1_62' title='bbox 423 1139 596 1191; x_wconf 57' lang='lat' dir='ltr'><strong>Oronti</strong></span> <span class='ocrx_word' id='word_1_63' title='bbox 655 1139 936 1206; x_wconf 78' lang='grc' dir='ltr'><strong>ἀξιοῦντος</strong></span> <span class='ocrx_word' id='word_1_64' title='bbox 993 1144 1136 1212; x_wconf 81' lang='grc' dir='ltr'><strong>μετά</strong></span> <span class='ocrx_word' id='word_1_65' title='bbox 1173 1146 1473 1216; x_wconf 83' lang='grc' dir='ltr'><strong>μαρτύρων</strong></span> <span class='ocrx_word' id='word_1_66' title='bbox 1505 1151 1768 1218; x_wconf 73' lang='grc' dir='ltr'><strong>συναριθο</strong></span> 
     </span>
    </p>
   </div>
   <div class='ocr_carea' id='block_1_13' title="bbox 200 1232 1769 1308">
    <p class='ocr_par' dir='ltr' id='par_1_13' title="bbox 200 1232 1769 1308">
     <span class='ocr_line' id='line_1_13' title="bbox 200 1232 1769 1308; baseline 0.01 -26"><span class='ocrx_word' id='word_1_67' title='bbox 200 1232 408 1301; x_wconf 71' lang='grc' dir='ltr'><strong>μεῖσθαι</strong></span> <span class='ocrx_word' id='word_1_68' title='bbox 461 1234 593 1295; x_wconf 75' lang='grc' dir='ltr'><strong>τοὺς</strong></span> <span class='ocrx_word' id='word_1_69' title='bbox 663 1234 720 1286; x_wconf 80' lang='grc' dir='ltr'><strong>ἑν</strong></span> <span class='ocrx_word' id='word_1_70' title='bbox 757 1234 1020 1304; x_wconf 76' lang='grc' dir='ltr'><strong>πολέμοις</strong></span> <span class='ocrx_word' id='word_1_71' title='bbox 1070 1238 1523 1308; x_wconf 83' lang='grc' dir='ltr'><strong>ἀναιρουμένους.</strong></span> <span class='ocrx_word' id='word_1_72' title='bbox 1559 1244 1609 1293; x_wconf 87' lang='grc' dir='ltr'><strong>οί</strong></span> <span class='ocrx_word' id='word_1_73' title='bbox 1645 1244 1769 1297; x_wconf 77' lang='grc' dir='ltr'><strong>τότε</strong></span> 
     </span>
    </p>
   </div>
   <div class='ocr_carea' id='block_1_14' title="bbox 196 1323 1769 1408">
    <p class='ocr_par' dir='ltr' id='par_1_14' title="bbox 196 1323 1769 1408">
     <span class='ocr_line' id='line_1_14' title="bbox 196 1323 1769 1408; baseline 0.011 -35"><span class='ocrx_word' id='word_1_74' title='bbox 196 1323 487 1394; x_wconf 78' lang='grc' dir='ltr'><strong>ἀρχιερεῖς,</strong></span> <span class='ocrx_word' id='word_1_75' title='bbox 523 1323 604 1393; x_wconf 82' lang='grc' dir='ltr'><strong>τῷ</strong></span> <span class='ocrx_word' id='word_1_76' title='bbox 631 1327 821 1381; x_wconf 69' lang='grc' dir='ltr'><strong>κανόνι</strong></span> <span class='ocrx_word' id='word_1_77' title='bbox 853 1328 1029 1398; x_wconf 86' lang='grc' dir='ltr'><strong>τούτῳ</strong></span> <span class='ocrx_word' id='word_1_78' title='bbox 1059 1331 1421 1403; x_wconf 82' lang='grc' dir='ltr'><strong>χρησάμενοι.</strong></span> <span class='ocrx_word' id='word_1_79' title='bbox 1456 1336 1554 1406; x_wconf 78' lang='grc' dir='ltr'><strong>τὴν</strong></span> <span class='ocrx_word' id='word_1_80' title='bbox 1607 1337 1769 1408; x_wconf 77' lang='grc' dir='ltr'><strong>βασι-</strong></span> 
     </span>
    </p>
   </div>
   <div class='ocr_carea' id='block_1_15' title="bbox 195 1415 1768 1497">
    <p class='ocr_par' dir='ltr' id='par_1_15' title="bbox 195 1415 1768 1497">
     <span class='ocr_line' id='line_1_15' title="bbox 195 1415 1768 1497; baseline 0.011 -30"><span class='ocrx_word' id='word_1_81' title='bbox 195 1415 338 1486; x_wconf 64' lang='grc' dir='ltr'><strong>λιτὴν</strong></span> <span class='ocrx_word' id='word_1_82' title='bbox 397 1417 659 1471; x_wconf 69' lang='grc' dir='ltr'><strong>ἔνστασιν</strong></span> <span class='ocrx_word' id='word_1_83' title='bbox 702 1424 1105 1492; x_wconf 77' lang='grc' dir='ltr'><strong>κατεσξγησαν.</strong></span> <span class='ocrx_word' id='word_1_84' title='bbox 1140 1425 1376 1496; x_wconf 78' lang='grc' dir='ltr'><strong>φάμενοι</strong></span> <span class='ocrx_word' id='word_1_85' title='bbox 1402 1443 1420 1461; x_wconf 76' lang='grc' dir='ltr'><strong>ο</strong></span> <span class='ocrx_word' id='word_1_86' title='bbox 1489 1430 1614 1494; x_wconf 80' lang='grc' dir='ltr'><strong>Πῶς</strong></span> <span class='ocrx_word' id='word_1_87' title='bbox 1652 1434 1768 1497; x_wconf 74' lang='grc' dir='ltr'><strong>τοῖς</strong></span> 
     </span>
    </p>
   </div>
   <div class='ocr_carea' id='block_1_16' title="bbox 198 1507 1766 1590">
    <p class='ocr_par' dir='ltr' id='par_1_16' title="bbox 198 1507 1766 1590">
     <span class='ocr_line' id='line_1_16' title="bbox 198 1507 1766 1590; baseline 0.013 -33"><span class='ocrx_word' id='word_1_88' title='bbox 198 1507 419 1578; x_wconf 70' lang='grc' dir='ltr'><strong>μάρτυσι</strong></span> <span class='ocrx_word' id='word_1_89' title='bbox 451 1510 947 1581; x_wconf 77' lang='grc' dir='ltr'><strong>συναριθμήσομεν</strong></span> <span class='ocrx_word' id='word_1_90' title='bbox 971 1515 1098 1576; x_wconf 82' lang='grc' dir='ltr'><strong>τοὺς</strong></span> <span class='ocrx_word' id='word_1_91' title='bbox 1116 1517 1176 1568; x_wconf 71' lang='grc' dir='ltr'><strong>ὲν</strong></span> <span class='ocrx_word' id='word_1_92' title='bbox 1196 1517 1456 1589; x_wconf 82' lang='grc' dir='ltr'><strong>πολέμοις</strong></span> <span class='ocrx_word' id='word_1_93' title='bbox 1474 1523 1766 1590; x_wconf 74' lang='grc' dir='ltr'><strong>πεσόντας,</strong></span> 
     </span>
    </p>
   </div>
   <div class='ocr_carea' id='block_1_17' title="bbox 193 1598 1769 1689">
    <p class='ocr_par' dir='ltr' id='par_1_17' title="bbox 193 1598 1769 1689">
     <span class='ocr_line' id='line_1_17' title="bbox 193 1598 1769 1689; baseline 0.014 -39"><span class='ocrx_word' id='word_1_94' title='bbox 193 1598 282 1662; x_wconf 71' lang='grc' dir='ltr'><strong>οῦς</strong></span> <span class='ocrx_word' id='word_1_95' title='bbox 321 1602 348 1652; x_wconf 80' lang='grc' dir='ltr'><strong><em>ὁ</em></strong></span> <span class='ocrx_word' id='word_1_96' title='bbox 378 1601 554 1668; x_wconf 81' lang='grc' dir='ltr'><strong>μέγας</strong></span> <span class='ocrx_word' id='word_1_97' title='bbox 585 1603 874 1669; x_wconf 84' lang='grc' dir='ltr'><strong>Βασίλειος</strong></span> <span class='ocrx_word' id='word_1_98' title='bbox 914 1607 991 1671; x_wconf 83' lang='grc' dir='ltr'><strong>ὠς</strong></span> <span class='ocrx_word' id='word_1_99' title='bbox 1027 1607 1103 1680; x_wconf 74' lang='grc' dir='ltr'><strong>μὴ</strong></span> <span class='ocrx_word' id='word_1_100' title='bbox 1137 1609 1416 1682; x_wconf 78' lang='grc' dir='ltr'><strong>καθαροὺς</strong></span> <span class='ocrx_word' id='word_1_101' title='bbox 1448 1615 1545 1677; x_wconf 86' lang='grc' dir='ltr'><strong>τὰς</strong></span> <span class='ocrx_word' id='word_1_102' title='bbox 1576 1619 1769 1689; x_wconf 78' lang='grc' dir='ltr'><strong>χεῖρας</strong></span> 
     </span>
    </p>
   </div>
   <div class='ocr_carea' id='block_1_18' title="bbox 192 1692 1769 1781">
    <p class='ocr_par' dir='ltr' id='par_1_18' title="bbox 192 1692 1769 1781">
     <span class='ocr_line' id='line_1_18' title="bbox 192 1692 1769 1781; baseline 0.014 -38"><span class='ocrx_word' id='word_1_103' title='bbox 192 1692 276 1745; x_wconf 69' lang='grc' dir='ltr'><strong>ἐπὶ</strong></span> <span class='ocrx_word' id='word_1_104' title='bbox 303 1697 544 1762; x_wconf 76' lang='grc' dir='ltr'><strong>τριετίαν</strong></span> <span class='ocrx_word' id='word_1_105' title='bbox 604 1698 851 1754; x_wconf 70' lang='grc' dir='ltr'><strong>ἐκώλυσε</strong></span> <span class='ocrx_word' id='word_1_106' title='bbox 887 1700 996 1755; x_wconf 83' lang='grc' dir='ltr'><strong>τῶν</strong></span> <span class='ocrx_word' id='word_1_107' title='bbox 1039 1702 1404 1776; x_wconf 83' lang='grc' dir='ltr'><strong>ἀγιασμάτων</strong></span> <span class='ocrx_word' id='word_1_108' title='bbox 1431 1725 1446 1774; x_wconf 86' lang='lat'><strong>;</strong></span> <span class='ocrx_word' id='word_1_109' title='bbox 1478 1711 1769 1781; x_wconf 76' lang='grc' dir='ltr'><strong>Διαφόρων</strong></span> 
     </span>
    </p>
   </div>
   <div class='ocr_carea' id='block_1_19' title="bbox 191 1790 1768 1880">
    <p class='ocr_par' dir='ltr' id='par_1_19' title="bbox 191 1790 1768 1880">
     <span class='ocr_line' id='line_1_19' title="bbox 191 1790 1768 1880; baseline 0.013 -38"><span class='ocrx_word' id='word_1_110' title='bbox 191 1790 243 1843; x_wconf 76' lang='grc' dir='ltr'><strong>δὲ</strong></span> <span class='ocrx_word' id='word_1_111' title='bbox 274 1792 459 1862; x_wconf 77' lang='grc' dir='ltr'><strong>ίιρέων</strong></span> <span class='ocrx_word' id='word_1_112' title='bbox 491 1798 906 1880; x_wconf 77' lang='grc' dir='ltr'><strong>παραστάντων</strong></span> <span class='ocrx_word' id='word_1_113' title='bbox 950 1801 1248 1866; x_wconf 83' lang='grc' dir='ltr'><strong>συνοδικῶς</strong></span> <span class='ocrx_word' id='word_1_114' title='bbox 1285 1804 1429 1858; x_wconf 80' lang='grc' dir='ltr'><strong>κατᾶ</strong></span> <span class='ocrx_word' id='word_1_115' title='bbox 1479 1805 1768 1876; x_wconf 79' lang='grc' dir='ltr'><strong>βασιλικὸν</strong></span> 
     </span>
    </p>
   </div>
   <div class='ocr_carea' id='block_1_20' title="bbox 193 1884 1768 1967">
    <p class='ocr_par' dir='ltr' id='par_1_20' title="bbox 193 1884 1768 1967">
     <span class='ocr_line' id='line_1_20' title="bbox 193 1884 1768 1967; baseline 0.013 -33"><span class='ocrx_word' id='word_1_116' title='bbox 193 1884 429 1953; x_wconf 80' lang='grc' dir='ltr'><strong>ὁρισμὸν,</strong></span> <span class='ocrx_word' id='word_1_117' title='bbox 466 1884 610 1940; x_wconf 81' lang='grc' dir='ltr'><strong>ἀλλὰ</strong></span> <span class='ocrx_word' id='word_1_118' title='bbox 639 1887 750 1957; x_wconf 68' lang='grc' dir='ltr'><strong>μὴν</strong></span> <span class='ocrx_word' id='word_1_119' title='bbox 771 1890 868 1944; x_wconf 72' lang='grc' dir='ltr'><strong>καὶ</strong></span> <span class='ocrx_word' id='word_1_120' title='bbox 889 1892 1195 1947; x_wconf 72' lang='grc' dir='ltr'><strong>ἐπισκόπου</strong></span> <span class='ocrx_word' id='word_1_121' title='bbox 1248 1893 1424 1962; x_wconf 68' lang='grc' dir='ltr'><strong>τινος,</strong></span> <span class='ocrx_word' id='word_1_122' title='bbox 1449 1900 1546 1952; x_wconf 77' lang='grc' dir='ltr'><strong>καὶ</strong></span> <span class='ocrx_word' id='word_1_123' title='bbox 1574 1901 1768 1967; x_wconf 79' lang='grc' dir='ltr'><strong>ἐξομο-</strong></span> 
     </span>
    </p>
   </div>
   <div class='ocr_carea' id='block_1_21' title="bbox 195 1972 1771 2059">
    <p class='ocr_par' dir='ltr' id='par_1_21' title="bbox 195 1972 1771 2059">
     <span class='ocr_line' id='line_1_21' title="bbox 195 1972 1771 2059; baseline 0.013 -34"><span class='ocrx_word' id='word_1_124' title='bbox 195 1972 572 2044; x_wconf 76' lang='grc' dir='ltr'><strong>λογησαμένων</strong></span> <span class='ocrx_word' id='word_1_125' title='bbox 592 1982 737 2033; x_wconf 70' lang='grc' dir='ltr'><strong>κατὰ</strong></span> <span class='ocrx_word' id='word_1_126' title='bbox 755 1980 1031 2051; x_wconf 78' lang='grc' dir='ltr'><strong>πολεμίων</strong></span> <span class='ocrx_word' id='word_1_127' title='bbox 1051 1985 1435 2059; x_wconf 75' lang='grc' dir='ltr'><strong>συμπλακῆναι</strong></span> <span class='ocrx_word' id='word_1_128' title='bbox 1457 1992 1544 2043; x_wconf 82' lang='grc' dir='ltr'><strong>καὶ</strong></span> <span class='ocrx_word' id='word_1_129' title='bbox 1563 1993 1771 2047; x_wconf 76' lang='grc' dir='ltr'><strong>ἀνελεῖν</strong></span> 
     </span>
    </p>
   </div>
   <div class='ocr_carea' id='block_1_22' title="bbox 193 2066 1771 2152">
    <p class='ocr_par' dir='ltr' id='par_1_22' title="bbox 193 2066 1771 2152">
     <span class='ocr_line' id='line_1_22' title="bbox 193 2066 1771 2152; baseline 0.014 -33"><span class='ocrx_word' id='word_1_130' title='bbox 193 2066 406 2132; x_wconf 72' lang='grc' dir='ltr'><strong>πολλοὺς</strong></span> <span class='ocrx_word' id='word_1_131' title='bbox 440 2069 499 2136; x_wconf 75' lang='grc' dir='ltr'><strong>ἐξ</strong></span> <span class='ocrx_word' id='word_1_132' title='bbox 529 2072 737 2137; x_wconf 81' lang='grc' dir='ltr'><strong>αὐτῶν,</strong></span> <span class='ocrx_word' id='word_1_133' title='bbox 761 2075 794 2146; x_wconf 77' lang='grc' dir='ltr'><strong>ἡ</strong></span> <span class='ocrx_word' id='word_1_134' title='bbox 815 2076 918 2145; x_wconf 76' lang='grc' dir='ltr'><strong>μὲν</strong></span> <span class='ocrx_word' id='word_1_135' title='bbox 953 2075 1075 2130; x_wconf 79' lang='grc' dir='ltr'><strong>θεία</strong></span> <span class='ocrx_word' id='word_1_136' title='bbox 1110 2080 1208 2134; x_wconf 80' lang='grc' dir='ltr'><strong>καὶ</strong></span> <span class='ocrx_word' id='word_1_137' title='bbox 1237 2081 1360 2152; x_wconf 84' lang='grc' dir='ltr'><strong>ίερά</strong></span> <span class='ocrx_word' id='word_1_138' title='bbox 1391 2084 1607 2150; x_wconf 78' lang='grc' dir='ltr'><strong>σύνοδος</strong></span> <span class='ocrx_word' id='word_1_139' title='bbox 1639 2088 1771 2142; x_wconf 79' lang='grc' dir='ltr'><strong>ἀκο-</strong></span> 
     </span>
    </p>
   </div>
   <div class='ocr_carea' id='block_1_23' title="bbox 194 2159 1767 2248">
    <p class='ocr_par' dir='ltr' id='par_1_23' title="bbox 194 2159 1767 2248">
     <span class='ocr_line' id='line_1_23' title="bbox 194 2159 1767 2248; baseline 0.017 -37"><span class='ocrx_word' id='word_1_140' title='bbox 194 2159 384 2224; x_wconf 75' lang='grc' dir='ltr'><strong>λούθως</strong></span> <span class='ocrx_word' id='word_1_141' title='bbox 412 2161 490 2232; x_wconf 83' lang='grc' dir='ltr'><strong>τῷ</strong></span> <span class='ocrx_word' id='word_1_142' title='bbox 543 2168 734 2220; x_wconf 74' lang='grc' dir='ltr'><strong>κανόνι</strong></span> <span class='ocrx_word' id='word_1_143' title='bbox 793 2169 968 2241; x_wconf 82' lang='grc' dir='ltr'><strong>τούτῳ</strong></span> <span class='ocrx_word' id='word_1_144' title='bbox 1025 2175 1120 2226; x_wconf 72' lang='grc' dir='ltr'><strong>καὶ</strong></span> <span class='ocrx_word' id='word_1_145' title='bbox 1182 2176 1260 2245; x_wconf 84' lang='grc' dir='ltr'><strong>τῷ</strong></span> <span class='ocrx_word' id='word_1_146' title='bbox 1318 2174 1410 2248; x_wconf 85' lang='grc' dir='ltr'><strong>μγ⁹</strong></span> <span class='ocrx_word' id='word_1_147' title='bbox 1440 2180 1535 2233; x_wconf 88' lang='grc' dir='ltr'><strong>τοῦ</strong></span> <span class='ocrx_word' id='word_1_148' title='bbox 1600 2182 1767 2237; x_wconf 80' lang='grc' dir='ltr'><strong>αὐτοῦ</strong></span> 
     </span>
    </p>
   </div>
   <div class='ocr_carea' id='block_1_24' title="bbox 193 2253 1767 2344">
    <p class='ocr_par' dir='ltr' id='par_1_24' title="bbox 193 2253 1767 2344">
     <span class='ocr_line' id='line_1_24' title="bbox 193 2253 1767 2344; baseline 0.014 -36"><span class='ocrx_word' id='word_1_149' title='bbox 193 2253 337 2321; x_wconf 76' lang='grc' dir='ltr'><strong>ἁγίου</strong></span> <span class='ocrx_word' id='word_1_150' title='bbox 373 2256 466 2309; x_wconf 77' lang='grc' dir='ltr'><strong>καὶ</strong></span> <span class='ocrx_word' id='word_1_151' title='bbox 523 2258 747 2328; x_wconf 73' lang='grc' dir='ltr'><strong>ἑτέραις</strong></span> <span class='ocrx_word' id='word_1_152' title='bbox 797 2260 980 2327; x_wconf 80' lang='grc' dir='ltr'><strong>θείαις</strong></span> <span class='ocrx_word' id='word_1_153' title='bbox 1028 2264 1314 2334; x_wconf 79' lang='grc' dir='ltr'><strong>διαταγαῖς</strong></span> <span class='ocrx_word' id='word_1_154' title='bbox 1340 2269 1500 2340; x_wconf 69' lang='grc' dir='ltr'><strong>ἤθελε</strong></span> <span class='ocrx_word' id='word_1_155' title='bbox 1567 2275 1767 2344; x_wconf 80' lang='grc' dir='ltr'><strong>μηκέτι</strong></span> 
     </span>
    </p>
   </div>
   <div class='ocr_carea' id='block_1_25' title="bbox 196 2348 1768 2434">
    <p class='ocr_par' dir='ltr' id='par_1_25' title="bbox 196 2348 1768 2434">
     <span class='ocr_line' id='line_1_25' title="bbox 196 2348 1768 2434; baseline 0.015 -35"><span class='ocrx_word' id='word_1_156' title='bbox 196 2348 375 2412; x_wconf 70' lang='grc' dir='ltr'><strong>αὐτοὺς</strong></span> <span class='ocrx_word' id='word_1_157' title='bbox 422 2351 788 2422; x_wconf 83' lang='grc' dir='ltr'><strong>ίερουργῆσαι</strong></span> <span class='ocrx_word' id='word_1_158' title='bbox 829 2372 842 2386; x_wconf 91' lang='grc'><strong>·</strong></span> <span class='ocrx_word' id='word_1_159' title='bbox 879 2357 931 2409; x_wconf 87' lang='grc' dir='ltr'><strong>οί</strong></span> <span class='ocrx_word' id='word_1_160' title='bbox 987 2357 1208 2425; x_wconf 88' lang='grc' dir='ltr'><strong>πλείους</strong></span> <span class='ocrx_word' id='word_1_161' title='bbox 1232 2361 1310 2428; x_wconf 76' lang='grc' dir='ltr'><strong>δὲ,</strong></span> <span class='ocrx_word' id='word_1_162' title='bbox 1359 2363 1452 2416; x_wconf 82' lang='grc' dir='ltr'><strong>καὶ</strong></span> <span class='ocrx_word' id='word_1_163' title='bbox 1485 2365 1685 2434; x_wconf 79' lang='grc' dir='ltr'><strong>μᾶλλον</strong></span> <span class='ocrx_word' id='word_1_164' title='bbox 1716 2367 1768 2421; x_wconf 85' lang='grc' dir='ltr'><strong>οί</strong></span> 
     </span>
    </p>
   </div>
   <div class='ocr_carea' id='block_1_26' title="bbox 197 2446 1766 2526">
    <p class='ocr_par' dir='ltr' id='par_1_26' title="bbox 197 2446 1766 2526">
     <span class='ocr_line' id='line_1_26' title="bbox 197 2446 1766 2526; baseline 0.015 -32"><span class='ocrx_word' id='word_1_165' title='bbox 197 2446 720 2515; x_wconf 75' lang='grc' dir='ltr'><strong>στρατιωτικώτεροι</strong></span> <span class='ocrx_word' id='word_1_166' title='bbox 752 2491 766 2514; x_wconf 92' lang='grc'><strong>,</strong></span> <span class='ocrx_word' id='word_1_167' title='bbox 824 2452 919 2502; x_wconf 73' lang='grc' dir='ltr'><strong>καὶ</strong></span> <span class='ocrx_word' id='word_1_168' title='bbox 968 2451 1243 2522; x_wconf 79' lang='grc' dir='ltr'><strong>βρασεὶων</strong></span> <span class='ocrx_word' id='word_1_169' title='bbox 1302 2457 1500 2521; x_wconf 81' lang='grc' dir='ltr'><strong>αὐτοὺς</strong></span> <span class='ocrx_word' id='word_1_170' title='bbox 1582 2461 1766 2526; x_wconf 78' lang='grc' dir='ltr'><strong>ἀξίους</strong></span> 
     </span>
    </p>
   </div>
   <div class='ocr_carea' id='block_1_27' title="bbox 197 2530 1767 2622">
    <p class='ocr_par' dir='ltr' id='par_1_27' title="bbox 197 2530 1767 2622">
     <span class='ocr_line' id='line_1_27' title="bbox 197 2530 1767 2622; baseline 0.014 -36"><span class='ocrx_word' id='word_1_171' title='bbox 197 2530 318 2587; x_wconf 82' lang='grc' dir='ltr'><strong>εἶναι</strong></span> <span class='ocrx_word' id='word_1_172' title='bbox 347 2537 702 2595; x_wconf 80' lang='grc' dir='ltr'><strong>διενίσταντο.</strong></span> <span class='ocrx_word' id='word_1_173' title='bbox 754 2542 944 2597; x_wconf 67' lang='grc' dir='ltr'><strong>Πολλοὶ</strong></span> <span class='ocrx_word' id='word_1_174' title='bbox 996 2545 1074 2610; x_wconf 71' lang='grc' dir='ltr'><strong>δὲ,</strong></span> <span class='ocrx_word' id='word_1_175' title='bbox 1115 2546 1397 2610; x_wconf 78' lang='grc' dir='ltr'><strong>ἀνελόντες</strong></span> <span class='ocrx_word' id='word_1_176' title='bbox 1443 2551 1767 2622; x_wconf 73' lang='grc' dir='ltr'><strong>ἀνθρώπους</strong></span> 
     </span>
    </p>
   </div>
   <div class='ocr_carea' id='block_1_28' title="bbox 196 2628 1762 2716">
    <p class='ocr_par' dir='ltr' id='par_1_28' title="bbox 196 2628 1762 2716">
     <span class='ocr_line' id='line_1_28' title="bbox 196 2628 1762 2716; baseline 0.014 -37"><span class='ocrx_word' id='word_1_177' title='bbox 196 2629 247 2680; x_wconf 84' lang='grc' dir='ltr'><strong>ὲν</strong></span> <span class='ocrx_word' id='word_1_178' title='bbox 271 2628 342 2696; x_wconf 76' lang='grc' dir='ltr'><strong>τῷ</strong></span> <span class='ocrx_word' id='word_1_179' title='bbox 374 2631 549 2700; x_wconf 76' lang='grc' dir='ltr'><strong>καιρῷ</strong></span> <span class='ocrx_word' id='word_1_180' title='bbox 585 2633 689 2702; x_wconf 76' lang='grc' dir='ltr'><strong>τῆς</strong></span> <span class='ocrx_word' id='word_1_181' title='bbox 723 2636 860 2704; x_wconf 85' lang='grc' dir='ltr'><strong>μετά</strong></span> <span class='ocrx_word' id='word_1_182' title='bbox 890 2637 1104 2705; x_wconf 77' lang='grc' dir='ltr'><strong>ῥάὸδων</strong></span> <span class='ocrx_word' id='word_1_183' title='bbox 1135 2642 1432 2712; x_wconf 82' lang='grc' dir='ltr'><strong>παιγνικῆς</strong></span> <span class='ocrx_word' id='word_1_184' title='bbox 1464 2644 1762 2716; x_wconf 70' lang='grc' dir='ltr'><strong>συμϐολῆς,</strong></span> 
     </span>
    </p>
   </div>
   <div class='ocr_carea' id='block_1_29' title="bbox 200 2721 1763 2800">
    <p class='ocr_par' dir='ltr' id='par_1_29' title="bbox 200 2721 1763 2800">
     <span class='ocr_line' id='line_1_29' title="bbox 200 2721 1763 2800; baseline 0.015 -30"><span class='ocrx_word' id='word_1_185' title='bbox 200 2721 325 2786; x_wconf 83' lang='grc' dir='ltr'><strong>μετά</strong></span> <span class='ocrx_word' id='word_1_186' title='bbox 358 2723 564 2789; x_wconf 73' lang='grc' dir='ltr'><strong>φονέων</strong></span> <span class='ocrx_word' id='word_1_187' title='bbox 591 2725 957 2797; x_wconf 75' lang='grc' dir='ltr'><strong>ἐλογίσθησαν</strong></span> <span class='ocrx_word' id='word_1_188' title='bbox 1001 2730 1517 2800; x_wconf 80' lang='grc' dir='ltr'><strong>ἑκουσιοακουσίων,</strong></span> <span class='ocrx_word' id='word_1_189' title='bbox 1549 2732 1638 2790; x_wconf 76' lang='grc' dir='ltr'><strong>οἷα</strong></span> <span class='ocrx_word' id='word_1_190' title='bbox 1669 2738 1763 2794; x_wconf 89' lang='grc' dir='ltr'><strong>τοῦ</strong></span> 
     </span>
    </p>
   </div>
   <div class='ocr_carea' id='block_1_30' title="bbox 196 2812 1764 2902">
    <p class='ocr_par' dir='ltr' id='par_1_30' title="bbox 196 2812 1764 2902">
     <span class='ocr_line' id='line_1_30' title="bbox 196 2812 1764 2902; baseline 0.015 -40"><span class='ocrx_word' id='word_1_191' title='bbox 196 2812 420 2868; x_wconf 77' lang='grc' dir='ltr'><strong>τοιούτου</strong></span> <span class='ocrx_word' id='word_1_192' title='bbox 443 2821 700 2888; x_wconf 75' lang='grc' dir='ltr'><strong>παιγνὲου</strong></span> <span class='ocrx_word' id='word_1_193' title='bbox 724 2821 800 2892; x_wconf 79' lang='grc' dir='ltr'><strong>μὴ</strong></span> <span class='ocrx_word' id='word_1_194' title='bbox 815 2821 970 2886; x_wconf 70' lang='grc' dir='ltr'><strong>ὄντος</strong></span> <span class='ocrx_word' id='word_1_195' title='bbox 981 2825 1089 2878; x_wconf 80' lang='grc' dir='ltr'><strong>ἀπὸ</strong></span> <span class='ocrx_word' id='word_1_196' title='bbox 1107 2825 1215 2877; x_wconf 83' lang='grc' dir='ltr'><strong>τῶν</strong></span> <span class='ocrx_word' id='word_1_197' title='bbox 1247 2827 1764 2902; x_wconf 71' lang='grc' dir='ltr'><strong>ἐπιγινωσκομένων</strong></span> 
     </span>
    </p>
   </div>
   <div class='ocr_carea' id='block_1_31' title="bbox 199 2902 1763 2992">
    <p class='ocr_par' dir='ltr' id='par_1_31' title="bbox 199 2902 1763 2992">
     <span class='ocr_line' id='line_1_31' title="bbox 199 2902 1763 2992; baseline 0.015 -39"><span class='ocrx_word' id='word_1_198' title='bbox 199 2902 343 2959; x_wconf 57' lang='lat' dir='ltr'><strong>sive:</strong></span> <span class='ocrx_word' id='word_1_199' title='bbox 372 2906 446 2969; x_wconf 81' lang='grc' dir='ltr'><strong>τῷ</strong></span> <span class='ocrx_word' id='word_1_200' title='bbox 471 2907 629 2980; x_wconf 64' lang='grc' dir='ltr'><strong>νόμῳ</strong></span> <span class='ocrx_word' id='word_1_201' title='bbox 675 2913 967 2981; x_wconf 75' lang='grc' dir='ltr'><strong>παιγνίων,</strong></span> <span class='ocrx_word' id='word_1_202' title='bbox 1005 2915 1114 2968; x_wconf 85' lang='grc' dir='ltr'><strong>τῶν</strong></span> <span class='ocrx_word' id='word_1_203' title='bbox 1143 2917 1237 2970; x_wconf 76' lang='grc' dir='ltr'><strong>καὶ</strong></span> <span class='ocrx_word' id='word_1_204' title='bbox 1265 2917 1494 2987; x_wconf 78' lang='grc' dir='ltr'><strong>ἀγώνων</strong></span> <span class='ocrx_word' id='word_1_205' title='bbox 1527 2920 1763 2992; x_wconf 79' lang='grc' dir='ltr'><strong>λεγομέ⁴</strong></span> 
     </span>
    </p>
   </div>
   <div class='ocr_carea' id='block_1_32' title="bbox 199 2999 1766 3086">
    <p class='ocr_par' dir='ltr' id='par_1_32' title="bbox 199 2999 1766 3086">
     <span class='ocr_line' id='line_1_32' title="bbox 199 2999 1766 3086; baseline 0.013 -38"><span class='ocrx_word' id='word_1_206' title='bbox 199 3013 313 3060; x_wconf 84' lang='grc' dir='ltr'><strong>νων,</strong></span> <span class='ocrx_word' id='word_1_207' title='bbox 346 2999 518 3069; x_wconf 75' lang='grc' dir='ltr'><strong>ἤγουν</strong></span> <span class='ocrx_word' id='word_1_208' title='bbox 580 3002 687 3072; x_wconf 79' lang='grc' dir='ltr'><strong>τῆς</strong></span> <span class='ocrx_word' id='word_1_209' title='bbox 724 3007 974 3076; x_wconf 83' lang='grc' dir='ltr'><strong>πυγμῆς,</strong></span> <span class='ocrx_word' id='word_1_210' title='bbox 1012 3008 1106 3062; x_wconf 92' lang='grc' dir='ltr'><strong>τοῦ</strong></span> <span class='ocrx_word' id='word_1_211' title='bbox 1133 3009 1360 3080; x_wconf 82' lang='grc' dir='ltr'><strong>δρόμου,</strong></span> <span class='ocrx_word' id='word_1_212' title='bbox 1392 3012 1483 3066; x_wconf 91' lang='grc' dir='ltr'><strong>τοῦ</strong></span> <span class='ocrx_word' id='word_1_213' title='bbox 1509 3015 1766 3086; x_wconf 80' lang='grc' dir='ltr'><strong>πηδήμα-</strong></span> 
     </span>
    </p>
   </div>
   <div class='ocr_carea' id='block_1_33' title="bbox 197 3091 1764 3174">
    <p class='ocr_par' dir='ltr' id='par_1_33' title="bbox 197 3091 1764 3174">
     <span class='ocr_line' id='line_1_33' title="bbox 197 3091 1764 3174; baseline 0.015 -36"><span class='ocrx_word' id='word_1_214' title='bbox 197 3103 296 3150; x_wconf 74' lang='grc' dir='ltr'><strong>τος,</strong></span> <span class='ocrx_word' id='word_1_215' title='bbox 349 3091 441 3144; x_wconf 83' lang='grc' dir='ltr'><strong>τοῦ</strong></span> <span class='ocrx_word' id='word_1_216' title='bbox 502 3093 718 3158; x_wconf 78' lang='grc' dir='ltr'><strong>δίσκου.</strong></span> <span class='ocrx_word' id='word_1_217' title='bbox 767 3100 861 3152; x_wconf 72' lang='grc' dir='ltr'><strong>καὶ</strong></span> <span class='ocrx_word' id='word_1_218' title='bbox 918 3101 1017 3169; x_wconf 85' lang='grc' dir='ltr'><strong>τῆς</strong></span> <span class='ocrx_word' id='word_1_219' title='bbox 1062 3101 1603 3174; x_wconf 72' lang='grc' dir='ltr'><strong>παλαίστρας-’ὥστε</strong></span> <span class='ocrx_word' id='word_1_220' title='bbox 1623 3112 1673 3162; x_wconf 83' lang='lat' dir='ltr'><strong>0i</strong></span> <span class='ocrx_word' id='word_1_221' title='bbox 1704 3111 1764 3162; x_wconf 70' lang='lat' dir='ltr'><strong>tv</strong></span> 
     </span>
    </p>
   </div>
   <div class='ocr_carea' id='block_1_34' title="bbox 197 3182 1836 3282">
    <p class='ocr_par' dir='ltr' id='par_1_34' title="bbox 197 3182 1836 3282">
     <span class='ocr_line' id='line_1_34' title="bbox 197 3182 1836 3282; baseline 0.016 -52"><span class='ocrx_word' id='word_1_222' title='bbox 197 3182 299 3282; x_wconf 61' lang='grc' dir='ltr'><strong>τοῖς</strong></span> <span class='ocrx_word' id='word_1_223' title='bbox 323 3184 581 3251; x_wconf 77' lang='grc' dir='ltr'><strong>τοιούτοις</strong></span> <span class='ocrx_word' id='word_1_224' title='bbox 613 3191 890 3258; x_wconf 79' lang='grc' dir='ltr'><strong>παιγνίοις</strong></span> <span class='ocrx_word' id='word_1_225' title='bbox 925 3193 1248 3260; x_wconf 79' lang='grc' dir='ltr'><strong>φονεύοντες</strong></span> <span class='ocrx_word' id='word_1_226' title='bbox 1270 3195 1332 3248; x_wconf 86' lang='grc' dir='ltr'><strong>ού</strong></span> <span class='ocrx_word' id='word_1_227' title='bbox 1399 3204 1764 3271; x_wconf 75' lang='grc' dir='ltr'><strong>προκριματί-</strong></span> <span class='ocrx_word' id='word_1_228' title='bbox 1790 3223 1836 3282; x_wconf 72' lang='lat' dir='ltr'>c</span> 
     </span>
    </p>
   </div>
   <div class='ocr_carea' id='block_1_35' title="bbox 196 3266 382 3334">
    <p class='ocr_par' dir='ltr' id='par_1_35' title="bbox 196 3266 382 3334">
     <span class='ocr_line' id='line_1_35' title="bbox 196 3266 382 3334; baseline -0.032 0"><span class='ocrx_word' id='word_1_229' title='bbox 196 3266 382 3334; x_wconf 72' lang='grc' dir='ltr'><strong>ζονται.</strong></span> 
     </span>
    </p>
   </div>
   <div class='ocr_carea' id='block_1_36' title="bbox 260 3368 1762 3452">
    <p class='ocr_par' dir='ltr' id='par_1_36' title="bbox 260 3368 1762 3452">
     <span class='ocr_line' id='line_1_36' title="bbox 260 3368 1762 3452; baseline 0.012 -32"><span class='ocrx_word' id='word_1_230' title='bbox 260 3368 498 3426; x_wconf 77' lang='grc' dir='ltr'><strong>ΖΩΝΑΡ.</strong></span> <span class='ocrx_word' id='word_1_231' title='bbox 527 3373 610 3426; x_wconf 82' lang='grc' dir='ltr'><strong>οῦ</strong></span> <span class='ocrx_word' id='word_1_232' title='bbox 655 3371 779 3426; x_wconf 83' lang='grc' dir='ltr'><strong>κατ’</strong></span> <span class='ocrx_word' id='word_1_233' title='bbox 822 3374 1088 3447; x_wconf 69' lang='grc' dir='ltr'><strong>ἐπιταγὴν</strong></span> <span class='ocrx_word' id='word_1_234' title='bbox 1117 3378 1146 3431; x_wconf 79' lang='grc' dir='ltr'><strong>ὁ</strong></span> <span class='ocrx_word' id='word_1_235' title='bbox 1177 3378 1332 3448; x_wconf 75' lang='grc' dir='ltr'><strong>ἅγιός</strong></span> <span class='ocrx_word' id='word_1_236' title='bbox 1358 3397 1492 3452; x_wconf 81' lang='grc' dir='ltr'><strong>φησι</strong></span> <span class='ocrx_word' id='word_1_237' title='bbox 1517 3384 1641 3446; x_wconf 83' lang='grc' dir='ltr'><strong>τοὺς</strong></span> <span class='ocrx_word' id='word_1_238' title='bbox 1701 3385 1762 3437; x_wconf 83' lang='grc' dir='ltr'><strong>ὲν</strong></span> 
     </span>
    </p>
   </div>
   <div class='ocr_carea' id='block_1_37' title="bbox 202 3452 1762 3546">
    <p class='ocr_par' dir='ltr' id='par_1_37' title="bbox 202 3452 1762 3546">
     <span class='ocr_line' id='line_1_37' title="bbox 202 3452 1762 3546; baseline 0.012 -35"><span class='ocrx_word' id='word_1_239' title='bbox 202 3458 442 3529; x_wconf 82' lang='grc' dir='ltr'><strong>πολέμοις</strong></span> <span class='ocrx_word' id='word_1_240' title='bbox 488 3465 855 3537; x_wconf 80' lang='grc' dir='ltr'><strong>ἀναιροῦντας</strong></span> <span class='ocrx_word' id='word_1_241' title='bbox 898 3469 994 3521; x_wconf 73' lang='grc' dir='ltr'><strong>ἐπὶ</strong></span> <span class='ocrx_word' id='word_1_242' title='bbox 1054 3473 1297 3541; x_wconf 81' lang='grc' dir='ltr'><strong>τριετίαν</strong></span> <span class='ocrx_word' id='word_1_243' title='bbox 1329 3452 1638 3546; x_wconf 63' lang='grc' dir='ltr'><strong>⁵ἀπέχεσθαι</strong></span> <span class='ocrx_word' id='word_1_244' title='bbox 1665 3479 1762 3546; x_wconf 82' lang='grc' dir='ltr'><strong>τῆς</strong></span> 
     </span>
    </p>
   </div>
   <div class='ocr_carea' id='block_1_38' title="bbox 200 3559 1761 3642">
    <p class='ocr_par' dir='ltr' id='par_1_38' title="bbox 200 3559 1761 3642">
     <span class='ocr_line' id='line_1_38' title="bbox 200 3559 1761 3642; baseline 0.012 -38"><span class='ocrx_word' id='word_1_245' title='bbox 200 3559 487 3622; x_wconf 82' lang='grc' dir='ltr'><strong>κοινωνίας,</strong></span> <span class='ocrx_word' id='word_1_246' title='bbox 544 3560 688 3614; x_wconf 77' lang='grc' dir='ltr'><strong>ἀλλά</strong></span> <span class='ocrx_word' id='word_1_247' title='bbox 741 3562 886 3615; x_wconf 82' lang='grc' dir='ltr'><strong>κατὰ</strong></span> <span class='ocrx_word' id='word_1_248' title='bbox 951 3566 1290 3635; x_wconf 77' lang='grc' dir='ltr'><strong>συμῦουλήν.</strong></span> <span class='ocrx_word' id='word_1_249' title='bbox 1352 3567 1495 3639; x_wconf 84' lang='grc' dir='ltr'><strong>Πλὴν</strong></span> <span class='ocrx_word' id='word_1_250' title='bbox 1529 3569 1761 3642; x_wconf 74' lang='grc' dir='ltr'><strong>φορτικὴ</strong></span> 
     </span>
    </p>
   </div>
   <div class='ocr_carea' id='block_1_39' title="bbox 196 3647 1760 3734">
    <p class='ocr_par' dir='ltr' id='par_1_39' title="bbox 196 3647 1760 3734">
     <span class='ocr_line' id='line_1_39' title="bbox 196 3647 1760 3734; baseline 0.01 -32"><span class='ocrx_word' id='word_1_251' title='bbox 196 3647 329 3702; x_wconf 74' lang='grc' dir='ltr'><strong>δοκεῖ</strong></span> <span class='ocrx_word' id='word_1_252' title='bbox 356 3655 661 3726; x_wconf 74' lang='grc' dir='ltr'><strong>συμϐουλή.</strong></span> <span class='ocrx_word' id='word_1_253' title='bbox 721 3657 972 3728; x_wconf 79' lang='grc' dir='ltr'><strong>Συμσαίη</strong></span> <span class='ocrx_word' id='word_1_254' title='bbox 1019 3661 1130 3732; x_wconf 86' lang='grc' dir='ltr'><strong>γάρ</strong></span> <span class='ocrx_word' id='word_1_255' title='bbox 1163 3660 1230 3715; x_wconf 72' lang='grc' dir='ltr'><strong>ἂν</strong></span> <span class='ocrx_word' id='word_1_256' title='bbox 1279 3663 1342 3715; x_wconf 69' lang='lat' dir='ltr'><strong>tat</strong></span> <span class='ocrx_word' id='word_1_257' title='bbox 1359 3661 1563 3734; x_wconf 84' lang='grc' dir='ltr'><strong>ταύτης</strong></span> <span class='ocrx_word' id='word_1_258' title='bbox 1594 3665 1760 3733; x_wconf 79' lang='grc' dir='ltr'><strong>μηδέ-</strong></span> 
     </span>
    </p>
   </div>
   <div class='ocr_carea' id='block_1_40' title="bbox 185 3745 1760 3829">
    <p class='ocr_par' dir='ltr' id='par_1_40' title="bbox 185 3745 1760 3829">
     <span class='ocr_line' id='line_1_40' title="bbox 185 3745 1760 3829; baseline 0.013 -38"><span class='ocrx_word' id='word_1_259' title='bbox 185 3755 317 3814; x_wconf 57' lang='grc' dir='ltr'><strong>⁴ποτε</strong></span> <span class='ocrx_word' id='word_1_260' title='bbox 349 3745 471 3808; x_wconf 72' lang='grc' dir='ltr'><strong>τοὺς</strong></span> <span class='ocrx_word' id='word_1_261' title='bbox 497 3748 840 3816; x_wconf 80' lang='grc' dir='ltr'><strong>στρατιώτας</strong></span> <span class='ocrx_word' id='word_1_262' title='bbox 880 3753 1208 3821; x_wconf 74' lang='grc' dir='ltr'><strong>μεταλαὸεἴν</strong></span> <span class='ocrx_word' id='word_1_263' title='bbox 1229 3755 1337 3806; x_wconf 85' lang='grc' dir='ltr'><strong>τῶν</strong></span> <span class='ocrx_word' id='word_1_264' title='bbox 1366 3756 1526 3810; x_wconf 82' lang='grc' dir='ltr'><strong>θείων</strong></span> <span class='ocrx_word' id='word_1_265' title='bbox 1547 3757 1760 3829; x_wconf 82' lang='grc' dir='ltr'><strong>δώρων,</strong></span> 
     </span>
    </p>
   </div>
   <div class='ocr_carea' id='block_1_41' title="bbox 201 3834 1760 3922">
    <p class='ocr_par' dir='ltr' id='par_1_41' title="bbox 201 3834 1760 3922">
     <span class='ocr_line' id='line_1_41' title="bbox 201 3834 1760 3922; baseline 0.014 -38"><span class='ocrx_word' id='word_1_266' title='bbox 201 3834 284 3885; x_wconf 78' lang='grc' dir='ltr'><strong>καὶ</strong></span> <span class='ocrx_word' id='word_1_267' title='bbox 327 3837 556 3904; x_wconf 83' lang='grc' dir='ltr'><strong>μάλιστα</strong></span> <span class='ocrx_word' id='word_1_268' title='bbox 589 3843 717 3906; x_wconf 77' lang='grc' dir='ltr'><strong>τοὺς</strong></span> <span class='ocrx_word' id='word_1_269' title='bbox 774 3844 972 3915; x_wconf 76' lang='grc' dir='ltr'><strong>θάρσος</strong></span> <span class='ocrx_word' id='word_1_270' title='bbox 1006 3848 1452 3918; x_wconf 65' lang='grc' dir='ltr'><strong>ἐνδεικνυμένους</strong></span> <span class='ocrx_word' id='word_1_271' title='bbox 1480 3852 1574 3903; x_wconf 73' lang='grc' dir='ltr'><strong>καὶ</strong></span> <span class='ocrx_word' id='word_1_272' title='bbox 1631 3853 1760 3922; x_wconf 86' lang='grc' dir='ltr'><strong>ἀρι-</strong></span> 
     </span>
    </p>
   </div>
   <div class='ocr_carea' id='block_1_42' title="bbox 205 3930 1774 4016">
    <p class='ocr_par' dir='ltr' id='par_1_42' title="bbox 205 3930 1774 4016">
     <span class='ocr_line' id='line_1_42' title="bbox 205 3930 1774 4016; baseline 0.014 -38"><span class='ocrx_word' id='word_1_273' title='bbox 205 3930 354 4016; x_wconf 79' lang='grc' dir='ltr'><strong>στεῖς.</strong></span> <span class='ocrx_word' id='word_1_274' title='bbox 385 3934 458 3985; x_wconf 76' lang='grc' dir='ltr'><strong>Οὐ</strong></span> <span class='ocrx_word' id='word_1_275' title='bbox 490 3935 604 4003; x_wconf 83' lang='grc' dir='ltr'><strong>γὰρ</strong></span> <span class='ocrx_word' id='word_1_276' title='bbox 628 3936 692 3990; x_wconf 83' lang='grc' dir='ltr'><strong>άν</strong></span> <span class='ocrx_word' id='word_1_277' title='bbox 732 3954 862 3991; x_wconf 83' lang='grc' dir='ltr'><strong>ποτε</strong></span> <span class='ocrx_word' id='word_1_278' title='bbox 921 3943 1100 4011; x_wconf 81' lang='grc' dir='ltr'><strong>σχοῖεν</strong></span> <span class='ocrx_word' id='word_1_279' title='bbox 1162 3943 1347 3996; x_wconf 76' lang='grc' dir='ltr'><strong>ἄδειαν</strong></span> <span class='ocrx_word' id='word_1_280' title='bbox 1373 3945 1465 3996; x_wconf 76' lang='grc' dir='ltr'><strong>ἐπὶ</strong></span> <span class='ocrx_word' id='word_1_281' title='bbox 1518 3934 1774 4016; x_wconf 75' lang='grc' dir='ltr'><strong>τριετίαν</strong></span> 
     </span>
    </p>
   </div>
   <div class='ocr_carea' id='block_1_43' title="bbox 202 4014 1761 4105">
    <p class='ocr_par' dir='ltr' id='par_1_43' title="bbox 202 4014 1761 4105">
     <span class='ocr_line' id='line_1_43' title="bbox 202 4014 1761 4105; baseline 0.004 -22"><span class='ocrx_word' id='word_1_282' title='bbox 202 4014 480 4091; x_wconf 62' lang='grc' dir='ltr'><strong>ἧρεμῆσαι.</strong></span> <span class='ocrx_word' id='word_1_283' title='bbox 512 4026 578 4079; x_wconf 79' lang='lat' dir='ltr'><strong>Ei</strong></span> <span class='ocrx_word' id='word_1_284' title='bbox 625 4027 757 4095; x_wconf 88' lang='grc' dir='ltr'><strong>γοῦν</strong></span> <span class='ocrx_word' id='word_1_285' title='bbox 777 4031 828 4082; x_wconf 86' lang='grc' dir='ltr'><strong>οί</strong></span> <span class='ocrx_word' id='word_1_286' title='bbox 852 4030 1109 4099; x_wconf 83' lang='grc' dir='ltr'><strong>πολέμοις</strong></span> <span class='ocrx_word' id='word_1_287' title='bbox 1156 4014 1585 4104; x_wconf 80' lang='grc' dir='ltr'><strong>ἀλλεπαλλήλοις</strong></span> <span class='ocrx_word' id='word_1_288' title='bbox 1638 4053 1761 4105; x_wconf 85' lang='grc' dir='ltr'><strong>σχο-</strong></span> 
     </span>
    </p>
   </div>
   <div class='ocr_carea' id='block_1_44' title="bbox 202 4107 1757 4196">
    <p class='ocr_par' dir='ltr' id='par_1_44' title="bbox 202 4107 1757 4196">
     <span class='ocr_line' id='line_1_44' title="bbox 202 4107 1757 4196; baseline 0.013 -36"><span class='ocrx_word' id='word_1_289' title='bbox 202 4107 454 4178; x_wconf 75' lang='grc' dir='ltr'><strong>λάζοντες,</strong></span> <span class='ocrx_word' id='word_1_290' title='bbox 492 4118 588 4171; x_wconf 74' lang='grc' dir='ltr'><strong>καὶ</strong></span> <span class='ocrx_word' id='word_1_291' title='bbox 612 4116 968 4189; x_wconf 80' lang='grc' dir='ltr'><strong>ἀναιροῦντες</strong></span> <span class='ocrx_word' id='word_1_292' title='bbox 997 4125 1121 4186; x_wconf 78' lang='grc' dir='ltr'><strong>τοὺς</strong></span> <span class='ocrx_word' id='word_1_293' title='bbox 1146 4125 1458 4193; x_wconf 75' lang='grc' dir='ltr'><strong>πολεμίους,</strong></span> <span class='ocrx_word' id='word_1_294' title='bbox 1480 4127 1757 4196; x_wconf 72' lang='grc' dir='ltr'><strong>εἴργονται</strong></span> 
     </span>
    </p>
   </div>
   <div class='ocr_carea' id='block_1_45' title="bbox 201 4201 1760 4289">
    <p class='ocr_par' dir='ltr' id='par_1_45' title="bbox 201 4201 1760 4289">
     <span class='ocr_line' id='line_1_45' title="bbox 201 4201 1760 4289; baseline 0.014 -38"><span class='ocrx_word' id='word_1_295' title='bbox 201 4201 290 4270; x_wconf 82' lang='grc' dir='ltr'><strong>τῆς</strong></span> <span class='ocrx_word' id='word_1_296' title='bbox 321 4210 620 4276; x_wconf 79' lang='grc' dir='ltr'><strong>κοινωνίας,</strong></span> <span class='ocrx_word' id='word_1_297' title='bbox 683 4211 897 4268; x_wconf 73' lang='grc' dir='ltr'><strong>ἔσονται</strong></span> <span class='ocrx_word' id='word_1_298' title='bbox 954 4215 1042 4267; x_wconf 76' lang='grc' dir='ltr'><strong>διὰ</strong></span> <span class='ocrx_word' id='word_1_299' title='bbox 1093 4215 1210 4285; x_wconf 81' lang='grc' dir='ltr'><strong>βίου</strong></span> <span class='ocrx_word' id='word_1_300' title='bbox 1269 4218 1625 4288; x_wconf 80' lang='grc' dir='ltr'><strong>στερούμενοι</strong></span> <span class='ocrx_word' id='word_1_301' title='bbox 1661 4224 1760 4289; x_wconf 81' lang='grc' dir='ltr'><strong>τῆς</strong></span> 
     </span>
    </p>
   </div>
   <div class='ocr_carea' id='block_1_46' title="bbox 203 4295 1764 4382">
    <p class='ocr_par' dir='ltr' id='par_1_46' title="bbox 203 4295 1764 4382">
     <span class='ocr_line' id='line_1_46' title="bbox 203 4295 1764 4382; baseline 0.014 -36"><span class='ocrx_word' id='word_1_302' title='bbox 203 4295 286 4349; x_wconf 85' lang='grc' dir='ltr'><strong>τοῦ</strong></span> <span class='ocrx_word' id='word_1_303' title='bbox 315 4298 512 4368; x_wconf 78' lang='grc' dir='ltr'><strong>ἀγαθοῦ</strong></span> <span class='ocrx_word' id='word_1_304' title='bbox 574 4305 952 4376; x_wconf 74' lang='grc' dir='ltr'><strong>μεταλήψεως.</strong></span> <span class='ocrx_word' id='word_1_305' title='bbox 1004 4307 1182 4380; x_wconf 87' lang='grc' dir='ltr'><strong>Ὅπερ</strong></span> <span class='ocrx_word' id='word_1_306' title='bbox 1238 4309 1596 4381; x_wconf 80' lang='grc' dir='ltr'><strong>Χριστιανοίς</strong></span> <span class='ocrx_word' id='word_1_307' title='bbox 1630 4314 1764 4382; x_wconf 78' lang='grc' dir='ltr'><strong>ἀφό-</strong></span> 
     </span>
    </p>
   </div>
   <div class='ocr_carea' id='block_1_47' title="bbox 207 4397 1762 4477">
    <p class='ocr_par' dir='ltr' id='par_1_47' title="bbox 207 4397 1762 4477">
     <span class='ocr_line' id='line_1_47' title="bbox 207 4397 1762 4477; baseline 0.012 -34"><span class='ocrx_word' id='word_1_308' title='bbox 207 4405 351 4458; x_wconf 77' lang='grc' dir='ltr'><strong>ρητος</strong></span> <span class='ocrx_word' id='word_1_309' title='bbox 399 4397 640 4461; x_wconf 78' lang='grc' dir='ltr'><strong>κόλασις.</strong></span> <span class='ocrx_word' id='word_1_310' title='bbox 700 4400 799 4453; x_wconf 72' lang='grc' dir='ltr'><strong>Διὰ</strong></span> <span class='ocrx_word' id='word_1_311' title='bbox 828 4401 882 4453; x_wconf 89' lang='grc' dir='ltr'><strong>τί</strong></span> <span class='ocrx_word' id='word_1_312' title='bbox 934 4400 991 4454; x_wconf 83' lang='grc' dir='ltr'><strong>δὲ</strong></span> <span class='ocrx_word' id='word_1_313' title='bbox 1027 4402 1126 4466; x_wconf 76' lang='grc' dir='ltr'><strong>τὰς</strong></span> <span class='ocrx_word' id='word_1_314' title='bbox 1181 4405 1372 4475; x_wconf 81' lang='grc' dir='ltr'><strong>χεῖρας</strong></span> <span class='ocrx_word' id='word_1_315' title='bbox 1417 4405 1480 4459; x_wconf 83' lang='grc' dir='ltr'><strong>ού</strong></span> <span class='ocrx_word' id='word_1_316' title='bbox 1526 4406 1762 4477; x_wconf 72' lang='grc' dir='ltr'><strong>καθαροὶ</strong></span> 
     </span>
    </p>
   </div>
   <div class='ocr_carea' id='block_1_48' title="bbox 205 4485 1757 4570">
    <p class='ocr_par' dir='ltr' id='par_1_48' title="bbox 205 4485 1757 4570">
     <span class='ocr_line' id='line_1_48' title="bbox 205 4485 1757 4570; baseline 0.014 -39"><span class='ocrx_word' id='word_1_317' title='bbox 205 4485 425 4551; x_wconf 64' lang='grc' dir='ltr'><strong>κριθείεν</strong></span> <span class='ocrx_word' id='word_1_318' title='bbox 447 4491 496 4542; x_wconf 88' lang='grc' dir='ltr'><strong>οί</strong></span> <span class='ocrx_word' id='word_1_319' title='bbox 519 4492 662 4559; x_wconf 78' lang='grc' dir='ltr'><strong>ὑπὲρ</strong></span> <span class='ocrx_word' id='word_1_320' title='bbox 685 4491 778 4544; x_wconf 88' lang='grc' dir='ltr'><strong>τοῦ</strong></span> <span class='ocrx_word' id='word_1_321' title='bbox 809 4491 1203 4564; x_wconf 82' lang='grc' dir='ltr'><strong>πολιτεύματος</strong></span> <span class='ocrx_word' id='word_1_322' title='bbox 1243 4497 1339 4549; x_wconf 76' lang='grc' dir='ltr'><strong>καὶ</strong></span> <span class='ocrx_word' id='word_1_323' title='bbox 1373 4496 1484 4551; x_wconf 82' lang='grc' dir='ltr'><strong>τῶν</strong></span> <span class='ocrx_word' id='word_1_324' title='bbox 1515 4498 1757 4570; x_wconf 77' lang='grc' dir='ltr'><strong>ἀδελφῶν</strong></span> 
     </span>
    </p>
   </div>
   <div class='ocr_carea' id='block_1_49' title="bbox 204 4577 1758 4667">
    <p class='ocr_par' dir='ltr' id='par_1_49' title="bbox 204 4577 1758 4667">
     <span class='ocr_line' id='line_1_49' title="bbox 204 4577 1758 4667; baseline 0.015 -41"><span class='ocrx_word' id='word_1_325' title='bbox 204 4577 596 4652; x_wconf 74' lang='grc' dir='ltr'><strong>ἀγωνιζόμενοι,</strong></span> <span class='ocrx_word' id='word_1_326' title='bbox 633 4586 719 4638; x_wconf 79' lang='grc' dir='ltr'><strong>ἵνα</strong></span> <span class='ocrx_word' id='word_1_327' title='bbox 753 4585 827 4655; x_wconf 80' lang='grc' dir='ltr'><strong>μὴ</strong></span> <span class='ocrx_word' id='word_1_328' title='bbox 854 4587 1109 4657; x_wconf 75' lang='grc' dir='ltr'><strong>ληφθείεν</strong></span> <span class='ocrx_word' id='word_1_329' title='bbox 1138 4592 1250 4653; x_wconf 86' lang='grc' dir='ltr'><strong>τοῖς</strong></span> <span class='ocrx_word' id='word_1_330' title='bbox 1276 4593 1575 4659; x_wconf 76' lang='grc' dir='ltr'><strong>πολεμίοις,</strong></span> <span class='ocrx_word' id='word_1_331' title='bbox 1601 4594 1634 4667; x_wconf 74' lang='grc' dir='ltr'><strong>ἢ</strong></span> <span class='ocrx_word' id='word_1_332' title='bbox 1669 4595 1758 4650; x_wconf 77' lang='grc' dir='ltr'><strong>ἵνα</strong></span> 
     </span>
    </p>
   </div>
   <div class='ocr_carea' id='block_1_50' title="bbox 205 4671 1763 4758">
    <p class='ocr_par' dir='ltr' id='par_1_50' title="bbox 205 4671 1763 4758">
     <span class='ocr_line' id='line_1_50' title="bbox 205 4671 1763 4758; baseline 0.01 -33"><span class='ocrx_word' id='word_1_333' title='bbox 205 4671 717 4742; x_wconf 78' lang='grc' dir='ltr'><strong>αἰχμαλωτισθέντας</strong></span> <span class='ocrx_word' id='word_1_334' title='bbox 744 4680 1225 4750; x_wconf 74' lang='grc' dir='ltr'><strong>ὲλευθερώσωσινς</strong></span> <span class='ocrx_word' id='word_1_335' title='bbox 1248 4685 1312 4739; x_wconf 80' lang='lat' dir='ltr'><strong>Et</strong></span> <span class='ocrx_word' id='word_1_336' title='bbox 1368 4686 1476 4755; x_wconf 84' lang='grc' dir='ltr'><strong>γάρ</strong></span> <span class='ocrx_word' id='word_1_337' title='bbox 1514 4687 1763 4758; x_wconf 79' lang='grc' dir='ltr'><strong>φονεύειν</strong></span> 
     </span>
    </p>
   </div>
   <div class='ocr_carea' id='block_1_51' title="bbox 206 4765 1763 4852">
    <p class='ocr_par' dir='ltr' id='par_1_51' title="bbox 206 4765 1763 4852">
     <span class='ocr_line' id='line_1_51' title="bbox 206 4765 1763 4852; baseline 0.015 -35"><span class='ocrx_word' id='word_1_338' title='bbox 206 4765 318 4829; x_wconf 73' lang='grc' dir='ltr'><strong>τοὺς</strong></span> <span class='ocrx_word' id='word_1_339' title='bbox 369 4769 688 4842; x_wconf 77' lang='grc' dir='ltr'><strong>Βαρδὰρους</strong></span> <span class='ocrx_word' id='word_1_340' title='bbox 736 4773 1242 4846; x_wconf 73' lang='grc' dir='ltr'><strong>εὐλαϐηθήσονται,</strong></span> <span class='ocrx_word' id='word_1_341' title='bbox 1298 4778 1374 4843; x_wconf 85' lang='grc' dir='ltr'><strong>ὡς</strong></span> <span class='ocrx_word' id='word_1_342' title='bbox 1423 4780 1523 4844; x_wconf 81' lang='grc' dir='ltr'><strong>τὰς</strong></span> <span class='ocrx_word' id='word_1_343' title='bbox 1575 4783 1763 4852; x_wconf 79' lang='grc' dir='ltr'><strong>χεῖρας</strong></span> 
     </span>
    </p>
   </div>
   <div class='ocr_carea' id='block_1_52' title="bbox 206 4855 1762 4940">
    <p class='ocr_par' dir='ltr' id='par_1_52' title="bbox 206 4855 1762 4940">
     <span class='ocr_line' id='line_1_52' title="bbox 206 4855 1762 4940; baseline 0.014 -35"><span class='ocrx_word' id='word_1_344' title='bbox 206 4855 430 4916; x_wconf 75' lang='grc' dir='ltr'><strong>ἐντεῦθεν</strong></span> <span class='ocrx_word' id='word_1_345' title='bbox 459 4865 788 4932; x_wconf 78' lang='grc' dir='ltr'><strong>μιαίνοντες,</strong></span> <span class='ocrx_word' id='word_1_346' title='bbox 823 4866 1100 4937; x_wconf 79' lang='grc' dir='ltr'><strong>οίχήσεται</strong></span> <span class='ocrx_word' id='word_1_347' title='bbox 1141 4868 1457 4937; x_wconf 76' lang='grc' dir='ltr'><strong>ξύμπαντα,</strong></span> <span class='ocrx_word' id='word_1_348' title='bbox 1499 4873 1594 4924; x_wconf 64' lang='grc' dir='ltr'><strong>καὶ</strong></span> <span class='ocrx_word' id='word_1_349' title='bbox 1622 4888 1762 4940; x_wconf 81' lang='grc' dir='ltr'><strong>κρα-</strong></span> 
     </span>
    </p>
   </div>
   <div class='ocr_carea' id='block_1_53' title="bbox 206 4950 1760 5030">
    <p class='ocr_par' dir='ltr' id='par_1_53' title="bbox 206 4950 1760 5030">
     <span class='ocr_line' id='line_1_53' title="bbox 206 4950 1760 5030; baseline 0.01 -27"><span class='ocrx_word' id='word_1_350' title='bbox 206 4950 442 5016; x_wconf 78' lang='grc' dir='ltr'><strong>τήσουσιν</strong></span> <span class='ocrx_word' id='word_1_351' title='bbox 469 4961 516 5010; x_wconf 89' lang='grc' dir='ltr'><strong>οί</strong></span> <span class='ocrx_word' id='word_1_352' title='bbox 552 4958 818 5030; x_wconf 77' lang='grc' dir='ltr'><strong>βάρόαροι</strong></span> <span class='ocrx_word' id='word_1_353' title='bbox 852 4963 1070 5014; x_wconf 82' lang='grc' dir='ltr'><strong>πάντων</strong></span> <span class='ocrx_word' id='word_1_354' title='bbox 1096 4978 1112 4994; x_wconf 78' lang='grc' dir='ltr'>ο</span> <span class='ocrx_word' id='word_1_355' title='bbox 1147 4961 1182 5016; x_wconf 76' lang='grc' dir='ltr'><strong>ἃ</strong></span> <span class='ocrx_word' id='word_1_356' title='bbox 1218 4964 1311 5016; x_wconf 82' lang='grc' dir='ltr'><strong>καὶ</strong></span> <span class='ocrx_word' id='word_1_357' title='bbox 1338 4965 1386 5016; x_wconf 83' lang='grc' dir='ltr'><strong>οἱ</strong></span> <span class='ocrx_word' id='word_1_358' title='bbox 1423 4965 1594 5018; x_wconf 73' lang='grc' dir='ltr'><strong>παλαι</strong></span> <span class='ocrx_word' id='word_1_359' title='bbox 1644 4966 1760 5019; x_wconf 80' lang='lat' dir='ltr'><strong>lla-</strong></span> 
     </span>
    </p>
   </div>
   <div class='ocr_carea' id='block_1_54' title="bbox 211 5042 1764 5127">
    <p class='ocr_par' dir='ltr' id='par_1_54' title="bbox 211 5042 1764 5127">
     <span class='ocr_line' id='line_1_54' title="bbox 211 5042 1764 5127; baseline 0.012 -32"><span class='ocrx_word' id='word_1_360' title='bbox 211 5042 353 5112; x_wconf 79' lang='grc' dir='ltr'><strong>τέρες</strong></span> <span class='ocrx_word' id='word_1_361' title='bbox 402 5049 772 5122; x_wconf 72' lang='grc' dir='ltr'><strong>λογισάμενοι,</strong></span> <span class='ocrx_word' id='word_1_362' title='bbox 833 5054 893 5107; x_wconf 85' lang='grc' dir='ltr'><strong>ού</strong></span> <span class='ocrx_word' id='word_1_363' title='bbox 945 5055 1058 5118; x_wconf 72' lang='grc' dir='ltr'><strong>τοῖς</strong></span> <span class='ocrx_word' id='word_1_364' title='bbox 1099 5055 1323 5125; x_wconf 72' lang='grc' dir='ltr'><strong>φονεῦσι</strong></span> <span class='ocrx_word' id='word_1_365' title='bbox 1355 5057 1764 5127; x_wconf 80' lang='grc' dir='ltr'><strong>συγκατέλεξαν</strong></span> 
     </span>
    </p>
   </div>
   <div class='ocr_carea' id='block_1_55' title="bbox 208 5138 1761 5224">
    <p class='ocr_par' dir='ltr' id='par_1_55' title="bbox 208 5138 1761 5224">
     <span class='ocr_line' id='line_1_55' title="bbox 208 5138 1761 5224; baseline 0.007 -29"><span class='ocrx_word' id='word_1_366' title='bbox 208 5138 320 5203; x_wconf 63' lang='grc' dir='ltr'><strong>τοὺς</strong></span> <span class='ocrx_word' id='word_1_367' title='bbox 362 5145 416 5197; x_wconf 76' lang='grc' dir='ltr'><strong>ὲν</strong></span> <span class='ocrx_word' id='word_1_368' title='bbox 461 5144 720 5216; x_wconf 79' lang='grc' dir='ltr'><strong>πολέμοις</strong></span> <span class='ocrx_word' id='word_1_369' title='bbox 775 5148 1139 5216; x_wconf 77' lang='grc' dir='ltr'><strong>φονεύοντας,</strong></span> <span class='ocrx_word' id='word_1_370' title='bbox 1198 5154 1761 5224; x_wconf 64' lang='grc' dir='ltr'><strong>συγγνωμονῆσαντες</strong></span> 
     </span>
    </p>
   </div>
   <div class='ocr_carea' id='block_1_56' title="bbox 211 5231 1750 5313">
    <p class='ocr_par' dir='ltr' id='par_1_56' title="bbox 211 5231 1750 5313">
     <span class='ocr_line' id='line_1_56' title="bbox 211 5231 1750 5313; baseline 0.009 -29"><span class='ocrx_word' id='word_1_371' title='bbox 211 5231 393 5300; x_wconf 74' lang='grc' dir='ltr'><strong>αὐτοῖς,</strong></span> <span class='ocrx_word' id='word_1_372' title='bbox 427 5239 500 5302; x_wconf 86' lang='grc' dir='ltr'><strong>ὼς</strong></span> <span class='ocrx_word' id='word_1_373' title='bbox 523 5234 678 5304; x_wconf 74' lang='grc' dir='ltr'><strong>οὗτος</strong></span> <span class='ocrx_word' id='word_1_374' title='bbox 729 5241 934 5312; x_wconf 66' lang='grc' dir='ltr'><strong>ἔφησεν</strong></span> <span class='ocrx_word' id='word_1_375' title='bbox 958 5243 986 5294; x_wconf 80' lang='grc' dir='ltr'><strong>ό</strong></span> <span class='ocrx_word' id='word_1_376' title='bbox 1013 5241 1189 5310; x_wconf 78' lang='grc' dir='ltr'><strong>ἅγιος,</strong></span> <span class='ocrx_word' id='word_1_377' title='bbox 1249 5242 1326 5307; x_wconf 83' lang='grc' dir='ltr'><strong>ὡς</strong></span> <span class='ocrx_word' id='word_1_378' title='bbox 1352 5245 1490 5313; x_wconf 80' lang='grc' dir='ltr'><strong>ὑπὲρ</strong></span> <span class='ocrx_word' id='word_1_379' title='bbox 1546 5262 1750 5313; x_wconf 72' lang='grc' dir='ltr'><strong>σωφρο-</strong></span> 
     </span>
    </p>
   </div>
   <div class='ocr_carea' id='block_1_57' title="bbox 210 5323 1762 5412">
    <p class='ocr_par' dir='ltr' id='par_1_57' title="bbox 210 5323 1762 5412">
     <span class='ocr_line' id='line_1_57' title="bbox 210 5323 1762 5412; baseline 0.009 -31"><span class='ocrx_word' id='word_1_380' title='bbox 210 5323 354 5398; x_wconf 73' lang='grc' dir='ltr'><strong>σύνης</strong></span> <span class='ocrx_word' id='word_1_381' title='bbox 383 5331 473 5386; x_wconf 84' lang='grc' dir='ltr'><strong>καὶ</strong></span> <span class='ocrx_word' id='word_1_382' title='bbox 504 5333 781 5398; x_wconf 74' lang='grc' dir='ltr'><strong>εὐσεϐείας</strong></span> <span class='ocrx_word' id='word_1_383' title='bbox 841 5336 1226 5404; x_wconf 84' lang='grc' dir='ltr'><strong>ἀμυνομένοις.</strong></span> <span class='ocrx_word' id='word_1_384' title='bbox 1292 5337 1352 5390; x_wconf 85' lang='lat' dir='ltr'><strong>El</strong></span> <span class='ocrx_word' id='word_1_385' title='bbox 1402 5339 1513 5408; x_wconf 84' lang='grc' dir='ltr'><strong>γὰρ</strong></span> <span class='ocrx_word' id='word_1_386' title='bbox 1540 5342 1589 5393; x_wconf 81' lang='lat' dir='ltr'><strong>ot</strong></span> <span class='ocrx_word' id='word_1_387' title='bbox 1619 5340 1762 5412; x_wconf 78' lang='grc' dir='ltr'><strong>Βάρ-</strong></span> 
     </span>
    </p>
   </div>
   <div class='ocr_carea' id='block_1_58' title="bbox 210 5415 1761 5509">
    <p class='ocr_par' dir='ltr' id='par_1_58' title="bbox 210 5415 1761 5495">
     <span class='ocr_line' id='line_1_58' title="bbox 210 5415 1761 5495; baseline 0.01 -22"><span class='ocrx_word' id='word_1_388' title='bbox 210 5415 762 5495; x_wconf 69' lang='grc' dir='ltr'><strong>δαροικυριεύσουσιν,</strong></span> <span class='ocrx_word' id='word_1_389' title='bbox 802 5424 1203 5482; x_wconf 74' lang='grc' dir='ltr'><strong>οὒτε·εύσέ6εια</strong></span> <span class='ocrx_word' id='word_1_390' title='bbox 1241 5430 1412 5494; x_wconf 74' lang='grc' dir='ltr'><strong>ἔσται,</strong></span> <span class='ocrx_word' id='word_1_391' title='bbox 1461 5430 1586 5486; x_wconf 76' lang='grc' dir='ltr'><strong>οὕτε</strong></span> <span class='ocrx_word' id='word_1_392' title='bbox 1657 5453 1761 5489; x_wconf 84' lang='grc' dir='ltr'><strong>σω-</strong></span> 
     </span>
    </p>
   </div>
   <div class='ocr_carea' id='block_1_59' title="bbox 208 5506 1758 5597">
    <p class='ocr_par' dir='ltr' id='par_1_59' title="bbox 208 5506 1758 5597">
     <span class='ocr_line' id='line_1_59' title="bbox 208 5506 1758 5597; baseline 0.012 -33"><span class='ocrx_word' id='word_1_393' title='bbox 208 5513 445 5587; x_wconf 74' lang='grc' dir='ltr'><strong>φροσύνη.</strong></span> <span class='ocrx_word' id='word_1_394' title='bbox 504 5520 617 5588; x_wconf 77' lang='grc' dir='ltr'><strong>τὴν</strong></span> <span class='ocrx_word' id='word_1_395' title='bbox 671 5522 772 5590; x_wconf 72' lang='grc' dir='ltr'><strong>μὲν</strong></span> <span class='ocrx_word' id='word_1_396' title='bbox 810 5506 1262 5593; x_wconf 44' lang='grc' dir='ltr'><strong>’γᾶρίεύσέὄειαν</strong></span> <span class='ocrx_word' id='word_1_397' title='bbox 1311 5523 1664 5597; x_wconf 80' lang='grc' dir='ltr'><strong>ἀθετήσουσι,</strong></span> <span class='ocrx_word' id='word_1_398' title='bbox 1697 5529 1758 5582; x_wconf 79' lang='grc' dir='ltr'><strong>τὸ</strong></span> 
     </span>
    </p>
   </div>
   <div class='ocr_carea' id='block_1_60' title="bbox 207 5603 1755 5691">
    <p class='ocr_par' dir='ltr' id='par_1_60' title="bbox 207 5603 1755 5691">
     <span class='ocr_line' id='line_1_60' title="bbox 207 5603 1755 5691; baseline 0.017 -38"><span class='ocrx_word' id='word_1_399' title='bbox 207 5603 382 5660; x_wconf 72' lang='grc' dir='ltr'><strong>οἰκεῖον</strong></span> <span class='ocrx_word' id='word_1_400' title='bbox 407 5612 565 5676; x_wconf 76' lang='grc' dir='ltr'><strong>σέϐας</strong></span> <span class='ocrx_word' id='word_1_401' title='bbox 594 5615 956 5684; x_wconf 81' lang='grc' dir='ltr'><strong>κρατύνοντες</strong></span> <span class='ocrx_word' id='word_1_402' title='bbox 980 5632 996 5647; x_wconf 80' lang='grc'><strong><em>⁸</em></strong></span> <span class='ocrx_word' id='word_1_403' title='bbox 1056 5616 1155 5686; x_wconf 78' lang='grc' dir='ltr'><strong>τὴν</strong></span> <span class='ocrx_word' id='word_1_404' title='bbox 1185 5617 1242 5671; x_wconf 70' lang='grc' dir='ltr'><strong>δὲ</strong></span> <span class='ocrx_word' id='word_1_405' title='bbox 1275 5620 1635 5691; x_wconf 68' lang='grc' dir='ltr'><strong>σωφροσύνην</strong></span> <span class='ocrx_word' id='word_1_406' title='bbox 1662 5625 1755 5678; x_wconf 81' lang='grc' dir='ltr'><strong>ού-</strong></span> 
     </span>
    </p>
   </div>
   <div class='ocr_carea' id='block_1_61' title="bbox 206 5693 1757 5785">
    <p class='ocr_par' dir='ltr' id='par_1_61' title="bbox 206 5693 1757 5785">
     <span class='ocr_line' id='line_1_61' title="bbox 206 5693 1757 5785; baseline 0.016 -39"><span class='ocrx_word' id='word_1_407' title='bbox 206 5693 301 5760; x_wconf 74' lang='grc' dir='ltr'><strong>ὂεὶς</strong></span> <span class='ocrx_word' id='word_1_408' title='bbox 330 5706 562 5771; x_wconf 74' lang='grc' dir='ltr'><strong>μετιέναι</strong></span> <span class='ocrx_word' id='word_1_409' title='bbox 614 5709 1122 5779; x_wconf 71' lang='grc' dir='ltr'><strong>συγχωρηθήσεται,</strong></span> <span class='ocrx_word' id='word_1_410' title='bbox 1168 5711 1306 5767; x_wconf 72' lang='grc' dir='ltr'><strong>ἀλλὰ</strong></span> <span class='ocrx_word' id='word_1_411' title='bbox 1330 5712 1430 5785; x_wconf 77' lang='grc' dir='ltr'><strong>ζῇν</strong></span> <span class='ocrx_word' id='word_1_412' title='bbox 1459 5714 1584 5768; x_wconf 81' lang='grc' dir='ltr'><strong>κατ’</strong></span> <span class='ocrx_word' id='word_1_413' title='bbox 1613 5717 1757 5770; x_wconf 80' lang='grc' dir='ltr'><strong>ὲκεί-</strong></span> 
     </span>
    </p>
   </div>
   <div class='ocr_carea' id='block_1_62' title="bbox 209 5797 1756 5873">
    <p class='ocr_par' dir='ltr' id='par_1_62' title="bbox 209 5797 1756 5873">
     <span class='ocr_line' id='line_1_62' title="bbox 209 5797 1756 5873; baseline 0.016 -35"><span class='ocrx_word' id='word_1_414' title='bbox 209 5804 314 5854; x_wconf 75' lang='grc' dir='ltr'><strong>νονς</strong></span> <span class='ocrx_word' id='word_1_415' title='bbox 362 5797 498 5863; x_wconf 73' lang='grc' dir='ltr'><strong>ἄπας</strong></span> <span class='ocrx_word' id='word_1_416' title='bbox 550 5801 996 5873; x_wconf 73' lang='grc' dir='ltr'><strong>ἐκϐιασθήσεται.</strong></span> <span class='ocrx_word' id='word_1_417' title='bbox 1076 5804 1136 5857; x_wconf 84' lang='grc'><strong>’0</strong></span> <span class='ocrx_word' id='word_1_418' title='bbox 1189 5805 1244 5858; x_wconf 64' lang='grc' dir='ltr'><strong>δὲ</strong></span> <span class='ocrx_word' id='word_1_419' title='bbox 1291 5808 1359 5860; x_wconf 75' lang='grc' dir='ltr'><strong>τὰ</strong></span> <span class='ocrx_word' id='word_1_420' title='bbox 1421 5809 1538 5863; x_wconf 82' lang='grc' dir='ltr'><strong>θεία</strong></span> <span class='ocrx_word' id='word_1_421' title='bbox 1587 5809 1756 5872; x_wconf 85' lang='grc' dir='ltr'><strong>πολὺς</strong></span> 
     </span>
    </p>
   </div>
   <div class='ocr_carea' id='block_1_63' title="bbox 220 5878 1750 5971">
    <p class='ocr_par' dir='ltr' id='par_1_63' title="bbox 220 5878 1750 5971">
     <span class='ocr_line' id='line_1_63' title="bbox 220 5878 1750 5971; baseline 0.012 -35"><span class='ocrx_word' id='word_1_422' title='bbox 220 5878 504 5958; x_wconf 73' lang='grc' dir='ltr'><strong>Ἀθανάσιος</strong></span> <span class='ocrx_word' id='word_1_423' title='bbox 539 5895 594 5948; x_wconf 79' lang='grc' dir='ltr'><strong>ὲν</strong></span> <span class='ocrx_word' id='word_1_424' title='bbox 617 5897 682 5967; x_wconf 64' lang='grc' dir='ltr'><strong>τῇ</strong></span> <span class='ocrx_word' id='word_1_425' title='bbox 729 5895 1128 5967; x_wconf 70' lang='grc' dir='ltr'><strong>πρδςἋμμοῦν</strong></span> <span class='ocrx_word' id='word_1_426' title='bbox 1160 5900 1464 5966; x_wconf 72' lang='grc' dir='ltr'><strong>μονάζοντα</strong></span> <span class='ocrx_word' id='word_1_427' title='bbox 1491 5907 1750 5971; x_wconf 81' lang='grc' dir='ltr'><strong>κανονικῇ</strong></span> 
     </span>
    </p>
   </div>
   <div class='ocr_carea' id='block_1_64' title="bbox 1878 591 3460 664">
    <p class='ocr_par' dir='ltr' id='par_1_64' title="bbox 1878 591 3460 664">
     <span class='ocr_line' id='line_1_64' title="bbox 1878 591 3460 664; baseline -0.005 -11"><span class='ocrx_word' id='word_1_428' title='bbox 1878 597 2058 653; x_wconf 77' lang='lat' dir='ltr'><strong>editus</strong></span> <span class='ocrx_word' id='word_1_429' title='bbox 2087 603 2194 660; x_wconf 80' lang='lat' dir='ltr'><strong>est,</strong></span> <span class='ocrx_word' id='word_1_430' title='bbox 2224 596 2319 651; x_wconf 86' lang='lat' dir='ltr'><strong>sed</strong></span> <span class='ocrx_word' id='word_1_431' title='bbox 2347 610 2454 650; x_wconf 89' lang='lat' dir='ltr'><strong>non</strong></span> <span class='ocrx_word' id='word_1_432' title='bbox 2479 604 2562 650; x_wconf 83' lang='lat' dir='ltr'><strong>est</strong></span> <span class='ocrx_word' id='word_1_433' title='bbox 2594 595 2647 649; x_wconf 92' lang='lat' dir='ltr'><strong>in</strong></span> <span class='ocrx_word' id='word_1_434' title='bbox 2682 608 2808 656; x_wconf 90' lang='lat' dir='ltr'><strong>usu,</strong></span> <span class='ocrx_word' id='word_1_435' title='bbox 2831 594 2975 664; x_wconf 88' lang='lat' dir='ltr'><strong>quod</strong></span> <span class='ocrx_word' id='word_1_436' title='bbox 3003 608 3071 648; x_wconf 76' lang='lat' dir='ltr'><strong>ex</strong></span> <span class='ocrx_word' id='word_1_437' title='bbox 3098 609 3163 648; x_wconf 88' lang='lat' dir='ltr'><strong>eo</strong></span> <span class='ocrx_word' id='word_1_438' title='bbox 3193 591 3460 654; x_wconf 89' lang='lat' dir='ltr'><strong>eveniret,</strong></span> 
     </span>
    </p>
   </div>
   <div class='ocr_carea' id='block_1_65' title="bbox 1879 683 3458 752">
    <p class='ocr_par' dir='ltr' id='par_1_65' title="bbox 1879 683 3458 752">
     <span class='ocr_line' id='line_1_65' title="bbox 1879 683 3458 752; baseline -0.006 -11"><span class='ocrx_word' id='word_1_439' title='bbox 1879 683 1926 741; x_wconf 92' lang='lat' dir='ltr'><strong>si</strong></span> <span class='ocrx_word' id='word_1_440' title='bbox 1959 683 2362 749; x_wconf 87' lang='lat' dir='ltr'><strong>admitteretur,</strong></span> <span class='ocrx_word' id='word_1_441' title='bbox 2387 694 2446 740; x_wconf 91' lang='lat' dir='ltr'><strong>ut</strong></span> <span class='ocrx_word' id='word_1_442' title='bbox 2469 684 2672 740; x_wconf 75' lang='lat' dir='ltr'><strong>milites</strong></span> <span class='ocrx_word' id='word_1_443' title='bbox 2691 691 3156 740; x_wconf 75' lang='lat' dir='ltr'><strong>sacramentorum</strong></span> <span class='ocrx_word' id='word_1_444' title='bbox 3185 698 3458 752; x_wconf 79' lang='lat' dir='ltr'><strong>nunquam</strong></span> 
     </span>
    </p>
   </div>
   <div class='ocr_carea' id='block_1_66' title="bbox 1875 779 3460 851">
    <p class='ocr_par' dir='ltr' id='par_1_66' title="bbox 1875 779 3460 851">
     <span class='ocr_line' id='line_1_66' title="bbox 1875 779 3460 851; baseline -0.001 -17"><span class='ocrx_word' id='word_1_445' title='bbox 1875 789 2062 834; x_wconf 83' lang='lat' dir='ltr'><strong>essent</strong></span> <span class='ocrx_word' id='word_1_446' title='bbox 2088 779 2406 850; x_wconf 80' lang='lat' dir='ltr'><strong>participes,</strong></span> <span class='ocrx_word' id='word_1_447' title='bbox 2436 794 2560 835; x_wconf 89' lang='lat' dir='ltr'><strong>cum</strong></span> <span class='ocrx_word' id='word_1_448' title='bbox 2591 779 2644 832; x_wconf 85' lang='lat' dir='ltr'><strong>in</strong></span> <span class='ocrx_word' id='word_1_449' title='bbox 2678 779 2894 836; x_wconf 77' lang='lat' dir='ltr'><strong>crebris</strong></span> <span class='ocrx_word' id='word_1_450' title='bbox 2914 780 3024 851; x_wconf 82' lang='lat' dir='ltr'><strong>7o</strong></span> <span class='ocrx_word' id='word_1_451' title='bbox 3053 779 3216 835; x_wconf 90' lang='lat' dir='ltr'><strong>bellis</strong></span> <span class='ocrx_word' id='word_1_452' title='bbox 3244 794 3460 834; x_wconf 85' lang='lat' dir='ltr'><strong>versen-</strong></span> 
     </span>
    </p>
   </div>
   <div class='ocr_carea' id='block_1_67' title="bbox 1879 872 3458 943">
    <p class='ocr_par' dir='ltr' id='par_1_67' title="bbox 1879 872 3458 943">
     <span class='ocr_line' id='line_1_67' title="bbox 1879 872 3458 943; baseline -0.002 -15"><span class='ocrx_word' id='word_1_453' title='bbox 1879 883 1987 939; x_wconf 89' lang='lat' dir='ltr'><strong>tur,</strong></span> <span class='ocrx_word' id='word_1_454' title='bbox 2021 882 2076 929; x_wconf 90' lang='lat' dir='ltr'><strong>et</strong></span> <span class='ocrx_word' id='word_1_455' title='bbox 2107 878 2290 929; x_wconf 83' lang='lat' dir='ltr'><strong>hostes</strong></span> <span class='ocrx_word' id='word_1_456' title='bbox 2319 873 2652 930; x_wconf 74' lang='lat' dir='ltr'><strong>interﬁciant</strong></span> <span class='ocrx_word' id='word_1_457' title='bbox 2679 891 2695 929; x_wconf 91' lang='lat'><strong>:</strong></span> <span class='ocrx_word' id='word_1_458' title='bbox 2724 872 2867 943; x_wconf 88' lang='lat' dir='ltr'><strong>quod</strong></span> <span class='ocrx_word' id='word_1_459' title='bbox 2900 890 3007 929; x_wconf 90' lang='lat' dir='ltr'><strong>non</strong></span> <span class='ocrx_word' id='word_1_460' title='bbox 3036 883 3117 928; x_wconf 82' lang='lat' dir='ltr'><strong>est</strong></span> <span class='ocrx_word' id='word_1_461' title='bbox 3149 873 3458 928; x_wconf 79' lang='lat' dir='ltr'><strong>ferendum.</strong></span> 
     </span>
    </p>
   </div>
   <div class='ocr_carea' id='block_1_68' title="bbox 1877 964 3464 1037">
    <p class='ocr_par' dir='ltr' id='par_1_68' title="bbox 1877 964 3464 1037">
     <span class='ocr_line' id='line_1_68' title="bbox 1877 964 3464 1037; baseline -0.005 -14"><span class='ocrx_word' id='word_1_462' title='bbox 1877 966 2153 1036; x_wconf 84' lang='lat' dir='ltr'><strong>Scriptum</strong></span> <span class='ocrx_word' id='word_1_463' title='bbox 2178 978 2262 1023; x_wconf 87' lang='lat' dir='ltr'><strong>est</strong></span> <span class='ocrx_word' id='word_1_464' title='bbox 2287 968 2460 1032; x_wconf 87' lang='lat' dir='ltr'><strong>enim,</strong></span> <span class='ocrx_word' id='word_1_465' title='bbox 2487 971 2632 1037; x_wconf 87' lang='lat' dir='ltr'><strong>quod</strong></span> <span class='ocrx_word' id='word_1_466' title='bbox 2663 982 2785 1022; x_wconf 87' lang='lat' dir='ltr'><strong>cum</strong></span> <span class='ocrx_word' id='word_1_467' title='bbox 2815 965 3022 1019; x_wconf 82' lang='lat' dir='ltr'><strong>Phoeas</strong></span> <span class='ocrx_word' id='word_1_468' title='bbox 3055 964 3145 1019; x_wconf 91' lang='lat' dir='ltr'><strong>ille</strong></span> <span class='ocrx_word' id='word_1_469' title='bbox 3167 966 3464 1033; x_wconf 79' lang='lat' dir='ltr'><strong>imperator</strong></span> 
     </span>
    </p>
   </div>
   <div class='ocr_carea' id='block_1_69' title="bbox 1874 1055 3464 1133">
    <p class='ocr_par' dir='ltr' id='par_1_69' title="bbox 1874 1055 3464 1133">
     <span class='ocr_line' id='line_1_69' title="bbox 1874 1055 3464 1133; baseline -0.006 -17"><span class='ocrx_word' id='word_1_470' title='bbox 1874 1063 2039 1118; x_wconf 83' lang='lat' dir='ltr'><strong>vellet</strong></span> <span class='ocrx_word' id='word_1_471' title='bbox 2065 1077 2163 1117; x_wconf 87' lang='lat' dir='ltr'><strong>eos</strong></span> <span class='ocrx_word' id='word_1_472' title='bbox 2193 1061 2526 1133; x_wconf 82' lang='lat' dir='ltr'><strong>martyribus</strong></span> <span class='ocrx_word' id='word_1_473' title='bbox 2556 1059 2904 1113; x_wconf 78' lang='lat' dir='ltr'><strong>annumerari</strong></span> <span class='ocrx_word' id='word_1_474' title='bbox 2935 1058 3024 1128; x_wconf 90' lang='lat' dir='ltr'><strong>qni</strong></span> <span class='ocrx_word' id='word_1_475' title='bbox 3053 1057 3106 1112; x_wconf 90' lang='lat' dir='ltr'><strong>in</strong></span> <span class='ocrx_word' id='word_1_476' title='bbox 3140 1056 3295 1111; x_wconf 87' lang='lat' dir='ltr'><strong>bellis</strong></span> <span class='ocrx_word' id='word_1_477' title='bbox 3316 1055 3464 1109; x_wconf 87' lang='lat' dir='ltr'><strong>occi-</strong></span> 
     </span>
    </p>
   </div>
   <div class='ocr_carea' id='block_1_70' title="bbox 1876 1151 3458 1224">
    <p class='ocr_par' dir='ltr' id='par_1_70' title="bbox 1876 1151 3458 1224">
     <span class='ocr_line' id='line_1_70' title="bbox 1876 1151 3458 1224; baseline -0.006 -12"><span class='ocrx_word' id='word_1_478' title='bbox 1876 1160 2098 1220; x_wconf 86' lang='lat' dir='ltr'><strong>duntur,</strong></span> <span class='ocrx_word' id='word_1_479' title='bbox 2137 1157 2228 1224; x_wconf 88' lang='lat' dir='ltr'><strong>qui</strong></span> <span class='ocrx_word' id='word_1_480' title='bbox 2273 1165 2402 1211; x_wconf 89' lang='lat' dir='ltr'><strong>tunc</strong></span> <span class='ocrx_word' id='word_1_481' title='bbox 2446 1163 2608 1210; x_wconf 83' lang='lat' dir='ltr'><strong>erant</strong></span> <span class='ocrx_word' id='word_1_482' title='bbox 2652 1154 2925 1208; x_wconf 78' lang='lat' dir='ltr'><strong>antistites</strong></span> <span class='ocrx_word' id='word_1_483' title='bbox 2974 1152 3081 1207; x_wconf 88' lang='lat' dir='ltr'><strong>hoc</strong></span> <span class='ocrx_word' id='word_1_484' title='bbox 3118 1151 3198 1205; x_wconf 82' lang='lat' dir='ltr'><strong>nsi</strong></span> <span class='ocrx_word' id='word_1_485' title='bbox 3249 1163 3458 1204; x_wconf 84' lang='lat' dir='ltr'><strong>canone</strong></span> 
     </span>
    </p>
   </div>
   <div class='ocr_carea' id='block_1_71' title="bbox 1878 1243 3456 1317">
    <p class='ocr_par' dir='ltr' id='par_1_71' title="bbox 1878 1243 3456 1317">
     <span class='ocr_line' id='line_1_71' title="bbox 1878 1243 3456 1317; baseline -0.006 -14"><span class='ocrx_word' id='word_1_486' title='bbox 1878 1249 2284 1317; x_wconf 84' lang='lat' dir='ltr'><strong>imperatoriam</strong></span> <span class='ocrx_word' id='word_1_487' title='bbox 2337 1248 2650 1303; x_wconf 80' lang='lat' dir='ltr'><strong>instantiam</strong></span> <span class='ocrx_word' id='word_1_488' title='bbox 2696 1247 2916 1301; x_wconf 86' lang='lat' dir='ltr'><strong>silentio</strong></span> <span class='ocrx_word' id='word_1_489' title='bbox 2961 1249 3329 1311; x_wconf 71' lang='lat' dir='ltr'><strong>mandarunt,</strong></span> <span class='ocrx_word' id='word_1_490' title='bbox 3376 1243 3456 1295; x_wconf 86' lang='lat' dir='ltr'><strong>di-</strong></span> 
     </span>
    </p>
   </div>
   <div class='ocr_carea' id='block_1_72' title="bbox 1875 1337 3458 1409">
    <p class='ocr_par' dir='ltr' id='par_1_72' title="bbox 1875 1337 3458 1409">
     <span class='ocr_line' id='line_1_72' title="bbox 1875 1337 3458 1409; baseline -0.006 -13"><span class='ocrx_word' id='word_1_491' title='bbox 1875 1353 2061 1396; x_wconf 81' lang='lat' dir='ltr'><strong>centes</strong></span> <span class='ocrx_word' id='word_1_492' title='bbox 2099 1359 2116 1395; x_wconf 89' lang='lat'><strong>:</strong></span> <span class='ocrx_word' id='word_1_493' title='bbox 2147 1341 2431 1409; x_wconf 81' lang='lat' dir='ltr'><strong>Quomodo</strong></span> <span class='ocrx_word' id='word_1_494' title='bbox 2459 1355 2557 1394; x_wconf 88' lang='lat' dir='ltr'><strong>eos</strong></span> <span class='ocrx_word' id='word_1_495' title='bbox 2587 1339 2677 1405; x_wconf 88' lang='lat' dir='ltr'><strong>qui</strong></span> <span class='ocrx_word' id='word_1_496' title='bbox 2707 1340 2757 1393; x_wconf 87' lang='lat' dir='ltr'><strong>iu</strong></span> <span class='ocrx_word' id='word_1_497' title='bbox 2787 1339 2944 1394; x_wconf 84' lang='lat' dir='ltr'><strong>bellis</strong></span> <span class='ocrx_word' id='word_1_498' title='bbox 2974 1339 3288 1394; x_wconf 88' lang='lat' dir='ltr'><strong>ceciderunt</strong></span> <span class='ocrx_word' id='word_1_499' title='bbox 3316 1337 3458 1389; x_wconf 86' lang='lat' dir='ltr'><strong>inter</strong></span> 
     </span>
    </p>
   </div>
   <div class='ocr_carea' id='block_1_73' title="bbox 1876 1429 3453 1506">
    <p class='ocr_par' dir='ltr' id='par_1_73' title="bbox 1876 1429 3453 1506">
     <span class='ocr_line' id='line_1_73' title="bbox 1876 1429 3453 1506; baseline -0.003 -18"><span class='ocrx_word' id='word_1_500' title='bbox 1876 1444 2142 1506; x_wconf 83' lang='lat' dir='ltr'><strong>martyres</strong></span> <span class='ocrx_word' id='word_1_501' title='bbox 2192 1433 2879 1501; x_wconf 38' lang='lat' dir='ltr'><strong>annumerahimus,.quos</strong></span> <span class='ocrx_word' id='word_1_502' title='bbox 2929 1445 3157 1501; x_wconf 80' lang='lat' dir='ltr'><strong>magnus</strong></span> <span class='ocrx_word' id='word_1_503' title='bbox 3202 1429 3453 1489; x_wconf 83' lang='lat' dir='ltr'><strong>Basilius.</strong></span> 
     </span>
    </p>
   </div>
   <div class='ocr_carea' id='block_1_74' title="bbox 1877 1524 3454 1598">
    <p class='ocr_par' dir='ltr' id='par_1_74' title="bbox 1877 1524 3454 1598">
     <span class='ocr_line' id='line_1_74' title="bbox 1877 1524 3454 1598; baseline -0.006 -14"><span class='ocrx_word' id='word_1_504' title='bbox 1877 1537 1937 1584; x_wconf 82' lang='lat' dir='ltr'><strong>ut</strong></span> <span class='ocrx_word' id='word_1_505' title='bbox 1971 1530 2063 1598; x_wconf 87' lang='lat' dir='ltr'><strong>qui</strong></span> <span class='ocrx_word' id='word_1_506' title='bbox 2095 1542 2199 1582; x_wconf 89' lang='lat' dir='ltr'><strong>non</strong></span> <span class='ocrx_word' id='word_1_507' title='bbox 2233 1538 2417 1583; x_wconf 84' lang='lat' dir='ltr'><strong>essent</strong></span> <span class='ocrx_word' id='word_1_508' title='bbox 2456 1527 2606 1596; x_wconf 86' lang='lat' dir='ltr'><strong>puris</strong></span> <span class='ocrx_word' id='word_1_509' title='bbox 2639 1526 2910 1588; x_wconf 77' lang='lat' dir='ltr'><strong>manibus,</strong></span> <span class='ocrx_word' id='word_1_510' title='bbox 2943 1524 3179 1579; x_wconf 86' lang='lat' dir='ltr'><strong>triennio</strong></span> <span class='ocrx_word' id='word_1_511' title='bbox 3209 1539 3240 1576; x_wconf 86' lang='lat' dir='ltr'><strong>a</strong></span> <span class='ocrx_word' id='word_1_512' title='bbox 3272 1537 3454 1577; x_wconf 78' lang='lat' dir='ltr'><strong>sacra-</strong></span> 
     </span>
    </p>
   </div>
   <div class='ocr_carea' id='block_1_75' title="bbox 1879 1615 3453 1688">
    <p class='ocr_par' dir='ltr' id='par_1_75' title="bbox 1879 1615 3453 1688">
     <span class='ocr_line' id='line_1_75' title="bbox 1879 1615 3453 1688; baseline -0.007 -12"><span class='ocrx_word' id='word_1_513' title='bbox 1879 1619 2079 1676; x_wconf 89' lang='lat' dir='ltr'><strong>mentis</strong></span> <span class='ocrx_word' id='word_1_514' title='bbox 2105 1616 2430 1688; x_wconf 72' lang='lat' dir='ltr'><strong>prohibuit?</strong></span> <span class='ocrx_word' id='word_1_515' title='bbox 2457 1617 2590 1672; x_wconf 88' lang='lat' dir='ltr'><strong>Cum</strong></span> <span class='ocrx_word' id='word_1_516' title='bbox 2620 1626 2800 1670; x_wconf 89' lang='lat' dir='ltr'><strong>autem</strong></span> <span class='ocrx_word' id='word_1_517' title='bbox 2837 1616 2989 1669; x_wconf 88' lang='lat' dir='ltr'><strong>multi</strong></span> <span class='ocrx_word' id='word_1_518' title='bbox 3023 1615 3360 1678; x_wconf 79' lang='lat' dir='ltr'><strong>sacerdotes,</strong></span> <span class='ocrx_word' id='word_1_519' title='bbox 3398 1622 3453 1667; x_wconf 87' lang='lat' dir='ltr'><strong>et</strong></span> 
     </span>
    </p>
   </div>
   <div class='ocr_carea' id='block_1_76' title="bbox 1877 1709 3456 1783">
    <p class='ocr_par' dir='ltr' id='par_1_76' title="bbox 1877 1709 3456 1783">
     <span class='ocr_line' id='line_1_76' title="bbox 1877 1709 3456 1783; baseline -0.004 -16"><span class='ocrx_word' id='word_1_520' title='bbox 1877 1729 2019 1768; x_wconf 86' lang='lat' dir='ltr'><strong>unus</strong></span> <span class='ocrx_word' id='word_1_521' title='bbox 2052 1712 2268 1782; x_wconf 87' lang='lat' dir='ltr'><strong>quidem</strong></span> <span class='ocrx_word' id='word_1_522' title='bbox 2291 1715 2603 1783; x_wconf 85' lang='lat' dir='ltr'><strong>episcopus,</strong></span> <span class='ocrx_word' id='word_1_523' title='bbox 2635 1726 2695 1764; x_wconf 85' lang='lat' dir='ltr'><strong>se</strong></span> <span class='ocrx_word' id='word_1_524' title='bbox 2720 1710 2871 1780; x_wconf 90' lang='lat' dir='ltr'><strong>jussu</strong></span> <span class='ocrx_word' id='word_1_525' title='bbox 2909 1709 3261 1780; x_wconf 86' lang='lat' dir='ltr'><strong>imperatorio</strong></span> <span class='ocrx_word' id='word_1_526' title='bbox 3293 1723 3456 1778; x_wconf 83' lang='lat' dir='ltr'><strong>syno-</strong></span> 
     </span>
    </p>
   </div>
   <div class='ocr_carea' id='block_1_77' title="bbox 1877 1803 3451 1868">
    <p class='ocr_par' dir='ltr' id='par_1_77' title="bbox 1877 1803 3451 1868">
     <span class='ocr_line' id='line_1_77' title="bbox 1877 1803 3451 1868; baseline -0.006 -5"><span class='ocrx_word' id='word_1_527' title='bbox 1877 1808 2070 1863; x_wconf 87' lang='lat' dir='ltr'><strong>daliter</strong></span> <span class='ocrx_word' id='word_1_528' title='bbox 2102 1806 2389 1868; x_wconf 85' lang='lat' dir='ltr'><strong>stitissent,</strong></span> <span class='ocrx_word' id='word_1_529' title='bbox 2412 1815 2469 1860; x_wconf 88' lang='lat' dir='ltr'><strong>et</strong></span> <span class='ocrx_word' id='word_1_530' title='bbox 2498 1820 2621 1860; x_wconf 90' lang='lat' dir='ltr'><strong>cum</strong></span> <span class='ocrx_word' id='word_1_531' title='bbox 2662 1803 2910 1860; x_wconf 85' lang='lat' dir='ltr'><strong>hostibus</strong></span> <span class='ocrx_word' id='word_1_532' title='bbox 2941 1818 3000 1856; x_wconf 89' lang='lat' dir='ltr'><strong>se</strong></span> <span class='ocrx_word' id='word_1_533' title='bbox 3033 1817 3226 1856; x_wconf 87' lang='lat' dir='ltr'><strong>manus</strong></span> <span class='ocrx_word' id='word_1_534' title='bbox 3259 1816 3451 1854; x_wconf 68' lang='lat' dir='ltr'><strong>conseo</strong></span> 
     </span>
    </p>
   </div>
   <div class='ocr_carea' id='block_1_78' title="bbox 1875 1895 3449 1970">
    <p class='ocr_par' dir='ltr' id='par_1_78' title="bbox 1875 1895 3449 1970">
     <span class='ocr_line' id='line_1_78' title="bbox 1875 1895 3449 1970; baseline -0.006 -13"><span class='ocrx_word' id='word_1_535' title='bbox 1875 1904 2048 1958; x_wconf 82' lang='lat' dir='ltr'><strong>ruisse</strong></span> <span class='ocrx_word' id='word_1_536' title='bbox 2074 1900 2379 1970; x_wconf 77' lang='lat' dir='ltr'><strong>multosque</strong></span> <span class='ocrx_word' id='word_1_537' title='bbox 2400 1915 2466 1955; x_wconf 81' lang='lat' dir='ltr'><strong>ex</strong></span> <span class='ocrx_word' id='word_1_538' title='bbox 2498 1899 2561 1953; x_wconf 88' lang='lat' dir='ltr'><strong>iis</strong></span> <span class='ocrx_word' id='word_1_539' title='bbox 2589 1898 2853 1954; x_wconf 83' lang='lat' dir='ltr'><strong>occidisse</strong></span> <span class='ocrx_word' id='word_1_540' title='bbox 2878 1895 3008 1952; x_wconf 77' lang='lat' dir='ltr'><strong>fassi</strong></span> <span class='ocrx_word' id='word_1_541' title='bbox 3037 1904 3242 1961; x_wconf 88' lang='lat' dir='ltr'><strong>essent,</strong></span> <span class='ocrx_word' id='word_1_542' title='bbox 3269 1896 3449 1949; x_wconf 85' lang='lat' dir='ltr'><strong>divina</strong></span> 
     </span>
    </p>
   </div>
   <div class='ocr_carea' id='block_1_79' title="bbox 1871 1987 3454 2067">
    <p class='ocr_par' dir='ltr' id='par_1_79' title="bbox 1871 1987 3454 2067">
     <span class='ocr_line' id='line_1_79' title="bbox 1871 1987 3454 2067; baseline -0.006 -16"><span class='ocrx_word' id='word_1_543' title='bbox 1871 2005 1926 2051; x_wconf 82' lang='lat' dir='ltr'><strong>et</strong></span> <span class='ocrx_word' id='word_1_544' title='bbox 1955 2006 2140 2052; x_wconf 87' lang='lat' dir='ltr'><strong>sancta</strong></span> <span class='ocrx_word' id='word_1_545' title='bbox 2178 1994 2418 2067; x_wconf 76' lang='lat' dir='ltr'><strong>synodus</strong></span> <span class='ocrx_word' id='word_1_546' title='bbox 2455 2001 2855 2061; x_wconf 86' lang='lat' dir='ltr'><strong>consequenter</strong></span> <span class='ocrx_word' id='word_1_547' title='bbox 2893 1990 3016 2043; x_wconf 83' lang='lat' dir='ltr'><strong>huic</strong></span> <span class='ocrx_word' id='word_1_548' title='bbox 3042 1987 3266 2052; x_wconf 83' lang='lat' dir='ltr'><strong>canoni,</strong></span> <span class='ocrx_word' id='word_1_549' title='bbox 3297 1999 3350 2041; x_wconf 89' lang='lat' dir='ltr'><strong>et</strong></span> <span class='ocrx_word' id='word_1_550' title='bbox 3383 1987 3454 2042; x_wconf 74' lang='lat'><strong>43</strong></span> 
     </span>
    </p>
   </div>
   <div class='ocr_carea' id='block_1_80' title="bbox 1870 2079 3451 2160">
    <p class='ocr_par' dir='ltr' id='par_1_80' title="bbox 1870 2079 3451 2160">
     <span class='ocr_line' id='line_1_80' title="bbox 1870 2079 3451 2160; baseline -0.008 -17"><span class='ocrx_word' id='word_1_551' title='bbox 1870 2088 2117 2160; x_wconf 72' lang='lat' dir='ltr'><strong>ejusdem</strong></span> <span class='ocrx_word' id='word_1_552' title='bbox 2177 2087 2351 2143; x_wconf 80' lang='lat' dir='ltr'><strong>sancti</strong></span> <span class='ocrx_word' id='word_1_553' title='bbox 2406 2095 2462 2139; x_wconf 91' lang='lat' dir='ltr'><strong>et</strong></span> <span class='ocrx_word' id='word_1_554' title='bbox 2514 2085 2634 2138; x_wconf 90' lang='lat' dir='ltr'><strong>aliis</strong></span> <span class='ocrx_word' id='word_1_555' title='bbox 2691 2082 2893 2138; x_wconf 87' lang='lat' dir='ltr'><strong>divinis</strong></span> <span class='ocrx_word' id='word_1_556' title='bbox 2949 2079 3451 2143; x_wconf 77' lang='lat' dir='ltr'><strong>constitutionibus,</strong></span> 
     </span>
    </p>
   </div>
   <div class='ocr_carea' id='block_1_81' title="bbox 1872 2170 3455 2251">
    <p class='ocr_par' dir='ltr' id='par_1_81' title="bbox 1872 2170 3455 2251">
     <span class='ocr_line' id='line_1_81' title="bbox 1872 2170 3455 2251; baseline -0.007 -16"><span class='ocrx_word' id='word_1_557' title='bbox 1872 2183 2093 2238; x_wconf 83' lang='lat' dir='ltr'><strong>volebat</strong></span> <span class='ocrx_word' id='word_1_558' title='bbox 2135 2182 2282 2251; x_wconf 77' lang='lat' dir='ltr'><strong>ipsos</strong></span> <span class='ocrx_word' id='word_1_559' title='bbox 2324 2195 2432 2236; x_wconf 84' lang='lat' dir='ltr'><strong>non</strong></span> <span class='ocrx_word' id='word_1_560' title='bbox 2486 2178 2721 2249; x_wconf 85' lang='lat' dir='ltr'><strong>amplius</strong></span> <span class='ocrx_word' id='word_1_561' title='bbox 2760 2190 2912 2230; x_wconf 88' lang='lat' dir='ltr'><strong>sacra</strong></span> <span class='ocrx_word' id='word_1_562' title='bbox 2959 2170 3259 2229; x_wconf 82' lang='lat' dir='ltr'><strong>celebrare.</strong></span> <span class='ocrx_word' id='word_1_563' title='bbox 3294 2173 3455 2228; x_wconf 83' lang='lat' dir='ltr'><strong>Com-</strong></span> 
     </span>
    </p>
   </div>
   <div class='ocr_carea' id='block_1_82' title="bbox 1869 2267 3447 2349">
    <p class='ocr_par' dir='ltr' id='par_1_82' title="bbox 1869 2267 3447 2349">
     <span class='ocr_line' id='line_1_82' title="bbox 1869 2267 3447 2349; baseline -0.006 -20"><span class='ocrx_word' id='word_1_564' title='bbox 1869 2279 2052 2349; x_wconf 83' lang='lat' dir='ltr'><strong>plures</strong></span> <span class='ocrx_word' id='word_1_565' title='bbox 2083 2287 2287 2341; x_wconf 87' lang='lat' dir='ltr'><strong>autem,</strong></span> <span class='ocrx_word' id='word_1_566' title='bbox 2335 2285 2390 2329; x_wconf 90' lang='lat' dir='ltr'><strong>et</strong></span> <span class='ocrx_word' id='word_1_567' title='bbox 2423 2273 2514 2343; x_wconf 91' lang='lat' dir='ltr'><strong>qui</strong></span> <span class='ocrx_word' id='word_1_568' title='bbox 2551 2281 2708 2325; x_wconf 84' lang='lat' dir='ltr'><strong>erant</strong></span> <span class='ocrx_word' id='word_1_569' title='bbox 2758 2269 2918 2339; x_wconf 82' lang='lat' dir='ltr'><strong>paulo</strong></span> <span class='ocrx_word' id='word_1_570' title='bbox 2963 2269 3135 2340; x_wconf 70' lang='lat' dir='ltr'><strong>magis</strong></span> <span class='ocrx_word' id='word_1_571' title='bbox 3170 2267 3447 2326; x_wconf 86' lang='lat' dir='ltr'><strong>militares.</strong></span> 
     </span>
    </p>
   </div>
   <div class='ocr_carea' id='block_1_83' title="bbox 1869 2359 3448 2434">
    <p class='ocr_par' dir='ltr' id='par_1_83' title="bbox 1869 2359 3448 2434">
     <span class='ocr_line' id='line_1_83' title="bbox 1869 2359 3448 2434; baseline -0.006 -11"><span class='ocrx_word' id='word_1_572' title='bbox 1869 2384 1968 2425; x_wconf 83' lang='lat' dir='ltr'><strong>eos</strong></span> <span class='ocrx_word' id='word_1_573' title='bbox 2004 2369 2169 2424; x_wconf 90' lang='lat' dir='ltr'><strong>etiam</strong></span> <span class='ocrx_word' id='word_1_574' title='bbox 2203 2365 2444 2434; x_wconf 67' lang='lat' dir='ltr'><strong>praemiis</strong></span> <span class='ocrx_word' id='word_1_575' title='bbox 2468 2365 2662 2434; x_wconf 79' lang='lat' dir='ltr'><strong>dignos</strong></span> <span class='ocrx_word' id='word_1_576' title='bbox 2686 2379 2807 2418; x_wconf 78' lang='lat' dir='ltr'><strong>esse</strong></span> <span class='ocrx_word' id='word_1_577' title='bbox 2837 2360 3262 2418; x_wconf 84' lang='lat' dir='ltr'><strong>contendebant.</strong></span> <span class='ocrx_word' id='word_1_578' title='bbox 3299 2359 3448 2414; x_wconf 75' lang='lat' dir='ltr'><strong>Multi</strong></span> 
     </span>
    </p>
   </div>
   <div class='ocr_carea' id='block_1_84' title="bbox 1871 2453 3453 2531">
    <p class='ocr_par' dir='ltr' id='par_1_84' title="bbox 1871 2453 3453 2531">
     <span class='ocr_line' id='line_1_84' title="bbox 1871 2453 3453 2531; baseline -0.006 -14"><span class='ocrx_word' id='word_1_579' title='bbox 1871 2472 2074 2527; x_wconf 88' lang='lat' dir='ltr'><strong>autem,</strong></span> <span class='ocrx_word' id='word_1_580' title='bbox 2099 2461 2189 2531; x_wconf 87' lang='lat' dir='ltr'><strong>qui</strong></span> <span class='ocrx_word' id='word_1_581' title='bbox 2217 2460 2272 2514; x_wconf 90' lang='lat' dir='ltr'><strong>in</strong></span> <span class='ocrx_word' id='word_1_582' title='bbox 2303 2470 2545 2528; x_wconf 81' lang='lat' dir='ltr'><strong>tempore</strong></span> <span class='ocrx_word' id='word_1_583' title='bbox 2575 2456 2771 2511; x_wconf 88' lang='lat' dir='ltr'><strong>ludicri</strong></span> <span class='ocrx_word' id='word_1_584' title='bbox 2800 2472 2922 2509; x_wconf 88' lang='lat' dir='ltr'><strong>cum</strong></span> <span class='ocrx_word' id='word_1_585' title='bbox 2947 2455 3116 2524; x_wconf 78' lang='lat' dir='ltr'><strong>virgis</strong></span> <span class='ocrx_word' id='word_1_586' title='bbox 3137 2453 3453 2510; x_wconf 85' lang='lat' dir='ltr'><strong>certaminis</strong></span> 
     </span>
    </p>
   </div>
   <div class='ocr_carea' id='block_1_85' title="bbox 1870 2549 3450 2613">
    <p class='ocr_par' dir='ltr' id='par_1_85' title="bbox 1870 2549 3450 2613">
     <span class='ocr_line' id='line_1_85' title="bbox 1870 2549 3450 2613; baseline -0.006 -4"><span class='ocrx_word' id='word_1_587' title='bbox 1870 2556 2118 2610; x_wconf 85' lang='lat' dir='ltr'><strong>homines</strong></span> <span class='ocrx_word' id='word_1_588' title='bbox 2149 2553 2560 2613; x_wconf 78' lang='lat' dir='ltr'><strong>interfecerant.</strong></span> <span class='ocrx_word' id='word_1_589' title='bbox 2593 2551 2878 2606; x_wconf 87' lang='lat' dir='ltr'><strong>bomicidis</strong></span> <span class='ocrx_word' id='word_1_590' title='bbox 2919 2549 3262 2603; x_wconf 82' lang='lat' dir='ltr'><strong>auunmerati</strong></span> <span class='ocrx_word' id='word_1_591' title='bbox 3296 2557 3450 2611; x_wconf 88' lang='lat' dir='ltr'><strong>sunt,</strong></span> 
     </span>
    </p>
   </div>
   <div class='ocr_carea' id='block_1_86' title="bbox 1869 2643 3448 2720">
    <p class='ocr_par' dir='ltr' id='par_1_86' title="bbox 1869 2643 3448 2720">
     <span class='ocr_line' id='line_1_86' title="bbox 1869 2643 3448 2720; baseline -0.007 -17"><span class='ocrx_word' id='word_1_592' title='bbox 1869 2649 1963 2720; x_wconf 88' lang='lat' dir='ltr'><strong>qui</strong></span> <span class='ocrx_word' id='word_1_593' title='bbox 2003 2648 2427 2704; x_wconf 87' lang='lat' dir='ltr'><strong>involuntariam</strong></span> <span class='ocrx_word' id='word_1_594' title='bbox 2455 2645 2761 2701; x_wconf 78' lang='lat' dir='ltr'><strong>voluntarie</strong></span> <span class='ocrx_word' id='word_1_595' title='bbox 2803 2643 3004 2698; x_wconf 65' lang='lat' dir='ltr'><strong>caulem</strong></span> <span class='ocrx_word' id='word_1_596' title='bbox 3042 2650 3448 2712; x_wconf 87' lang='lat' dir='ltr'><strong>perpetrarnnt,</strong></span> 
     </span>
    </p>
   </div>
   <div class='ocr_carea' id='block_1_87' title="bbox 1869 2733 3447 2808">
    <p class='ocr_par' dir='ltr' id='par_1_87' title="bbox 1869 2733 3447 2808">
     <span class='ocr_line' id='line_1_87' title="bbox 1869 2733 3447 2808; baseline -0.005 -14"><span class='ocrx_word' id='word_1_597' title='bbox 1869 2748 2054 2808; x_wconf 81' lang='lat' dir='ltr'><strong>utpote</strong></span> <span class='ocrx_word' id='word_1_598' title='bbox 2081 2754 2204 2794; x_wconf 89' lang='lat' dir='ltr'><strong>cum</strong></span> <span class='ocrx_word' id='word_1_599' title='bbox 2252 2740 2354 2793; x_wconf 89' lang='lat' dir='ltr'><strong>hoc</strong></span> <span class='ocrx_word' id='word_1_600' title='bbox 2400 2737 2668 2791; x_wconf 72' lang='lat' dir='ltr'><strong>ludit-rum</strong></span> <span class='ocrx_word' id='word_1_601' title='bbox 2701 2750 2807 2790; x_wconf 91' lang='lat' dir='ltr'><strong>non</strong></span> <span class='ocrx_word' id='word_1_602' title='bbox 2860 2736 2930 2790; x_wconf 88' lang='lat' dir='ltr'><strong>sit</strong></span> <span class='ocrx_word' id='word_1_603' title='bbox 2961 2749 3027 2789; x_wconf 84' lang='lat' dir='ltr'><strong>ex</strong></span> <span class='ocrx_word' id='word_1_604' title='bbox 3078 2733 3142 2788; x_wconf 89' lang='lat' dir='ltr'><strong>iis</strong></span> <span class='ocrx_word' id='word_1_605' title='bbox 3184 2733 3447 2801; x_wconf 87' lang='lat' dir='ltr'><strong>quinque,</strong></span> 
     </span>
    </p>
   </div>
   <div class='ocr_carea' id='block_1_88' title="bbox 1867 2826 3450 2906">
    <p class='ocr_par' dir='ltr' id='par_1_88' title="bbox 1867 2826 3450 2906">
     <span class='ocr_line' id='line_1_88' title="bbox 1867 2826 3450 2906; baseline -0.006 -17"><span class='ocrx_word' id='word_1_606' title='bbox 1867 2850 1989 2906; x_wconf 63' lang='lat' dir='ltr'><strong>qua?</strong></span> <span class='ocrx_word' id='word_1_607' title='bbox 2033 2834 2149 2903; x_wconf 80' lang='lat' dir='ltr'><strong>lege</strong></span> <span class='ocrx_word' id='word_1_608' title='bbox 2184 2840 2579 2900; x_wconf 76' lang='lat' dir='ltr'><strong>agnoscuntur,</strong></span> <span class='ocrx_word' id='word_1_609' title='bbox 2612 2845 2731 2898; x_wconf 71' lang='lat' dir='ltr'><strong>quae</strong></span> <span class='ocrx_word' id='word_1_610' title='bbox 2775 2829 2938 2882; x_wconf 87' lang='lat' dir='ltr'><strong>etiam</strong></span> <span class='ocrx_word' id='word_1_611' title='bbox 2988 2826 3284 2884; x_wconf 79' lang='lat' dir='ltr'><strong>certamina</strong></span> <span class='ocrx_word' id='word_1_612' title='bbox 3321 2841 3450 2894; x_wconf 75' lang='lat' dir='ltr'><strong>ago-</strong></span> 
     </span>
    </p>
   </div>
   <div class='ocr_carea' id='block_1_89' title="bbox 1869 2919 3442 2996">
    <p class='ocr_par' dir='ltr' id='par_1_89' title="bbox 1869 2919 3442 2996">
     <span class='ocr_line' id='line_1_89' title="bbox 1869 2919 3442 2996; baseline -0.006 -14"><span class='ocrx_word' id='word_1_613' title='bbox 1869 2940 2072 2996; x_wconf 89' lang='lat' dir='ltr'><strong>nesque</strong></span> <span class='ocrx_word' id='word_1_614' title='bbox 2106 2926 2384 2988; x_wconf 87' lang='lat' dir='ltr'><strong>dicuntur,</strong></span> <span class='ocrx_word' id='word_1_615' title='bbox 2417 2924 2627 2979; x_wconf 82' lang='lat' dir='ltr'><strong>scilicet</strong></span> <span class='ocrx_word' id='word_1_616' title='bbox 2658 2922 2965 2992; x_wconf 77' lang='lat' dir='ltr'><strong>pugillatns,</strong></span> <span class='ocrx_word' id='word_1_617' title='bbox 3000 2935 3214 2983; x_wconf 87' lang='lat' dir='ltr'><strong>cursus,</strong></span> <span class='ocrx_word' id='word_1_618' title='bbox 3247 2919 3442 2980; x_wconf 83' lang='lat' dir='ltr'><strong>saltus,</strong></span> 
     </span>
    </p>
   </div>
   <div class='ocr_carea' id='block_1_90' title="bbox 1869 3012 3448 3090">
    <p class='ocr_par' dir='ltr' id='par_1_90' title="bbox 1869 3012 3448 3090">
     <span class='ocr_line' id='line_1_90' title="bbox 1869 3012 3448 3090; baseline -0.004 -16"><span class='ocrx_word' id='word_1_619' title='bbox 1869 3021 2077 3084; x_wconf 87' lang='lat' dir='ltr'><strong>discus,</strong></span> <span class='ocrx_word' id='word_1_620' title='bbox 2119 3019 2390 3090; x_wconf 67' lang='lat' dir='ltr'><strong>palaestra.</strong></span> <span class='ocrx_word' id='word_1_621' title='bbox 2423 3019 2602 3085; x_wconf 83' lang='lat' dir='ltr'><strong>Quare</strong></span> <span class='ocrx_word' id='word_1_622' title='bbox 2650 3019 2739 3087; x_wconf 89' lang='lat' dir='ltr'><strong>qui</strong></span> <span class='ocrx_word' id='word_1_623' title='bbox 2772 3015 2825 3070; x_wconf 94' lang='lat' dir='ltr'><strong>in</strong></span> <span class='ocrx_word' id='word_1_624' title='bbox 2871 3018 2949 3070; x_wconf 89' lang='lat' dir='ltr'><strong>eis</strong></span> <span class='ocrx_word' id='word_1_625' title='bbox 2979 3014 3202 3069; x_wconf 86' lang='lat' dir='ltr'><strong>ludicris</strong></span> <span class='ocrx_word' id='word_1_626' title='bbox 3236 3012 3448 3068; x_wconf 78' lang='lat' dir='ltr'><strong>interii-</strong></span> 
     </span>
    </p>
   </div>
   <div class='ocr_carea' id='block_1_91' title="bbox 1867 3109 2880 3184">
    <p class='ocr_par' dir='ltr' id='par_1_91' title="bbox 1867 3109 2880 3184">
     <span class='ocr_line' id='line_1_91' title="bbox 1867 3109 2880 3184; baseline -0.005 -13"><span class='ocrx_word' id='word_1_627' title='bbox 1867 3117 2044 3179; x_wconf 89' lang='lat' dir='ltr'><strong>ciunt,</strong></span> <span class='ocrx_word' id='word_1_628' title='bbox 2073 3112 2386 3184; x_wconf 63' lang='lat' dir='ltr'><strong>pra&#39;judicio</strong></span> <span class='ocrx_word' id='word_1_629' title='bbox 2413 3129 2521 3167; x_wconf 91' lang='lat' dir='ltr'><strong>non</strong></span> <span class='ocrx_word' id='word_1_630' title='bbox 2548 3109 2880 3166; x_wconf 72' lang='lat' dir='ltr'><strong>adiciuntur.</strong></span> 
     </span>
    </p>
   </div>
   <div class='ocr_carea' id='block_1_92' title="bbox 1945 3375 3447 3460">
    <p class='ocr_par' dir='ltr' id='par_1_92' title="bbox 1945 3375 3447 3460">
     <span class='ocr_line' id='line_1_92' title="bbox 1945 3375 3447 3460; baseline -0.012 -13"><span class='ocrx_word' id='word_1_631' title='bbox 1945 3391 2199 3448; x_wconf 74' lang='lat' dir='ltr'><strong>ZONAR.</strong></span> <span class='ocrx_word' id='word_1_632' title='bbox 2243 3390 2673 3460; x_wconf 79' lang='lat' dir='ltr'><strong>Haudquaquam</strong></span> <span class='ocrx_word' id='word_1_633' title='bbox 2725 3383 3046 3454; x_wconf 62' lang='lat' dir='ltr'><strong>praecipiens</strong></span> <span class='ocrx_word' id='word_1_634' title='bbox 3095 3387 3315 3434; x_wconf 83' lang='lat' dir='ltr'><strong>sanctus</strong></span> <span class='ocrx_word' id='word_1_635' title='bbox 3363 3375 3447 3430; x_wconf 77' lang='lat' dir='ltr'><strong>vir</strong></span> 
     </span>
    </p>
   </div>
   <div class='ocr_carea' id='block_1_93' title="bbox 1867 3475 3446 3558">
    <p class='ocr_par' dir='ltr' id='par_1_93' title="bbox 1867 3475 3446 3558">
     <span class='ocr_line' id='line_1_93' title="bbox 1867 3475 3446 3558; baseline -0.013 -17"><span class='ocrx_word' id='word_1_636' title='bbox 1867 3488 1954 3550; x_wconf 87' lang='lat' dir='ltr'><strong>iis,</strong></span> <span class='ocrx_word' id='word_1_637' title='bbox 1987 3487 2079 3558; x_wconf 89' lang='lat' dir='ltr'><strong>qui</strong></span> <span class='ocrx_word' id='word_1_638' title='bbox 2128 3489 2178 3540; x_wconf 85' lang='lat' dir='ltr'><strong>in</strong></span> <span class='ocrx_word' id='word_1_639' title='bbox 2234 3485 2373 3539; x_wconf 85' lang='lat' dir='ltr'><strong>bello</strong></span> <span class='ocrx_word' id='word_1_640' title='bbox 2419 3479 2812 3536; x_wconf 79' lang='lat' dir='ltr'><strong>interfecerunt</strong></span> <span class='ocrx_word' id='word_1_641' title='bbox 2853 3475 3088 3530; x_wconf 88' lang='lat' dir='ltr'><strong>triennio</strong></span> <span class='ocrx_word' id='word_1_642' title='bbox 3118 3489 3147 3526; x_wconf 86' lang='lat' dir='ltr'><strong>a</strong></span> <span class='ocrx_word' id='word_1_643' title='bbox 3194 3485 3446 3526; x_wconf 81' lang='lat' dir='ltr'><strong>commn-</strong></span> 
     </span>
    </p>
   </div>
   <div class='ocr_carea' id='block_1_94' title="bbox 1868 3567 3443 3636">
    <p class='ocr_par' dir='ltr' id='par_1_94' title="bbox 1868 3567 3443 3636">
     <span class='ocr_line' id='line_1_94' title="bbox 1868 3567 3443 3636; baseline -0.013 0"><span class='ocrx_word' id='word_1_644' title='bbox 1868 3582 2028 3636; x_wconf 83' lang='lat' dir='ltr'><strong>nioae</strong></span> <span class='ocrx_word' id='word_1_645' title='bbox 2053 3578 2432 3633; x_wconf 88' lang='lat' dir='ltr'><strong>abstinendum</strong></span> <span class='ocrx_word' id='word_1_646' title='bbox 2467 3589 2589 3629; x_wconf 82' lang='lat' dir='ltr'><strong>esse</strong></span> <span class='ocrx_word' id='word_1_647' title='bbox 2622 3572 2838 3635; x_wconf 82' lang='lat' dir='ltr'><strong>asserit,</strong></span> <span class='ocrx_word' id='word_1_648' title='bbox 2867 3569 2960 3625; x_wconf 86' lang='lat' dir='ltr'><strong>sed</strong></span> <span class='ocrx_word' id='word_1_649' title='bbox 2999 3567 3282 3622; x_wconf 87' lang='lat' dir='ltr'><strong>consilium</strong></span> <span class='ocrx_word' id='word_1_650' title='bbox 3316 3579 3443 3634; x_wconf 85' lang='lat' dir='ltr'><strong>pro-</strong></span> 
     </span>
    </p>
   </div>
   <div class='ocr_carea' id='block_1_95' title="bbox 1866 3658 3438 3747">
    <p class='ocr_par' dir='ltr' id='par_1_95' title="bbox 1866 3658 3438 3747">
     <span class='ocr_line' id='line_1_95' title="bbox 1866 3658 3438 3747; baseline -0.014 -15"><span class='ocrx_word' id='word_1_651' title='bbox 1866 3691 2092 3747; x_wconf 85' lang='lat' dir='ltr'><strong>ponens.</strong></span> <span class='ocrx_word' id='word_1_652' title='bbox 2125 3672 2426 3728; x_wconf 87' lang='lat' dir='ltr'><strong>Onerosum</strong></span> <span class='ocrx_word' id='word_1_653' title='bbox 2466 3667 2822 3724; x_wconf 83' lang='lat' dir='ltr'><strong>nihilominus</strong></span> <span class='ocrx_word' id='word_1_654' title='bbox 2860 3664 2911 3718; x_wconf 90' lang='lat' dir='ltr'><strong>id</strong></span> <span class='ocrx_word' id='word_1_655' title='bbox 2957 3660 3244 3717; x_wconf 80' lang='lat' dir='ltr'><strong>consilium</strong></span> <span class='ocrx_word' id='word_1_656' title='bbox 3264 3658 3438 3712; x_wconf 82' lang='lat' dir='ltr'><strong>videri</strong></span> 
     </span>
    </p>
   </div>
   <div class='ocr_carea' id='block_1_96' title="bbox 1864 3753 3445 3843">
    <p class='ocr_par' dir='ltr' id='par_1_96' title="bbox 1864 3753 3445 3843">
     <span class='ocr_line' id='line_1_96' title="bbox 1864 3753 3445 3843; baseline -0.016 -17"><span class='ocrx_word' id='word_1_657' title='bbox 1864 3772 2056 3843; x_wconf 86' lang='lat' dir='ltr'><strong>possit.</strong></span> <span class='ocrx_word' id='word_1_658' title='bbox 2096 3768 2170 3822; x_wconf 79' lang='lat' dir='ltr'><strong>Ex</strong></span> <span class='ocrx_word' id='word_1_659' title='bbox 2208 3766 2299 3820; x_wconf 90' lang='lat' dir='ltr'><strong>illo</strong></span> <span class='ocrx_word' id='word_1_660' title='bbox 2333 3777 2563 3831; x_wconf 88' lang='lat' dir='ltr'><strong>namque</strong></span> <span class='ocrx_word' id='word_1_661' title='bbox 2594 3760 2896 3827; x_wconf 80' lang='lat' dir='ltr'><strong>contingat,</strong></span> <span class='ocrx_word' id='word_1_662' title='bbox 2937 3767 2993 3809; x_wconf 92' lang='lat' dir='ltr'><strong>nt</strong></span> <span class='ocrx_word' id='word_1_663' title='bbox 3021 3753 3223 3807; x_wconf 78' lang='lat' dir='ltr'><strong>divinis</strong></span> <span class='ocrx_word' id='word_1_664' title='bbox 3258 3764 3445 3804; x_wconf 86' lang='lat' dir='ltr'><strong>mune-</strong></span> 
     </span>
    </p>
   </div>
   <div class='ocr_carea' id='block_1_97' title="bbox 1868 3846 3440 3930">
    <p class='ocr_par' dir='ltr' id='par_1_97' title="bbox 1868 3846 3440 3930">
     <span class='ocr_line' id='line_1_97' title="bbox 1868 3846 3440 3930; baseline -0.016 -9"><span class='ocrx_word' id='word_1_665' title='bbox 1868 3867 2016 3922; x_wconf 82' lang='lat' dir='ltr'><strong>ribus</strong></span> <span class='ocrx_word' id='word_1_666' title='bbox 2071 3876 2344 3930; x_wconf 83' lang='lat' dir='ltr'><strong>nunquam</strong></span> <span class='ocrx_word' id='word_1_667' title='bbox 2396 3858 2598 3913; x_wconf 84' lang='lat' dir='ltr'><strong>milites</strong></span> <span class='ocrx_word' id='word_1_668' title='bbox 2653 3852 3088 3912; x_wconf 87' lang='lat' dir='ltr'><strong>communicent;</strong></span> <span class='ocrx_word' id='word_1_669' title='bbox 3138 3846 3440 3915; x_wconf 68' lang='lat' dir='ltr'><strong>prmsertim</strong></span> 
     </span>
    </p>
   </div>
   <div class='ocr_carea' id='block_1_98' title="bbox 1865 3933 3444 4025">
    <p class='ocr_par' dir='ltr' id='par_1_98' title="bbox 1865 3933 3444 4025">
     <span class='ocr_line' id='line_1_98' title="bbox 1865 3933 3444 4025; baseline -0.015 -14"><span class='ocrx_word' id='word_1_670' title='bbox 1865 3957 1953 4025; x_wconf 87' lang='lat' dir='ltr'><strong>qui</strong></span> <span class='ocrx_word' id='word_1_671' title='bbox 2001 3955 2169 4010; x_wconf 90' lang='lat' dir='ltr'><strong>robur</strong></span> <span class='ocrx_word' id='word_1_672' title='bbox 2212 3951 2530 4020; x_wconf 68' lang='lat' dir='ltr'><strong>praeferunt,</strong></span> <span class='ocrx_word' id='word_1_673' title='bbox 2579 3961 2643 4000; x_wconf 85' lang='lat' dir='ltr'><strong>ac</strong></span> <span class='ocrx_word' id='word_1_674' title='bbox 2689 3961 2748 4000; x_wconf 85' lang='lat' dir='ltr'><strong>se</strong></span> <span class='ocrx_word' id='word_1_675' title='bbox 2791 3952 3045 3997; x_wconf 81' lang='lat' dir='ltr'><strong>strenuos</strong></span> <span class='ocrx_word' id='word_1_676' title='bbox 3088 3933 3199 4007; x_wconf 79' lang='lat' dir='ltr'><strong>pra:</strong></span> <span class='ocrx_word' id='word_1_677' title='bbox 3230 3934 3444 3990; x_wconf 71' lang='lat' dir='ltr'><strong>caeteris</strong></span> 
     </span>
    </p>
   </div>
   <div class='ocr_carea' id='block_1_99' title="bbox 1863 4025 3444 4110">
    <p class='ocr_par' dir='ltr' id='par_1_99' title="bbox 1863 4025 3444 4110">
     <span class='ocr_line' id='line_1_99' title="bbox 1863 4025 3444 4110; baseline -0.016 -9"><span class='ocrx_word' id='word_1_678' title='bbox 1863 4045 2146 4101; x_wconf 77' lang='lat' dir='ltr'><strong>exhibent.</strong></span> <span class='ocrx_word' id='word_1_679' title='bbox 2187 4040 2475 4110; x_wconf 82' lang='lat' dir='ltr'><strong>Nunquam</strong></span> <span class='ocrx_word' id='word_1_680' title='bbox 2530 4038 2673 4089; x_wconf 90' lang='lat' dir='ltr'><strong>enim</strong></span> <span class='ocrx_word' id='word_1_681' title='bbox 2719 4034 2784 4087; x_wconf 88' lang='lat' dir='ltr'><strong>iis</strong></span> <span class='ocrx_word' id='word_1_682' title='bbox 2825 4031 3043 4085; x_wconf 78' lang='lat' dir='ltr'><strong>dabitur</strong></span> <span class='ocrx_word' id='word_1_683' title='bbox 3094 4025 3324 4082; x_wconf 80' lang='lat' dir='ltr'><strong>facultas</strong></span> <span class='ocrx_word' id='word_1_684' title='bbox 3376 4026 3444 4076; x_wconf 88' lang='lat' dir='ltr'><strong>ad</strong></span> 
     </span>
    </p>
   </div>
   <div class='ocr_carea' id='block_1_100' title="bbox 1867 4118 3448 4205">
    <p class='ocr_par' dir='ltr' id='par_1_100' title="bbox 1867 4118 3448 4205">
     <span class='ocr_line' id='line_1_100' title="bbox 1867 4118 3448 4205; baseline -0.014 -13"><span class='ocrx_word' id='word_1_685' title='bbox 1867 4137 2160 4193; x_wconf 87' lang='lat' dir='ltr'><strong>triennium</strong></span> <span class='ocrx_word' id='word_1_686' title='bbox 2194 4131 2536 4205; x_wconf 79' lang='lat' dir='ltr'><strong>quiescendi.</strong></span> <span class='ocrx_word' id='word_1_687' title='bbox 2595 4126 2654 4182; x_wconf 84' lang='lat' dir='ltr'><strong>Si</strong></span> <span class='ocrx_word' id='word_1_688' title='bbox 2705 4141 2836 4195; x_wconf 74' lang='lat' dir='ltr'><strong>ergo</strong></span> <span class='ocrx_word' id='word_1_689' title='bbox 2879 4124 2970 4192; x_wconf 84' lang='lat' dir='ltr'><strong>qui</strong></span> <span class='ocrx_word' id='word_1_690' title='bbox 3031 4121 3187 4177; x_wconf 85' lang='lat' dir='ltr'><strong>hellis</strong></span> <span class='ocrx_word' id='word_1_691' title='bbox 3233 4118 3448 4174; x_wconf 85' lang='lat' dir='ltr'><strong>crebris</strong></span> 
     </span>
    </p>
   </div>
   <div class='ocr_carea' id='block_1_101' title="bbox 1867 4214 3448 4293">
    <p class='ocr_par' dir='ltr' id='par_1_101' title="bbox 1867 4214 3448 4293">
     <span class='ocr_line' id='line_1_101' title="bbox 1867 4214 3448 4293; baseline -0.014 -7"><span class='ocrx_word' id='word_1_692' title='bbox 1867 4239 2219 4293; x_wconf 79' lang='lat' dir='ltr'><strong>exercentur,</strong></span> <span class='ocrx_word' id='word_1_693' title='bbox 2252 4237 2310 4282; x_wconf 87' lang='lat' dir='ltr'><strong>et</strong></span> <span class='ocrx_word' id='word_1_694' title='bbox 2338 4227 2524 4280; x_wconf 81' lang='lat' dir='ltr'><strong>hostes</strong></span> <span class='ocrx_word' id='word_1_695' title='bbox 2554 4221 2925 4283; x_wconf 75' lang='lat' dir='ltr'><strong>interficiunt,</strong></span> <span class='ocrx_word' id='word_1_696' title='bbox 2975 4232 3004 4270; x_wconf 65' lang='grc' dir='ltr'><strong>ι</strong></span> <span class='ocrx_word' id='word_1_697' title='bbox 3064 4214 3448 4272; x_wconf 81' lang='lat' dir='ltr'><strong>communione</strong></span> 
     </span>
    </p>
   </div>
   <div class='ocr_carea' id='block_1_102' title="bbox 1846 4303 3446 4385">
    <p class='ocr_par' dir='ltr' id='par_1_102' title="bbox 1846 4303 3446 4385">
     <span class='ocr_line' id='line_1_102' title="bbox 1846 4303 3446 4385; baseline -0.014 -6"><span class='ocrx_word' id='word_1_698' title='bbox 1846 4328 2142 4385; x_wconf 81' lang='lat' dir='ltr'><strong>arcentur,</strong></span> <span class='ocrx_word' id='word_1_699' title='bbox 2171 4330 2284 4374; x_wconf 91' lang='lat' dir='ltr'><strong>toto</strong></span> <span class='ocrx_word' id='word_1_700' title='bbox 2324 4320 2447 4372; x_wconf 65' lang='lat' dir='ltr'><strong>vitae</strong></span> <span class='ocrx_word' id='word_1_701' title='bbox 2473 4324 2715 4385; x_wconf 88' lang='lat' dir='ltr'><strong>tempore</strong></span> <span class='ocrx_word' id='word_1_702' title='bbox 2749 4313 2874 4368; x_wconf 91' lang='lat' dir='ltr'><strong>boni</strong></span> <span class='ocrx_word' id='word_1_703' title='bbox 2913 4308 3300 4365; x_wconf 87' lang='lat' dir='ltr'><strong>communione</strong></span> <span class='ocrx_word' id='word_1_704' title='bbox 3329 4303 3446 4374; x_wconf 75' lang='lat' dir='ltr'><strong>pri-</strong></span> 
     </span>
    </p>
   </div>
   <div class='ocr_carea' id='block_1_103' title="bbox 1865 4397 3446 4482">
    <p class='ocr_par' dir='ltr' id='par_1_103' title="bbox 1865 4397 3446 4482">
     <span class='ocr_line' id='line_1_103' title="bbox 1865 4397 3446 4482; baseline -0.015 -10"><span class='ocrx_word' id='word_1_705' title='bbox 1865 4415 1973 4471; x_wconf 86' lang='lat' dir='ltr'><strong>vati</strong></span> <span class='ocrx_word' id='word_1_706' title='bbox 2011 4418 2231 4482; x_wconf 64' lang='lat' dir='ltr'><strong>«legent.</strong></span> <span class='ocrx_word' id='word_1_707' title='bbox 2262 4410 2394 4477; x_wconf 68' lang='lat' dir='ltr'><strong>Quae</strong></span> <span class='ocrx_word' id='word_1_708' title='bbox 2416 4409 2631 4478; x_wconf 83' lang='lat' dir='ltr'><strong>quidem</strong></span> <span class='ocrx_word' id='word_1_709' title='bbox 2663 4421 2816 4475; x_wconf 62' lang='lat' dir='ltr'><strong>pana</strong></span> <span class='ocrx_word' id='word_1_710' title='bbox 2841 4413 2923 4460; x_wconf 89' lang='lat' dir='ltr'><strong>est</strong></span> <span class='ocrx_word' id='word_1_711' title='bbox 2947 4400 3273 4458; x_wconf 83' lang='lat' dir='ltr'><strong>Christianis</strong></span> <span class='ocrx_word' id='word_1_712' title='bbox 3301 4397 3446 4451; x_wconf 89' lang='lat' dir='ltr'><strong>haud</strong></span> 
     </span>
    </p>
   </div>
   <div class='ocr_carea' id='block_1_104' title="bbox 1836 4504 3447 4571">
    <p class='ocr_par' dir='ltr' id='par_1_104' title="bbox 1836 4504 3447 4571">
     <span class='ocr_line' id='line_1_104' title="bbox 1836 4504 3447 4571; baseline -0.017 -4"><span class='ocrx_word' id='word_1_713' title='bbox 1836 4518 1840 4521; x_wconf 82' lang='grc'><em>’</em></span> <span class='ocrx_word' id='word_1_714' title='bbox 1867 4509 2187 4567; x_wconf 87' lang='lat' dir='ltr'><strong>tolerabilis.</strong></span> <span class='ocrx_word' id='word_1_715' title='bbox 2215 4507 2384 4571; x_wconf 84' lang='lat' dir='ltr'><strong>Quam</strong></span> <span class='ocrx_word' id='word_1_716' title='bbox 2417 4518 2547 4558; x_wconf 82' lang='lat' dir='ltr'><strong>vero</strong></span> <span class='ocrx_word' id='word_1_717' title='bbox 2569 4504 2636 4556; x_wconf 92' lang='lat' dir='ltr'><strong>ob</strong></span> <span class='ocrx_word' id='word_1_718' title='bbox 2662 4516 2881 4555; x_wconf 83' lang='lat' dir='ltr'><strong>causam</strong></span> <span class='ocrx_word' id='word_1_719' title='bbox 2914 4509 3254 4566; x_wconf 73' lang='lat' dir='ltr'><strong>nequaquam</strong></span> <span class='ocrx_word' id='word_1_720' title='bbox 3285 4504 3447 4560; x_wconf 87' lang='lat' dir='ltr'><strong>puras</strong></span> 
     </span>
    </p>
   </div>
   <div class='ocr_carea' id='block_1_105' title="bbox 1876 4579 3449 4674">
    <p class='ocr_par' dir='ltr' id='par_1_105' title="bbox 1876 4579 3449 4674">
     <span class='ocr_line' id='line_1_105' title="bbox 1876 4579 3449 4674; baseline -0.016 -15"><span class='ocrx_word' id='word_1_721' title='bbox 1876 4619 2067 4659; x_wconf 85' lang='lat' dir='ltr'><strong>manus</strong></span> <span class='ocrx_word' id='word_1_722' title='bbox 2097 4615 2288 4674; x_wconf 77' lang='lat' dir='ltr'><strong>gerere</strong></span> <span class='ocrx_word' id='word_1_723' title='bbox 2314 4597 2720 4668; x_wconf 69' lang='lat' dir='ltr'><strong>iudicabuntur,</strong></span> <span class='ocrx_word' id='word_1_724' title='bbox 2770 4579 2861 4661; x_wconf 79' lang='lat' dir='ltr'><strong>qui</strong></span> <span class='ocrx_word' id='word_1_725' title='bbox 2916 4605 3013 4659; x_wconf 91' lang='lat' dir='ltr'><strong>pro</strong></span> <span class='ocrx_word' id='word_1_726' title='bbox 3067 4584 3337 4654; x_wconf 85' lang='lat' dir='ltr'><strong>republica</strong></span> <span class='ocrx_word' id='word_1_727' title='bbox 3397 4591 3449 4634; x_wconf 82' lang='lat' dir='ltr'><strong>et</strong></span> 
     </span>
    </p>
   </div>
   <div class='ocr_carea' id='block_1_106' title="bbox 1873 4677 3446 4757">
    <p class='ocr_par' dir='ltr' id='par_1_106' title="bbox 1873 4677 3446 4757">
     <span class='ocr_line' id='line_1_106' title="bbox 1873 4677 3446 4757; baseline -0.015 -5"><span class='ocrx_word' id='word_1_728' title='bbox 1873 4696 2134 4753; x_wconf 74' lang='lat' dir='ltr'><strong>tratribus</strong></span> <span class='ocrx_word' id='word_1_729' title='bbox 2163 4692 2448 4754; x_wconf 84' lang='lat' dir='ltr'><strong>dimicant,</strong></span> <span class='ocrx_word' id='word_1_730' title='bbox 2485 4705 2554 4744; x_wconf 87' lang='lat' dir='ltr'><strong>ne</strong></span> <span class='ocrx_word' id='word_1_731' title='bbox 2584 4687 2781 4757; x_wconf 81' lang='lat' dir='ltr'><strong>captivi</strong></span> <span class='ocrx_word' id='word_1_732' title='bbox 2812 4685 3149 4738; x_wconf 87' lang='lat' dir='ltr'><strong>abducantur</strong></span> <span class='ocrx_word' id='word_1_733' title='bbox 3183 4680 3251 4732; x_wconf 89' lang='lat' dir='ltr'><strong>ab</strong></span> <span class='ocrx_word' id='word_1_734' title='bbox 3277 4677 3446 4731; x_wconf 86' lang='lat' dir='ltr'><strong>hosti-</strong></span> 
     </span>
    </p>
   </div>
   <div class='ocr_carea' id='block_1_107' title="bbox 1871 4771 3445 4849">
    <p class='ocr_par' dir='ltr' id='par_1_107' title="bbox 1871 4771 3445 4849">
     <span class='ocr_line' id='line_1_107' title="bbox 1871 4771 3445 4849; baseline -0.011 -8"><span class='ocrx_word' id='word_1_735' title='bbox 1871 4789 1992 4849; x_wconf 89' lang='lat' dir='ltr'><strong>bus,</strong></span> <span class='ocrx_word' id='word_1_736' title='bbox 2032 4794 2122 4840; x_wconf 91' lang='lat' dir='ltr'><strong>aut</strong></span> <span class='ocrx_word' id='word_1_737' title='bbox 2152 4796 2208 4838; x_wconf 91' lang='lat' dir='ltr'><strong>ut</strong></span> <span class='ocrx_word' id='word_1_738' title='bbox 2248 4786 2301 4838; x_wconf 91' lang='lat' dir='ltr'><strong>in</strong></span> <span class='ocrx_word' id='word_1_739' title='bbox 2343 4781 2661 4838; x_wconf 82' lang='lat' dir='ltr'><strong>servitutem</strong></span> <span class='ocrx_word' id='word_1_740' title='bbox 2711 4777 2975 4832; x_wconf 87' lang='lat' dir='ltr'><strong>abductos</strong></span> <span class='ocrx_word' id='word_1_741' title='bbox 3001 4775 3233 4830; x_wconf 84' lang='lat' dir='ltr'><strong>libercnt</strong></span> <span class='ocrx_word' id='word_1_742' title='bbox 3263 4771 3285 4823; x_wconf 88' lang='lat'>?</span> <span class='ocrx_word' id='word_1_743' title='bbox 3312 4771 3445 4825; x_wconf 80' lang='lat' dir='ltr'><strong>Nam</strong></span> 
     </span>
    </p>
   </div>
   <div class='ocr_carea' id='block_1_108' title="bbox 1870 4866 3451 4935">
    <p class='ocr_par' dir='ltr' id='par_1_108' title="bbox 1870 4866 3451 4935">
     <span class='ocr_line' id='line_1_108' title="bbox 1870 4866 3451 4935; baseline -0.013 -1"><span class='ocrx_word' id='word_1_744' title='bbox 1870 4882 1916 4934; x_wconf 90' lang='lat' dir='ltr'><strong>si</strong></span> <span class='ocrx_word' id='word_1_745' title='bbox 1955 4881 2020 4934; x_wconf 83' lang='lat' dir='ltr'><strong>ab</strong></span> <span class='ocrx_word' id='word_1_746' title='bbox 2055 4876 2443 4932; x_wconf 79' lang='lat' dir='ltr'><strong>ittterﬁciettdis</strong></span> <span class='ocrx_word' id='word_1_747' title='bbox 2489 4874 2744 4928; x_wconf 79' lang='lat' dir='ltr'><strong>Barbaris</strong></span> <span class='ocrx_word' id='word_1_748' title='bbox 2777 4881 3030 4932; x_wconf 84' lang='lat' dir='ltr'><strong>caveant,</strong></span> <span class='ocrx_word' id='word_1_749' title='bbox 3066 4866 3222 4935; x_wconf 87' lang='lat' dir='ltr'><strong>quasi</strong></span> <span class='ocrx_word' id='word_1_750' title='bbox 3259 4877 3451 4916; x_wconf 77' lang='lat' dir='ltr'><strong>manus</strong></span> 
     </span>
    </p>
   </div>
   <div class='ocr_carea' id='block_1_109' title="bbox 1836 4962 3448 5040">
    <p class='ocr_par' dir='ltr' id='par_1_109' title="bbox 1836 4962 3448 5040">
     <span class='ocr_line' id='line_1_109' title="bbox 1836 4962 3448 5040; baseline -0.015 -11"><span class='ocrx_word' id='word_1_751' title='bbox 1836 4979 1934 5028; x_wconf 73' lang='grc' dir='ltr'><strong>ἐι</strong></span> <span class='ocrx_word' id='word_1_752' title='bbox 1973 4974 2078 5028; x_wconf 84' lang='lat' dir='ltr'><strong>hoc</strong></span> <span class='ocrx_word' id='word_1_753' title='bbox 2126 4969 2452 5040; x_wconf 80' lang='lat' dir='ltr'><strong>polluentes,</strong></span> <span class='ocrx_word' id='word_1_754' title='bbox 2509 4982 2722 5038; x_wconf 74' lang='lat' dir='ltr'><strong>pessum</strong></span> <span class='ocrx_word' id='word_1_755' title='bbox 2772 4966 2927 5018; x_wconf 82' lang='lat' dir='ltr'><strong>ilntnt</strong></span> <span class='ocrx_word' id='word_1_756' title='bbox 2973 4962 3175 5015; x_wconf 85' lang='lat' dir='ltr'><strong>omnia.</strong></span> <span class='ocrx_word' id='word_1_757' title='bbox 3220 4965 3448 5014; x_wconf 81' lang='lat' dir='ltr'><strong>cuncto-</strong></span> 
     </span>
    </p>
   </div>
   <div class='ocr_carea' id='block_1_110' title="bbox 1871 5054 3454 5133">
    <p class='ocr_par' dir='ltr' id='par_1_110' title="bbox 1871 5054 3454 5133">
     <span class='ocr_line' id='line_1_110' title="bbox 1871 5054 3454 5133; baseline -0.011 -13"><span class='ocrx_word' id='word_1_758' title='bbox 1871 5079 2107 5133; x_wconf 86' lang='lat' dir='ltr'><strong>rumque</strong></span> <span class='ocrx_word' id='word_1_759' title='bbox 2157 5063 2382 5116; x_wconf 74' lang='lat' dir='ltr'><strong>Barbari</strong></span> <span class='ocrx_word' id='word_1_760' title='bbox 2439 5060 2736 5130; x_wconf 88' lang='lat' dir='ltr'><strong>p0tieutur.</strong></span> <span class='ocrx_word' id='word_1_761' title='bbox 2787 5059 2917 5125; x_wconf 66' lang='lat' dir='ltr'><strong>Qum</strong></span> <span class='ocrx_word' id='word_1_762' title='bbox 2971 5054 3178 5124; x_wconf 77' lang='lat' dir='ltr'><strong>antiqui</strong></span> <span class='ocrx_word' id='word_1_763' title='bbox 3233 5067 3454 5120; x_wconf 82' lang='lat' dir='ltr'><strong>quoque</strong></span> 
     </span>
    </p>
   </div>
   <div class='ocr_carea' id='block_1_111' title="bbox 1871 5148 3452 5224">
    <p class='ocr_par' dir='ltr' id='par_1_111' title="bbox 1871 5148 3452 5224">
     <span class='ocr_line' id='line_1_111' title="bbox 1871 5148 3452 5224; baseline -0.009 -10"><span class='ocrx_word' id='word_1_764' title='bbox 1871 5160 2066 5214; x_wconf 82' lang='lat' dir='ltr'><strong>Patres</strong></span> <span class='ocrx_word' id='word_1_765' title='bbox 2095 5160 2277 5213; x_wconf 88' lang='lat' dir='ltr'><strong>animo</strong></span> <span class='ocrx_word' id='word_1_766' title='bbox 2316 5165 2650 5224; x_wconf 80' lang='lat' dir='ltr'><strong>reputantes,</strong></span> <span class='ocrx_word' id='word_1_767' title='bbox 2683 5153 2772 5222; x_wconf 86' lang='lat' dir='ltr'><strong>qui</strong></span> <span class='ocrx_word' id='word_1_768' title='bbox 2817 5154 2868 5206; x_wconf 89' lang='lat' dir='ltr'><strong>in</strong></span> <span class='ocrx_word' id='word_1_769' title='bbox 2905 5151 3045 5206; x_wconf 87' lang='lat' dir='ltr'><strong>bello</strong></span> <span class='ocrx_word' id='word_1_770' title='bbox 3081 5148 3452 5204; x_wconf 77' lang='lat' dir='ltr'><strong>interﬁcerent</strong></span> 
     </span>
    </p>
   </div>
   <div class='ocr_carea' id='block_1_112' title="bbox 1872 5244 3450 5320">
    <p class='ocr_par' dir='ltr' id='par_1_112' title="bbox 1872 5244 3450 5320">
     <span class='ocr_line' id='line_1_112' title="bbox 1872 5244 3450 5320; baseline -0.008 -13"><span class='ocrx_word' id='word_1_771' title='bbox 1872 5253 2299 5320; x_wconf 82' lang='lat' dir='ltr'><strong>haudquaquam</strong></span> <span class='ocrx_word' id='word_1_772' title='bbox 2361 5247 2650 5303; x_wconf 82' lang='lat' dir='ltr'><strong>bontieidis</strong></span> <span class='ocrx_word' id='word_1_773' title='bbox 2713 5249 3176 5308; x_wconf 86' lang='lat' dir='ltr'><strong>adnumeraruut,</strong></span> <span class='ocrx_word' id='word_1_774' title='bbox 3237 5244 3450 5296; x_wconf 76' lang='lat' dir='ltr'><strong>veniant</strong></span> 
     </span>
    </p>
   </div>
   <div class='ocr_carea' id='block_1_113' title="bbox 1869 5342 3451 5415">
    <p class='ocr_par' dir='ltr' id='par_1_113' title="bbox 1869 5342 3451 5415">
     <span class='ocr_line' id='line_1_113' title="bbox 1869 5342 3451 5415; baseline -0.009 -15"><span class='ocrx_word' id='word_1_775' title='bbox 1869 5345 2002 5415; x_wconf 85' lang='lat' dir='ltr'><strong>ipsis</strong></span> <span class='ocrx_word' id='word_1_776' title='bbox 2031 5346 2240 5413; x_wconf 65' lang='lat' dir='ltr'><strong>dantes.</strong></span> <span class='ocrx_word' id='word_1_777' title='bbox 2278 5343 2571 5410; x_wconf 80' lang='lat' dir='ltr'><strong>siquidem,</strong></span> <span class='ocrx_word' id='word_1_778' title='bbox 2608 5353 2666 5394; x_wconf 88' lang='lat' dir='ltr'><strong>ttt</strong></span> <span class='ocrx_word' id='word_1_779' title='bbox 2710 5342 2798 5396; x_wconf 84' lang='lat' dir='ltr'><strong>ltic</strong></span> <span class='ocrx_word' id='word_1_780' title='bbox 2830 5342 2902 5394; x_wconf 77' lang='lat' dir='ltr'><strong>ait</strong></span> <span class='ocrx_word' id='word_1_781' title='bbox 2939 5350 3190 5402; x_wconf 79' lang='lat' dir='ltr'><strong>sanctus,</strong></span> <span class='ocrx_word' id='word_1_782' title='bbox 3220 5352 3317 5406; x_wconf 84' lang='lat' dir='ltr'><strong>pro</strong></span> <span class='ocrx_word' id='word_1_783' title='bbox 3350 5351 3451 5405; x_wconf 76' lang='lat' dir='ltr'><strong>pu-</strong></span> 
     </span>
    </p>
   </div>
   <div class='ocr_carea' id='block_1_114' title="bbox 1865 5433 3447 5504">
    <p class='ocr_par' dir='ltr' id='par_1_114' title="bbox 1865 5433 3447 5504">
     <span class='ocr_line' id='line_1_114' title="bbox 1865 5433 3447 5504; baseline -0.008 -11"><span class='ocrx_word' id='word_1_784' title='bbox 1865 5439 2049 5493; x_wconf 84' lang='lat' dir='ltr'><strong>dicitia</strong></span> <span class='ocrx_word' id='word_1_785' title='bbox 2097 5453 2158 5492; x_wconf 80' lang='lat' dir='ltr'><strong>ac</strong></span> <span class='ocrx_word' id='word_1_786' title='bbox 2213 5437 2414 5504; x_wconf 82' lang='lat' dir='ltr'><strong>pietate</strong></span> <span class='ocrx_word' id='word_1_787' title='bbox 2465 5437 2817 5489; x_wconf 83' lang='lat' dir='ltr'><strong>decertariut.</strong></span> <span class='ocrx_word' id='word_1_788' title='bbox 2869 5433 2926 5488; x_wconf 86' lang='lat' dir='ltr'><strong>Si</strong></span> <span class='ocrx_word' id='word_1_789' title='bbox 2979 5448 3214 5502; x_wconf 77' lang='lat' dir='ltr'><strong>namque</strong></span> <span class='ocrx_word' id='word_1_790' title='bbox 3265 5445 3447 5484; x_wconf 80' lang='lat' dir='ltr'><strong>rerum</strong></span> 
     </span>
    </p>
   </div>
   <div class='ocr_carea' id='block_1_115' title="bbox 1866 5522 3494 5603">
    <p class='ocr_par' dir='ltr' id='par_1_115' title="bbox 1866 5522 3494 5603">
     <span class='ocr_line' id='line_1_115' title="bbox 1866 5522 3494 5603; baseline -0.006 -18"><span class='ocrx_word' id='word_1_791' title='bbox 1866 5533 2146 5603; x_wconf 82' lang='lat' dir='ltr'><strong>potiantur</strong></span> <span class='ocrx_word' id='word_1_792' title='bbox 2176 5529 2424 5593; x_wconf 79' lang='lat' dir='ltr'><strong>Barbari,</strong></span> <span class='ocrx_word' id='word_1_793' title='bbox 2459 5545 2633 5599; x_wconf 88' lang='lat' dir='ltr'><strong>neque</strong></span> <span class='ocrx_word' id='word_1_794' title='bbox 2661 5529 2768 5584; x_wconf 87' lang='lat' dir='ltr'><strong>ulla</strong></span> <span class='ocrx_word' id='word_1_795' title='bbox 2802 5529 2993 5596; x_wconf 85' lang='lat' dir='ltr'><strong>pietas,</strong></span> <span class='ocrx_word' id='word_1_796' title='bbox 3029 5539 3206 5596; x_wconf 84' lang='lat' dir='ltr'><strong>neque</strong></span> <span class='ocrx_word' id='word_1_797' title='bbox 3233 5522 3448 5593; x_wconf 83' lang='lat' dir='ltr'><strong>pudici-</strong></span> <span class='ocrx_word' id='word_1_798' title='bbox 3490 5552 3494 5556; x_wconf 62' lang='grc' dir='ltr'><strong>ι</strong></span> 
     </span>
    </p>
   </div>
   <div class='ocr_carea' id='block_1_116' title="bbox 1865 5621 3446 5691">
    <p class='ocr_par' dir='ltr' id='par_1_116' title="bbox 1865 5621 3446 5691">
     <span class='ocr_line' id='line_1_116' title="bbox 1865 5621 3446 5691; baseline -0.006 -15"><span class='ocrx_word' id='word_1_799' title='bbox 1865 5626 1939 5678; x_wconf 86' lang='lat' dir='ltr'><strong>tia</strong></span> <span class='ocrx_word' id='word_1_800' title='bbox 1972 5623 2264 5691; x_wconf 84' lang='lat' dir='ltr'><strong>supererit.</strong></span> <span class='ocrx_word' id='word_1_801' title='bbox 2299 5622 2562 5678; x_wconf 83' lang='lat' dir='ltr'><strong>Pietatem</strong></span> <span class='ocrx_word' id='word_1_802' title='bbox 2592 5637 2824 5690; x_wconf 84' lang='lat' dir='ltr'><strong>namque</strong></span> <span class='ocrx_word' id='word_1_803' title='bbox 2855 5621 3134 5691; x_wconf 69' lang='lat' dir='ltr'><strong>objicient,</strong></span> <span class='ocrx_word' id='word_1_804' title='bbox 3162 5634 3317 5682; x_wconf 82' lang='lat' dir='ltr'><strong>suam</strong></span> <span class='ocrx_word' id='word_1_805' title='bbox 3358 5633 3446 5668; x_wconf 88' lang='lat' dir='ltr'><strong>re-</strong></span> 
     </span>
    </p>
   </div>
   <div class='ocr_carea' id='block_1_117' title="bbox 1861 5706 3438 5787">
    <p class='ocr_par' dir='ltr' id='par_1_117' title="bbox 1861 5706 3438 5787">
     <span class='ocr_line' id='line_1_117' title="bbox 1861 5706 3438 5787; baseline -0.006 -16"><span class='ocrx_word' id='word_1_806' title='bbox 1861 5716 2115 5787; x_wconf 72' lang='lat' dir='ltr'><strong>ligionem</strong></span> <span class='ocrx_word' id='word_1_807' title='bbox 2142 5717 2443 5771; x_wconf 85' lang='lat' dir='ltr'><strong>retinentes</strong></span> <span class='ocrx_word' id='word_1_808' title='bbox 2471 5733 2482 5768; x_wconf 92' lang='lat'><strong>:</strong></span> <span class='ocrx_word' id='word_1_809' title='bbox 2511 5716 2826 5786; x_wconf 85' lang='lat' dir='ltr'><strong>pudicitiam</strong></span> <span class='ocrx_word' id='word_1_810' title='bbox 2858 5729 2986 5768; x_wconf 86' lang='lat' dir='ltr'><strong>vero</strong></span> <span class='ocrx_word' id='word_1_811' title='bbox 3014 5711 3278 5765; x_wconf 75' lang='lat' dir='ltr'><strong>retinendi</strong></span> <span class='ocrx_word' id='word_1_812' title='bbox 3307 5706 3438 5762; x_wconf 80' lang='lat' dir='ltr'><strong>nulli</strong></span> 
     </span>
    </p>
   </div>
   <div class='ocr_carea' id='block_1_118' title="bbox 1862 5809 3440 5878">
    <p class='ocr_par' dir='ltr' id='par_1_118' title="bbox 1862 5809 3440 5878">
     <span class='ocr_line' id='line_1_118' title="bbox 1862 5809 3440 5878; baseline -0.007 -12"><span class='ocrx_word' id='word_1_813' title='bbox 1862 5812 1952 5866; x_wconf 87' lang='lat' dir='ltr'><strong>lict</strong></span> <span class='ocrx_word' id='word_1_814' title='bbox 1991 5810 2240 5875; x_wconf 69' lang='lat' dir='ltr'><strong>facultas,</strong></span> <span class='ocrx_word' id='word_1_815' title='bbox 2284 5812 2378 5867; x_wconf 84' lang='lat' dir='ltr'><strong>sed</strong></span> <span class='ocrx_word' id='word_1_816' title='bbox 2416 5810 2632 5863; x_wconf 85' lang='lat' dir='ltr'><strong>illorum</strong></span> <span class='ocrx_word' id='word_1_817' title='bbox 2670 5810 2878 5878; x_wconf 78' lang='lat' dir='ltr'><strong>legibus</strong></span> <span class='ocrx_word' id='word_1_818' title='bbox 2911 5809 3092 5859; x_wconf 82' lang='lat' dir='ltr'><strong>viverc</strong></span> <span class='ocrx_word' id='word_1_819' title='bbox 3123 5818 3310 5857; x_wconf 69' lang='lat' dir='ltr'><strong>omnes</strong></span> <span class='ocrx_word' id='word_1_820' title='bbox 3343 5817 3440 5855; x_wconf 78' lang='lat' dir='ltr'><strong>co-</strong></span> 
     </span>
    </p>
   </div>
   <div class='ocr_carea' id='block_1_119' title="bbox 1861 5895 3445 5972">
    <p class='ocr_par' dir='ltr' id='par_1_119' title="bbox 1861 5895 3445 5972">
     <span class='ocr_line' id='line_1_119' title="bbox 1861 5895 3445 5972; baseline -0.006 -13"><span class='ocrx_word' id='word_1_821' title='bbox 1861 5914 2076 5972; x_wconf 72' lang='lat' dir='ltr'><strong>qcntur.</strong></span> <span class='ocrx_word' id='word_1_822' title='bbox 2130 5904 2399 5960; x_wconf 60' lang='lat' dir='ltr'><strong>Caeterum</strong></span> <span class='ocrx_word' id='word_1_823' title='bbox 2453 5905 2538 5959; x_wconf 88' lang='lat' dir='ltr'><strong>ille</strong></span> <span class='ocrx_word' id='word_1_824' title='bbox 2589 5903 2894 5958; x_wconf 87' lang='lat' dir='ltr'><strong>divinarum</strong></span> <span class='ocrx_word' id='word_1_825' title='bbox 2963 5915 3138 5952; x_wconf 81' lang='lat' dir='ltr'><strong>rerum</strong></span> <span class='ocrx_word' id='word_1_826' title='bbox 3199 5895 3445 5963; x_wconf 83' lang='lat' dir='ltr'><strong>apprime</strong></span> 
     </span>
    </p>
   </div>
  </div>
