4046 6196
428 370 564 435 1039

1660 375 1939 438 ΤΗΕΟΙ).
1983 378 2070 435 BA
2083 372 2453 437 LSAMONIS

3499 367 3636 431 lilii)

421 502 513 558 tiri
564 502 619 555 in
658 497 916 568 quinque
965 490 1606 562 sccretorumrcligiosa
1652 487 1972 561 ratiocinia;

2095 489 2233 543 léata
2262 504 2277 519 '
2300 486 2397 540 καὶ
2431 483 2706 538 ἀναθεῖναι
2748 488 2845 553 τὴν
2875 481 3076 536 τούτων
3132 480 3399 551 διοίκησιν
3446 480 3633 536 διακο-

425 589 607 661 atque'
650 588 845 642 horum
902 582 1432 641 administrationem
1487 579 1649 636 certis
1706 578 1975 634 ministris

420 678 784 736 committere.
824 673 960 729 Nam
991 674 1232 729 'minime
1270 670 1625 726 conveniebat
1672 669 1843 738 ipsum
1884 679 1977 735 pa-

423 768 741 833 triarcham,
788 773 911 821 itam
972 764 1258 836 insigniter
1310 764 1366 818 in
1425 760 1681 817 omnibus
1738 757 1978 829 speciem

423 859 607 931 sponsi
638 871 837 928 praise
867 852 1432 924 ferentem-occupari
1465 849 1747 906 tractando
1778 856 1973 912 rastro,

425 948 825 1018 mancipiisque
862 942 1305 1002 satiandis.-inde
1336 944 1506 1013 igitur
1526 942 1580 997 in
1621 942 1768 996 hunc
1807 952 1979 1007 usque

421 1038 594 1099 diem,
616 1050 645 1088 a
670 1033 1261 1106 quinquepraesidibus
1282 1047 1420 1103 quos
1442 1031 1810 1101 magistratus.
1841 1029 1979 1081 Exo-

422 1124 1010 1188 catacoelos'dicimus,
1056 1132 1311 1193 tanquam
1360 1135 1391 1174 a
1437 1122 1683 1191 quinque
1726 1117 1979 1173 sensibus

422 1218 538 1273 haec
559 1216 1011 1272 administrantur
1038 1230 1052 1267 :
1088 1213 1345 1267 nimirum
1377 1228 1408 1265 a
1452 1225 1649 1279 magno
1674 1222 1975 1273 (economo,

2074 578 2280 647 νηταῖς,
2320 574 2452 629 Οὐδὲ
2482 574 2587 644 γάρ
2612 572 2829 626 ἔδειτδν
2857 572 3028 635 οὕτως
3066 572 3347 641 ἀγακλεῶς
3389 574 3446 626 ἐν
3491 574 3632 626 πᾶσι

2074 664 2625 734 νυμφοστολούμενον,
2658 663 2788 732 περὶ
2822 663 3107 732 σκαπάνην
3142 663 3492 733 ἀσχολεῖσθαι
3533 666 3635 717 καὶ

2074 752 2271 818 δούλων
2296 754 2666 823 χορτάσματα.
2703 753 2926 804 Ἐκτοτε
2955 752 3085 819 γοῦν
3111 752 3205 805 καὶ
3238 751 3397 822 μέχρι
3419 751 3513 806 τοῦ
3534 753 3635 807 νῦν

2076 841 2226 913 παρὰ
2258 842 2416 895 πέντε
2448 839 2901 913 προκαθημένων,
2935 842 3044 894 τῶν
3066 837 3509 905 ὲξωκατακοελων
3539 843 3638 912 ἀρ⁴

2075 929 2275 999 χόντων
2309 930 2473 999 φημὶ,
2498 928 2572 991 ὡς
2605 929 2705 980 ὑπὸ
2728 929 2890 983 πέντε
2947 930 3252 999 αἰσθήσεων
3290 931 3450 982 ταυτὶ
3494 929 3641 995 διεξ-

2077 1021 2301 1089 άγονται
2327 1036 2342 1050 ο
2375 1023 2540 1089 ἤγουν
2565 1020 2658 1073 τοῦ
2683 1020 2918 1088 μεγάλου
2941 1021 3244 1089 οἰκονόμου,
3268 1018 3363 1073 τοῦ
3395 1018 3637 1089 μεγάλου

2081 1110 2449 1181 σακελλαρίου,
2480 1108 2570 1162 τοῦ
2600 1108 2833 1179 μεγάλου
2862 1108 3284 1177 σκευοφύλακος,
3306 1108 3402 1161 τοῦ
3434 1126 3640 1177 χαρτο-

2080 1203 2337 1270 φὺλακος.
2373 1202 2470 1254 καὶ
2490 1199 2583 1253 τοῦ
2612 1198 2918 1254 σακελλιου.
2954 1201 3065 1253 Καὶ
3125 1198 3238 1269 εχει
3272 1200 3378 1251 τῶν
3430 1202 3639 1268 ἐκκλη-

422 1322 452 1361 a
500 1319 699 1373 magno
758 1302 1084 1366 saceiiario,
1144 1317 1174 1355 a
1228 1316 1440 1371 magno.
1485 1297 1893 1367 scevophylace,
1948 1309 1979 1348 a

2095 1292 2371 1347 πιαστικῶν
2408 1292 2710 1363 κτημάτων
2733 1290 2832 1367 τὴν
2858 1292 3139 1361 πρόνοιαν.
3178 1293 3205 1343 6
3262 1290 3435 1359 μέγας
3487 1294 3641 1343 οἱκο-

422 1394 781 1459 cbartuiario,
830 1402 885 1449 et
920 1407 985 1448 ea
1026 1391 1257 1463 praside
1296 1389 1525 1445 saceliii.
1570 1386 1797 1457 Magnus
1833 1398 1979 1440 (eco-

2095 1385 2283 1453 adpocf
2314 1383 2423 1436 τῶν
2444 1383 2585 1435 κατὰ
2610 1382 2781 1457 πόλιν,
2825 1380 2921 1435 καὶ
2956 1381 3060 1435 τῶν
3103 1381 3413 1452 περατικῶν
3462 1398 3640 1451 μονα-

423 1502 622 1542 nonius
668 1484 995 1555 praediorum
1030 1462 1528 1539 ecclesiasticarum
1564 1491 1752 1530 curam
1794 1473 1931 1543 gerit
1961 1488 1979 1526 :

2095 1472 2318 1541 κηρίων
2338 1472 2439 1541 τὴν
2471 1472 2740 1542 μέριμναν
2773 1462 3240 1542 (τρισκαιδέκατος
3283 1471 3390 1541 γὰρ
3429 1469 3645 1538 ῥεγεὼν

424 1591 654 1647 magnus
713 1573 1032 1630 saceiiarius
1088 1579 1197 1626 tam
1251 1570 1479 1633 urbana,
1533 1583 1696 1638 quam
1755 1564 1982 1621 ulterius

2095 1564 2179 1635 τῆς
2231 1562 2617 1634 βασιλευούσης
2653 1562 2761 1615 τῶν
2816 1561 3059 1626 πόλεων,
3101 1564 3134 1632 ἡ
3178 1562 3376 1627 περαια
3432 1561 3645 1631 ταύτης

433 1668 537 1721 sita
578 1666 909 1721 monasteria
944 1670 1099 1718 curat
1120 1662 1262 1734 (cum
1296 1660 1447 1715 urbis
1482 1656 1839 1729 imperatricis
1891 1656 1985 1739 de-

2095 1656 2279 1723 ὲστὶν),
2312 1654 2341 1707 6
2374 1654 2545 1723 μέγας
2577 1653 2928 1733 σακελλάριος
2960 1670 2973 1685 ·
3006 1653 3114 1707 τῶν
3148 1654 3306 1725 ιερῶν
3336 1654 3646 1726 κειμηλίων

424 1758 564 1811 cima
606 1755 765 1812 tertia
790 1756 962 1825 regio,
985 1754 1054 1809 sit
1084 1751 1202 1825 ejus
1228 1752 1378 1821 regio
1402 1749 1686 1817 extrema),
1715 1748 1783 1804 de
1812 1747 1985 1803 sacris

2095 1744 2179 1817 τὴν
2204 1740 2536 1814 ἐπιμέλειαν,
2565 1747 2592 1798 6
2629 1746 2801 1815 μέγας
2847 1745 3185 1813 αευοφύλαξ
3207 1761 3221 1776 ⁸
3251 1747 3473 1800 καὶτῶν
3502 1745 3644 1800 καο-

425 1850 655 1907 cimeiiis
682 1848 952 1905 sollicitus
978 1855 1061 1903 cst
1089 1861 1316 1917 magnus
1349 1844 1438 1899 ille
1468 1859 1720 1898 vasorum
1756 1852 1982 1899 custos:

2095 1812 2279 1891 δλικῶν
2302 1812 2311 1814 ⁷
2334 1812 2654 1907 ἐκκλησιῶν,
2710 1812 2851 1905 πρὸς
2884 1835 2940 1889 δὲ
2992 1812 3085 1890 καὶ
3118 1836 3225 1891 τῶν
3255 1836 3647 1907 ὲμφυτεὺσεων

425 1944 779 2000 ecclesiarum
852 1940 907 1996 in
963 1954 1179 2009 genere,
1242 1943 1404 2007 atque
1453 1937 1616 1991 etiam
1668 1934 1987 2005 empbyteu-

427 2036 571 2092 slum
648 2032 1089 2097 administratio,
1160 2045 1329 2101 penes
1406 2028 1610 2083 sacellii
1671 2024 1984 2099 praefectum

425 2136 529 2187 est.

495 2222 871 2280 Chartuiarius
897 2228 1075 2275 autem
1108 2234 1204 2291 pro
1225 2234 1322 2273 sua
1347 2226 1495 2289 parte
1523 2216 1671 2275 solus
1695 2229 1758 2272 ea
1786 2212 1988 2284 dirigit,

427 2332 549 2385 qua:
577 2316 700 2385 jure
738 2314 1088 2385 pontiﬁcatus
1118 2312 1183 2366 ad
1212 2310 1571 2382 patriarcbam
1608 2308 1898 2379 pertinent.
1924 2306 1990 2361 Et

426 2422 536 2479 quo
582 2405 800 2476 quidem
849 2414 1006 2475 pacto
1052 2412 1369 2459 cancrorum
1422 2413 1653 2471 quatuor
1699 2398 1988 2471 praesidum

428 2496 801 2553 institutiones
853 2510 947 2551 seu
994 2494 1286 2549 electiones
1321 2492 1432 2548 ueri
1478 2492 1672 2547 debere
1719 2490 1989 2546 sancitum

428 2586 520 2649 sit,
551 2594 603 2640 et
632 2592 763 2654 quot
787 2600 910 2638 nam
939 2584 1163 2654 quilibet
1192 2583 1382 2636 borum
1401 2580 1760 2636 chartuiarios
1790 2578 1993 2634 laboris

429 2684 715 2729 consortes
765 2672 983 2736 habeat,
1016 2677 1215 2740 quotve
1244 2683 1344 2725 suo
1372 2670 1424 2723 in
1453 2677 1661 2723 secreto
1687 2666 2011 2728 ministros,

431 2763 662 2818 alienum
711 2763 813 2818 hoc
864 2762 987 2817 loco
1036 2760 1198 2815 fuerit
1237 2760 1435 2816 dicere.
1486 2757 1603 2813 Non
1630 2756 1773 2813 enim
1810 2756 1879 2812 de
1906 2756 1992 2811 his

430 2851 580 2924 ioqui
630 2866 775 2905 nunc
812 2850 1173 2906 instituimus.
1216 2846 1369 2903 Unde
1402 2863 1551 2915 vero,
1594 2856 1645 2904 et
1671 2846 1905 2918 qualiter
1936 2846 1991 2902 id

428 2941 796 2998 venerationis
828 2940 881 2995 in
921 2940 1096 3011 signis
1141 2937 1553 3009 chartophyiaci
1597 2939 1890 3004 tribuatur,
1934 2946 1994 2993 ut

428 3048 493 3088 os
523 3042 576 3089 et
614 3047 807 3089 manus
836 3030 1156 3104 patriarcha
1185 3036 1552 3100 nuncupatur,
1585 3028 1995 3100 inquirendum.

429 3124 495 3180 Et
518 3125 645 3194 quia
690 3124 936 3179 nonnulli
969 3138 1166 3179 nomen
1192 3121 1631 3193 cbartophylacis
1663 3136 1727 3175 ex
1759 3135 1824 3176 eo
1852 3120 1995 3176 deri-

428 3222 582 3279 vant,
610 3213 753 3284 quod
784 3213 1132 3268 membranas
1156 3211 1271 3267 sive
1294 3208 1511 3266 codices
1527 3208 1795 3265 custodiat
1826 3225 1839 3261 :
1871 3215 1996 3261 ante

430 3305 614 3361 omnia
646 3304 966 3369 tollendum,
1017 3302 1161 3374 quod
1197 3301 1322 3357 inde
1351 3302 1503 3357 nasci
1536 3310 1738 3371 posset,
1766 3300 1997 3356 scanda-

430 3398 559 3452 lum.
595 3394 993 3467 Cbartopbyiax
1044 3409 1153 3449 non
1186 3402 1290 3461 est,
1322 3394 1401 3449 uti
1441 3393 1658 3464 quidam
1689 3391 1995 3462 perhibent,

431 3498 621 3543 custos
647 3484 863 3551 secreti,
892 3494 946 3540 et
1005 3484 1219 3556 janitor
1258 3485 1433 3555 (nam
1463 3483 1809 3539 ostiariorum
1844 3490 1996 3536 vetus

430 3594 492 3634 ea
515 3578 785 3651 professio
811 3577 952 3647 est),
986 3576 1079 3631 sed
1123 3574 1352 3637 idoneus
1373 3575 1577 3644 jurium
1610 3573 1994 3644 episcopalium

432 3677 673 3724 curator.
713 3668 804 3723 Sic
833 3670 975 3722 enim
1010 3675 1064 3723 et
1105 3666 1571 3737 nomopiiyiacem,
1605 3673 1657 3719 et
1694 3664 1997 3736 scevophy-

432 3759 605 3812 lacem
632 3764 934 3813 castrorum
962 3758 1222 3827 principis
1246 3757 1499 3813 dicimus.
1524 3754 1677 3822 Quod
1708 3754 1755 3810 si
1787 3755 1998 3809 fortiter

434 3851 535 3903 hoc
560 3848 867 3903 inllciantes
889 3857 1156 3917 quaerant,
1197 3848 1290 3917 qui
1326 3848 1436 3908 liat.
1457 3854 1517 3901 ut
1544 3846 1774 3902 aliorum
1813 3861 1997 3901 secre-

434 3952 611 3994 torum
638 3940 920 4010 praesides,
943 3954 1053 3994 non
1070 3940 1322 3995 dicantur
1334 3939 1611 4003 custodes,
1632 3953 1757 3991 cum
1779 3937 1996 4005 quidem

434 4045 615 4085 rerum
665 4028 1143 4085 administratores
1184 4030 1335 4094 sint;
1391 4044 1490 4083 cur
1541 4044 1725 4094 unus,
1771 4042 1998 4097 magnus

433 4128 655 4174 vocetur
704 4131 1023 4173 mcenomus
1078 4117 1325 4182 ;-alius,
1372 4131 1599 4187 magnus
1659 4115 1997 4181 saceliarius,

432 4207 595 4271 alius,
628 4207 831 4262 saceliii
860 4204 1149 4277 pralectus
1175 4223 1190 4259 :
1220 4206 1464 4269 audiant,
1497 4208 1635 4260 idem
1668 4219 1788 4259 esse
1804 4220 1999 4260 nomen

432 4297 729 4361 (nconomi,
765 4294 1039 4359 custodis,
1084 4295 1350 4350 saceliarii
1396 4304 1449 4350 et
1489 4295 1692 4350 saceiiii
1734 4295 1996 4365 praefecti.

434 4386 566 4439 Nam
603 4385 743 4457 apud
766 4384 1043 4440 Romanos
1073 4386 1329 4440 sacellum
1363 4385 1429 4441 ab
1459 4385 1927 4460 administratione
1946 4395 2000 4441 et

2087 1927 2187 1998 τὴν
2207 1926 2493 1997 διοίκησιν,
2523 1928 2551 1981 6
2583 1926 2887 2013 σακελλιου.

2164 2204 2227 2261 σο
2254 2206 2310 2259 δὲ
2353 2205 2693 2279 χαρτοφύλαξ
2755 2203 3067 2260 κατευθύνει
3116 2203 3429 2275 μονομερῶς
3461 2203 3534 2258 τά
3566 2204 3650 2275 τῷ

2091 2297 2399 2367 πατριάρχῃ
2419 2337 2434 2361 ,
2490 2296 2682 2367 δικαίῳ
2719 2296 2817 2366 τῆς
2847 2296 3291 2366 ἀρχιερωσύνης,
3349 2297 3647 2366 ἀνήκοντα.

2092 2389 2277 2451 Ὅπως
2315 2388 2413 2457 μὲν
2440 2386 2532 2441 οὖν
2566 2386 2674 2441 τῶν
2708 2385 2881 2439 ἄλλων
2908 2387 3187 2457 τεσσάρων
3210 2386 3652 2458 προκαθημένων

2087 2476 2186 2538 τὰς
2246 2474 2575 2546 προϐλήσεις
2641 2474 2945 2532 τετύπωται
2989 2473 3253 2542 γίνεσθαι,
3314 2475 3408 2527 καὶ
3447 2475 3652 2537 πόσους

2088 2565 2317 2619 ἕκαστον
2345 2568 2547 2618 τούτων
2578 2565 2690 2634 εχει
2725 2564 3145 2635 χαρτουλαρὶους
3178 2564 3270 2618 τοῦ
3306 2566 3475 2619 κόπου
3511 2582 3651 2633 συμ-

2094 2657 2378 2729 μεριστάς,
2426 2658 2519 2711 καὶ
2548 2658 2745 2718 πόσους
2781 2656 3131 2724 σεκρετικοὺς
3174 2656 3521 2726 διακονητάς,
3547 2654 3652 2709 οὐκ

2090 2750 2205 2803 ἔστι
2250 2748 2430 2818 λέγειν
2459 2748 2670 2819 καιρός.
2727 2745 2863 2803 Οὐδὲ
2900 2748 3008 2817 γὰρ
3051 2751 3175 2819 περὶ
3218 2749 3421 2802 τούτων
3473 2751 3654 2801 εἰπεῖν

2091 2828 2451 2913 προεθέμεθα.
2512 2841 2673 2895 Ὅθεν
2700 2841 2776 2904 ὁὶ,
2828 2841 2921 2895 καὶ
2950 2842 3097 2904 ὅπως
3126 2843 3155 2893 6
3186 2840 3530 2913 χαρτοφύλαξ
3561 2856 3654 2895 σεο

2096 2930 2431 3003 μνολογεῑται
2458 2930 2819 2995 πανευκλεῶς,
2849 2932 2943 2984 καὶ
2976 2930 3220 2985 καλεῖται
3252 2931 3343 2983 τοῦ
3374 2933 3652 3002 πατριάρο

2091 3040 2187 3095 χον
2228 3024 2399 3093 στόμα
2430 3022 2523 3076 καὶ
2552 3023 2694 3093 χεὶρ,
2729 3020 3010 3095 ζητητέον.
3054 3023 3206 3075 Ἐπεὶ
3235 3022 3293 3076 δέ
3324 3040 3468 3086 τινες
3503 3039 3653 3095 παρο

2094 3111 2459 3181 ωνυμῑζεσθαι
2512 3112 2604 3164 τὸν
2675 3112 3060 3182 χαρτοφύλακα
3128 3111 3371 3166 θέλουσιν
3433 3114 3498 3166 ἑκ
3557 3113 3651 3167 τοῦ

2099 3200 2384 3271 φυλάττειν
2420 3200 2735 3270 μεμϐράνας
2783 3202 2903 3270 ἢτοι
2967 3202 3214 3265 κωδίκια,
3276 3204 3657 3272 περιαιρετέον

2098 3292 2205 3364 πρὸ
2258 3292 2477 3346 πάντων
2515 3292 2575 3345 τὸ
2606 3294 2671 3345 ὲκ
2698 3292 2885 3346 τούτου
2916 3294 3177 3364 φυόμενον
3210 3294 3526 3348 σκάνδαλον.
3595 3294 3656 3346 ’0

2096 3380 2441 3453 χαρτοφύλαξ
2468 3383 2570 3437 οὐκ
2598 3382 2762 3446 ἔστιν,
2794 3382 2869 3447 ὥς
2888 3400 3029 3447 τινες
3062 3384 3328 3453 λέγουσιν,
3359 3384 3534 3452 φύλαξ
3560 3384 3655 3439 τοῦ

2099 3477 2379 3548 σεκρέτου,
2432 3477 2527 3529 καὶ
2576 3476 2817 3547 θυρωρὸς
2868 3477 3044 3549 (τοῦτο
3082 3478 3190 3548 γὰρ
3222 3478 3330 3530 τῶν
3366 3478 3656 3548 ὀστιαρίων

2097 3567 2323 3638 ἀρχαῖον
2351 3566 2713 3637 ὲπάγγελμα)·
2737 3568 3110 3621 ἑπισκοπικῶν
3146 3569 3203 3621 δὲ
3233 3567 3455 3622 δικαίων
3489 3568 3656 3640 φρον-

2098 3658 2283 3729 τιστὴς
2313 3655 2625 3726 ἀξιόμαχος.
2661 3654 2816 3707 Οὕτω
2846 3656 2952 3725 γὰρ
2982 3658 3077 3708 καὶ
3124 3654 3433 3725 νομοφύλαξ
3468 3657 3656 3708 καλεῖ-

2097 3766 2209 3816 ται,
2248 3750 2339 3802 καὶ
2369 3746 2709 3816 σκευοφύλαξ
2741 3747 3106 3817 στρατοπέδου
3143 3748 3445 3818 βασιλικοῦ.
3501 3750 3563 3802 El
3611 3749 3657 3801 δ’

2100 3842 2565 3913 άπισχυρίζονται,
2606 3840 2723 3902 πῶς
2772 3840 2878 3893 τῶν
2920 3840 3098 3894 ἄλλων
3139 3841 3409 3911 σεκριτων
3438 3842 3486 3894 οἱ
3525 3856 3661 3911 προ·

2099 3933 2421 4004 καθήμενοι,
2455 3932 2702 4002 φύλακες
2732 3932 2795 3985 οὐ
2828 3932 3317 4003 κατονομάζονται,
3368 3935 3457 3986 καὶ
3486 3933 3660 3987 ταῦτα

2101 4026 2438 4097 πραγμάτων
2500 4025 2653 4088 ὄντες
2710 4025 2982 4094 διοικηται
3021 4042 3034 4057 ·
3085 4026 3199 4079 ἀλλ’
3231 4027 3260 4079 6
3306 4026 3406 4095 μὲν
3432 4066 3446 4091 ,
3484 4026 3660 4095 μέγας

2098 4117 2378 4187 οἰκονόμος
2416 4117 2685 4170 καλεῖται’
2730 4117 2759 4169 6
2788 4117 2866 4179 δὲ.
2911 4118 3084 4187 μέγας
3110 4118 3461 4187 σακε).λάριος
3484 4135 3498 4150 ο
3532 4120 3654 4181 ὸδὲ,

2101 4208 2419 4262 σακελλίου’
2452 4208 2863 4274 ἀκουσάτωσαν,
2916 4209 2990 4271 ὡς
3027 4210 3219 4263 ταυτόν
3271 4211 3417 4263 ἑστιν
3462 4210 3655 4276 εἰπεῖν,

2099 4301 2400 4371 οἰκονόμον,
2438 4300 2673 4368 φύλακα,
2708 4300 3077 4371 σακελλάριον,
3114 4292 3207 4353 καὶ⁸
3231 4302 3319 4353 τὸν
3351 4299 3658 4357 σακελλίου.

2099 4390 2259 4461 Παρὰ
2291 4390 2402 4461 γὰρ
2432 4392 2544 4453 τοῖς
2583 4392 2874 4460 Ῥωμαίοις
2923 4390 3201 4455 σάκελλον,
3250 4392 3401 4457 παρὰ
3432 4390 3493 4441 τὸ
3525 4390 3660 4442 διοι-

430 4478 681 4531 custodia
702 4477 935 4532 dicitur.
964 4476 1141 4546 Atque
1166 4476 1330 4530 etiam
1374 4476 1499 4531 hinc
1534 4477 1732 4532 sacella
1763 4480 1994 4553 patriar-

2103 4484 2217 4534 κεῖν
2247 4483 2339 4535 καὶ
2372 4482 2655 4549 φυλάττειν
2686 4484 2821 4536 ἐστι.
2854 4482 2962 4536 Καὶ
2996 4485 3030 4551 ἡ
3081 4483 3205 4547 τοὺς
3236 4481 3575 4551 κακούργους
3602 4481 3659 4533 δὲ

416 4568 627 4634 ,οιιεὶίἣ
674 4582 781 4639 qua
812 4568 1040 4623 maleﬁci
1080 4567 1487 4634 custodiuntur,
1532 4583 1638 4622 non
1672 4569 1889 4624 aliunde
1914 4587 2003 4641 ap-

432 4661 632 4730 pellata
656 4668 783 4728 est;
823 4660 970 4716 sicut
1008 4671 1061 4715 ct
1104 4660 1391 4715 sacuiium.
1427 4660 1752 4717 Sacellarius
1786 4662 2001 4731 quidem

433 4753 636 4806 dicitur
661 4753 1120 4807 monasteriorum
1142 4751 1553 4812 administrator
1587 4771 1600 4806 :
1626 4764 1677 4807 et
1715 4753 2004 4823 praefectus

436 4844 623 4897 sacelli
669 4843 1025 4908 deminutive,
1060 4845 1414 4899 ecclesiarum
1448 4845 1501 4898 in
1529 4860 1724 4913 genere
1762 4853 2000 4901 curator.

434 4933 702 4988 Caeterum
752 4950 820 4989 ne
868 4936 920 4989 iii
968 4939 1207 5006 quinque
1244 4936 1499 5005 praesides
1546 4953 1712 4991 unum
1743 4937 2006 4995 duntaxat

437 5022 701 5075 haberent
752 5038 948 5077 nomen
980 5065 997 5091 ,
1058 5024 1262 5092 placuit
1312 5024 1647 5078 diversorum
1705 5024 2003 5080 officiorum

439 5113 892 5180 appellationibus
918 5128 1017 5168 eos
1046 5116 1340 5185 ampliores
1364 5116 1514 5170 reddi
1536 5116 1750 5170 debere.
1784 5116 1902 5181 Quo
1925 5117 2005 5183 lit,

442 5212 499 5255 ut
516 5203 790 5256 actionum
819 5204 1016 5259 ﬁnibus
1036 5204 1175 5260 idcm
1195 5206 1513 5274 existentes,
1538 5207 2007 5261 olliciorumvoca-

442 5292 583 5346 bulis
612 5292 1035 5362 distinguantur.
1070 5292 1183 5350 Hoc
1212 5296 1373 5350 modo
1402 5309 1545 5351 recte
1574 5298 1788 5351 sublato
1817 5297 2005 5361 dubio,

442 5384 586 5452 quod
615 5384 877 5439 adversus
929 5386 1401 5458 chartophytacem
1436 5387 1589 5442 .acite
1617 5389 1761 5440 nasci
1791 5395 2010 5457 poterat

443 5476 648 5544 reliqua
669 5474 829 5529 etiam
851 5474 1175 5530 declaranda
1196 5478 1439 5533 veniunt.
1462 5476 1658 5533 Eunus
1690 5481 2006 5535 ciiamarii

442 5567 655 5618 variqu
698 5572 752 5618 et
796 5565 1073 5635 multiplex
1102 5575 1205 5623 est.
1248 5567 1450 5623 idcirco
1484 5569 1865 5625 auidissimus
1908 5586 2007 5640 pro

447 5666 687 5723 tempore
716 5656 1047 5725 patriarcha,
1078 5658 1227 5713 velut
1273 5658 1497 5713 alterum
1544 5659 1828 5722 innata,
1864 5660 2005 5714 hunc

448 5748 707 5819 deligens,
740 5766 858 5805 cum
895 5749 1037 5805 illose
1076 5750 1201 5805 dielt
1242 5749 1297 5805 ui
1338 5746 1618 5807 Domina
1650 5766 1659 5804 :
1695 5782 1709 5803 Δ
1752 5751 2007 5817 .nspiciat

2107 4574 2450 4642 φυλάττουσα
2481 4576 2854 4645 πατριαρχικὴ
2882 4558 3115 4644 σακέλλη
3146 4574 3413 4637 ἐντεῦθεν,
3444 4575 3536 4625 καὶ
3561 4574 3661 4625 οὐκ

2105 4663 2324 4718 ἄλλοθεν
2358 4665 2796 4735 μετωνόμασται,
2827 4665 3013 4737 ὥσπερ
3041 4665 3107 4735 δὴ
3137 4666 3230 4719 καὶ
3265 4665 3326 4718 τὸ
3358 4664 3660 4719 σακούλιον.

2105 4755 2333 4822 Λέγεται
2357 4756 2487 4824 γοῦν
2512 4755 2883 4826 σακελλάριος,
2924 4758 2951 4809 6
2979 4754 3087 4807 τῶν
3123 4756 3495 4826 μοναστηρῑων
3535 4756 3663 4809 διοι-

2105 4848 2276 4915 κητής
2304 4861 2319 4876 ⁸
2352 4845 2443 4899 καὶ
2472 4848 2500 4899 6
2526 4844 2806 4898 σακελλίου
2841 4846 3289 4915 ὑποκοριστικῶς,
3324 4849 3351 4897 6
3382 4846 3491 4897 τῶν
3534 4846 3662 4898 καθ-

2104 4936 2321 4999 ολικῶν
2355 4936 2656 5005 ἐκκλησιῶν
2713 4937 3051 5006 φροντιστής.
3088 4936 3200 4987 Ἵνα
3229 4936 3284 4987 δὲ
3332 4938 3364 5003 ὴ
3399 4937 3508 4987 τῶν
3536 4951 3665 5004 προ-

2105 5024 2430 5093 καθημένων
2483 5026 2682 5088 πεντὰς
2737 5028 2811 5095 μὴ
2872 5018 3341 5094 ταυτωνυμίζηται
3376 5065 3391 5087 ,
3452 5024 3661 5095 ὡρίσθη

2106 5116 2375 5186 διαφόρων
2428 5115 2698 5183 ὀφφικίων
2748 5116 3004 5185 ὀνόμασιν
3038 5117 3206 5184 αὐτὴν
3254 5116 3663 5196 μεγεθύνεσθαι.

2107 5205 2197 5275 Τῷ
2226 5223 2305 5259 τοι
2339 5208 2430 5259 καὶ
2466 5206 2826 5275 ταυτιζομένη
2850 5206 2956 5258 τῶν
2991 5206 3279 5274 ἐνεργειῶν
3322 5214 3432 5268 τοὶς
3472 5208 3668 5259 ἀποτε-

2108 5296 2361 5364 λέσμασι,
2418 5294 2697 5365 μερίζεται
2756 5296 2862 5349 τῶν
2898 5296 3165 5363 ὀφφικίων
3209 5297 3329 5357 ταῖς
3389 5296 3661 5364 κλήσεσιν.

2109 5388 2263 5440 Οὖτω
2309 5388 2437 5453 γοῦν
2502 5388 2958 5455 περιαιρουμένης
2998 5385 3201 5449 καλῶς,
3233 5386 3326 5453 τῆς
3355 5386 3419 5438 ἐκ
3444 5386 3540 5454 τῆς
3569 5402 3667 5450 φυ-

2108 5477 2283 5547 λακῆς
2333 5477 2815 5548 ὑποκλεπτομένης
2854 5477 3120 5546 ἀσαφείας
3166 5478 3308 5529 κατὰ
3352 5477 3443 5530 τοῦ
3473 5493 3667 5547 χαρτοο

2110 5569 2366 5638 φύλακος,
2405 5570 2761 5639 σαφηνιστέον
2794 5570 2887 5623 καὶ
2917 5570 2982 5622 τά
3019 5568 3198 5621 λοιπά.
3240 5567 3347 5621 Τοῦ
3398 5566 3669 5639 χαρτοφύ-

2109 5661 2272 5722 λακος
2324 5664 2355 5730 ἡ
2417 5662 2663 5730 ἐνέργεια
2698 5660 2977 5730 πολυειδὴς
3030 5660 3124 5714 καὶ
3157 5658 3483 5730 πολυσχιδής
3530 5662 3666 5712 ἐστι.

2115 5756 2204 5805 Διὸ
2231 5755 2324 5807 καὶ
2350 5755 2379 5806 ὁ
2427 5754 2565 5807 κατὰ
2592 5752 2811 5823 καιροὺς
2845 5750 3144 5820 ἁγιώτατος
3180 5750 3544 5822 πατριάρχης,
3594 5747 3669 5812 ὥς
