3948 6194
338 384 462 449 1041

1765 397 2177 462 ΜΕΒΙῪΑΤΑ.

3403 402 3540 467 ’1042

315 523 472 571 ἄλλον
511 519 720 592 ’Δαρὼν
757 518 942 574 τοῦτον
971 519 1374 592 ἐπιλεγόμενος,
1407 518 1556 588 λέγει
1585 521 1722 591 μετὰ
1746 521 1867 574 Meo.

1970 518 2242 577 Dominus
2293 520 2436 576 Deus
2504 530 2716 591 patrum
2781 533 3114 592 nostrorum,
3170 533 3222 578 et
3276 501 3541 585 universa:

315 613 450 676 σίως
481 611 618 683 πρὸς
651 612 876 680 Κύριονο
916 629 934 664 ι
981 610 1394 680 Ἐπισκεψάσθω
1443 609 1646 680 Κύριος
1676 614 1704 663 ό
1738 611 1872 676 Θεὸς
1917 671 1926 681 I

314 704 420 758 τῶν
467 701 718 771 πατέρων
742 703 834 754 καὶ
859 701 1038 771 πάσης
1073 701 1296 770 σαρκὸς,
1327 699 1608 771 ἄνθρωπον
1649 701 1744 754 ἐπὶ
1774 703 1872 771 τῆς

321 795 641 862 συναγωγῆς
671 793 891 861 ταύτης,
917 793 1062 856 ὅστις
1087 791 1421 856 ἐξελεύσεται
1451 794 1558 845 ἀπὺ
1580 795 1870 864 προσώπου

311 882 445 950 ἐμοῦ
470 901 519 946 ι,
547 882 640 934 καὶ
666 882 810 941 ὅστις
833 880 1194 933 εἰσελεύσεται
1225 880 1329 950 πρὸ
1353 880 1643 950 προσώπου
1669 881 1872 945 αὐτῶν,

311 975 406 1027 καὶ
452 974 602 1035 ὅστις
648 971 851 1036 εἰσάξει
897 972 1092 1034 αὐτοὺς
1133 972 1208 1035 ὡς
1229 972 1346 1040 ἐμὲ,
1379 973 1472 1024 καὶ
1501 973 1653 1036 ὅστις
1694 973 1873 1038 ἐξάξει

311 1063 512 1127 αὐτοὺς
561 1062 620 1127 ἐξ
660 1061 832 1131 ἐμοῦο
885 1064 978 1114 καὶ
1023 1061 1196 1125 οὕτως
1237 1062 1512 1134 ἐπιτίθησι
1547 1064 1646 1128 τὰς
1682 1066 1872 1135 χεῖρας

309 1154 474 1208 αὑτοῦ
507 1154 598 1206 ἐπ’
623 1153 801 1216 αὑτὸν,
833 1153 926 1206 irai
954 1151 1166 1205 δίδωσιν
1196 1152 1344 1224 αὐτῷ
1371 1155 1468 1222 τὴν
1496 1137 1652 1219 δόξαν
1683 1155 1874 1222 αὐτοῦ,

309 1246 457 1306 ὅπως
492 1243 763 1298 ἀκούωσιν
813 1242 974 1296 αὑτοῦ
1009 1244 1058 1295 οἱ
1087 1245 1192 1296 υίοὶ
1235 1244 1473 1315 Ἰσραήλ.
1544 1246 1871 1317 Ἐγχειρίζει

309 1334 484 1405 τούτῳ
518 1336 612 1388 καὶ
648 1333 879 1402 χρυσοῦν
913 1333 988 1395 ὡς
1019 1335 1096 1401 ,ἄν
1139 1350 1224 1397 τις
1272 1335 1415 1406 είποι
1439 1335 1740 1404 δακτύλιον,
1773 1355 1879 1391 κα-

311 1425 421 1488 θὼς
468 1423 588 1479 εἷπε
642 1425 842 1495 Κύριος
892 1427 1024 1497 πρὸς
1075 1427 1316 1496 Μωσῆνα
1373 1431 1465 1480 καὶ
1503 1428 1781 1498 ἐπιθήσεις
1811 1430 1872 1483 τὸ

311 1516 520 1582 λογεῖον
552 1519 642 1570 ἐπὶ
673 1517 734 1569 τὸ
767 1517 959 1584 στῆθος
988 1516 1079 1569 τοῦ
1124 1517 1353 1587 Ἀαρὼν,
1388 1519 1483 1571 καὶ
1510 1520 1756 1589 ποιήσεις
1782 1519 1878 1574 5a-

310 1609 526 1662 κτύλιον
583 1608 838 1679 χρυσοῦν,
889 1610 982 1662 καὶ
1024 1609 1522 1680 συναρμολογήσεες
1569 1611 1728 1664 αὑτὸν
1776 1612 1881 1666 τού

310 1702 538 1769 Δογείου
591 1706 699 1763 τοῖς
745 1703 996 1772 χείλεσιν,
1027 1701 1114 1771 ἐφ’
1146 1695 1190 1768 ᾧ
1242 1701 1312 1756 δι’
1365 1702 1530 1756 αὐτοῦ
1577 1703 1686 1758 τῶν
1738 1705 1872 1760 υίῶν

310 1793 528 1862 Ἰσραὴλ
557 1792 967 1864 ἀπογράφεσθαι
1006 1791 1077 1848 τὰ
1115 1790 1371 1862 ὀνόματα.
1432 1795 1588 1857 ﬂcio;
1623 1795 1678 1848 δὲ
1713 1792 1866 1860 οὗτός

1979 609 2184 678 carnis,
2227 610 2496 667 hominem
2556 612 2610 667 in
2679 613 2784 668 hoc
2814 623 2985 682 cmtu,
3039 615 3133 685 qui
3166 617 3474 686 egrediatur
3509 636 3538 671 a

1981 698 2119 756 facie
2169 714 2313 766 mea,
2366 718 2388 753 ι
2424 710 2478 756 et
2515 701 2850 772 ingrediatur
2879 714 3009 760 ante
3037 704 3227 760 faciem
3257 722 3469 776 eorum,
3490 718 3543 764 et

1979 793 2294 849 introducat
2316 810 2412 850 eos
2430 793 2496 847 ad
2525 810 2637 859 me,
2656 806 2706 851 et
2739 795 2973 850 abducat
3005 811 3102 852 eos
3128 811 3159 851 a
3189 812 3274 853 me
3300 815 3314 852 :
3346 799 3545 869 quibus

1979 884 2163 950 dictis,
2216 900 2410 940 manus
2454 887 2505 941 ei
2546 901 2678 943 suas
2713 887 2960 955 imponit,
3010 895 3065 944 et
3098 887 3190 943 dat
3221 888 3268 943 ei
3319 891 3543 958 gloriam

1978 992 2156 1042 suam,
2190 986 2249 1031 ut
2275 977 2498 1032 audiant
2521 993 2644 1032 eum
2675 977 2772 1033 filii
2806 966 3043 1036 Israelis.
3075 979 3249 1036 Etiam
3287 982 3333 1037 ei
3369 983 3547 1051 porri-

1979 1067 2056 1139 git
2085 1069 2139 1123 in
2165 1083 2384 1124 manum
2417 1069 2677 1124 annulum
2717 1085 2942 1125 aureum
2967 1110 2984 1135 ,
3023 1071 3167 1125 sicut
3197 1081 3252 1126 et
3285 1070 3545 1128 Dominus

1979 1160 2044 1213 ad
2079 1158 2281 1215 Mosem
2302 1159 2438 1214 dixit
2464 1178 2479 1215 :
2512 1157 2578 1214 Et
2597 1159 2843 1229 impones
2865 1157 3153 1216 Rationale
3181 1176 3347 1230 super
3371 1162 3544 1216 Aaro-

1977 1248 2068 1302 nis
2106 1258 2330 1318 pectus,
2351 1258 2404 1304 et
2439 1248 2702 1304 annulum
2745 1248 2913 1304 facies
2949 1265 3202 1313 aureum,
3233 1258 3288 1303 et
3327 1265 3545 1306 accom-

1978 1342 2232 1396 modabis
2272 1342 2392 1396 eum
2425 1342 2592 1398 labris
2623 1342 2798 1412 ipsius
2831 1342 3155 1408 Rationalis,
3195 1351 3251 1397 ut
3291 1359 3385 1414 per
3419 1360 3543 1398 eum

1979 1432 2199 1485 nomina
2233 1431 2464 1487 filiorum
2499 1431 2716 1488 Israelis
2745 1433 3152 1488 describantur.
3207 1433 3272 1486 Et
3318 1436 3542 1502 quinam

1979 1523 2026 1578 is
2052 1521 2178 1579 est?
2210 1521 2576 1578 Patriarchale
2603 1525 2968 1588 bulloterium,
3005 1539 3102 1593 pro
3137 1540 3285 1579 more
3316 1541 3547 1595 suspen-

1977 1629 2100 1668 sum
2133 1618 2199 1668 ad
2227 1613 2541 1668 cbartularii
2575 1623 2784 1685 pectus,
2814 1615 3217 1684 receptaculum
3242 1617 3408 1670 studii
3446 1618 3546 1671 du-

1976 1706 2276 1759 ctrinarum
2300 1706 2479 1760 omnis
2506 1707 2742 1775 generis,
2777 1706 2977 1776 (dignis
3004 1707 3171 1770 enim,
3203 1706 3342 1774 quod
3366 1707 3542 1775 aiunt,

1977 1796 2320 1852 concedenda
2356 1797 2958 1868 suntdignitates),quo
2984 1799 3344 1852 internecims
3369 1803 3542 1853 munit

312 1884 461 1946 ἐστις
511 1884 585 1937 Τὸ
626 1886 1018 1956 πατριαρχικδν
1064 1883 1475 1956 βουλλωτηριον,
1525 1887 1587 1938 τὸ
1616 1889 1768 1958 παρὰ
1795 1887 1870 1958 τῷ

1971 1903 2094 1943 cum
2122 1887 2300 1957 sigillo
2325 1895 2378 1942 et
2402 1889 2595 1958 gratia,
2631 1900 2946 1958 peccatores
2966 1891 3234 1944 convertit
3269 1907 3389 1945 cum
3415 1892 3540 1946 stilo

311 1975 499 2046 στήθει
549 1973 644 2028 τοῦ
690 1974 1099 2046 χαρτοφύλακος
1127 1975 1555 2048 ἁπῃωρημόνον,
1587 1978 1661 2040 ὡς
1691 1979 1868 2043 εἴωθε,

308 2067 502 2137 δοχείῳ
532 2067 886 2139 καθεστηκότι
909 2067 1126 2136 λογικοῦ
1150 2068 1402 2122 παντοίου
1455 2069 1873 2140 σπουδάσματος

312 2159 473 2230 (Τοῖς
508 2160 617 2228 γὰρ
661 2157 851 2224 ἀξίοις,
895 2161 1050 2229 φησι,
1098 2158 1282 2212 δοτέον
1329 2158 1394 2213 τὰ
1432 2159 1754 2232 ἀξιώματα)
1799 2161 1869 2217 δι’

310 2242 369 2303 οὗ
407 2251 535 2312 τοὺς
567 2247 886 2321 όλοθρευτὰς
931 2249 1289 2319 ἁσφαλίζεται
1335 2249 1432 2304 σὺν
1464 2252 1719 2323 σφραγῖδι
1772 2253 1868 2306 καὶ

309 2341 516 2413 χάριτι,
539 2342 664 2405 τοὺς
692 2339 1045 2409 ἁμαρτωλοὺς
1078 2341 1394 2411 ἐπιστρέφει
1416 2343 1512 2395 σὺν
1527 2342 1746 2412 γραφίδι
1775 2344 1869 2397 καὶ

313 2432 524 2501 μέλανι,
569 2433 695 2494 τοὺς
722 2431 1225 2502 καταπονουμένους
1255 2432 1513 2486 διεκδικεῖ
1541 2434 1639 2486 σὺν
1667 2433 1868 2506 βακτη-

315 2521 403 2591 ρίᾳ
443 2520 538 2574 καὶ
573 2521 819 2590 σύριγγι,
859 2523 950 2575 καὶ
987 2523 1111 2585 τοὺς
1150 2520 1333 2591 ἀξίους
1358 2522 1436 2596 τῷ
1464 2523 1731 2598 πνεύματι
1771 2544 1870 2600 χαι

317 2611 598 2682 ρισμάτων
656 2612 948 2685 ίερατικῶν
1004 2613 1179 2679 ἀξιοτσ
1231 2617 1356 2679 τοὺς
1413 2616 1513 2687 μὲν
1571 2619 1728 2684 me;
1772 2620 1873 2675 τοῦ

312 2703 576 2774 βήματος,
635 2703 1037 2774 κληρικοποιῶν
1067 2723 1084 2735 ·
1149 2708 1274 2770 τοὺς
1324 2707 1382 2760 δέ
1437 2709 1619 2774 ἐντὸς,
1663 2711 1874 2766 τελειοο

312 2794 503 2848 ποιῶν.
556 2795 654 2848 Διὰ
682 2795 872 2850 τούτου
902 2795 998 2848 καὶ
1030 2795 1168 2848 κατὰ
1203 2797 1382 2850 πᾶσαν
1415 2798 1511 2867 τὴν
1544 2799 1867 2872 οἰκουμένην

311 2885 496 2953 σχεδὸν
529 2886 898 2956 πατριαρχιιιὰ
925 2888 1341 2959 καταγράφεται
1377 2888 1470 2941 καὶ
1504 2887 1686 2943 δίδωσι
1711 2905 1872 2945 nisu-

310 2974 571 3042 ροπήγια.
619 2975 710 3028 καὶ
745 2974 954 3028 πολλῶν
1011 2976 1219 3030 πόλεων
1241 2978 1672 3056 ,ἐκκλησιαστικά
1707 2997 1871 3051 μετα-

306 3064 490 3134 τίθησι
521 3065 754 3136 κάρηνα,
792 3067 870 3130 είς
902 3070 1002 3139 τῆς
1034 3069 1254 3140 πρώτης
1276 3071 1517 3142 κεφαλῆς
1541 3071 1605 3125 τδ
1634 3072 1868 3129 ἀνάκτο-

309 3173 417 3262 ρον.
435 3157 676 3263 emortui
695 3157 780 3212 διὰ
807 3159 998 3214 τούτου
1020 3159 1097 3231 τῷ
1125 3161 1494 3234 χαρτοφύλακι
1520 3163 1612 3217 καὶ
1640 3164 1696 3218 αί
1717 3166 1866 3229 κλεῖς
1888 3200 1934 3263 c

304 3250 404 3319 τῆς
434 3248 710 3319 βασιλείας
731 3252 838 3305 τῶν
865 3251 1127 3324 οὐρανῶν.
1181 3254 1257 3318 ὡς
1288 3255 1391 3308 ὑπὸ
1419 3255 1512 3309 τοῦ
1557 3257 1761 3326 Κυρίου
1786 3259 1865 3328 τῷ

310 3338 450 3411 φίλῳ
480 3340 668 3412 Πέτρῳ
691 3341 786 3394 καὶ
815 3343 1051 3412 μαθητῇ.
1083 3344 1218 3411 Φησὶ
1240 3345 1366 3414 γὰρ,
1389 3340 1498 3397 οἷον
1521 3343 1655 3415 πρὸς
1683 3347 1870 3414 αὐτὸν,

305 3431 333 3482 ό
364 3431 536 3498 μέγας
569 3433 878 3501 ἀρχιερεύςο
921 3435 986 3486 Ὅ
1012 3434 1106 3487 ἐὰν
1132 3433 1297 3507 λύσῃς
1334 3433 1428 3486 ἐπὶ
1443 3438 1539 3504 τῆς
1567 3435 1691 3505 γῆς,
1713 3436 1866 3491 ἔσται

307 3519 596 3590 λελυμένον
621 3525 678 3574 ἐν
702 3526 814 3586 τοῖς
842 3523 1089 3594 οὐρανοῖς
1112 3542 1125 3556 ·
1164 3527 1257 3578 καὶ
1285 3525 1313 3578 δ
1335 3525 1430 3580 ἐὰν
1458 3525 1627 3597 δήσῃς
1648 3528 1738 3580 ἐπὶ
1765 3528 1865 3598 τῆς

307 3610 430 3681 γῆς,
467 3612 619 3667 ἔσται
642 3613 940 3684 ’δεδεμένον
972 3617 1062 3668 καὶ
1096 3617 1154 3669 ἐν
1185 3617 1295 3679 τοῖς
1321 3617 1592 3687 οὐρανοῖς.
1656 3620 1765 3672 Καὶ
1806 3619 1864 3674 τὸ

308 3703 524 3756 πάντων
564 3705 894 3775 καινότερον,
927 3707 986 3758 οὐ
1034 3707 1193 3777 μόνον
1224 3700 1380 3771 οὗτος
1415 3709 1689 3779 τοσαύτης
1716 3711 1864 3777 ἐξου-

310 3791 428 3855 σίας
458 3792 755 3864 ἐπλούτησε
794 3796 1058 3866 χάρισμα,
1096 3796 1232 3852 ἁλλὰ
1271 3797 1365 3852 καὶ
1392 3799 1440 3852 οι
1470 3798 1526 3865 ἐξ
1565 3798 1729 3853 αὐτοῦ
1764 3801 1865 3869 τὴν

307 3881 465 3953 χάριν
512 3884 715 3954 ταύτην
766 3885 1154 3955 λαμϐάνοντες.
1226 3888 1545 3957 Ἐπιτρέπει
1582 3890 1690 3961 γὰρ
1719 3890 1864 3959 ίερα-

304 3975 519 4028 τεύσυσι
559 3966 842 4045 μοναχοῐς,
894 3976 1194 4048 ἀνθρώπων
1255 3977 1502 4049 δέχεσθαι
1549 3980 1861 4050 λογισμοὺς,

305 4069 398 4120 καὶ
447 4066 797 4138 διαρῤήσσειν
853 4070 1267 4138 ἁμαρτημάτων
1324 4072 1690 4142 χειρόγραφα’
1727 4073 1862 4141 ὅπερ

305 4158 486 4227 μόνοις
522 4159 842 4223 ἐπισκόποις
873 4158 981 4212 ἀπὸ
1016 4160 1110 4213 τοῦ
1153 4163 1416 4227 παναγίου
1454 4164 1662 4216 δέδοται
1691 4163 1862 4216 Ilvati-

306 4263 498 4317 ματος,
562 4247 659 4300 ’Δν
696 4247 814 4316 ἴδῃς
864 4248 920 4316 δὲ
953 4248 1141 4302 τοῦτον
1182 4250 1472 4314 συνοδικῶς
1517 4251 1860 4320 σχεδιάζοντα

301 4341 402 4392 ὅσα
436 4337 612 4392 λαλῶν
643 4339 866 4408 λαλήσει
895 4340 1118 4411 Μωσῆς,
1151 4342 1374 4394 κάκεῖνα
1393 4343 1696 4413 ’κρουνηδδν
1724 4344 1861 4398 ἀπο-

301 4435 722 4505 στοματίζοντα,
757 4435 856 4488 ὅσα
897 4435 1190 4504 νεφελὼσει
1223 4439 1315 4489 καὶ
1349 4437 1610 4491 ύδατώσει
1643 4441 1740 4510 τῆς
1775 4455 1861 4493 κε-

301 4527 480 4596 φαλῆς
512 4529 544 4597 η
586 4526 884 4605 ἀκρώρεια,
926 4528 988 4581 οὐ
1018 4528 1273 4598 ζητήσεις
1329 4529 1456 4581 ἰδεῖν
1509 4529 1716 4600 Ἀαρὼν
1743 4531 1858 4583 θεο-
1887 4556 1940 4617 D

302 4619 534 4689 γράφων
569 4617 794 4670 πλακῶν
827 4617 1238 4685 ἀπαγγέλλοντα
1278 4620 1527 4688 ῥήματα.
1589 4619 1707 4672 οὐδὲ
1757 4621 1860 4673 Βα-

303 4714 434 4780 ροὺχ
479 4706 796 4778 περιδεξίως
831 4710 1288 4778 ἀπογραφόμενον
1333 4709 1430 4777 τῆς
1484 4710 1742 4774 Ἰουδαίας
1765 4710 1863 4781 τὴν

301 4801 506 4855 ἅλωσιν
526 4819 540 4831 ·
591 4802 908 4873 ἀρκεσθήσῃ
937 4800 994 4853 δὲ
1039 4802 1149 4863 τοῖς
1176 4799 1315 4853 οὕτω
1340 4802 1728 4872 πραττομένοις
1759 4801 1864 4855 ὑπὸ

303 4892 395 4946 τοῦ
444 4892 902 4963 χαρτοφύλακος.
952 4891 1045 4946 καὶ
1084 4893 1504 4960 Δευτερονόμιον
1563 4891 1866 4962 συμπεραί·

300 4997 474 5033 νουσι.
509 4983 648 5052 Πρὸς
683 4980 892 5043 τούτοις
921 4979 1220 5048 θαύμασον,
1257 4979 1372 5043 πῶς
1397 4980 1502 5033 τῶν
1525 4979 1684 5036 θείων
1711 4981 1868 5034 κανό-

301 5085 408 5118 νων
445 5069 627 5136 μόνοις
656 5069 1087 5139 ὲκχωρησάντων
1108 5071 1220 5131 τοῖς
1260 5069 1318 5121 ἐν
1349 5068 1567 5121 πόλεσιν
1603 5070 1865 5140 ἀρχιερα-

301 5155 519 5208 τεύουσι
562 5158 660 5224 τὴν
705 5161 800 5207 τοῦ
833 5156 1102 5208 διδάσκειν
1129 5157 1219 5208 τὸν
1245 5155 1370 5208 λαὸν
1409 5159 1870 5228 σεμνοπρέπειαν,

301 5252 328 5300 ό
362 5248 709 5316 χαρτοφύλαξ
736 5248 830 5300 καὶ⁵
877 5248 1034 5318 μόνος
1078 5251 1137 5320 τὸ
1179 5247 1448 5301 διδάσκειν
1483 5247 1865 5318 κατηχητικῶς

299 5341 392 5394 τὸν
440 5341 568 5392 λαὸν
621 5341 705 5392 ἐπ’
741 5339 1034 5410 ἐκκλησίας
1088 5337 1518 5410 ἀπεκληρώσατο
1562 5356 1578 5372 ο
1619 5341 1734 5402 πῶς
1767 5340 1866 5403 τὰς

305 5432 705 5501 πατριαρχικὰς
739 5432 1055 5498 διαγνώσεις
1087 5431 1465 5500 καλὶκιγραφεῖ,
1502 5431 1594 5484 καὶ
1627 5431 1868 5498 ὑπογρα-

305 5524 430 5590 φαϊς
458 5523 688 5585 οίκεῖαις
737 5524 829 5575 καὶ
870 5526 1130 5591 σφραγῖσι
1186 5523 1550 5591 κατεμπεδοί·
1606 5523 1702 5575 καὶ
1749 5520 1866 5582 πῶς

304 5613 658 5685 δικαστηρίου
715 5614 947 5684 μεγάλου
995 5613 1334 5682 προκάθηται
1392 5615 1486 5666 καὶ
1547 5612 1867 5666 δικαιοδοτεί

307 5705 446 5756 κατὰ
478 5703 576 5772 μὲν
615 5703 816 5764 παντὸς
846 5703 1154 5770 ἀνθρώπου,
1188 5703 1287 5756 κᾶν
1320 5701 1435 5765 οἵας
1481 5701 1546 5754 ἂν
1571 5701 1654 5771 είη
1699 5701 1865 5770 τύχης

314 5795 401 5848 καὶ
432 5795 666 5863 φύσεως,
703 5797 830 5867 περὶ
885 5793 1348 5862 ἐκκλησιαστικῶν
1379 5792 1728 5862 ζητημάτων,
1770 5789 1865 5844 καὶ

1970 1983 2024 2030 et
2061 1984 2369 2030 atramento
2397 2017 2414 2040 ,
2445 1982 2700 2045 gravatos
2735 1974 3114 2030 aﬂ'lictionibus
3143 1975 3384 2031 defendit
3415 1991 3538 2030 cum

1971 2065 2166 2118 baculo
2193 2071 2246 2119 et
2277 2064 2493 2126 fistula,
2522 2063 2714 2134 dignos
2753 2062 2988 2133 denique
3015 2064 3238 2133 spiritus
3259 2064 3417 2118 donis
3451 2079 3541 2119 sa-

1971 2152 2341 2208 cerdotalibus
2382 2151 2589 2207 allicit:
2626 2153 2756 2207 dum
2815 2167 2912 2209 eos
2956 2152 3048 2222 qui
3111 2163 3264 2208 extra
3311 2155 3537 2224 gradum

1969 2243 2248 2299 constituti
2279 2253 2430 2311 sunt,
2465 2243 2698 2300 clericos
2730 2243 2857 2299 facit
2890 2262 2916 2307 ι
2939 2243 3112 2314 gradu
3152 2245 3530 2314 comprteltcn-

1969 2351 2082 2401 sos,
2143 2335 2379 2405 perlicit,
2437 2335 2552 2391 Hoc
2605 2335 3003 2404 patriarchalia-
3047 2335 3310 2392 describit
3351 2345 3403 2391 et
3445 2338 3540 2394 dat

1972 2428 2317 2497 staurnpegia
2351 2443 2448 2496 per
2477 2426 2793 2483 universum
2825 2442 2993 2497 prope
3021 2435 3288 2482 terrarum
3323 2429 3534 2490 orbem,

1969 2535 2033 2577 ac
2072 2521 2363 2575 multarum
2404 2520 2619 2575 urbium
2656 2520 3028 2575 ecclesiastica
3067 2521 3244 2591 capita
3281 2520 3539 2578 transfert

1968 2612 2036 2666 ad
2091 2612 2252 2683 primi
2305 2612 2506 2682 capitis
2552 2611 2788 2681 regiam..
2837 2611 2938 2666 Dat
2991 2613 3151 2667 etiam
3204 2613 3538 2669 cliartulario

1968 2703 2276 2774 patriarcha
2328 2703 2508 2758 claves
2555 2702 2706 2773 regni
2756 2703 3040 2764 emlorum,
3085 2702 3244 2756 sicu'i
3295 2717 3424 2756 caro
3462 2704 3535 2756 illi

1967 2793 2147 2858 Petro,
2197 2793 2484 2864 eidemque
2525 2792 2799 2862 discipulo
2849 2795 2987 2846 data?
3032 2801 3159 2845 sunt
3203 2808 3236 2847 a
3287 2791 3535 2852 Domino,

1966 2885 2180 2957 Quippe
2218 2885 2361 2941 sicut
2391 2884 2650 2939 Dominus
2687 2882 2753 2937 ad
2782 2883 2950 2948 hunc,
2983 2884 3054 2938 ita
3095 2899 3324 2954 magnus
3350 2886 3539 2956 ponti-

1965 2975 2053 3032 fex
2084 2976 2152 3030 ad
2191 2975 2344 3031 illum
2382 2993 2398 3030 :
2432 2974 2707 3045 Quidquid
2741 2974 2992 3040 solveris,
3037 2975 3234 3048 inquit,
3278 2976 3332 3032 in
3369 2984 3535 3045 terra,

1965 3069 2200 3124 solutum
2227 3069 2330 3122 erit
2348 3068 2403 3122 in
2424 3067 2610 3124 cmlis:
2630 3073 2684 3123 et
2712 3066 2978 3138 quidquid
3007 3067 3259 3138 ligaveris
3280 3068 3336 3124 in
3363 3077 3532 3134 terra,

1966 3157 2192 3228 ligatum
2233 3158 2402 3212 etiam
2438 3157 2492 3210 in
2523 3157 2680 3212 cmlis
2714 3156 2844 3212 erit.
2880 3155 2944 3211 Et
2980 3156 3128 3227 quod
3166 3156 3421 3229 inprimis
3452 3167 3536 3215 est

1967 3261 2187 3314 novum,
2215 3262 2320 3302 non
2350 3247 2527 3301 solum
2556 3246 2646 3301 hic
2665 3254 2828 3302 tanta:
2861 3247 3143 3317 potestatis
3173 3247 3374 3320 largam
3398 3262 3537 3303 con-

1966 3349 2185 3396 secutus
2215 3349 2299 3395 est
2329 3340 2560 3409 gratiam
2594 3360 2608 3394 ε
2644 3353 2833 3394 verum
2865 3339 3030 3393 etiam
3065 3338 3154 3404 iis,
3184 3340 3276 3408 qui
3305 3341 3532 3411 gratiam

1966 3430 2104 3484 hanc
2136 3429 2203 3484 ab
2230 3431 2348 3499 ipso
2377 3428 2674 3498 accipiunt.
2709 3427 2864 3483 Facit
2891 3429 3034 3483 enim
3061 3437 3382 3498 potestatein
3418 3445 3532 3484 mo-

1963 3522 2156 3576 nachis
2183 3523 2529 3577 sacerdotum
2561 3536 2764 3577 munus
2794 3520 3243 3591 suscipientibus,
3279 3522 3532 3578 audiendi

1963 3611 2204 3666 rationes
2238 3610 2545 3678 hominum,
2581 3620 2634 3666 et
2662 3620 3003 3680 peccatorum
3052 3611 3414 3682 chirographa
3445 3611 3532 3666 di-

1964 3699 2290 3770 scerpendi:
2339 3701 2482 3770 quod
2519 3700 2726 3769 alioqui
2770 3701 2902 3757 solis
2945 3701 3215 3771 episcopis
3245 3716 3276 3755 a
3325 3699 3532 3772 Spiritu

1964 3799 2156 3844 sancto
2205 3804 2531 3846 concessum
2580 3797 2686 3844 est.
2738 3789 2894 3857 Quod
2945 3790 2993 3844 si
3056 3790 3242 3844 videas
3281 3789 3432 3846 illum
3476 3794 3531 3846 in

1963 3881 2172 3953 synodo
2211 3882 2346 3938 citra
2393 3881 2870 3937 meditationemea
2900 3881 3430 3954 proferentem,qn:e
3449 3888 3531 3940 vel

1962 3974 2098 4041 ipse,
2149 3973 2196 4029 si
2247 3972 2535 4028 dicendum
2593 3974 2656 4027 ei
2703 3973 2878 4038 foret,
2924 3974 2980 4028 in
3036 3974 3272 4031 medium
3318 3977 3534 4034 afferret

1963 4062 2140 4118 Moses
2173 4081 2186 4118 :
2237 4063 2530 4133 itidemque
2559 4065 2718 4118 silani
2750 4065 2804 4118 in
2836 4078 3042 4118 morem
3076 4078 3140 4119 ea
3168 4067 3532 4135 pronuntian—

1962 4158 2091 4216 tem,
2121 4167 2243 4221 qua:
2287 4152 2482 4223 capitis
2519 4152 2622 4222 ipsi
2664 4162 2847 4207 vertex
2886 4152 3060 4209 instar
3093 4155 3256 4210 nubis
3288 4168 3343 4211 et
3377 4171 3530 4226 aqua

1961 4241 2270 4312 suppeditat
2303 4259 2316 4295 :
2351 4241 2623 4297 Aaronem
2657 4242 2841 4298 videre
2871 4258 2979 4299 non
3011 4243 3369 4310 desiderabis,
3395 4247 3532 4301 scri-

1961 4345 2176 4404 ptarum
2213 4335 2478 4391 divinitus
2512 4337 2820 4411 tabularum
2859 4338 3020 4391 verba
3048 4338 3405 4404 recitantem;
3436 4354 3533 4394 ne-

1962 4441 2067 4496 que
2093 4425 2424 4490 Baruclium,
2467 4428 2655 4482 dextre
2692 4427 3060 4497 captivitatem
3090 4425 3290 4485 Judaeae
3317 4429 3530 4484 descri-

1968 4517 2181 4571 bentem
2215 4534 2230 4569 :
2274 4517 2368 4570 sed
2394 4525 2685 4573 contentus
2712 4518 2780 4572 iis
2819 4517 2952 4587 eris,
2999 4533 3120 4589 quae
3159 4521 3529 4577 cliartnlarius

1965 4615 2106 4677 aget,
2136 4623 2362 4677 quaeque
2399 4607 2874 4663 Deuteronomium
2906 4609 3217 4679 perficiunt.
3261 4610 3354 4665 Est
3389 4625 3528 4680 prae-

1960 4702 2108 4751 terea
2137 4695 2290 4767 quod.
2313 4697 2550 4763 mireris,
2575 4712 2695 4752 cum
2731 4697 2874 4750 sacri
2908 4711 3146 4752 canones
3182 4700 3529 4768 permiserint

1964 4787 2180 4842 urbium
2216 4786 2479 4841 duntaxat
2511 4786 2861 4856 pontiﬁcibus
2887 4789 3270 4844 auctoritatem
3296 4789 3526 4843 docendi

1963 4880 2217 4948 pepulum
2252 4896 2268 4944 ς
2304 4878 2662 4934 nihilominus
2711 4879 3100 4933 cliartularium
3145 4881 3321 4934 solum
3377 4896 3529 4936 more

1964 4971 2297 5025 cateclietico
2323 4970 2578 5040 populum
2610 4971 2664 5023 in
2687 4969 2918 5025 ecclesia
2942 4971 3170 5025 docendi
3197 4982 3520 5042 potestatem

1966 5065 2218 5118 sortitum
2263 5078 2429 5118 esse;
2477 5063 2867 5132 patriarcliales
2905 5063 3152 5118 eumdem
3189 5066 3528 5137 cognitiones

1965 5152 2018 5204 in
2065 5151 2271 5205 litteras
2306 5151 2530 5215 referre,
2584 5151 2812 5221 suisque
2844 5152 3340 5223 subscriptionibns
3367 5165 3420 5210 et
3453 5156 3528 5211 si-

1967 5242 2107 5311 gillis
2156 5243 2372 5296 munire
2408 5261 2422 5296 :
2461 5256 2660 5312 magno
2701 5244 2997 5313 praesidere
3044 5245 3320 5312 tribunali,
3351 5257 3400 5303 ct
3435 5247 3526 5315 jus

1965 5348 2087 5386 cum
2136 5333 2344 5386 homini
2389 5333 2566 5387 cuivis
2617 5335 2818 5400 dicere,
2877 5335 3255 5408 cujuscunque
3307 5341 3522 5395 tandem

1967 5424 2196 5477 fortuna
2224 5425 2292 5477 sit
2315 5438 2378 5477 ac
2401 5437 2584 5486 sexus,
2617 5424 2672 5478 in
2703 5425 3094 5494 quaestionibus
3119 5427 3521 5489 ecclesiasticis,

1965 5525 2017 5568 et
2045 5513 2210 5567 animi
2239 5514 2560 5568 delictorum
2593 5516 2969 5572 emendatione
3004 5523 3154 5570 :tum
3193 5530 3320 5570 vero
3343 5532 3526 5570 sacer-

1965 5606 2183 5661 dotibus
2224 5614 2280 5660 et
2314 5605 2617 5669 monachis,
2663 5605 2716 5660 in
2752 5608 2944 5676 quavis
2989 5607 3256 5659 criminali
3297 5613 3348 5658 ct
3376 5607 3521 5660 civili

1965 5712 2152 5751 causa.
2189 5696 2398 5767 Quippe
2423 5699 2505 5752 vel
2545 5697 2612 5752 ad
2647 5697 2791 5767 ipsas
2821 5712 2992 5766 usque
3013 5695 3187 5750 Gades
3215 5695 3521 5764 jurisdictio

1966 5790 2284 5845 clrartnlarii
2318 5793 2574 5862 pertinet,
2613 5789 2808 5860 siquis
2846 5787 3200 5849 concesserit,
3224 5798 3381 5839 etiam
3411 5786 3515 5846 illis
