4064 6200
307 314 434 380 1361

1491 320 1733 383 EPIST.
1758 320 1852 381 DE
1885 322 2368 386 RASOPHORIS

3417 333 3554 395 1362

299 433 707 490 σκουσαν.Κάν
738 436 847 506 γάρ
898 437 1166 511 χρίσματι
1228 441 1570 510 χειροτονίας
1611 442 1860 512 Ξχρίσθηι

1985 444 2136 498 enim
2171 461 2268 516 per
2295 445 2732 502 miscricordiam
2793 446 2884 502 Dei
2918 446 3216 503 chrismate
3248 449 3553 506 ordinatio-

298 544 401 595 μεν
426 529 562 598 ἐλέῳ
620 528 926 593 Θεοῦ,άλλ’
979 531 1145 603 ἐλαίῳ
1191 532 1552 598 διδασκαλίας
1603 535 1873 592 λιπαίνειν

294 619 419 682 τοὺς
468 621 734 690 μετόχους
755 621 979 692 τῆςγῆς
996 622 1204 694 ταύτης
1239 625 1637 698 ιπετράπημεν
1667 643 1683 659 ο
1737 626 1810 682 δι’
1842 626 1873 680 ὃ

293 715 393 767 καὶ
422 715 566 768 κατά
607 717 733 780 τοὺς
764 718 822 770 ἂν
861 717 1046 771 σκότει
1077 719 1171 772 καὶ
1191 721 1322 792 σκιᾷ
1343 721 1691 792 καθημένους
1725 721 1872 789 άγω·

291 805 576 876 νιάζομεν.
612 809 766 862 Ἐπεὶ
797 810 855 862 δὲ
891 811 951 864 τδ
975 812 1076 882 μὲν
1101 812 1375 868 διδάσκειν
1404 815 1728 888 ὑπερορίους
1753 817 1872 870 ἑπισ-

298 901 544 964 σκόπους
581 902 983 971 ἀπηγόρευται,
1033 905 1092 958 τὸ
1121 906 1176 959 δὲ
1211 905 1603 978 ἀπολογείσθαι
1635 911 1764 980 περὶ
1795 903 1870 963 ὧν

290 991 606 1060 ἐρωτῶνται
632 995 973 1063 νενόμισταιο
1005 996 1080 1052 Τὰ
1097 999 1276 1068 χειλη
1307 999 1440 1071 γὰρ,
1469 1002 1660 1071 φησὶν,
1699 1000 1872 1071 ἡμῶν

287 1086 429 1153 παρ’
449 1085 600 1153 ἡμῖν
623 1089 788 1143 εἰσιν
817 1106 832 1121 ’
862 1089 1270 1163 ἀπεστείλαμεν
1331 1110 1416 1148 σοι
1466 1096 1560 1148 τὸν
1622 1096 1870 1166 παρόντα

290 1177 461 1231 παῖδα
489 1178 653 1247 λόγον
686 1183 718 1250 ἠ
729 1180 869 1250 μῶν,
903 1183 1388 1255 ἀπολογησόμενον
1418 1189 1556 1257 προς
1603 1189 1702 1252 τὰς
1742 1189 1872 1243 πεύ-

289 1285 409 1332 σεις
447 1289 567 1337 σου,
605 1272 680 1341 μὴ
701 1277 1148 1346 πεποικιλμένον,
1194 1279 1270 1343 ὡς
1313 1279 1444 1344 ἔδει,
1488 1281 1629 1350 μετά
1671 1301 1872 1352 χρυσο-

290 1363 861 1435 πάστωνίματισμῶν
922 1370 1018 1422 καὶ
1097 1373 1433 1438 σοφιστικῶν
1513 1376 1868 1445 κροσσωτῶν,

285 1455 427 1512 ἀλλά
482 1457 651 1526 μετὰ¹
693 1461 1004 1535 χλᾳμυδίων
1067 1463 1325 1534 ἀμούσων
1386 1467 1483 1520 καὶ
1565 1469 1866 1538 ῥυπαρῶν·

285 1550 517 1605 τοιαῦτα
551 1554 659 1623 γάρ
692 1551 832 1608 οἶδεν
860 1556 1108 1624 ὑφαίνειν
1143 1558 1287 1625 ίστὺς
1329 1561 1646 1632 ὑπερόριος.
1676 1563 1740 1616 EE
1767 1563 1869 1630 μὲν

281 1643 383 1697 οὖν
423 1647 563 1713 πρὸς
589 1648 690 1714 τὴν
714 1650 988 1719 ἐρώτησιν
1023 1651 1431 1722 άπολογήσεταί
1462 1671 1515 1708 τι
1559 1657 1868 1726 πρόσφορον

284 1736 384 1790 καὶ
417 1738 782 1809 κατάλληλον,
802 1739 1205 1814 φιλοφροσύνης
1224 1743 1513 1812 ἀξιωθήτω
1537 1760 1551 1776 ο
1586 1745 1634 1796 εί
1661 1743 1707 1796 δ’
1727 1747 1870 1815 ἅμα-

287 1827 446 1893 θείας
489 1832 706 1896 ἀπόζει,
740 1834 1162 1904 άντιστραφήτω
1191 1838 1328 1904 πρὸς
1360 1839 1451 1888 τὸν
1489 1838 1866 1905 γεγεννηκότα

289 1923 528 1995 πατέρα,
565 1925 664 1998 τὴν
695 1927 916 1982 δικαίαν
943 1930 1299 2001 ἀποστροφὴν
1340 1931 1798 2004 προαρπάσαντα.

358 2106 426 2176 β’.
491 2106 787 2180 Ἐγραψας
825 2112 978 2182 ἡμῖν,
1012 2110 1090 2176 ὥς
1123 2130 1274 2178 τινες
1300 2116 1365 2168 ἐκ
1415 2113 1524 2169 τῶν
1549 2116 1870 2188 ρασοφόρων

280 2196 384 2266 τῆς
402 2200 546 2253 κατά
582 2200 642 2253 οὲ
689 2202 851 2269 ἁγίας
919 2203 1109 2275 μονῆς,
1161 2208 1605 2277 ἀναγκαζόμενοι
1645 2209 1866 2264 τελειω-

283 2290 448 2360 θῆναι
472 2291 953 2364 δι’ἀποκάρσεως,
993 2296 1250 2366 λέγουσιν
1291 2300 1369 2362 ὡς
1425 2300 1455 2353 δ
1522 2299 1704 2371 μέγας
1756 2303 1867 2356 Ba-

286 2386 492 2448 σίλειος
523 2387 586 2440 ιν
607 2403 724 2440 τισι
752 2389 861 2440 τῶν
894 2390 1216 2460 άσκητικῶν
1277 2393 1645 2448 διδασκαλιῶν
1698 2395 1864 2452 αὑτοῦ

278 2475 582 2546 διωρίσατο
609 2479 704 2533 ἐπὶ
732 2483 947 2554 τριετίᾳ
968 2484 1061 2536 τὸν
1102 2485 1338 2555 μονάσαι
1380 2485 1671 2555 ὀφείλοντα
1709 2490 1872 2545 δοκι-ν

287 2567 587 2636 μάζεσθαι,
624 2572 722 2625 καὶ
780 2573 916 2643 μετὰ
980 2575 1081 2644 τὴν
1157 2575 1365 2646 ταύτης
1417 2561 1786 2655 παραδρομὴν
1832 2583 1864 2655 ἢ

279 2660 589 2730 λαμδάνειν
618 2665 717 2736 τὴν
743 2667 907 2736 χάριν
952 2669 1053 2739 τῆς
1081 2670 1467 2741 ἀποκάρσεως.
1501 2673 1533 2744 ἢ
1565 2676 1868 2748 ἀναχωρεῖν

280 2755 386 2827 τῆς
420 2757 615 2827 μονῆς,
639 2760 737 2814 καὶ
765 2760 903 2830 πρὸς
925 2760 1025 2831 τὴν
1045 2764 1323 2833 προτέραν
1392 2766 1593 2836 λαῖκὴν
1631 2772 1867 2838 μεταπί-

280 2869 443 2907 πτειν
476 2853 775 2925 διαγωγὴν,
802 2856 1158 2927 λαμδάνοντα
1193 2863 1287 2914 καὶ
1316 2861 1352 2916 ἃ
1411 2863 1518 2930 πρὸ
1546 2863 1642 2916 τοῦ
1699 2883 1871 2935 προσ-

281 2947 464 3003 ελθεῖν
509 2953 574 3021 τῇ
631 2955 766 3023 μονῇ
823 2955 1193 3010 ἐνεδιδύσκετο
1245 2956 1427 3028 ἄμφια
1459 2975 1479 2991 ⁸
1539 2964 1634 3015 καὶ
1692 2964 1867 3018 ταῦτα

281 3043 396 3111 γάρ
449 3046 506 3098 ἐν
537 3046 725 3117 άσύλῳ
755 3049 1139 3120 συντηρεῖσθαι
1180 3053 1649 3122 παρεκελεύσατο.
1695 3057 1861 3112 Ἰνατί

1983 539 2070 594 nis
2104 539 2314 593 inuncti
2349 539 2638 606 fuerimus,
2672 542 2792 596 oleo
2816 551 2998 596 tamen
3021 540 3288 597 doctrina:
3319 559 3550 601 consor-

1988 641 2069 685 tes
2097 639 2258 686 terra:
2294 632 2456 702 hujus
2490 633 2833 704 impinguare
2863 637 3222 715 commissum
3255 639 3416 693 nobis
3431 649 3550 700 est;

1982 724 2124 780 unde
2181 737 2234 780 et
2276 726 2450 780 instar
2496 742 2685 781 eorum
2727 728 2818 797 qui
2865 728 2918 782 in
2973 729 3218 785 tenebris
3258 739 3310 784 et
3358 731 3552 785 umbra

1980 817 2170 874 sedent
2208 817 2607 873 conﬂictamur.
2657 819 2796 887 Quia
2831 836 2958 875 vero
3009 827 3067 874 ut
3113 823 3353 892 episcOpi
3395 832 3552 877 extra

1979 910 2319 980 provinciam
2373 912 2535 982 positi
2565 913 2797 967 doceant
2829 915 3052 969 vetitum
3098 924 3182 970 est
3211 957 3225 982 ,
3281 917 3552 971 rationem

1981 1013 2162 1058 autem
2213 1005 2439 1060 reddere
2485 1006 2553 1062 de
2587 1007 2654 1062 iis
2693 1007 2762 1062 de
2795 1008 2995 1077 quibus
3045 1008 3456 1079 interrogantur
3485 1009 3553 1062 li-

1978 1107 2098 1162 cet;
2122 1096 2288 1152 Labia
2304 1099 2448 1154 enim
2480 1107 2686 1160 nostra,
2717 1099 2919 1170 inquit,
2948 1117 2981 1153 α
3008 1101 3155 1155 nobis
3187 1102 3387 1167 sunt‘;
3413 1101 3555 1156 adte

1980 1189 2233 1244 misimus
2277 1201 2603 1260 praesentem
2633 1207 2888 1262 puerum,
2915 1207 3223 1247 sermonem
3263 1201 3512 1247 nostrum
3534 1231 3554 1257 ,

1978 1283 2070 1352 qui
2105 1282 2494 1339 satisfacturus
2541 1285 2614 1338 sit
2651 1284 2720 1339 ad
2749 1285 3088 1355 quaestiones
3137 1295 3298 1350 tuas;
3328 1301 3436 1339 non
3465 1301 3559 1338 va-

1980 1375 2058 1431 rie
2100 1387 2377 1438 ornatum,
2404 1385 2462 1430 ut
2502 1374 2711 1441 decuit,
2733 1391 2860 1431 cum
2893 1378 3094 1433 vestitu
3121 1386 3341 1443 aurato,
3373 1376 3557 1446 sophi-

1979 1467 2245 1537 sticisque
2289 1467 2604 1535 ﬁmbriatis,
2655 1469 2752 1523 sed
2811 1484 2935 1525 cum
2967 1469 3332 1540 chlamydulis
3387 1469 3553 1523 insci-

1980 1560 2050 1614 tis
2100 1568 2157 1614 et
2210 1559 2450 1615 sordidis
2503 1577 2520 1616 :
2579 1561 2898 1631 huiusmodi
2945 1560 3150 1631 quippe
3202 1561 3373 1616 ordiri
3412 1561 3551 1615 solet

1978 1666 2042 1705 ac
2072 1651 2224 1706 novit
2269 1653 2567 1707 textorium
2607 1660 2918 1706 externum.
2957 1650 3147 1720 Itaque
3190 1650 3234 1706 si
3269 1650 3334 1704 ad
3374 1649 3550 1704 inter-

1980 1744 2315 1813 rogationem
2359 1744 2565 1815 aliquid
2616 1743 2961 1814 responderit
3009 1754 3194 1813 aptum
3251 1752 3307 1798 ct
3349 1757 3550 1798 conve-

1976 1837 2159 1903 niens,
2204 1837 2469 1893 benevole
2513 1836 2864 1907 excipiatur;
2934 1836 2980 1892 si
3035 1851 3168 1891 vero
3213 1834 3544 1905 imperitiam

1970 1929 2199 1996 redolet,
2246 1931 2312 1984 ad
2360 1940 2566 2000 patrem
2612 1929 2705 2000 qui
2750 1930 2939 2001 genuit
2970 1929 3306 1994 remittatur,
3340 1926 3555 1999 quique.

1962 2025 2170 2095 justam
2214 2024 2623 2093 aversationem.
2658 2020 3084 2094 praeoccupavit.

2043 2117 2099 2171 2.
2139 2115 2420 2186 Scripsisti
2470 2116 2654 2182 nobis,
2709 2116 2976 2186 quosdam
3042 2113 3219 2171 sancti
3265 2119 3544 2169 monaste-

1965 2212 2031 2265 rii
2061 2209 2141 2266 tui
2174 2208 2554 2281 Rasophoros.
2583 2209 2713 2266 dum
2739 2225 2836 2281 per
2864 2205 3542 2265 tonsuramconsummari

1965 2313 2259 2374 coguntur,
2294 2303 2480 2358 dicere
2513 2301 2658 2372 quod
2687 2317 2919 2374 magnus
2945 2302 3176 2358 Basilius
3219 2300 3274 2355 in
3305 2299 3542 2369 quibus-

1965 2400 2093 2453 dam
2149 2396 2268 2451 suis
2321 2396 2576 2452 asceticis
2611 2395 3074 2466 przeceptionibus
3125 2393 3445 2458 definierit,
3485 2396 3547 2444 ut

1965 2491 2060 2561 qui
2085 2488 2390 2544 monachus
2421 2487 2647 2543 futurus
2670 2497 2776 2552 est,
2799 2502 2894 2557 per
2931 2487 3225 2540 triennium
3260 2484 3545 2554 probetur,

1967 2597 2078 2654 quo
2115 2589 2419 2646 transacto,
2468 2590 2563 2635 aut
2593 2579 2824 2650 gratiam
2865 2587 3113 2634 tonsurae
3163 2575 3420 2646 accipiat,
3451 2583 3551 2632 aut

1971 2677 2188 2731 recedat
2224 2691 2254 2729 a
2300 2673 2640 2730 monasterio
2689 2681 2742 2726 et
2770 2673 2837 2726 ad
2877 2671 3115 2744 priorem
3147 2669 3341 2725 Iaicam
3375 2669 3545 2725 vitam

1969 2769 2273 2833 relabatur,
2320 2766 2559 2837 receptis
2612 2766 2781 2822 etiam
2825 2761 3168 2819 indumentis
3217 2775 3339 2832 qua
3391 2768 3550 2817 ante-

1965 2879 2133 2935 quam
2184 2863 2254 2917 ad
2296 2859 2692 2917 monaSterium
2749 2857 3042 2914 accederet
3084 2855 3375 2926 gestabat:
3428 2851 3546 2908 hac

1964 2957 2112 3010 enim
2147 2955 2201 3009 in
2242 2962 2361 3008 tuto
2386 2953 2508 3009 loco
2540 2951 2859 3009 conservari
2899 2950 3089 3019 jussit.
3115 2948 3228 3003 Cur
3255 2961 3391 3016 ergo
3414 2950 3545 3000 ante

1967 3047 2263 3104 triennium
2313 3045 2566 3116 cogimur
2612 3053 2860 3099 tonsurae
2902 3057 3069 3097 onere
3099 3040 3311 3111 premi?
3336 3036 3545 3094 Verisi-

278 3135 417 3204 γοῦν
476 3137 603 3205 πρὸ·
641 3140 740 3209 τῆς
790 3142 1038 3209 τριετίας
1086 3143 1520 3213 ἀναγκαζόμεθα
1572 3146 1634 3204 ἰδ
1694 3148 1860 3221 βάρος

1965 3139 2092 3194 mile
2135 3147 2242 3207 est,
2273 3128 2416 3194 intra
2440 3137 2572 3194 illud
2607 3151 2706 3193 nos
2735 3136 3064 3193 sententiam
3101 3141 3436 3196 mutaturos.
3480 3140 3538 3187 et

279 3230 744 3302 ἓπιφορτισθῆναι
771 3236 871 3302 τῆς
910 3236 1275 3305 άποκάρσεως
1301 3252 1318 3302 ;
1381 3237 1546 3304 Είκός
1580 3244 1697 3297 ἐστι
1725 3243 1860 3298 ταύ-

275 3338 381 3392 της
413 3323 564 3388 ἐντὸς
591 3325 1038 3396 μεταμεληθῆναι
1064 3329 1232 3399 ἡμᾶς,
1267 3332 1363 3386 καὶ
1389 3333 1486 3403 τῆς
1515 3339 1863 3409 τραχυτέρας

278 3419 426 3487 ζωῆς
451 3418 549 3489 τὴν
582 3420 982 3492 μαλακωτέραν
1041 3425 1521 3496 προτιμήσασθαι,
1598 3431 1695 3484 καὶ
1758 3432 1862 3501 τῆς

277 3509 542 3566 ἐπιπόνου
589 3514 688 3584 τὴν
743 3516 967 3579 ἄπονον,
1031 3518 1132 3573 καὶ
1178 3519 1561 3591 ἀπεκδυθῆναι
1633 3520 1736 3593 μὲν
1787 3524 1861 3580 τὰ

283 3607 578 3674 μοναχικέι,
643 3607 935 3678 ἐνδυθῑψαι
983 3609 1040 3663 δὲ
1070 3610 1446 3683 κογχυλόχροα
1492 3613 1590 3670 καὶ
1645 3617 1863 3689 χρυσό-

286 3715 496 3754 παστα’
549 3700 685 3754 ἀλλὰ
715 3698 822 3773 μὴν
847 3702 943 3755 καὶ
998 3705 1422 3776 κρεωφαγῆσαι,
1475 3709 1573 3763 καὶ
1605 3709 1860 3781 νομίμως

279 3790 629 3861 συναφθῆναι
659 3793 910 3860 γυναιξίν
935 3811 954 3826 ο
986 3797 1035 3850 εἰ
1064 3797 1251 3868 δεήσει
1277 3799 1358 3866 δὲ,
1401 3801 1502 3854 καὶ
1561 3804 1861 3870 στρατολοο

279 3883 546 3954 γηθῆναι.
614 3887 712 3940 καὶ
789 3885 974 3952 ζώνας
1044 3890 1444 3962 περιδληθῆναι
1525 3892 1854 3964 ἀξιωμάτων

279 3976 607 4047 βασιλικῶν.
652 3979 830 4047 Ἀφες
859 3973 954 4033 οὖν
975 3980 1076 4048 τῆς
1109 3980 1451 4052 προθεσμίας
1482 3983 1583 4055 τὴν
1642 3984 1851 4054 δωρεάν

274 4068 698 4139 ἀκισδήλευτον.
742 4072 908 4134 Ἴσως
935 4073 1046 4142 γὰρ
1076 4074 1419 4149 παραδράμῃ
1450 4077 1589 4147 μετά
1626 4077 1724 4147 τῆς
1757 4079 1855 4132 αὐ·-

275 4165 375 4231 τῆς
403 4161 824 4234 εὖθυδρομοῢσα
883 4165 1216 4234 προθέσεως,
1290 4168 1386 4221 καὶ
1443 4169 1690 4238 στηρίξει
1755 4171 1852 4241 τῆς

278 4244 611 4326 ἐπαγγελίας
647 4257 746 4328 τὴν
774 4256 1084 4328 εἴσπραξιν.
1116 4259 1181 4311 Ei
1239 4260 1298 4316 δὲ
1348 4267 1704 4334 κατεπείγεις
1751 4265 1853 4333 τὴν

277 4349 420 4402 δόσιν
451 4351 603 4422 παρά
633 4350 701 4404 τά
716 4351 968 4416 δόξαντα,
1004 4353 1160 4405 αὐτοὶ
1221 4355 1441 4418 ἑαυτοῖς
1503 4359 1567 4410 ὲκ
1608 4358 1854 4427 μεταμέ-

279 4440 372 4495 λου
400 4443 739 4514 χαρισάμεθα
772 4443 875 4510 τὴν
896 4443 1169 4501 άθὼωσιν.
1198 4445 1410 4511 ’Δλλως
1442 4465 1500 4500 τε
1526 4448 1652 4510 τοὺς
1685 4449 1849 4500 εὐλα-

275 4535 584 4605 6ουμὲνους
644 4535 750 4605 τὴν
806 4535 1126 4603 τελειότητα
1180 4537 1277 4590 τοῦ
1332 4541 1678 4608 χαρίσματος
1728 4540 1848 4596 δέον

276 4630 397 4684 ἐστὶ
425 4628 830 4700 φιλοτιμεῖσθαι
861 4629 1062 4699 μᾶλλον
1087 4629 1179 4682 καὶ
1213 4630 1286 4700 μὴ
1313 4630 1659 4696 κολάζεσθαι,
1692 4635 1857 4704 εὐχα-

274 4723 580 4795 ριστείσθαι
611 4721 705 4776 καὶ
735 4722 811 4792 μὴ
858 4721 1220 4788 τωθάζεσθαι,
1248 4723 1616 4794 κηρύττεσθαι
1647 4727 1739 4777 καὶ
1777 4729 1852 4800 μὴ

271 4812 779 4884 ἀποκηρύττεσθαι.
817 4809 879 4865 Ἦ
931 4811 1028 4881 μὲν
1058 4809 1314 4880 γάρπερὶ
1346 4811 1415 4864 τὰ
1452 4809 1573 4864 θεῖα
1599 4811 1852 4865 εὐλάϐεια

270 4904 556 4975 συνίστησι
589 4905 824 4967 πίστεως
838 4903 1183 4973 καθαρότητα
1205 4918 1222 4934 ο
1251 4903 1284 4972 ἡ
1317 4900 1362 4954 δ’
1389 4903 1476 4955 ἐπ’
1497 4903 1681 4963 αὐτοῖς
1711 4904 1851 4973 πρό-

268 5014 450 5070 χειρος
482 4996 805 5050 ἀνευλάδεια
836 4988 1091 5058 ἀπιστίας
1121 4997 1418 5066 παρίστησι
1457 4994 1839 5065 κιϐδηλότητα.

338 5102 407 5158 γ’.
437 5089 578 5146 Εἶτά
609 5107 778 5162 φασι·
810 5091 1123 5152 Παλαιστάς
1175 5093 1272 5161 μὲν
1309 5092 1399 5145 καὶ
1463 5093 1588 5152 τοὺς
1644 5091 1841 5153 ἄλλους

269 5181 709 5253 ἀγωνιζομένους
738 5181 1075 5253 παγκράτιον
1097 5180 1186 5234 διὰ
1212 5180 1468 5252 χρονικῆς
1502 5180 1842 5250 προθεσμίας

271 5277 446 5339 θέλεις
478 5274 850 5347 γυμνάζεσθαι
873 5288 888 5305 ο
920 5274 1044 5336 τοὺς
1067 5273 1123 5326 δὲ
1171 5273 1464 5327 πένταθλον
1515 5272 1848 5342 άναδεχομέ‹

267 5386 395 5433 νους
430 5369 739 5439 αἰσθήσεων
765 5359 1140 5426 ἀϐασανίστως
1188 5366 1519 5436 προτρέπεις
1535 5363 1613 5435 τῷ
1639 5364 1851 5428 ἑξεναν-

267 5465 392 5527 τὶας
434 5460 889 5532 συμπλέκεσθαι·
923 5460 1017 5514 καὶ
1076 5460 1182 5531 μὴν
1219 5457 1441 5520 τούτους
1492 5456 1690 5527 μᾶλλον
1739 5456 1847 5509 ἔδει

272 5555 414 5628 μετά
434 5556 763 5626 δοκιμασίας
783 5556 864 5617 είς
898 5554 987 5607 τὸν
1007 5553 1194 5623 ἀγῶνα
1219 5553 1318 5622 τῆς
1348 5550 1635 5622 ἀσκήσεως
1661 5564 1841 5618 παρα-

265 5648 540 5720 δέχεσθαι.
566 5649 798 5704 Ἐκεῖνοι
839 5646 936 5718 μὶν
985 5645 1093 5716 γὰρ
1137 5646 1355 5715 ὁρατοῖς
1408 5642 1836 5713 ἀντιμάχονιαι,

343 5828 364 5856 ⁸
393 5823 534 5880 Psal.
583 5840 660 5883 ιι.
682 5823 734 5878 5.

1961 3235 2089 3290 vita
2128 3232 2420 3288 austeriori
2451 3247 2518 3287 ac
2568 3231 2858 3286 laboriosae
2892 3229 3202 3285 molliorem
3246 3236 3301 3283 et
3351 3226 3538 3280 labore

1959 3334 2240 3382 carentem
2269 3327 2636 3396 praelaturos.
2678 3336 2895 3377 necnon
2932 3330 3202 3377 exuturos
3239 3315 3536 3372 monacha-

1959 3419 2064 3476 lem
2101 3418 2386 3483 vestitum,
2429 3425 2597 3486 atque
2647 3415 2939 3471 lnduturos
2993 3425 3328 3483 purpureum
3375 3423 3538 3463 auro-

1958 3529 2068 3585 que
2095 3511 2417 3570 distinctum
2447 3527 2460 3574 ;
2491 3507 2586 3564 sed
2624 3517 2680 3564 et
2718 3523 2942 3564 carnem
2969 3514 3316 3561 comesturus
3371 3513 3537 3571 atque

1963 3602 2203 3672 legitime
2240 3615 2468 3658 uxorem
2503 3601 2815 3663 ducturos;
2849 3599 2895 3652 si
2930 3611 3158 3652 necesse
3196 3603 3381 3650 autem
3418 3594 3540 3648 fue—

1960 3698 2058 3760 rit,
2098 3697 2263 3750 etiam
2315 3693 2676 3759 militaturos,
2709 3692 2955 3761 itemque
2983 3687 3200 3758 cingula
3237 3687 3536 3759 imperato-

1959 3791 2167 3845 riarum
2206 3787 2532 3858 dignitatum
2569 3793 2976 3854 assumpturos.
3043 3781 3315 3851 Relinque
3365 3779 3533 3850 igitur

1959 3880 2252 3954 praestituti
2296 3879 2559 3950 temporis
2580 3877 2813 3949 gratiam
2842 3874 3186 3931 inviolatam.
3210 3871 3373 3929 Forte
3386 3873 3533 3928 enim

1955 3974 2278 4048 praeteribit,
2309 3988 2434 4029 cum
2456 3971 2648 4027 eodem
2677 3968 2969 4041 proposito
2996 3976 3145 4023 recta
3174 3982 3406 4022 currens
3427 4007 3442 4029 ,
3478 3973 3534 4024 et

1957 4065 2221 4138 promissi
2245 4063 2593 4121 exactionem
2621 4056 2996 4116 conﬁrmabit.
3024 4057 3121 4114 Sin
3151 4068 3334 4113 autem
3355 4057 3550 4112 tradi...

1954 4160 2158 4216 tionem
2199 4166 2400 4228 praeter
2446 4154 2672 4211 decreta
2713 4167 2907 4224 urges,
2962 4152 3070 4222 ipsi
3118 4151 3536 4218 nobismetipsis

1950 4272 2019 4311 ex
2047 4251 2436 4325 reslpiscentia
2465 4247 2876 4305 absolutionem
2905 4246 3231 4319 largiemur.
3254 4245 3527 4300 Praeterea

1950 4347 2048 4420 qui
2090 4346 2447 4402 charismatis
2493 4340 2890 4413 perfectionem
2937 4347 3282 4405 reverentur,
3329 4337 3531 4393 debent

1959 4440 2143 4510 potius
2197 4434 2572 4506 comprobari,
2609 4448 2776 4504 quam
2839 4430 3041 4501 puniri,
3083 4430 3385 4499 gratiarum
3437 4442 3532 4482 ac-

1955 4535 2158 4589 tionem
2186 4530 2417 4592 rel'erre,
2453 4541 2562 4580 non
2594 4522 2867 4589 convicia,
2899 4521 3339 4592 praedicarimon
3377 4521 3532 4574 abdi-

1956 4624 2097 4681 cari.
2135 4623 2194 4679 Si
2236 4621 2460 4693 quidem
2495 4632 2625 4686 erga
2663 4631 2749 4671 res
2779 4613 3020 4676 divinas,
3047 4612 3375 4677 reverentia,
3399 4612 3523 4667 lldci

1954 4717 2250 4790 puritatem
2305 4711 2690 4772 commendat;
2735 4720 2859 4760 cum
2914 4714 3107 4758 contra
3155 4709 3408 4773 prompta
3465 4702 3519 4755 in

1949 4827 2046 4867 eas
2096 4805 2495 4868 irreverentia,
2529 4797 2871 4856 inﬁdelitatis
2920 4795 3177 4852 exhibeat
3235 4805 3524 4867 corrupte-

1951 4905 2080 4960 lam.

2021 5093 2077 5148 5.
2105 5088 2339 5156 Deinde,
2363 5085 2643 5158 inquiunt,
2674 5083 2976 5137 luctatores
3013 5076 3234 5148 quidem
3271 5076 3522 5145 aliosque

1956 5185 2048 5255 qui
2097 5179 2383 5254 pancratio
2429 5182 2687 5241 certant,
2749 5187 2848 5244 per
2919 5179 3138 5240 tempus
3197 5167 3517 5244 praeﬁnitum
3597 5198 3601 5202 -

1951 5273 2197 5331 exerceri
2244 5271 2366 5336 vis;
2414 5283 2509 5325 eos
2541 5281 2675 5322 vero
2710 5264 2803 5335 qui
2855 5276 3120 5318 sensuum
3172 5260 3516 5330 pentathlum

1951 5367 2066 5420 sive
2108 5358 2521 5433 quinquertium
2575 5356 2922 5426 suscipiunt,
2983 5355 3190 5420 absque
3248 5350 3518 5405 exercita-

1949 5455 2099 5512 tione
2151 5469 2276 5510 cum
2338 5450 2655 5506 adversario
2714 5445 2974 5518 congredi
3023 5444 3357 5516 compellis:
3422 5441 3520 5493 hos

1949 5556 2133 5600 tamen
2173 5541 2345 5614 magis
2371 5539 2656 5612 oportebat
2701 5554 2826 5593 cum
2869 5536 3196 5608 probatione
3227 5532 3294 5588 ad
3325 5540 3518 5614 asceti-

1943 5654 2068 5696 cum
2087 5613 2364 5696 certamen
2393 5634 2701 5691 admittere.
2721 5631 2801 5687 llli
2833 5631 3100 5702 siquidem
3139 5644 3264 5682 cum
3297 5613 3522 5680 visibtlb
