3838 6238
1390 710 1556 759 ANNO
1598 711 1811 759 DOHINI
1853 714 2187 760 DCCCCXCIX

1020 893 2552 1137 RICHERUS

352 1242 448 1329 S.
516 1238 959 1328 REMIGII
1012 1239 1389 1325 EXTBA
1446 1235 1866 1328 MUROS
1928 1242 2515 1332 REMENSES
2570 1242 3207 1333 MONACHUS

1576 1451 1973 1463 —-—_———-—-_

560 1614 715 1723 DE
786 1608 1289 1725 BICHERO
1360 1612 1499 1721 ET
1568 1611 1838 1727 EJUS
1908 1611 2478 1749 CHRONICO
2549 1616 3006 1729 NOTITIA

860 1837 1045 1910 (Apud
1080 1838 1260 1905 Pertz,
1292 1836 1635 1892 Monumenta
1666 1836 1976 1896 Germania;-
2001 1840 2129 1895 hist.
2161 1839 2370 1912 Script.
2402 1844 2544 1897 tom.
2579 1841 2701 1911 ΙΙΙ.)

142 2140 294 2204 Quod
328 2156 465 2195 raro
502 2142 741 2194 tantum
773 2137 1029 2194 historiae
1062 2140 1369 2195 commodo
1400 2139 1521 2196 fieri
1561 2140 1725 2210 solet,
1757 2143 1812 2209 Α
1842 2144 1908 2197 ut
1937 2141 2090 2197 inter
2107 2140 2306 2197 Gallia:
2328 2139 2588 2196 civitates
2609 2142 2680 2196 ab
2703 2142 2947 2213 antiquo
2969 2140 3126 2198 clara
3145 2144 3203 2199 et
3226 2143 3482 2215 primatu

82 2230 136 2284 ut
163 2228 548 2301 antiquorum
597 2242 811 2300 rugum
858 2244 1063 2283 casum
1117 2228 1365 2300 novique
1418 2228 1726 2285 hominum

80 2318 290 2387 generis
322 2322 526 2373 ortum
562 2316 654 2371 vir
682 2316 944 2389 utrisque
984 2316 1417 2373 necessitudine
1470 2320 1725 2391 quadam

81 2407 413 2479 conjunctus
445 2410 506 2463 et
540 2405 799 2460 historiae
828 2405 1147 2461 scribendae
1184 2422 1363 2478 capax
1396 2407 1544 2480 stylo
1565 2424 1725 2463 com-

81 2495 275 2563 mittat,
309 2511 378 2551 ea
412 2494 651 2550 ultimis
679 2492 1014 2549 Carolorum
1046 2499 1102 2549 et
1123 2494 1372 2566 Hugoni,
1408 2512 1610 2569 regum
1630 2496 1726 2551 ho-

78 2582 267 2657 dieque
298 2585 356 2640 in
389 2583 595 2640 Gallia
629 2582 961 2639 ﬂorentium
1004 2583 1275 2656 principi,
1335 2583 1571 2641 claritas
1629 2585 1724 2640 Ri-

75 2673 229 2729 chero
282 2678 422 2730 nato
476 2688 767 2729 concessa
824 2677 934 2728 est.
992 2672 1114 2740 Hic,
1176 2677 1241 2727 ut
1284 2673 1409 2745 ipso
1459 2674 1723 2729 tradente

75 2760 363 2827 discimus,
400 2762 599 2818 sancti
632 2760 881 2835 Remigii
941 2765 1100 2817 extra
1151 2779 1354 2817 muros
1408 2762 1724 2818 Remenses

74 2853 382 2907 monachus
400 2852 509 2921 (l),
544 2854 770 2923 patrem
804 2849 1013 2905 habuit
1052 2849 1400 2918 Modull‘um,
1449 2851 1722 2907 Ludovici

74 2939 467 2995 Transmarini
503 2938 666 3012 regis
690 2937 939 2994 militem
985 2943 1042 2995 et
1075 2937 1496 2995 consiliarium.
1559 2939 1726 2995 Pater

77 3050 101 3077 ιι
127 3029 365 3085 consilio
398 3026 782 3099 commodus,
814 3027 1090 3084 facundia
1145 3026 1324 3084 simul
1374 3032 1430 3084 et
1478 3028 1725 3083 audacia

72 3114 374 3187 plurimus,
412 3116 577 3171 unde
610 3118 667 3170 et
696 3132 794 3171 rex
816 3116 1130 3171 admodum
1156 3117 1205 3172 ei
1230 3116 1648 3173 consuescebat
1668 3120 1725 3172 et

73 3207 209 3276 apud
238 3223 379 3263 eum
412 3205 748 3278 saepissime
779 3204 1168 3272 consultabat,
1203 3228 1231 3255 »
1265 3205 1416 3261 inter
1452 3205 1568 3262 alia
1595 3223 1723 3277 qua:

74 3296 328 3365 patravit,
362 3311 527 3350 anno
557 3294 666 3347 949
706 3294 971 3349 Lauduni
1024 3294 1290 3368 capiendi
1342 3294 1606 3351 ordinem
1664 3295 1722 3349 in

75 3383 301 3439 consilio
335 3384 501 3456 regis
534 3383 843 3455 proposuit
865 3386 921 3437 et
951 3382 1076 3456 ipse
1107 3384 1225 3437 dux
1282 3382 1527 3440 feliciter
1562 3399 1721 3440 exse-

75 3475 230 3528 cutus
257 3477 350 3529 est
382 3474 489 3545 (2),
526 3476 703 3544 atque
735 3489 807 3527 an
837 3471 944 3527 956
995 3471 1296 3545 Gerbergae
1346 3473 1557 3545 reginae
1598 3473 1722 3528 vin-

72 3559 169 3616 dex
211 3562 480 3619 Montem
534 3559 856 3629 Castriloci,
918 3560 1237 3617 Hannonis:
1293 3565 1490 3633 caput,
1547 3564 1720 3617 noctu

72 3652 439 3724 expugnavit,
493 3654 553 3705 et
613 3649 1002 3722 Ragenerum,
1055 3648 1156 3721 qui
1217 3651 1425 3723 reginae
1476 3648 1724 3721 injurias

73 3736 356 3804 intulerat,
396 3754 586 3795 uxore
615 3742 673 3793 et
703 3736 904 3793 liberis
935 3736 1069 3792 inde
1101 3737 1332 3805 ablatis,
1384 3738 1454 3792 ad
1487 3738 1722 3794 satisfa-

71 3826 328 3884 ciendum
366 3827 594 3901 reginaa
626 3826 812 3899 coegit
835 3824 1063 3892 (3).Tali
1092 3831 1255 3898 patre
1285 3826 1508 3881 editum
1540 3831 1596 3881 et
1618 3827 1722 3883 Lo-

72 3913 240 3973 thario
288 3933 457 3990 rege,
510 3914 615 3987 qui
675 3913 922 3970 ultimus
978 3914 1315 3971 Carolon
1374 3914 1718 3988 dignitatem

71 4004 269 4075 regiam
293 4006 458 4061 inter
489 4002 646 4060 bella
673 4002 865 4058 civilia
895 4008 951 4059 et
979 4008 1210 4060 externa
1236 4004 1389 4059 haud
1414 4004 1724 4074 infeliciter

70 4093 359 4163 sustinuit,
395 4092 702 4158 adultum,
737 4091 1050 4147 Richerum
1082 4091 1276 4149 studio
1315 4092 1457 4165 regii
1489 4092 1719 4165 generis

70 4183 118 4234 et
145 4184 339 4253 patrie
376 4198 590 4239 amore
622 4181 900 4253 flagrasse
929 4185 987 4237 et
1026 4181 1275 4254 primam
1306 4198 1500 4236 rerum
1534 4181 1722 4254 publi-

70 4283 254 4326 carum
284 4275 344 4328 et
374 4270 533 4327 artis
563 4269 839 4326 militaris
867 4270 1135 4326 notitiam
1159 4270 1317 4347 domi
1340 4274 1719 4327 consecutum

68 4372 200 4425 esse,
233 4359 398 4416 haud
432 4363 532 4415 est
561 4359 718 4431 quod
751 4358 1005 4414 mireris.
1056 4358 1289 4415 Ultimis
1331 4358 1577 4415 Odelrici
1629 4377 1720 4416 ar-

71 4443 413 4522 chiepiscopi
481 4447 655 4504 annis
716 4449 815 4514 (4),
874 4447 961 4504 vel
1020 4449 1173 4521 quod
1232 4447 1429 4520 potius
1486 4448 1719 4504 credam

66 4535 423 4602 Adalberone
457 4533 901 4609 archiepiscopo
933 4537 1354 4593 monasterium
1385 4537 1577 4593 suncti
1612 4538 1719 4594 Re-

70 4624 213 4698 migii
246 4626 521 4693 intravit,
550 4625 650 4681 ubi
682 4625 793 4682 sub
815 4625 1044 4682 Rodulfl
1068 4626 1295 4682 abbatis
1319 4625 1626 4698 disciplina
1648 4627 1720 4682 ab

69 4716 284 4788 egregio
316 4713 617 4787 magistro
646 4713 922 4770 Gerberto
950 4713 1162 4770 litteris
1206 4714 1551 4781 instructus,
1583 4714 1722 4770 arti-

69 4798 163 4856 bus
188 4803 554 4860 liberalibus
585 4803 849 4859 studium
880 4803 1148 4876 advertit,
1180 4804 1557 4877 diversasque
1586 4803 1720 4877 phi-

1837 2228 2104 2303 prmsulis
2137 2229 2408 2303 insignis,
2443 2228 2523 2284 ita
2548 2228 2934 2285 Adalberonis
2958 2229 3240 2303 regimine
3281 2232 3487 2288 nobili-

1837 2323 1978 2387 tata,
2012 2335 2196 2391 eoquo
2254 2335 2368 2374 non
2400 2316 2598 2374 minus
2656 2318 2934 2391 exemplis
2983 2336 3160 2391 quam
3219 2320 3483 2377 doctrina

1836 2409 2052 2463 animis
2083 2407 2462 2479 moribusque
2484 2408 2769 2478 juvenum
2802 2408 3123 2464 formandis
3151 2407 3360 2465 valida.
3392 2409 3483 2465 Ri-

1836 2494 2043 2552 cherus
2067 2494 2245 2570 igitur
2263 2495 2519 2552 bonitate
2543 2501 2600 2551 et
2621 2496 2855 2568 ingenio
2878 2496 3197 2553 amicitiam
3221 2497 3480 2554 Gerberti

1834 2583 1943 2639 sibi
1979 2584 2359 2656 comparavit,
2396 2607 2423 2635 ‹‹
2455 2584 2583 2650 viri,
2618 2590 2684 2639 ut
2714 2584 2843 2656 ejus
2874 2584 3063 2640 verbis
3104 2589 3254 2653 utar,
3284 2584 3482 2659 magni

1834 2671 2052 2746 ingenii
2084 2689 2149 2729 ac
2172 2672 2305 2728 miri
2326 2672 2563 2745 eloquii,
2586 2690 2701 2745 quo
2733 2677 2853 2728 tota
2873 2673 3057 2730 Gallia
3076 2690 3141 2730 ac
3173 2674 3222 2730 si
3244 2673 3483 2731 lucerna

1834 2762 2073 2817 ardente
2130 2762 2497 2818 vibrabunda
2556 2762 2800 2818 refulsit.
2838 2785 2864 2810 ι)
2905 2762 3010 2828 Qui
3071 2779 3205 2820 cum
3258 2762 3482 2820 intimis

1832 2849 2179 2907 Adalberoni
2222 2850 2659 2923 archiepiscopo
2690 2868 2725 2906 a
2772 2850 3032 2907 consiliis
3081 2855 3255 2920 esset,
3304 2856 3479 2926 atque

1833 2938 2163 3006 itineribus,
2196 2937 2457 3011 epistolis
2479 2942 2534 2993 et
2553 2939 2888 3012 magisterio
2906 2940 3158 2995 summis
3188 2939 3247 2995 in
3268 2939 3474 3008 Gallia,

1833 3026 2145 3083 Germania
2175 3032 2233 3083 et
2262 3026 2428 3083 Italia
2463 3025 2603 3083 viris
2658 3027 3054 3089 familiaritate
3101 3028 3473 3101 jungeretur,

1831 3116 2112 3188 optimam
2135 3117 2337 3189 juveni
2371 3133 2567 3172 rerum
2599 3116 2691 3172 sui
2722 3116 3001 3191 temporis
3047 3119 3475 3190 cognoscenda-

1834 3222 1965 3260 rum
1996 3211 2053 3261 et
2085 3205 2619 3278 perspiciendarum
2656 3205 2989 3262 facultatem
3028 3205 3206 3261 dedit.
3256 3206 3477 3263 Medias

1834 3299 2028 3351 tamen
2060 3294 2212 3349 inter
2241 3295 2465 3363 turbas,
2499 3311 2626 3367 quae
2659 3294 3000 3350 Carolorum
3027 3310 3229 3350 casum
3261 3299 3317 3350 et
3346 3296 3477 3351 novi

1833 3382 1995 3455 regni
2027 3383 2194 3438 initia
2221 3383 2677 3454 comitabantur,
2701 3383 2983 3439 Richerus
3012 3384 3122 3439 arti
3154 3384 3389 3439 medica
3419 3400 3481 3439 se

1833 3473 2074 3540 addixit,
2109 3488 2287 3544 quam
2320 3488 2436 3543 quo
2458 3472 2653 3527 studio
2676 3472 2753 3526 sit
2779 3471 3102 3543 amplexus,
3119 3487 3187 3527 ex
3208 3471 3483 3544 plurimis

1834 3561 2170 3615 morborum
2203 3559 2695 3631 descriptionibus
2743 3560 2901 3632 operi
2968 3560 3203 3616 insertis
3222 3562 3299 3629 (6)
3321 3559 3481 3615 colli-

1830 3648 2008 3720 gitur.
2039 3650 2205 3704 Anno
2235 3648 2333 3702 991
2362 3664 2564 3704 mense
2586 3648 2792 3703 Martio
2814 3648 2885 3703 ab
2907 3647 3095 3703 amico
3118 3648 3480 3711 Heribrando

1831 3737 2075 3803 medico,
2109 3736 2449 3793 Carnotensi
2479 3736 2705 3805 clerico,
2736 3736 2946 3792 litteris
2976 3740 3033 3793 et
3061 3735 3250 3811 legato
3281 3753 3476 3797 arces-

1831 3826 2004 3895 situs,
2029 3826 2345 3881 Carnotum
2367 3825 2530 3893 adiit,
2558 3825 2655 3881 ubi
2679 3826 2833 3899 apud
2857 3842 3082 3897 magnae
3104 3824 3473 3883 liberalitatis

1829 3919 1885 3970 et
1906 3914 2163 3971 scientiae
2181 3915 2371 3971 virum
2396 3914 2761 3987 Hippocratis
2777 3914 3148 3987 aphorismos
3162 3914 3471 3971 etlibrum-

1830 4003 1900 4058 de
1931 4003 2241 4060 concordia
2270 4003 2655 4077 Hippocratis,
2683 4001 2882 4061 Galeni
2914 4009 2972 4060 et
3001 4002 3231 4061 Suriani
3274 4003 3470 4060 studio

1830 4091 1953 4147 sius
1985 4091 2228 4161 evolvit;
2264 4093 2433 4164 cujus
2469 4092 2696 4148 itineris
2727 4091 3027 4149 molestias
3084 4091 3231 4150 libro
3262 4107 3339 4161 Iv,
3372 4109 3470 4151 ca-

1830 4180 1947 4253 pite
1976 4182 2066 4250 50,
2092 4180 2377 4254 exposuit.
2413 4180 2590 4237 Paulo
2631 4185 2762 4254 post
2791 4198 2948 4251 cum,
2994 4180 3262 4252 Arnulfo,
3296 4181 3471 4238 Adal-

1830 4269 2063 4339 beronis
2094 4286 2450 4336 successore,
2484 4271 2768 4343 deposito,
2791 4272 3103 4328 Gerbertus
3128 4284 3331 4344 regum
3360 4271 3478 4327 Hu-

1828 4358 1999 4432 gonis
2030 4363 2088 4414 et
2116 4358 2398 4427 Rotberti,
2430 4358 2700 4432 discipuli
2735 4360 2848 4427 sui,
2872 4360 3065 4416 favore
3094 4359 3477 4431 archiepisco.

1830 4450 2033 4521 patum
2083 4447 2423 4504 Remensem
2481 4447 2854 4521 suscepisset,
2917 4447 3162 4503 Richero
3219 4446 3475 4503 historia:

1828 4535 2125 4590 Gallorum
2158 4534 2589 4590 conscribendas
2639 4539 2841 4591 auctor
2898 4534 3088 4590 factus
3142 4538 3250 4590 est.
3308 4533 3472 4599 Quod

1832 4624 2070 4696 quidem
2103 4640 2320 4679 munus
2351 4647 2377 4673 «
2413 4624 2485 4679 ob
2516 4639 2812 4679 summam
2846 4639 3023 4695 quam
3057 4623 3262 4680 afferre
3315 4624 3474 4681 vide-

1829 4713 2005 4768 batur
2036 4711 2348 4768 utilitatem
2389 4717 2445 4769 et
2504 4712 2757 4767 materie
2806 4712 3133 4769 ubertatem
3173 4729 3239 4768 eo
3293 4712 3476 4769 animi

1831 4801 1963 4858 nisu
1997 4801 2275 4875 suscepit,
2310 4818 2425 4875 qua
2472 4801 2740 4873 jubentis
2770 4800 2918 4857 mira
2971 4801 3361 4860 benivolentia
3415 4818 3477 4858 se

67 4885 332 4964 losophiae
368 4896 577 4964 partes
604 4892 849 4948 edoctus
894 4895 953 4947 et
1009 4891 1272 4948 classicis
1322 4892 1718 4949 Romanorum
1750 4877 1793 4943 (ἶ
1833 4890 2089 4964 pertrahi
2122 4912 2150 4939 ››
2186 4889 2328 4945 dicit
2357 4890 2454 4961 (7),
2486 4891 2853 4966 triennioque
2880 4891 3148 4947 absolvit.
3173 4890 3475 4965 Siquidem

69 4980 477 5052 scriptoribus,
502 4979 892 5056 philosophis,
918 4981 1127 5053 poetis,
1152 4980 1468 5052 historicis,
1491 4998 1718 5038 cosmo-

67 5069 294 5141 graphis
318 5070 620 5137 imbutus,
655 5074 721 5127 ut
749 5070 822 5125 de
852 5070 1138 5127 monacho
1195 5071 1414 5143 sperari
1473 5076 1718 5143 poterat,

69 5159 272 5216 unctis
308 5158 593 5215 Patribus
620 5159 799 5219 etiam
828 5164 887 5215 et
929 5159 1253 5215 canonibus
1309 5158 1721 5216 ecclesiasticis

65 5240 318 5318 legendis
350 5263 600 5320 operam
622 5247 785 5305 dedit
812 5249 904 5315 (5).
930 5248 1063 5304 Erat
1077 5252 1216 5304 tunc
1240 5248 1554 5305 Remorum
1579 5249 1721 5304 urbs

126 5413 200 5490 (1)
227 5415 527 5490 Prologus
557 5416 753 5490 operis
784 5420 841 5473 et
870 5415 971 5473 lib.
1003 5434 1082 5485 1v,
1111 5418 1201 5474 50.

232 5505 298 5557 ιι,
332 5487 535 5545 87ἱ91.

54 5620 61 5627 ,
128 5559 200 5627 S3{
231 5575 320 5627 ιιι,
355 5559 520 5615 6—10.

127 5606 199 5683 (λ)
228 5606 408 5687 Elei-te
438 5606 596 5687 haud
626 5635 761 5690 ante
791 5647 1013 5691 annum
1073 5632 1215 5700 966;
1250 5647 1387 5688 nam
1450 5633 1717 5690 Flodoar-

69 5696 206 5777 dum
229 5718 353 5777 no_n
375 5702 622 5777 novisse
645 5703 889 5777 vicetur,
922 5696 1374 5777 CLAPrologum.

129 5768 209 5836 (5)
226 5788 267 5841 ι,
288 5774 346 5843 3,
374 5771 766 5850 Hieronymus
783 5780 841 5831 et
861 5774 1159 5849 Sulpicius
1175 5768 1615 5846 memorantur,-
1638 5792 1723 5848 ιιι,

380 5897 654 5988 Ιζιιτιιοι.
698 5901 1076 5967 CXXXVIII.

1831 4978 2002 5040 annis
2030 4978 2138 5033 995
2166 4982 2222 5034 et
2249 4978 2357 5033 996
2386 4977 2609 5035 litteras
2638 4979 2710 5035 ab
2739 4980 3082 5038 Gerbertum
3115 4979 3275 5052 operi
3329 4997 3475 5053 prae-

1830 5068 1996 5135 fixas,
2030 5066 2247 5122 librum
2279 5070 2377 5122 iet
2405 5066 2541 5122 libri
2570 5084 2611 5122 ιι
2642 5068 2834 5141 capita
2862 5067 3009 5135 4-78,
3046 5069 3264 5141 quibus
3293 5068 3476 5126 histo-

1832 5158 1918 5213 ria
1947 5173 2133 5228 usque
2163 5156 2234 5211 ad
2268 5172 2487 5211 annum
2530 5158 2634 5211 948
2689 5155 3045 5229 perducitur,
3106 5157 3475 5232 conscripsit,

1831 5245 2058 5317 reliqua
2099 5244 2231 5300 libri
2264 5261 2305 5301 ιι
2351 5245 2561 5317 capita,
2609 5245 2825 5302 librum
2878 5265 2936 5302 ιιι
2966 5250 3022 5303 et
3068 5264 3124 5304 IV
3170 5245 3475 5305 historiam

1832 5417 1921 5483 46,
1951 5430 2081 5497 sqq.
2114 5417 2380 5471 auctores
2401 5413 2676 5472 classicos
2708 5432 2742 5471 a
2767 5416 3041 5473 Gerberto
3071 5416 3368 5497 adhibitos
3398 5432 3480 5472 re-

1832 5491 2277 5683 ceggftltxemgli
2298 5557 2487 5630 gratia
2516 5575 2557 5627 ι,
2590 5556 2678 5626 Η,
2730 5556 2818 5629 13,
2871 5559 2960 5627 18,
2993 5556 3082 5627 49,
3135 5560 3229 5627 56,
3259 5559 3367 5625 65;
3415 5572 3479 5623 ιι,

1834 5631 1922 5683 37.
1957 5628 2046 5683 46.
2077 5628 2169 5683 59.
2240 5628 2297 5683 9.
2329 5631 2433 5683 103
2462 5648 2475 5683 2
2508 5646 2592 5683 ιιι.
2641 5628 2729 5683 13.
2761 5628 2853 5683 96.
2887 5628 3029 5683 409;
3085 5641 3164 5683 Iv.
3197 5633 3253 5683 5.
3294 5629 3386 5683 24.
3417 5627 3479 5683 50

1834 5631 1922 5696 37,
1957 5628 2169 5755 4%,459,
2197 5627 2433 5700 99,103
2462 5648 2475 5700 ;
2508 5646 2592 5698 ιιι,
2641 5628 2729 5698 13,
2761 5627 2853 5701 96,
2887 5628 3029 5697 409;
3085 5641 3164 5700 Iv,
3197 5633 3253 5702 5,
3294 5629 3386 5696 24,
3417 5627 3488 5683 50

1834 5716 1970 5755 sua.
2085 5739 2098 5754 .

1833 5716 1982 5845 δίίὲί)
2008 5716 2312 5847 ἓῖδιοευε.

3144 5897 3182 5969 ι

3464 5866 3537 5911 ,2“
