3838 6238
109 414 166 473 l7
318 446 321 449 <
976 412 1517 475 HISTORIARUM
1566 414 1774 475 LIBRI
1817 413 2221 485 OUATUOR.
2259 448 2333 460 --
2362 415 2511 476 LIB.
2558 416 2608 476 Ι.
3425 414 3506 477 I8

107 543 1737 617 climS.RemigiiRemensis(49),undevitiosaFlaciiedi-
1765 546 1821 613 Α
1854 546 2051 603 saeculi
2089 565 2125 602 x
2153 546 2517 604 illustrandae
2540 546 2866 620 aptissima,
2901 547 3201 607 asummis
3230 548 3370 607 viris
3390 566 3498 624 pro

107 634 173 691 tio
196 633 412 690 concilii
444 635 519 689 ad
554 635 617 689 S.
648 633 922 690 Basolum
956 635 1137 702 ﬂuxit,
1174 636 1298 707 ajD.
1330 635 1577 691 Waitzio
1600 652 1734 691 cum
1846 636 2014 705 fecta,
2047 641 2103 692 et
2132 636 2401 692 codicum
2460 637 2816 710 optimorum
2846 638 3189 695 auctoritate
3219 642 3320 695 aut
3347 639 3498 696 inte-

106 723 471 781 editisiterum
488 722 1061 796 collati,appcndicis
1076 724 1201 780 loco
1216 724 1733 795 referendastatui,
1844 725 2041 797 gritati
2077 726 2346 781 restituta
2377 731 2480 781 aut
2511 726 2702 799 prima
2729 726 2853 783 vice
2882 726 3000 783 luci
3045 727 3201 795 data,
3248 728 3497 787 ineditos

104 812 319 884 adjectis
351 829 419 867 ex
448 812 652 868 codice
670 812 1120 886 Guelferbytano
1138 813 1235 868 fol.
1256 814 1278 869 Ι
1290 814 1381 881 69,
1401 815 1506 870 470
1526 814 1734 871 litteris
1846 814 2073 871 Richcri
2104 815 2285 871 libros
2310 814 2469 871 haud
2491 815 2859 873 incommode
2879 816 3224 874 comitatum
3257 817 3349 886 iri,
3373 835 3500 890 per-

105 900 335 974 Gregorii
364 900 413 953 V
460 918 628 973 papae
670 903 741 957 ad
791 902 1160 975 Willegisum
1200 902 1729 976 archiepiscopum,
1844 920 2087 959 suasum
2121 904 2325 961 habeo.
2353 906 2608 973 (Litteras
2642 905 2887 976 Gregorii
2919 906 2957 961 V
2982 914 3034 961 et
3052 906 3351 961 concilium
3383 911 3497 965 Mo-

104 991 289 1063 quibus
321 1007 454 1046 eum
489 991 561 1045 de
594 991 844 1046 decretis
875 992 1078 1065 synodi
1112 992 1412 1064 Papiensis
1443 992 1597 1047 circa
1626 994 1732 1051 Ar-
1841 1009 2089 1061 sonense,
2122 993 2186 1048 de
2214 994 2411 1065 quibus
2441 993 2532 1049 hic
2553 996 2822 1050 Pertzius.
2876 995 3040 1051 habes
3092 997 3244 1067 infra
3272 997 3333 1051 in
3361 994 3494 1053 Gre—

103 1079 302 1134 nnll’um
354 1079 665 1136 certiorem
695 1080 861 1149 facit;
913 1098 1041 1153 qua:
1072 1082 1425 1137 documenta
1475 1080 1733 1136 historiae
1841 1083 1996 1151 gorio
2032 1083 2070 1139 V
2095 1090 2146 1138 et
2177 1081 2444 1139 Gerberto.
2477 1084 2692 1139 Em'roa
2723 1083 3137 1153 Pnaowcus.)

160 1204 454 1279 (59)_Malot
475 1204 538 1259 in
562 1206 711 1260 Hist.
730 1205 1075 1279 metropolis
1097 1207 1403 1279 Remensis
1422 1207 1490 1275 II,
1512 1209 1583 1263 45
1599 1210 1732 1262 aut-
1843 1223 1920 1279 ea:
1952 1207 2277 1263 Barberiuze
2296 1207 2537 1277 cujusin
2554 1207 2884 1279 Annalibus
2902 1209 3117 1266 nostris
3133 1211 3495 1268 mentionem

104 1277 609 1358 egraphurnpenes
638 1294 700 1332 se
728 1277 1187 1358 haberi—“scribit,
1208 1278 1482 1358 mutilum
1510 1283 1729 1346 tamen,
1843 1278 1972 1358 feci,
2005 1279 2366 1358 chartaceus,
2396 1297 2463 1335 ex
2501 1278 2734 1335 Chesnii
2785 1281 2980 1337 codice
3012 1282 3222 1339 minori
3272 1283 3490 1339 descri-

104 1347 148 1431 gn
176 1347 279 1431 qUo
310 1347 538 1431 scilicet
571 1366 755 1431 .cap‘p.
786 1351 958 1431 25140
977 1350 1297 1431 deessent,
1343 1351 1497 1431 unde
1519 1367 1734 1431 ‘pauca
1842 1353 1979 1421 ptus
2011 1355 2119 1405 est.

102 1423 297 1474 tantum
332 1419 715 1492 transcripsit
742 1438 796 1493 p.
832 1422 920 1488 45,
966 1422 1053 1477 46.
1089 1452 1153 1461 -
1185 1420 1373 1476 Codex
1416 1419 1730 1477 bibliothe-

657 1751 1431 1909 RICHEBI
1564 1750 2900 1912 HISTORIARUM

1116 2026 1555 2155 LIBRI
1653 2022 2447 2185 QUATUOR

1563 2284 1988 2295 _—_——__..

1134 2445 1765 2535 PROLOGUS
1835 2445 2412 2535 AUCTOBIS

147 2646 373 2704 Domino
403 2666 469 2704 ac
504 2647 860 2705 beatissimo
891 2649 1064 2717 Patri,
1099 2649 1377 2706 Gerberto
1402 2651 1718 2706 Remorum
1748 2653 1797 2719 B
1829 2655 2089 2723 tempore
2120 2655 2424 2705 auctorum
2460 2651 2718 2722 prudens
2748 2650 2931 2705 lector
2959 2666 3124 2723 reges
3151 2649 3480 2723 aequivocos

89 2736 513 2811 archiepiscopo,
549 2738 842 2793 Richerus
874 2738 1216 2794 monachus.
1824 2740 2178 2812 pernotabit.
2213 2742 2470 2806 Quorum
2502 2738 2864 2812 temporibus
2887 2738 3285 2796 bellaaGallis
3306 2757 3482 2813 sape-

147 2825 427 2882 Gallorum
458 2826 883 2898 congressibus
927 2826 986 2881 in
1016 2825 1312 2881 volumine
1362 2826 1713 2898 regerendis,
1826 2846 2070 2885 numero
2121 2833 2369 2901 patrata,
2420 2828 2728 2900 variosque
2777 2845 2979 2883 eorum
3038 2827 3351 2897 tumultus,
3410 2846 3479 2886 ac

90 2912 283 2986 imperii
316 2915 425 2983 tui,
459 2921 630 2988 pater
647 2914 1019 2971 sanctissime
1043 2916 1315 2971 Gerberte
1333 2917 1370 2982 ³,
1397 2916 1714 2971 auctoritas
1824 2917 2081 2974 diversas
2098 2918 2461 2990 negotiorum
2478 2917 2829 2982 rationes,ad
2846 2916 3188 2972 memoriam
3204 2917 3478 2974 reducere

90 3004 440 3059 seminarium
471 3004 655 3059 dedit.
677 3006 882 3071 Quam,
907 3004 1045 3075 quia
1068 3022 1362 3060 summam
1397 3000 1711 3060 utilitatem
1823 3007 2039 3080 scripto
2070 3005 2401 3079 specialiter
2431 3006 2793 3078 propositum
2826 3009 2933 3061 est.
2958 3005 3017 3061 Si
3041 3022 3159 3077 qua
3179 3022 3311 3060 vero
3332 3006 3475 3062 alio-

92 3091 228 3147 aﬂ’ert
253 3099 306 3148 et
338 3111 530 3148 rerum
566 3093 817 3148 materia
846 3110 975 3149 sese
1006 3093 1347 3165 multiplex’
1377 3096 1611 3166 praebet,
1646 3111 1711 3147 eo
1823 3112 1953 3151 rum
1985 3096 2317 3163 efferantur,
2353 3096 2461 3150 ob7
2494 3095 2820 3150 incidentes
2850 3093 3105 3150 rationes
3136 3111 3263 3166 qua
3306 3093 3477 3150 vitari

89 3180 237 3236 animi
269 3183 406 3238 nisu
438 3181 817 3255 complector,
852 3199 969 3255 qua
988 3182 1254 3254 jubentis
1286 3183 1436 3238 mira
1478 3182 1710 3239 benivo-
1824 3202 1936 3240 non
1972 3188 2305 3257 potuerunt,
2342 3185 2396 3238 id
2431 3184 2691 3240 evenisse
2723 3188 2978 3255 putetur.
3013 3183 3155 3239 Sed“
3183 3183 3232 3238 si
3267 3183 3476 3258 ignota

90 3266 239 3325 lentia
267 3271 595 3343 pertrahor.
625 3270 808 3341 Cujus
836 3271 916 3327 rei
946 3271 1181 3326 initium
1214 3288 1247 3326 a
1270 3271 1457 3327 vicino
1495 3272 1710 3326 ducen-
1820 3273 2189 3345 antiquitatis
2214 3274 2877 3346 ignorantiaaarguar,ex
2894 3273 3149 3344 quodam
3166 3272 3474 3329 Flodoardi

88 3354 200 3411 dum
228 3358 607 3424 existimavi”,
642 3360 817 3414 cum‘
846 3376 936 3415 res
982 3359 1167 3415 multo
1200 3365 1333 3415 ante
1373 3365 1588 3432 gestas,
1622 3360 1709 3414 di-
1819 3361 2138 3434 presbyteri
2158 3360 2791 3428 Itemensislibello,me
2809 3360 3345 3432 aliquasumpsisse
3360 3376 3475 3417 non

86 3461 149 3498 ve
176 3448 494 3503 memoriae”
526 3448 882 3517 Hincmarus
911 3453 1044 3503 ante
1073 3453 1126 3503 te
1158 3449 1217 3503 in
1251 3449 1591 3520 pontificatu
1622 3466 1712 3504 oc-
1818 3452 2035 3518 abnuo,
2062 3454 2122 3504 at
2153 3467 2266 3505 non
2298 3450 2473 3505 verba
2521 3450 2759 3521 quidem
2811 3449 3036 3515 eadem,
3070 3449 3172 3503 sed
3221 3448 3337 3504 alia
3368 3466 3475 3521 pro

85 3537 269 3601 tavus‘,
350 3538 477 3593 suis
549 3536 850 3592 amalibus
925 3536 1331 3609 copiosissime
1407 3538 1704 3593 annexuit.
1818 3539 1950 3595 aliis
1981 3539 2151 3610 longe
2183 3539 2410 3594 diverso
2441 3538 2759 3593 orationis”
2788 3540 3043 3592 scemate
3083 3536 3472 3608 disposuisse,

84 3624 345 3698 Tantoque
391 3625 703 3698 superiora
752 3625 931 3681 lector
970 3642 1039 3681 ea
1086 3625 1359 3692 inveniet,
1415 3631 1636 3699 quanto
1675 3645 1711 3681 a
1819 3644 1912 3683 res
1939 3627 2069 3699 ipsa
2090 3627 2527 3683 evidentissime
2557 3627 2941 3681 demonstrat.
2968 3624 3241 3696 Satisque
3269 3624 3473 3680 lectori

86 3714 233 3767 nostri
262 3714 531 3786 opusculi
563 3713 821 3781 exordio,
856 3731 960 3786 per
979 3715 1107 3785 ejus
1139 3718 1367 3785 regesta
1386 3730 1512 3770 sese
1543 3714 1709 3769 attol-
1818 3715 1942 3771 fieri
1973 3715 2244 3781 arbitror,
2279 3716 2324 3771 si
2358 3713 2734 3787 probabiliter
2762 3718 2934 3785 atque
2978 3712 3232 3768 dilucide
3281 3713 3473 3769 brevi-

86 3795 161 3853 let.
189 3802 247 3857 Et
274 3802 383 3858 hoc
416 3803 687 3874 inquam,
719 3819 793 3857 ne
826 3802 1167 3858 Karolorum
1203 3802 1569 3875 aliorumque
1601 3803 1708 3859 fre-
1815 3809 2018 3877 terque
2049 3804 2248 3859 omnia
2277 3802 2640 3875 digesserim.
2667 3803 2728 3857 In
2753 3802 2999 3858 dicendo
3014 3801 3169 3857 enim
3190 3819 3471 3858 recusans

84 3902 236 3956 quens
262 3891 319 3946 in
353 3895 603 3963 utroque
634 3907 806 3962 opere
833 3892 1119 3963 repetitio,
1167 3892 1359 3963 operis
1398 3892 1706 3964 utriusque
1814 3894 2070 3961 effluere,
2130 3893 2388 3965 plurima
2443 3892 2713 3948 succince
2771 3891 3097 3963 expediam.
3154 3893 3234 3945 Ae
3289 3892 3470 3948 totius

86 3979 662 4037 ordinemturbet.Ubi
679 3981 837 4035 enim
858 3997 1052 4037 rerum
1070 3982 1212 4036 ordo
1225 3998 1336 4036 non
1361 3980 1703 4047 advertitur,
1735 4018 1778 4085 Ο
1815 3983 2115 4038 exordium
2139 3982 2493 4038 narrationis
2513 3981 2839 4054 aggrediar,
2871 3979 3119 4035 breviter
3140 3980 3290 4036 facta
3310 3980 3469 4036 orbis

86 4067 215 4122 tanto
244 4070 525 4126 nitentem
558 4087 724 4125 error
744 4070 1073 4136 confundit,
1107 4074 1325 4141 quanto
1355 4087 1389 4125 a
1418 4070 1566 4125 serie
1608 4088 1705 4125 or-
1737 4067 1778 4085 υ
1816 4071 2118 4138 divisione,
2154 4069 2454 4142 Galliaque
2481 4069 2539 4124 in
2574 4074 2769 4141 partes
2819 4067 3155 4138 distributa,
3188 4085 3254 4123 eo
3309 4069 3464 4141 quod

85 4152 209 4210 dinis
240 4163 526 4215 errantem
578 4158 833 4214 seducit.
888 4159 1044 4215 Unde
1076 4175 1208 4214 cum
1242 4158 1333 4213 hic
1382 4163 1557 4231 atque
1586 4158 1705 4213 illic
1815 4160 1943 4231 ejus
1974 4158 2324 4231 pepulerum
2357 4175 2549 4214 mores
2581 4162 2637 4214 et
2666 4162 2834 4214 actus
2856 4156 3182 4214 describere
3204 4157 3469 4230 proposil

86 4256 196 4314 sepe
234 4247 439 4315 Karoli,
491 4264 632 4320 sepe
686 4247 961 4303 Ludovici
1006 4251 1154 4303 notae
1204 4249 1548 4316 offeruntur,
1602 4265 1705 4320 pro
1817 4252 1943 4303 tum
1975 4246 2071 4304 sit.

1120 4478 1647 4594 [LIBER
1747 4507 2307 4597 PRIMUS

1546 4666 1940 4677 ——.—_———.—

137 4777 179 4829 1.
206 4782 412 4836 Divisio
440 4782 614 4837 orbis.
641 4811 711 4820 ——
729 4779 1115 4854 Orbisitaque
1131 4781 1323 4855 plaga,
1347 4800 1473 4855 quae
1494 4789 1706 4840 morta—
1813 4784 2041 4840 Oceano
2072 4782 2498 4847 disterminata,
2534 4780 2777 4838 interius
2810 4799 2845 4837 a
2875 4780 3116 4854 Ripheis
3162 4782 3464 4839 montibus

85 4858 208 4920 libus
235 4885 358 4925 sese
386 4870 765 4926 commodam
796 4869 1031 4941 praebet,
1062 4888 1099 4926 a
1120 4872 1561 4945 cosmographis
1593 4874 1704 4946 (50)
1814 4890 2002 4946 usque
2033 4874 2102 4928 ad
2133 4877 2300 4929 terra:
2331 4870 2702 4939 umbilicum,
2733 4870 2978 4938 Thanai,
3006 4870 3318 4938 Meothide,
3352 4871 3469 4927 Me-

86 4950 334 5011 tril'ariam
364 4957 546 5012 dividi
579 4956 942 5029 perhibetur,
962 4958 1021 5013 in
1037 4957 1235 5014 Asiam
1256 4960 1542 5029 videlicet,
1562 4962 1708 5017 Afri-
1814 4961 2260 5032 diterraneoque
2290 4960 2364 5016 ab
2399 4960 2627 5032 Europa
2643 4959 3049 5032 distinguitur.
3073 4960 3162 5015 Ab
3185 4959 3464 5015 umbilico

87 5051 205 5106 cam,
231 5047 287 5097 et
308 5044 618 5117 Europam.
640 5047 904 5112 Quarum
917 5046 1094 5117 prior,
1115 5063 1149 5102 a
1165 5050 1581 5119 septemtrione
1604 5068 1705 5122 per
1811 5067 1945 5106 vero
1976 5066 2164 5122 usque
2194 5049 2253 5102 in
2286 5058 2574 5115 austrum,
2608 5048 2736 5104 Nilo
2754 5048 2926 5104 ﬂuvio
2959 5048 3030 5103 ab
3052 5048 3247 5104 Africa
3266 5051 3357 5109 est
3378 5065 3465 5105 se-

86 5126 287 5187 orientis
318 5134 614 5207 regionem
671 5150 859 5206 usque
890 5133 947 5189 in
999 5139 1291 5207 austrum,
1342 5139 1706 5196 extrinsecus
1814 5140 1998 5196 clusa.
2033 5137 2284 5194 Africam
2301 5154 2434 5193 vero
2451 5136 3107 5209 etEuropam,exterius
3127 5136 3365 5211 quidem
3387 5137 3460 5194 ah

1402 5262 1644 5319 VARI/ﬁ
1686 5263 2098 5321 LECTIONES.

141 5350 153 5381 ¹
271 5355 453 5411 codex.
481 5358 552 5432 ﬂ?
582 5375 617 5411 x
646 5357 891 5412 evanuit.
967 5357 989 5391 ³
1016 5358 1250 5432 ducere_
1278 5359 1433 5415 volui
1465 5363 1532 5417 ab
1583 5370 1801 5420 auclore
1847 5369 2136 5432 mutatum,
2190 5368 2248 5414 ut
2293 5377 2481 5432 supra.
2558 5362 2579 5395 ‘
2610 5377 2668 5416 m
2698 5364 2939 5416 evanuit.
3016 5361 3037 5394 ⁵
3067 5360 3123 5415 d.
3159 5377 3237 5432 m.
3271 5360 3456 5432 codex.

87 5415 281 5505 ξρτὶῖηιέ
306 5426 837 5505 mauuHincmarus
859 5432 1006 5505 ante
1025 5433 1081 5483 te
1105 5429 1391 5505 septimus
1442 5415 2312 5503 a’émb’p‘hﬁi'méiidponianus.
2355 5415 2370 5432 ⁸
2390 5435 2409 5466 ⁷
2442 5415 2545 5505 per
2576 5415 2662 5488 1.7
2702 5415 2722 5465 δ
2754 5432 2866 5486 Sed
2898 5415 3068 5503 usque
3114 5415 3456 5502 digesserim

85 5503 224 5547 manu
248 5499 304 5550 2.
334 5499 540 5555 scilicet
567 5500 912 5569 corrigentis.
988 5501 1009 5535 9
1041 5499 1430 5555 ordinationis
1460 5521 1600 5559 corr.
1636 5506 1936 5561 orationis.

1637 5620 1866 5676 NOTAE.

145 5696 239 5767 {50)
270 5698 352 5755 Cf.
388 5701 573 5759 Orosii
600 5702 639 5761 l.
673 5719 713 5775 ι,
745 5719 796 5759 c.
828 5705 882 5757 2.
