3838 6238
303 409 380 470 l9
1401 410 1717 472 RICHERI
1767 410 1831 472 S.
1880 409 2186 472 REMIGII
2230 407 2614 472 MONACHI.
3641 406 3714 468 20

298 545 497 598 austro
530 540 589 596 in
607 540 1081 614 septemtrionem
1101 542 1954 610 Oceanocircumdatas,Medi-
1982 546 2037 611 Α
2067 542 2225 613 lant.)
2248 542 2377 597 Sola
2426 540 2643 613 inquit:
2680 541 2861 597 Gallia
2908 548 3149 596 monstra
3202 556 3312 596 non
3363 538 3582 606 habuit,
3629 556 3681 595 se

299 634 637 687 terraneum
668 631 1037 702 interjectum
1058 632 1099 667 ¹⁰
1129 632 1515 688 discriminat.
1547 633 1633 687 Ab
1666 632 1805 688 Asia
1824 649 1957 688 vero

303 719 551 777 interius
582 736 784 775 earum
814 721 1053 776 alteram
1072 719 1258 787 Nilus,
1278 722 1519 776 alteram
1534 738 1665 777 vero
1692 721 1960 776 Mediter-

307 825 574 875 raneum,
592 807 962 880 Thanaisque
976 826 1040 863 ac
1061 809 1288 877 Meotis,
1310 813 1373 863 ut
1390 809 1608 864 dictum
1631 813 1737 875 est,
1768 810 1962 878 sejun-

310 900 478 970 gunt.
510 896 765 960 Quarum
800 897 1042 970 singulae
1065 914 1198 952 cum
1222 898 1483 969 proprias
1501 897 1753 952 habeant
1773 895 1965 951 distri-

312 985 609 1053 butiones,
640 987 883 1058 Europae
905 992 1098 1041 tamen
1122 990 1346 1058 partem
1368 1002 1546 1041 unam
1574 1003 1699 1057 qua:
1719 984 1907 1041 Gallia
1930 1002 1964 1039 a

316 1074 567 1130 candore
596 1075 712 1141 (51)
757 1078 1016 1140 vocatur,
1044 1091 1109 1129 eo
1142 1075 1298 1144 quod
1348 1074 1704 1129 candidioris
1750 1074 1960 1146 speciei

319 1163 552 1235 insigne
594 1163 721 1233 ejus
769 1162 1001 1217 oriundi
1051 1164 1378 1234 praeferant,
1412 1162 1471 1217 in
1503 1179 1643 1218 suas
1691 1162 1965 1217 diducere

204 1322 219 1333 .
319 1255 517 1323 partes
548 1255 738 1306 ratum
770 1250 929 1306 duxi.

390 1344 445 1395 2.
477 1340 639 1395 Istius
671 1339 861 1395 Gallia:
884 1356 985 1411 per
1026 1348 1208 1411 partes
1255 1341 1594 1396 distributio.
1628 1372 1694 1380 —-
1726 1339 1965 1396 Gallia“

322 1445 458 1501 ergo
489 1433 545 1483 et
578 1428 705 1499 ipsa
736 1427 792 1482 in
816 1428 927 1483 tria
957 1428 1235 1483 distincta
1264 1434 1373 1496 est,
1396 1430 1452 1483 in
1471 1429 1785 1501 Belgicam,
1807 1428 1971 1484 Celti-

321 1533 472 1587 cam,
495 1516 927 1588 Aquitanicam.
951 1517 1207 1581 Quarum
1230 1518 1389 1589 prior
1410 1517 1658 1589 Belgica,
1691 1535 1725 1573 a
1747 1517 1969 1584 Rheno,

324 1605 425 1677 qui
456 1605 829 1661 Germaniam
860 1606 933 1661 ab
963 1605 1189 1661 Oceano
1218 1606 1589 1674 determinat,
1613 1624 1739 1678 quae
1766 1606 1974 1661 multa-

326 1710 459 1749 rum
489 1694 754 1765 gentium
789 1695 964 1760 ferax,
998 1712 1031 1750 a
1060 1694 1444 1767 germinando
1475 1712 1688 1751 nomen
1730 1694 1971 1766 accepit,

327 1782 717 1854 exporrigitur
739 1799 927 1854 usque
958 1784 1017 1837 in
1053 1782 1292 1838 fluvium
1325 1784 1670 1839 Matronam.
1696 1784 1781 1839 Ab
1813 1788 1974 1838 utro-

329 1886 444 1942 que
473 1887 604 1926 vero
621 1870 817 1938 latere,
846 1871 981 1926 hinc
999 1872 1235 1943 quidem
1259 1872 1503 1943 Alpibus
1522 1872 1817 1939 Penninis,
1837 1872 1972 1926 inde

329 1975 464 2015 vero
504 1958 650 2014 mari
669 1958 934 2025 vallatur,
963 1962 1133 2031 cujus
1151 1960 1606 2017 circumfusione
1627 1960 1821 2016 insula
1844 1960 1980 2016 Brit-

331 2047 568 2103 tannica
597 2047 865 2104 efficitur.
899 2048 1116 2105 Celtica
1135 2054 1330 2105 autem
1350 2051 1393 2084 ¹²
1416 2067 1448 2104 a
1466 2050 1728 2106 Matrona
1744 2048 1981 2122 perlon-

333 2152 474 2209 gum
504 2136 563 2191 in
596 2136 933 2193 Garunnam
964 2137 1538 2211 distenditur;cujus
1560 2139 1761 2205 latera,
1781 2138 1978 2195 oceani

335 2224 676 2293 Britannici,
710 2230 767 2281 et
799 2226 1002 2281 insulae
1053 2227 1424 2283 Brittannicze
1477 2227 1695 2283 limites
1742 2227 1977 2283 habent.

335 2312 622 2385 Quicquid
651 2330 783 2369 vero
802 2331 835 2369 a
851 2315 1128 2369 Garunna
1144 2315 1499 2370 distenditur
1515 2315 1627 2370 “in
1651 2316 1979 2380 Pireneum,

333 2401 683 2473 Aquitanica
729 2401 1077 2473 appellatur,
1131 2403 1326 2458 hinc“
1374 2404 1654 2459 Rhodano
1701 2403 1982 2474 Ararique

337 2494 514 2560 atque
543 2489 677 2545 inde
706 2489 1122 2546 Mediterraneo
1161 2490 1554 2546 conlimitans.
1607 2494 1843 2548 Constat
1874 2492 1979 2546 ita-

336 2592 472 2649 que,
490 2577 670 2633 totius
683 2575 879 2633 Gallia:
894 2579 1149 2650 spatium
1169 2580 1241 2635 ab
1259 2580 1479 2635 oriente
1496 2580 1732 2650 quidem
1756 2580 1979 2647 Rheno,

336 2666 410 2721 ab
440 2665 736 2722 occidente
760 2666 1088 2738 Pyreneo”,
1113 2673 1168 2722 et
1194 2685 1228 2723 a
1250 2669 1640 2740 septentrione
1668 2668 1814 2724 mari
1833 2669 1982 2724 Brit—

335 2755 592 2823 tannico,
626 2755 698 2810 ab
728 2760 926 2811 austro
956 2774 1089 2812 vero
1121 2757 1542 2813 Mediterraneo
1574 2758 1748 2831 cingi.

404 2845 458 2899 3.
498 2847 675 2899 Mores
716 2842 1013 2900 Gallorum.
1050 2877 1115 2887 —-
1152 2845 1430 2901 Omnium
1474 2864 1609 2919 ergo
1660 2846 1981 2903 Galliarum

335 2930 535 3004 populi
563 2931 765 2988 innata
792 2934 1029 2989 audatia
1048 2933 1372 3005 plurimum
1395 2936 1735 3003 efferuntur,
1760 2935 1982 2992 calum-

334 3021 566 3076 niarum
583 3021 973 3094 impatientes.
998 3023 1053 3076 Si
1078 3023 1413 3089 incitantur,
1438 3026 1681 3080 cedibus
1698 3024 1978 3093 exultant,

333 3109 673 3182 eﬂ'eratique
698 3109 1113 3166 inclementius
1144 3112 1509 3169 adoriuntur.
1536 3113 1724 3169 Semel
1748 3131 1985 3187 persua-

334 3215 468 3252 sum
500 3214 565 3253 ac
595 3198 919 3253 rationibus
966 3200 1374 3272 approbatum,
1406 3201 1499 3257 vix
1542 3202 1800 3258 refellere
1844 3220 1981 3259 con-

2068 633 2203 687 viris
2249 631 2606 703 prudentibus
2634 638 2686 686 et
2730 631 3193 702 eloquentissimis
3234 646 3455 701 semper
3502 630 3715 684 claruit.

2069 720 2280 775 Praeter
2300 719 2419 774 haec
2451 735 2684 790 quoque
2716 717 2900 790 Belgae
2934 718 3108 773 rebus
3150 716 3541 789 disponendis
3586 716 3719 771 insi-

2069 808 2324 881 gniores,
2357 808 2559 863 robore
2582 812 2757 879 atque
2779 806 3017 862 audatia
3042 824 3158 862 non
3177 806 3456 878 impares.
3475 806 3721 862 Maxima

2071 914 2314 969 quaeque
2344 897 2529 969 magis
2561 895 2795 968 ingenio
2818 912 2997 967 quam
3018 894 3244 951 viribus
3267 899 3582 967 appetunt.
3601 895 3667 949 Et
3682 893 3725 949 si

2072 985 2307 1058 ingenio
2340 986 2399 1040 in
2433 985 2780 1057 aopetendis
2810 989 3139 1053 cassantur,
3184 983 3411 1039 viribus
3455 983 3724 1038 audacter

2075 1079 2339 1132 utuntur.
2372 1073 2494 1129 Cibi
2526 1073 2701 1129 etiam
2730 1077 3022 1145 potusque
3047 1072 3189 1127 adeo
3207 1070 3387 1143 parci.
3412 1070 3586 1127 Celtae
3604 1087 3725 1125 vero

2075 1180 2140 1218 ac
2171 1163 2466 1234 Aquitani,
2502 1162 2745 1218 consilio
2777 1160 2954 1216 simul
2984 1166 3041 1216 et
3070 1161 3310 1216 audatia
3338 1158 3608 1232 plurimi,
3644 1176 3727 1215 re-

2077 1252 2189 1306 bus
2220 1251 2514 1307 seditiosis
2543 1250 2855 1306 commodi.
2874 1249 3043 1306 Celtae
3060 1254 3257 1306 tamen
3272 1249 3467 1323 magis
3487 1248 3725 1322 providi,

2076 1339 2353 1412 Aquitani
2382 1357 2514 1395 vero
2541 1340 2867 1412 praecipites
2898 1344 3175 1413 aguntur,
3202 1338 3652 1411 plurimumque
3677 1339 3729 1393 in

2079 1429 2341 1485 ciborum
2375 1428 2684 1500 rapiuntur
2711 1428 3058 1499 appetitum.
3090 1428 3253 1491 Quod
3285 1427 3369 1483 sic
3398 1432 3495 1484 est
3526 1427 3613 1483 eis
3642 1427 3727 1481 in-

2082 1523 2309 1585 natum,
2344 1521 2407 1571 ut
2440 1521 2645 1589 prmter
2675 1521 2947 1572 naturam
2987 1533 3105 1571 non
3155 1520 3458 1589 appetant,
3509 1517 3654 1571 Hinc
3683 1521 3734 1570 et

2082 1605 2378 1678 Sulpicius
2409 1607 2643 1677 (Dialog.
2678 1623 2714 1673 ι,
2752 1606 2834 1676 4);
2868 1605 3141 1671 Edacitas,
3176 1605 3391 1677 inquit,
3448 1606 3510 1660 in
3546 1605 3734 1661 Grtzcis

2081 1696 2215 1764 gula
2246 1702 2342 1756 est,
2376 1696 2434 1748 in
2467 1694 2635 1749 Gallis
2664 1703 2885 1750 natura.
2922 1694 3038 1749 Hos
3060 1710 3264 1748 omnes
3287 1693 3545 1765 populos
3565 1698 3621 1749 et
3634 1693 3682 1749 si
3700 1694 3734 1727 ¹⁶

2083 1788 2295 1838 natura
2326 1783 2561 1849 feroces,
2593 1783 2665 1837 ab
2714 1783 2956 1855 antiquo
3007 1782 3123 1837 fere
3175 1799 3278 1854 per
3307 1782 3568 1838 omnia”
3611 1800 3734 1855 pro-

2085 1888 2251 1943 spere
2282 1871 2469 1944 egisse
2501 1876 2555 1927 et
2587 1889 2721 1927 cum
2770 1871 3036 1944 pagani“
3068 1875 3267 1926 essent
3312 1871 3577 1927 historiae
3628 1876 3735 1927 trao

2089 1961 2313 2015 dunt”.
2368 1961 2505 2015 Post
2551 1976 2683 2015 vero
2731 1977 2765 2015 a
2812 1964 3013 2015 sancto
3064 1958 3388 2032 Remigio20
3436 1958 3735 2032 baptizati,

2089 2047 2402 2121 adprime’n
2435 2048 2591 2103 clara
2638 2064 2871 2119 semper
2900 2051 2955 2102 et
2986 2046 3259 2103 illustri”
3310 2046 3562 2103 victoria
3599 2045 3737 2103 emi—

2089 2136 2338 2193 cuisse”
2368 2137 2653 2191 feruntur.
2686 2136 2941 2199 Quorum
2961 2152 3195 2207 quoque
3216 2135 3443 2208 primus
3478 2153 3581 2191 rex
3602 2134 3739 2190 chri-

2090 2226 2338 2293 stianus,
2371 2225 2690 2280 Clodoveus
2718 2224 2900 2279 fuisse
2922 2224 3255 2279 traditur.A
3286 2241 3403 2296 quo
3425 2242 3535 2297 per
3555 2239 3740 2280 succe-

2090 2315 2287 2369 dentia
2316 2319 2579 2386 tempora
2610 2312 3061 2385 imperatoribus
3090 2313 3341 2387 egregiis
3373 2330 3470 2369 res
3513 2312 3739 2386 publica

2090 2403 2413 2474 gubernata
2442 2401 2620 2457 fuisse
2651 2402 2998 2468 dinoscitur,
3032 2418 3220 2473 usque
3250 2402 3323 2457 ad
3371 2403 3681 2469 Karolum,
3710 2417 3739 2454 a

2092 2507 2205 2563 quo
2237 2490 2491 2545 historiis
2524 2506 2829 2546 sumemus
2860 2489 3116 2557 initium,

2162 2581 2213 2634 4.
2248 2579 2405 2651 Quod
2453 2580 2517 2635 ob
2567 2580 2867 2651 infantiam
2912 2588 2963 2635 et
2989 2581 3309 2651 principum
3359 2578 3738 2635 dissidentium

2085 2677 2299 2740 pyrata:
2329 2668 2595 2723 Gallias"
2627 2670 2951 2740 irruperint.
2983 2699 3053 2708 —
3088 2668 3187 2722 llic
3217 2672 3444 2739 patrem
3482 2668 3737 2724 habuit”

2018 2791 2027 2797 -
2090 2756 2552 2812 Karlomannum
2576 2773 2770 2827 regem
2801 2759 2937 2825 (52),
2962 2774 3133 2811 avum
3154 2773 3287 2812 vero
3304 2760 3623 2829 paternum
3642 2757 3740 2811 Lu-

2090 2845 2360 2901 dovicum
2386 2850 2772 2918 cognomento
2795 2845 3061 2913 Balbum,
3087 2846 3335 2900 abavum
3350 2851 3556 2902 autem
3575 2851 3739 2901 Karo—

2090 2934 2214 2989 lum
2247 2934 2503 3001 Calvum,
2529 2934 2951 2989 Germanorum
2972 2939 3147 3006 atque
3182 2933 3484 2990 Gallorum
3504 2934 3741 3007 impera-

2090 3028 2275 3079 torem
2336 3023 2655 3096 egregium.
2708 3022 2945 3078 Biennis
2992 3022 3184 3078 adhuc
3232 3027 3461 3095 patrem
3520 3022 3737 3088 amisit;

2090 3112 2329 3167 matre26
2359 3111 2453 3165 vix
2482 3127 2584 3183 per
2614 3111 3069 3182 quadriennium
3088 3111 3425 3184 superstite.
3458 3110 3548 3168 Ob
3581 3113 3741 3183 cujus

2089 3200 2399 3256 infantiam
2425 3216 2557 3254 cum
2579 3216 2888 3271 regnorum
2914 3200 3207 3273 principes
3230 3200 3417 3255 nimia
3434 3217 3635 3256 rerum
3658 3216 3743 3255 cu-

332 3289 597 3342 suerunt.
634 3285 797 3342 Unde
827 3291 885 3342 et
932 3286 1305 3347 Hierouimus
1338 3289 1353 3360 (
1384 3306 1467 3361 ep.
1516 3292 1606 3361 60,
1654 3291 1777 3346 adv.
1831 3291 1979 3359 Vigi-
2010 3274 2053 3340 C
2092 3289 2290 3362 pidine
2322 3305 2449 3344 sese
2469 3288 2669 3360 praeire
2687 3288 3123 3357 contenderent,
3149 3288 3400 3361 quisque
3433 3294 3502 3345 ut
3525 3290 3743 3363 poterat

1691 3432 1931 3488 VARle
1971 3431 2380 3488 LECTIONES.

376 3528 444 3611 ,³ο
475 3526 816 3611 ἰηιθιῇθοειιε
845 3527 1009 3611 Δςοά..
1056 3530 1094 3563 ί¹
1125 3545 1245 3611 etp.
1296 3533 1351 3584 2.
1496 3529 1849 3611 Ekkehardus
1894 3532 1955 3586 in
1983 3529 2496 3611 histariahpippiui
2539 3532 2593 3611 et
2627 3528 3059 3611 liarolgmaani‘
3087 3529 3366 3611 majorum
3412 3528 3614 3611 domus
3660 3544 3737 3609 r_e~

324 3601 441 3671 gite
458 3600 764 3671 exscripsit.
830 3600 886 3671 ν¹²
917 3606 1112 3655 autem
1145 3598 1280 3655 hinc
1312 3607 1579 3656 matrona
1611 3602 1746 3657 inde
1775 3618 2044 3671 garunna
2074 3598 2345 3656 abluitur
2362 3598 2519 3671 prior
2548 3600 2723 3654 lectio.
2802 3600 2845 3671 ‘3
2874 3600 2931 3654 d.
2959 3599 3017 3653 in
3046 3598 3318 3671 hiberum
3350 3599 3453 3671 qui
3506 3599 3737 3656 hiberis:

327 3670 545 3743 regioni
578 3669 791 3725 nomen
825 3670 1059 3738 indidit,
1092 3688 1279 3743 usque
1311 3672 1369 3726 in
1402 3689 1685 3727 oceanum
1715 3669 1906 3728 deleta.
1986 3672 2118 3743 “7h.
2154 3669 2460 3742 provinciae
2490 3669 2845 3743 lugdunensi
2877 3674 3052 3742 atque
3083 3670 3218 3726 inde
3251 3671 3302 3743 4.
3370 3669 3424 3705 ’¹⁵
3446 3670 3667 3743 bybero
3692 3671 3737 3725 Ι.

326 3741 368 3775 ¹⁶
398 3741 503 3795 v0.2:
528 3743 755 3796 abscisa.
836 3743 877 3776 ³⁷

908 3759 966 3813 p.
1018 3759 1070 3797 ο.
1106 3744 1354 3808 abscisa,-
1403 3743 1582 3798 locum
1628 3745 1942 3799 Ekkchardo
1988 3742 2238 3798 adhibito
2268 3744 2504 3796 restitui.
2584 3743 2624 3775 ³⁸
2657 3758 2755 3813 um
2806 3757 2882 3812 pa
2932 3743 3166 3797 abscisa.
3238 3742 3289 3813 7"
3316 3759 3361 3813 ξε
3396 3742 3732 3798 tra’abscisa

326 3811 372 3846 ³ο
402 3828 437 3865 a
467 3828 515 3887 s.
651 3812 883 3887 abscisa.
959 3814 1001 3887 ’ξ
1034 3813 1201 3887 adpri
1233 3815 1525 3869 abscisum.
1603 3816 1711 3887 “7a
1740 3832 1990 3887 semper,
2024 3813 2196 3887 lustri
2228 3814 2460 3887 abscisa.
2539 3812 2582 3887 ’ἦ
2612 3811 3130 3887 ρωίουίαὸξοιζςαηι.
3207 3812 3253 3846 ’⁸
3283 3811 3381 3868 alli
3411 3829 3484 3869 ea:
3515 3815 3736 3887 conject.

326 3882 592 3954 supplevi.
668 3882 713 3916 ³⁵
742 3881 951 3938 habuit
978 3881 1312 3939 ludovicam
1345 3901 1541 3957 regem
1573 3902 1625 3941 c.
1658 3886 1715 3941 b.
1750 3881 1931 3941 auum
1962 3901 2097 3941 vero
2130 3886 2179 3939 1.
2258 3885 2303 3917 ⁸⁸
2335 3900 2415 3937 m.
2449 3882 2622 3955 paulo
2652 3888 2788 3937 ante
2818 3882 3039 3940 amissa
3073 3888 3121 3939 1.

1930 4000 2163 4057 NOT/E.

407 4093 519 4236 35!;
550 4092 784 4149 Scilicet
814 4111 848 4149 a
879 4096 1027 4158 γάλα,
1062 4097 1168 4150 lac.

426 4167 498 4219 52
552 4165 671 4220 Imo
704 4165 1060 4221 Ludovicum
1078 4167 1168 4223 Bal

426 4165 516 4236 52)
552 4165 671 4239 Imo
704 4165 1060 4239 Ludovicum
1078 4167 1345 4239 Balbum,
1377 4185 1492 4239 quo
1514 4169 1788 4225 defuncto
1810 4174 1983 4226 natus

334 4240 454 4313 es_t._
479 4267 550 4313 —_-_
580 4237 693 4291 Hoc
721 4237 1097 4313 potissimum
1116 4238 1239 4313 loco
1261 4237 1527 4313 notitiam
1541 4240 1747 4297 sistere
1764 4241 1985 4313 placuit

334 4308 410 4363 ad
442 4307 844 4380 bellumia’nno
873 4311 979 4363 R80
1007 4327 1040 4364 a
1072 4309 1361 4365 Ludovico
1384 4312 1621 4380 juniore
1644 4307 1845 4368 contra
1878 4314 1985 4368 Lu-

333 4383 566 4452 gestum
602 4379 986 4452 referendam,
1022 4397 1198 4452 quam
1246 4379 1647 4438 Boehmeruus
1690 4389 1887 4439 noster
1915 4402 1983 4439 ex

334 4449 531 4523 codice
580 4450 738 4522 regio
774 4449 1120 4523 _Monacensi
1173 4451 1323 4507 inter
1363 4454 1737 4523 Augustanos
1786 4473 1844 4510 n.
1882 4455 1972 4510 151

2093 4112 2232 4169 sum
2258 4094 2467 4169 conjici
2490 4099 2706 4169 potest.
2740 4096 2887 4152 Cum
2922 4099 3179 4169 potestas
3208 4098 3586 4169 quorundam
3611 4102 3743 4154 tunc

2093 4166 2315 4241 fulgida
2346 4166 2778 4241 dominabatur,
2795 4166 3046 4241 peccatis
3060 4166 3255 4241 autem
3276 4170 3740 4241 promerentibus

2092 4238 2310 4314 perpeti
2347 4238 2460 4292 line
2492 4240 2566 4314 (lg)
2593 4238 2869 4314 deﬁciens
2899 4239 2981 4294 ita
2995 4239 3248 4304 evanuit,
3278 4238 3349 4295 ut
3376 4257 3484 4295 nec
3507 4241 3740 4314 quidem

2094 4309 2271 4382 digne
2298 4309 2590 4364 memoria:
2625 4310 2964 4393 retineatur.
2991 4333 3019 4358 ››

2819 4382 3013 4437 Aliter.

2164 4474 2189 4499 ‹‹
2225 4454 2367 4505 Cum
2399 4467 2462 4534 se
2486 4451 2812 4534 Ludovicus
2838 4451 3189 4534 prosperari
3208 4452 3564 4534 "estimaret,
3604 4457 3659 4509 et
3687 4452 3739 4507 in

335 4522 486 4609 mbr.
509 4521 739 4609 saccus;
769 4521 828 4609 in
859 4523 921 4609 14°
949 4539 1199 4609 Canopos
1222 4527 1284 4609 et
1312 4521 1629 4609 decretales
1677 4526 1983 4581 exhibente
2014 4527 2059 4590 Ι)
2090 4539 2268 4609 regnp
2300 4521 3028 4604 occiden.tali,.quod_tune
3059 4523 3741 4609 inordinate‘occupave-

334 4592 662 4662 descripsit.
696 4592 952 4647 Habetur
980 4592 1059 4647 ibi
1094 4593 1190 4647 fol.
1222 4596 1291 4649 74
1326 4593 1561 4651 ultimo:

406 4684 433 4711 ‹‹
466 4665 608 4735 Cum
639 4679 904 4735 essemus
933 4665 1097 4735 juxta
1126 4665 1365 4720 fluvium
1407 4666 1586 4721 Aisna
1618 4666 1677 4721 in
1715 4667 1853 4722 villa
1885 4667 1982 4722 Ri-

334 4736 450 4810 test
473 4734 550 4810 _(a)
583 4750 681 4810 vui
713 4733 836 4810 _Kal.
876 4733 1035 4810 Febr.
1056 4736 1114 4810 in
1134 4735 1329 4808 vigilia
1344 4738 1531 4810 sancti
1563 4739 1985 4810 Prazjectimar-

333 4803 521 4882 thvris
552 4808 684 4882 post
713 4803 929 4882 bonam
955 4807 1079 4882 _diei
1100 4803 1340 4882 nonam,
1362 4809 1556 4882 subito
1578 4803 1736 4882 mira:
1761 4809 1986 4882 magni-

333 4873 569 4952 tudinis
586 4879 644 4930 et
661 4875 1002 4952 splendoris
1033 4878 1199 4952 sidus
1230 4873 1488 4934 emicuit.
1526 4881 1687 4952 Quod
1732 4873 1984 4952 denique

333 4945 512 5002 stellae
544 4945 1582 5029 modulum-supeneminensescesmt_,
1599 4955 1656 5005 et
1673 4951 1811 5006 solis
1826 4945 1984 5029 men-

334 5034 535 5089 suram
568 5034 686 5089 non
716 5017 996 5089 implevit.
1032 5020 1194 5076 Unde
1230 5021 1399 5077 nobis
1431 5020 1576 5075 illud
1608 5022 1982 5077 cernentibus

333 5087 525 5142 visum
558 5092 647 5142 est
675 5087 965 5145 interdum
999 5092 1440 5146 flammantibus
1474 5091 1652 5147 radiis
1685 5092 1836 5147 ultra
1866 5110 1983 5148 mo-

334 5160 476 5234 dum
510 5175 858 5234 excrescere,
892 5161 1187 5234 interdum,
1205 5163 1398 5234 nimio
1440 5162 1657 5234 pallore
1705 5165 1977 5231 deficere;

335 5231 536 5301 sicque
566 5229 841 5286 variando
892 5232 1216 5288 incredibili
1266 5229 1565 5289 veloci-tate
1604 5235 1676 5289 ad
1706 5229 1979 5290 occasum

333 5301 603 5374 tetendit,
636 5318 702 5355 ac
734 5303 1065 5372 novissime,
1104 5304 1266 5374 prius
1313 5322 1491 5374 quam
1525 5323 1586 5361 se
1618 5305 1768 5362 inter
1816 5324 1979 5363 mon-

334 5372 485 5427 tium
504 5371 802 5446 ingereret
832 5375 1049 5443 abdita,
1082 5371 1570 5446 obstaculumque
1602 5378 1693 5432 sui
1735 5396 1980 5433 occasus

335 5443 550 5517 nostris
588 5443 898 5517 obtutibus
945 5447 1217 5517 auferret,
1270 5443 1503 5517 penitus
1556 5450 1807 5503 evanuit.
1864 5451 1979 5504 Nec

332 5515 547 5571 etenim
581 5514 652 5569 ab
686 5532 743 5570 re
776 5514 884 5571 hoc
914 5514 1343 5589 stellaesignum
1364 5517 1769 5588 hujuscemodi
1792 5527 1979 5577 osten-

400 5642 479 5709 (τι)
510 5639 684 5695 hodie
713 5641 914 5697 Rhetel.

407 5711 483 5782 (b)
511 5727 542 5767 e
566 5711 717 5768 haud
748 5713 965 5783 legitur.

2094 4593 2202 4675 rat,
2234 4593 2293 4648 in
2334 4610 2449 4675 quo
2498 4593 2628 4675 ejus
2673 4593 2971 4675 invasione
3015 4594 3349 4675 sacrilegia,
3395 4593 3736 4675 _homieidia,

2093 4670 2326 4739 stupra,
2351 4663 2639 4728 incendia,
2673 4670 2991 4739 cisteraque
3014 4663 3278 4739 inaudita
3296 4666 3518 4739 scelera
3550 4682 3741 4739 perpe-

2092 4734 2244 4809 trata
2301 4735 2551 4809 fuerant,
2604 4739 2661 4789 et
2711 4734 2803 4809 his
2850 4734 3201 4809 vanissimis
3250 4734 3737 4809 prosperitatibus

2093 4805 2727 4882 animoextolleretur,
2757 4806 3071 4882 _indus_tria
3116 4805 3471 4882 principum,
3524 4809 3627 4882 qui
3658 4824 3738 4862 re-

2091 4894 2274 4950 gnum
2308 4875 2451 4931 illud
2484 4882 2625 4931 tunc
2672 4875 3490 4950 gubernabantfextra'ﬁnes
3543 4875 3738 4936 eorum

2093 4948 2368 5029 reductus
2395 4948 2797 5029 est,atque;“in
2830 4951 3033 5029 eadem
3084 4949 3412 5029 reversione
3458 4952 3739 5029 ammissa

2092 5037 2194 5092 spe
2225 5019 2408 5092 invasi
2441 5019 2603 5092 regni
2633 5021 2824 5092 gg880),
2856 5020 3054 5077 obvios
3106 5020 3315 5077 habuit
3365 5022 3735 5085 Nortmanos,

2090 5087 2224 5164 eum
2284 5087 2717 5164 quibus'bello
2767 5092 3311 5164 commisso,carum
3366 5093 3620 5164 perdidit
3678 5092 3734 5146 ﬁ-

2090 5161 2234 5217 lium
2250 5161 2318 5229 (c)
2339 5166 2613 5232 tantaque
2630 5162 2942 5218 afflictione
2977 5163 3034 5218 in
3066 5161 3617 5221 redeundoattritus
3632 5167 3734 5227 est,

2090 5238 2157 5288 ut
2189 5233 2310 5304 ipse
2340 5237 2396 5287 et
2421 5231 2635 5305 suiivix
2665 5233 3002 5305 ad_propria
3041 5239 3395 5301 remearent;
3430 5252 3498 5289 sc
3530 5235 3735 5293 deinde

2091 5304 2148 5359 in
2182 5303 2356 5377 regno
2373 5320 2479 5358 suo
2492 5303 2795 5377 obstacula
2808 5303 3276 5377 grassanbantur
3289 5305 3737 5377 multiplicia,at—

2089 5392 2203 5500 ﬁue
2230 5373 2720 5429 inenarrabilibus
2737 5373 3171 5433 calamitatibus
3185 5377 3443 5447 undique
3462 5373 3731 5441 vallatus,

2141 5451 2702 5500 ortmannorunmue
2734 5445 3103 5500 infestatione
3154 5448 3537 5500 inquietatus.
3585 5449 3731 5500 febre

2141 5451 2702 5519 ortmannorumque
2734 5445 3103 5519 infestatione
3154 5445 3537 5519 inquietatus,
3585 5449 3733 5504 febre

2088 5516 2417 5588 corripitur,
2453 5514 2725 5571 ultimum
2755 5518 3030 5573 emittens
3059 5514 3331 5591 spiritum
3364 5514 3537 5590 (882).
3570 5543 3597 5569 ››

2159 5643 2227 5714 (c)
2258 5641 2581 5713 Hugonem.
