3838 6238
258 319 341 384 23

1357 320 1679 383 RICllERI
1724 319 1791 382 S.
1837 317 2143 380 REMIGII
2189 318 2569 381 MONACHI.
3124 266 3131 279 ἡ
3574 317 3648 380 ξι

258 455 572 513 Abducunt
605 452 763 512 viros
805 471 871 511 ac
919 454 1196 512 mulieres
1242 471 1592 528 puerosque.
1643 454 1899 518 Quorum
1929 452 1985 521 Α
2014 452 2492 524 propinquarent,
2522 467 2820 509 armorum
2842 450 3056 508 luceab
3081 450 3545 509 observatoribus
3564 468 3650 510 co-

260 543 648 619 provectiores
695 544 756 600 in
800 548 1048 617 utroque
1104 561 1244 601 sexu
1275 544 1644 601 obtruncant.
1692 543 1909 599 Pueros

262 633 526 693 servituti
585 633 943 705 mancipant,
993 633 1242 690 feminas
1287 650 1419 690 vero
1468 650 1594 705 qua:
1645 632 1909 688 formosa:

262 723 613 780 videbantur
641 722 1021 795 prostituunt.

334 814 390 867 7.
420 812 590 882 (892.I
641 811 748 868 Odo
786 813 939 868 rea:38
984 818 1177 869 contra
1220 812 1503 885 pyralas88
1549 810 1911 867 exercitum”

263 908 448 973 parat,
480 932 548 941 —
571 901 683 957 Sed
729 900 995 957 nonnulli
1041 901 1199 956 vario
1239 905 1446 957 eventu
1476 899 1679 972 elapsi,
1713 900 1913 972 profu-

270 988 365 1062 gio
397 988 601 1045 salvati
624 994 781 1046 sunt.
816 992 862 1045 A
891 991 1106 1063 quibus
1138 991 1277 1045 dum
1310 989 1758 1063 exagitarentur,
1780 1005 1914 1043 mox

271 1079 456 1145 Odoni
474 1079 589 1152 regi
606 1080 787 1136 relata
801 1080 1089 1147 fuere.Qui
1107 1097 1301 1135 rerum
1320 1080 1681 1152 magitudine
1695 1084 1911 1143 motus,

270 1172 557 1241 quotquot
572 1186 637 1223 ex
654 1169 965 1241 Aquitania
980 1168 1184 1241 potuit,
1199 1168 1387 1224 edicto
1406 1170 1563 1241 regio
1576 1168 1913 1239 congregari

273 1257 545 1329 praecepit
576 1257 788 1313 milites
822 1258 1181 1330 peditesque.
1215 1259 1295 1313 Ex
1327 1259 1619 1315 Provintia
1658 1274 1913 1330 quoque,

274 1363 401 1417 quae
434 1346 712 1403 Rhodano
744 1351 801 1403 et
819 1346 1062 1419 Alpibus
1082 1347 1349 1419 marique
1368 1365 1431 1403 ac
1452 1347 1771 1403 Gothorum
1796 1345 1918 1400 fini-

273 1434 384 1489 bus
395 1434 549 1490 circu
561 1452 851 1507 mquaque
864 1436 1141 1499 ambitur,
1157 1435 1524 1492 Arelatenses
1539 1452 1604 1491 ac
1624 1436 1922 1492 Aurasica-

273 1540 379 1579 nos
397 1525 505 1592 (60)
528 1524 753 1580 habuit.
778 1525 889 1580 Sed
914 1529 971 1580 et
1000 1542 1068 1580 ex
1090 1525 1322 1590 Gothia,
1354 1525 1715 1581 Tholosanos
1745 1528 1921 1597 atque

273 1612 681 1669 Nemausinos.
726 1613 948 1678 Quibus
981 1612 1256 1681 collectis,
1292 1612 1578 1669 exercitus
1610 1612 1829 1686 regius,
1862 1613 1923 1669 in

275 1701 474 1757 decem
504 1701 747 1757 milibus
778 1702 1065 1773 equitum,
1092 1702 1354 1773 peditum
1388 1719 1519 1757 vero
1554 1720 1653 1758 sex
1684 1702 1923 1757 milibus

275 1794 422 1845 erat.
474 1790 740 1845 Procedit
778 1791 972 1863 itaque
1018 1808 1187 1847 secus
1233 1791 1503 1847 Briddam
1552 1792 1684 1860 (6|).
1736 1791 1921 1847 sancti

276 1876 498 1934 Juliani
529 1878 790 1935 martiris
829 1884 1107 1947 castrum,
1138 1881 1246 1935 iter
1283 1897 1482 1953 agens.
1524 1881 1924 1952 Sanctumque

279 1965 455 2039 regiis
485 1967 657 2023 donis
702 1972 1030 2037 veneratus,
1079 1970 1423 2027 Arvenicum
1468 1986 1684 2042 pagum
1729 1969 1921 2041 ingre-

278 2055 587 2113 ditur.Huc
608 2057 735 2127 jam
767 2058 963 2115 hostes
984 2060 1355 2127 advenerant,
1388 2076 1454 2115 ac
1483 2062 1743 2115 castrum
1766 2059 1921 2130 quod

280 2144 449 2201 Mons
497 2146 744 2203 Panchei
786 2150 894 2220 (62)
942 2147 1174 2215 dicitur,
1224 2148 1549 2205 vehementi
1597 2148 1924 2203 hostilitate

278 2236 643 2306 premebant.
669 2237 786 2292 Rex
796 2236 1160 2309 principibus
1185 2237 1536 2293 Francorum
1557 2242 1731 2309 atque
1749 2237 1924 2309 Aqui-

276 2327 546 2380 tanorum
579 2324 990 2396 stipatus,licet
1009 2324 1245 2397 ancipiti
1270 2324 1701 2393 deliberatione,
1726 2329 1923 2381 tamen

277 2411 414 2468 belli
445 2413 890 2486 dispositionem
924 2414 1078 2485 apud
1123 2430 1221 2469 eos
1250 2414 1661 2484 pertractabat,
1690 2413 1820 2470 illos
1849 2414 1923 2469 ad

275 2517 536 2573 pugnam
590 2501 857 2567 hortans,
898 2519 964 2557 ac
1011 2517 1213 2558 eorum
1267 2502 1811 2574 magnanimitatem
1857 2521 1926 2559 ex

276 2591 489 2645 natura
536 2589 859 2662 plurimum
891 2589 1181 2647 attollens.
1227 2589 1362 2647 Aliis
1393 2607 1625 2664 quoque
1652 2591 1925 2663 gentibus

279 2693 378 2734 eos
390 2694 520 2735 esse
537 2678 790 2750 potiores
801 2724 814 2747 ,
825 2683 944 2735 tam
963 2678 1184 2735 viribus
1199 2696 1376 2752 quam
1390 2678 1629 2736 audatia
1650 2684 1708 2736 et
1721 2681 1922 2750 armis,

281 2768 663 2824 memorabat.
696 2769 911 2824 Eorum
961 2785 1194 2842 quoque
1243 2770 1514 2841 majores,
1562 2786 1707 2841 pene
1737 2775 1926 2826 totum

284 2854 486 2910 orbem
518 2854 864 2923 debellasse,
887 2856 1202 2929 ipsumque
1250 2861 1425 2929 caput
1472 2856 1629 2914 orbis
1681 2858 1926 2915 Romam

285 2941 624 3000 immaniter
656 2944 967 3003 attrivisse.
1002 2945 1163 3002 Unde
1192 2946 1249 3002 et
1277 2950 1585 3019 opportere
1616 2951 1923 3019 paternam

287 3031 719 3090 animositatem
750 3034 807 3090 in
856 3034 993 3091 filiis
1020 3035 1410 3091 renovandam
1441 3036 1738 3093 asserebat
1766 3037 1829 3103 3°,
1865 3040 1931 3092 ut

279 3123 515 3191 patrum
546 3122 1001 3195 magnanimitas
1033 3123 1284 3180 filiorum
1313 3124 1524 3180 virtute
1548 3126 1930 3182 commenda-

280 3211 461 3267 retur.

348 3302 400 3354 8.
432 3302 665 3372 Impetus
697 3299 896 3358 Odonis
935 3303 1077 3373 regis
1106 3304 1167 3358 in
1195 3310 1437 3375 pyram,
1473 3304 1709 3375 bellique
1738 3306 1923 3376 quali-

274 3389 422 3444 lim.
444 3420 514 3429 --
535 3388 757 3456 Quibus
795 3390 968 3447 dictis
1000 3407 1133 3447 cum
1166 3390 1575 3463 persuasisset,
1610 3397 1808 3464 utpote
1839 3393 1926 3449 vir

271 3477 461 3533 audax
484 3494 551 3534 ac
594 3477 901 3547 violentus,
950 3496 1083 3535 cum
1135 3481 1423 3536 sexdecim
1460 3481 1701 3537 milibus
1736 3481 1921 3555 signis

264 3564 446 3624 illatis
494 3568 775 3625 barbaros
825 3570 1184 3643 aggreditur.
1237 3570 1346 3628 Sed
1397 3569 1657 3641 peditum
1719 3570 1919 3643 cepias

268 3655 584 3727 praemittit,
636 3661 813 3730 atque
836 3675 910 3714 ex
954 3657 1038 3715 eis
1087 3658 1346 3731 primum
1398 3658 1686 3730 impetum
1719 3659 1915 3715 infert.

266 3744 394 3816 Ipse
424 3762 558 3801 cum
571 3746 833 3817 equitatu
857 3748 1198 3814 succedens,
1220 3747 1481 3819 peditum
1503 3748 1800 3803 fortunam
1823 3765 1919 3821 op-

267 3831 742 3904 periebatur.Nec
763 3834 961 3891 minus
984 3840 1041 3890 et
1062 3834 1293 3891 barbari
1308 3835 1461 3890 acies
1483 3836 1915 3902 ordinaverunt,

266 3937 333 3977 ac
362 3920 593 3977 indivisi
624 3922 985 3979 adversarios
1014 3922 1276 3994 excipere
1307 3922 1749 3995 cogitabant.At
1772 3925 1912 3996 regii

267 4009 489 4081 pedites
527 4010 797 4066 hostibus
841 4011 1064 4077 directi,
1098 4010 1286 4083 primo
1316 4012 1636 4069 certamine
1667 4013 1913 4086 sagittas

257 4098 634 4169 jaculantur;
677 4100 1043 4172 densatique,
1064 4099 1283 4157 lanceis
1333 4102 1615 4166 obversis,
1665 4102 1729 4157 in
1775 4102 1913 4160 illos

266 4186 792 4260 feruntur.Excepti
804 4205 937 4244 vero
950 4205 983 4243 a
994 4188 1281 4255 barbaris,
1289 4188 1529 4261 plurimi
1550 4189 1909 4263 dilabuntur,

264 4292 382 4331 non
409 4280 606 4333 tamen
637 4281 847 4349 praeter
874 4277 1340 4333 adversariorum
1376 4278 1627 4336 ruinam.
1679 4281 1823 4337 Nam
1857 4286 1914 4338 et

261 4380 463 4421 eorum
496 4364 594 4422 alii
644 4365 1007 4439 praecipitati,
1039 4365 1140 4422 alii
1171 4383 1303 4423 vero
1335 4384 1512 4439 quam
1545 4367 1742 4440 plures
1768 4387 1907 4425 sau-

265 4452 399 4510 ciati
448 4458 609 4511 sunt.
660 4455 796 4512 Post
824 4455 1048 4529 pedites
1096 4472 1228 4512 vero
1276 4462 1333 4512 et
1361 4456 1561 4529 regius
1610 4457 1907 4529 equitatus

2018 541 2164 615 gniti
2197 546 2355 598 sunt.
2394 542 2681 613 Factoque
2695 541 2863 615 signo
2887 540 3178 597 exercitus
3200 541 3261 596 in
3287 558 3472 598 unum
3492 542 3651 598 redit.

2019 629 2333 686 Rexmulto
2347 629 2543 702 plures
2583 630 2854 686 advenire
2888 628 3656 696 arbitratus,suoshortatur

2019 719 2350 791 stipatores,
2402 723 2467 774 ut
2494 718 2720 791 priores
2749 719 2980 776 animos
3026 721 3354 785 resumant,
3401 717 3580 774 immo
3607 722 3657 774 et

2021 826 2135 865 non
2168 808 2664 875 amittant;decus
2686 824 2789 879 pro
2810 807 3002 881 patria
3021 808 3191 875 mori,
3214 807 3660 881 egregiuumque

2022 914 2127 970 pro
2154 897 2608 953 Christianorum
2650 897 2986 953 defensione
3015 914 3259 968 corpora
3307 897 3482 953 morti
3510 898 3659 965 dare,

2022 985 2224 1042 multis
2255 986 2631 1044 sermonibus
2656 1003 2947 1043 asserens.
2979 986 3278 1042 Exercitus
3310 986 3506 1058 itaque
3531 986 3663 1041 den-

2021 1080 2206 1145 satus,
2239 1076 2374 1133 licet
2403 1076 2710 1132 anterioris
2736 1075 2871 1133 belli
2899 1075 3242 1131 vulneribus
3256 1093 3434 1148 ager,
3475 1078 3660 1131 tamen

2024 1167 2294 1223 obvenire
2327 1184 2441 1222 non
2476 1166 2727 1222 distulit.

2094 1257 2147 1311 9.
2188 1260 2314 1327 lngo
2342 1256 2794 1327 exmediocribus
2842 1256 3020 1311 czmz‘0
3049 1257 3193 1324 regis
3229 1256 3439 1326 signa"0
3469 1253 3669 1309 bellum

2028 1345 2337 1417 ingreditur
2357 1346 2419 1399 ‘0.
2470 1378 2538 1385 —
2590 1346 2655 1399 Et
2718 1362 2853 1400 cum
2901 1344 3220 1417 agitaretur
3266 1343 3401 1415 quis
3450 1342 3669 1416 regium

2029 1435 2263 1507 signum
2295 1434 2541 1500 efferret,
2591 1451 2657 1489 eo
2688 1434 2842 1506 quod
2893 1434 2953 1489 in
2985 1437 3149 1489 tanta
3181 1432 3466 1488 nobilium
3496 1448 3668 1487 manu

2030 1523 2228 1580 nullus
2248 1524 2373 1579 sine
2383 1523 2619 1579 vulnere
2632 1523 3142 1595 videbatur,idque
3153 1538 3359 1577 omnes
3376 1520 3672 1590 evitarent,

2031 1630 2061 1669 e
2092 1612 2283 1669 medio
2332 1612 2595 1668 omnium
2652 1612 2791 1684 lngo
2822 1611 3073 1685 prosilit,
3106 1628 3174 1667 ac
3205 1609 3525 1667 militatum
3557 1626 3677 1667 sese

2032 1702 2313 1772 oil‘erens,
2339 1700 2766 1773 imperterritus
2787 1700 2959 1756 dixit:
2991 1723 3012 1750 α
3039 1704 3157 1773 Ego
3187 1716 3258 1755 ex
3288 1698 3678 1755 mediocribus

1956 1821 2001 1885 Β
2034 1790 2185 1863 regis
2205 1807 2382 1863 agaso
2398 1791 2528 1885 (I33),
2561 1789 2610 1844 si
2640 1790 2931 1885 majorum
2962 1789 3169 1885 ho-nori
3184 1805 3317 1885 Bon
3344 1789 3677 1885 derogatur,

2032 1879 2265 1951 signum
2299 1878 2522 1949 regium
2549 1894 2652 1947 per
2671 1877 2927 1934 hostium
2963 1876 3115 1933 acies
3146 1876 3405 1932 efferam.
3424 1877 3544 1932 Nec
3568 1876 3675 1932 for-

2031 1957 2402 2024 tunam'belli
2449 1966 2789 2039 ambiguam
2839 1982 3175 2038 expavesco,
3209 1982 3344 2021 cum
3376 1965 3563 2022 semel
3591 1982 3681 2021 me

2033 2056 2382 2113 moriturum
2415 2073 2725 2130 cognosco.
2758 2078 2786 2105 »
2818 2056 2905 2111 Ad
2937 2055 3059 2111 haec
3095 2055 3217 2111 Odo
3248 2072 3376 2111 rex:
3411 2078 3439 2105 «
3473 2055 3683 2110 Nostro

2033 2146 2225 2219 inquit
2254 2147 2426 2213 dono,
2452 2164 2518 2203 ac
2550 2146 2880 2218 principum
2897 2144 3194 2200 voluntate
3219 2143 3463 2218 signifer
3490 2148 3635 2200 esto.
3655 2165 3675 2192 ο

2033 2234 2134 2292 llle
2159 2234 2394 2308 signum
2413 2236 2727 2308 excipiens,
2742 2233 2974 2307 agmine
2996 2234 3235 2290 densato
3254 2233 3683 2306 circumseptus

2034 2325 2357 2381 incedebat.
2384 2323 2888 2401 Factusquecunei
2917 2321 3189 2378 militaris
3210 2322 3684 2389 acumen,hostes

2034 2413 2433 2469 vibrabundus
2463 2412 2809 2485 ingreditur.
2845 2410 3277 2483 Precipitantur
3305 2409 3568 2474 barbari,
3601 2409 3681 2464 vi-

2036 2517 2244 2574 resque
2270 2501 2570 2557 amittunt.
2593 2503 2666 2557 At
2687 2500 2882 2574 regius
2903 2500 3191 2555 exercitus
3213 2498 3687 2567 rediens,iterum

2033 2590 2309 2662 irrumpit
2325 2591 2670 2662 sternitque.
2695 2589 3008 2662 Tertioque
3028 2589 3270 2644 adortus
3310 2588 3431 2644 fere
3482 2603 3691 2643 omnes

2035 2678 2333 2752 opprimit.
2367 2681 2450 2737 Ex
2495 2696 2747 2752 quorum
2776 2678 3037 2735 tumultu
3069 2694 3204 2733 cum
3234 2694 3333 2733 aer
3379 2677 3687 2743 densatus,

2037 2768 2222 2825 multo
2254 2768 2485 2841 pulvere
2512 2769 2937 2842 pinguesceret,
2969 2766 3216 2823 Catillus
3236 2768 3276 2802 ⁴¹
3309 2782 3447 2821 cum
3481 2765 3689 2839 paucis

2038 2875 2141 2931 per
2172 2857 2482 2931 caliginem
2514 2858 2653 2930 fuga
2680 2874 2809 2913 sese
2837 2855 3322 2929 surripuit,atque
3348 2855 3405 2909 in
3430 2854 3691 2911 dumetis

2038 2965 2165 3004 sese
2195 2947 2440 3003 abdidit.
2473 2946 2577 3011 Qui
2609 2963 2744 3002 cum
2792 2945 3016 3013 lateret,
3050 2961 3084 3001 a
3111 2944 3431 3000 victoribus
3462 2943 3688 3015 passim

2038 3036 2373 3110 palantibus
2413 3042 2675 3108 repertus
2701 3040 2876 3107 atque
2921 3038 3127 3107 captus
3157 3038 3264 3101 est,
3305 3031 3559 3105 suisque
3591 3030 3687 3106 qui

2040 3142 2239 3181 secum
2269 3124 2615 3181 latuerantu
2643 3123 2837 3197 gladio
2867 3123 3183 3189 transfixis,
3216 3125 3349 3195 post
3380 3120 3573 3194 spolia
3602 3120 3687 3177 di-

1959 3187 2003 3254 C
2039 3220 2201 3288 repta
2230 3215 2416 3272 Odoni
2449 3215 2568 3287 regi
2602 3187 2837 3269 oblatus
2859 3218 2968 3270 est.

2107 3306 2192 3360 10.
2226 3304 2520 3359 Tiranm"3
2550 3304 2845 3375 baptismus
2873 3302 3001 3359 et“.
3034 3302 3338 3372 interfectio
3352 3300 3416 3355 ⁸³.
3453 3332 3528 3341 ——
3560 3298 3684 3355 Uti-

2032 3393 2165 3450 liter
2191 3408 2327 3465 ergo
2377 3395 2603 3464 patrata
2644 3391 2906 3459 victoria,
2957 3407 3055 3446 rex
3099 3389 3401 3445 tirannum
3441 3393 3682 3461 captum

2032 3499 2230 3539 secum
2283 3479 2619 3538 Lemovices
2659 3480 2840 3536 ducit.
2894 3480 3096 3551 Ibique
3126 3478 3179 3535 ei
3209 3478 3337 3533 vita:
3370 3494 3439 3533 ac
3472 3477 3681 3534 mortis

2030 3571 2323 3645 cptionem
2351 3570 2529 3637 dedit,
2563 3568 2613 3627 si
2638 3568 3055 3641 baptizaretur,
3086 3568 3290 3634 vitam,
3323 3566 3420 3623 sin
3455 3567 3680 3633 minus,

2030 3664 2275 3717 mortem
2299 3658 2667 3732 promittens.
2700 3658 2994 3715 Tirannus
3024 3673 3160 3713 mox
3189 3657 3415 3729 absque
3444 3661 3684 3713 contra-

2027 3748 2280 3805 dictione
2310 3748 2589 3820 baptizari
2622 3747 2784 3820 petit'
2821 3747 2932 3802 Sed
2966 3745 3213 3802 dubium
3245 3761 3319 3801 an
3352 3745 3491 3801 ﬁdei
3524 3744 3684 3818 quic-

2026 3855 2204 3910 quam
2252 3837 2542 3893 habuerit.
2595 3835 2742 3902 Quia
2781 3851 2919 3909 ergo
2983 3835 3354 3891 Pentescotes
3417 3833 3683 3891 instabat

2025 3925 2429 3998 sollempnitas
2460 3928 2616 3988 (Jun.
2657 3924 2765 3983 il).
2811 3940 2878 3979 ac
2907 3924 3315 3996 episcoporum
3354 3929 3681 3979 conventus

2026 4014 2142 4086 regi
2168 4015 2389 4081 aderat,
2423 4015 2495 4070 ab
2528 4013 2819 4085 episcopis
2834 4014 2885 4068 ei
2915 4013 3257 4069 triduanum
3285 4010 3573 4068 indicitur
3585 4014 3679 4085 je-

2013 4103 2275 4176 junium.
2309 4102 2409 4158 Die
2440 4120 2571 4158 vero
2603 4103 2923 4158 constituta
2953 4118 3084 4157 cum
3120 4100 3179 4156 in
3212 4099 3457 4156 basilica
3487 4101 3678 4157 sancti

2023 4190 2314 4250 Marcialis
2345 4190 2621 4258 martiris,
2655 4191 3201 4264 qostepiscoporum
3223 4195 3461 4261 peracta
3482 4191 3676 4247 ofﬁcia

2020 4281 2081 4336 in
2113 4297 2346 4337 sacrum
2377 4280 2597 4336 fontem
2626 4281 2698 4336 ab
2729 4280 2856 4353 ipso
2888 4295 3021 4353 rege
3052 4277 3408 4351 excipiendis
3439 4278 3680 4336 dessem

2020 4371 2203 4437 deret,
2226 4370 2470 4441 jamque
2517 4368 2673 4424 trina
2712 4368 3089 4427 immersione
3120 4368 3178 4424 in
3211 4367 3447 4424 nomine
3481 4368 3675 4424 Patris

2017 4462 2076 4515 et
2104 4458 2233 4515 Filii
2254 4463 2311 4513 et
2335 4457 2589 4530 Spiritus
2612 4459 2801 4514 sancti
2823 4456 3154 4530 baptizatus
3172 4460 3349 4524 esset,
3372 4457 3514 4529 lngo
3539 4463 3675 4513 ante

264 4543 523 4599 succedit
549 4562 562 4611 ;
596 4562 663 4601 ac
692 4544 846 4602 acies
867 4544 1148 4613 hoStium,
1172 4544 1354 4619 copiis
1376 4545 1638 4618 peditum
1666 4546 1904 4617 divisas,
1934 4551 1981 4616 Ι)
2018 4547 2280 4620 signifer,
2312 4546 2506 4620 gladio
2527 4547 2737 4603 educto
2758 4545 3028 4602 lmtaliter
3056 4561 3192 4601 eum
3212 4546 3670 4614 transverberat,

264 4630 448 4686 multo
479 4632 611 4688 nisu
642 4633 938 4705 irrumpit.
964 4633 1300 4707 Sternitque
1324 4638 1387 4690 ut
1419 4634 1600 4690 fertur
1628 4637 1906 4695 tredecim

263 4719 446 4790 milia,
478 4721 681 4793 paucis
730 4722 867 4795 fuga
895 4723 1153 4780 salvatis.
1205 4725 1433 4780 Etcum
1465 4725 1592 4795 jam
1626 4725 1910 4797 potiretur

261 4808 506 4864 victoria
533 4808 831 4882 spoliaque
852 4810 1197 4883 diripiendis
1220 4812 1487 4882 instaret,
1522 4813 1905 4869 barbarorum

262 4902 515 4970 quatuor
557 4897 737 4965 milia,
772 4916 897 4972 quas
930 4899 1208 4954 insidiose
1241 4899 1298 4954 in
1329 4900 1545 4958 abditis
1593 4899 1902 4969 latuerant,

2015 4652 2083 4693 ac
2113 4637 2332 4693 fontem
2364 4641 2683 4702 sacratum,
2719 4634 2975 4691 vulneris
3006 4635 3290 4690 effusione
3332 4634 3676 4691 immaniter

2017 4729 2300 4780 cruentat.
2336 4724 2456 4780 Rex
2488 4728 2711 4780 tantum
2744 4724 2976 4780 facinus
3004 4723 3342 4797 indignans,
3384 4722 3672 4796 principi-

2016 4812 2129 4869 bus
2160 4813 2546 4869 frementibus
2558 4812 2915 4869 homicidam
2935 4813 3061 4885 rapi
3084 4829 3151 4869 ac
3173 4812 3457 4868 trucidari
3474 4813 3669 4884 jubet.

2014 4901 2115 4958 Ille
2144 4900 2336 4974 gladio
2366 4902 2622 4973 projecto
2660 4900 2908 4973 fugiens,
2961 4901 3147 4957 sancti
3179 4898 3473 4958 Marcialis
3502 4917 3669 4958 aram

260 5003 329 5042 ex
361 4985 599 5058 obliquo
616 4987 841 5043 viarum
862 4987 1100 5044 irruere.
1120 4987 1381 5055 Quicum
1403 4989 1639 5062 gradivo
1669 4989 1903 5047 incessu
2012 4989 2349 5062 complexus
2364 4995 2453 5046 est
2473 5008 2487 5059 ;
2521 4989 2946 5062 indulgentiam
2977 4990 3049 5046 ab
3073 5006 3207 5063 rege
3227 5006 3293 5046 ac
3311 4990 3669 5062 primatibus

1604 5105 1846 5162 VARl/E
1885 5104 2303 5162 LECTIONES.

321 5202 451 5276 {'ux,
487 5216 649 5276 pyra,
681 5198 890 5276 rcitum
920 5200 1153 5276 nescisti.
1230 5202 1283 5276 ἐξ
1320 5202 1689 5276 memorabat
1721 5204 1770 5259 1.
1848 5204 1892 5239 ⁸ο
1922 5202 2056 5259 ibus
2100 5220 2258 5271 cum,
2293 5220 2387 5270 no,
2419 5219 2521 5276 gre
2568 5205 2799 5273 abscisa,
2876 5205 2916 5239 “
2953 5220 3051 5260 rex
3091 5203 3478 5261 barbarorum
3517 5220 3663 5260 corr.

247 5271 500 5328 catillus.
532 5271 546 5274 ⁷
578 5273 623 5306 ⁴²
654 5289 736 5340 m,
767 5271 842 5340 la,
877 5275 901 5327 t
929 5271 1164 5328 abscisa.
1242 5272 1287 5307 ⁴³
1318 5272 1355 5339 i,
1388 5277 1465 5338 et,
1501 5291 1533 5328 ο
1565 5275 1800 5331 abscisa.

1839 5371 2076 5428 NOTJE.

327 5461 437 5530 (60)
469 5456 698 5530 Incolae
724 5457 856 5530 pagi
886 5459 1063 5530 caput
1091 5456 1323 5530 Orange.

327 5468 420 5519 (60
471 5468 698 5513 lncolas
724 5468 856 5530 pagi
886 5468 1063 5529 caput
1091 5468 1234 5512 Uran
1276 5474 1323 5512 θ.

326 5468 440 5591 (61ζ
476 5529 730 5596 Brioude,
762 5546 940 5601 quam
974 5527 1177 5585 Elaver
1204 5476 1392 5586 aﬂuit.

2090 5462 2197 5531 (62)
2223 5461 2610 5541 .Mentperwier,
2642 5478 2673 5517 e
2703 5462 2945 5519 sinistra
2973 5462 3227 5520 Elaveris
3256 5477 3435 5535 prope
3462 5462 3667 5532 Λίθω-

2016 5548 2188 5666 Ρθῖἓὲ
2205 5532 2690 5660 ιξῖἔῖἓεξέῗέεέθηδ
