  <div class='ocr_page' id='page_1' title='image "/cluster/home/n/w/nwhite01/storage/ocr_20150623/138/uva.x000829786/020.png"; bbox 0 0 3838 6238; ppageno 0'>
   <div class='ocr_carea' id='block_1_1' title="bbox 107 394 3505 471">
    <p class='ocr_par' dir='ltr' id='par_1_1' title="bbox 107 394 3505 471">
     <span class='ocr_line' id='line_1_1' title="bbox 107 394 3505 471; baseline -0.002 -9"><span class='ocrx_word' id='word_1_1' title='bbox 107 401 177 462; x_wconf 69' lang='lat'><strong>23</strong></span> <span class='ocrx_word' id='word_1_2' title='bbox 1004 400 1551 469; x_wconf 80' lang='lat' dir='ltr'><strong>HISTORIARUM</strong></span> <span class='ocrx_word' id='word_1_3' title='bbox 1594 399 1807 462; x_wconf 84' lang='lat' dir='ltr'><strong>LIBRI</strong></span> <span class='ocrx_word' id='word_1_4' title='bbox 1851 398 2249 471; x_wconf 83' lang='lat' dir='ltr'><strong>QUA&#39;I‘UOR.</strong></span> <span class='ocrx_word' id='word_1_5' title='bbox 2282 431 2360 444; x_wconf 92' lang='lat'>—</span> <span class='ocrx_word' id='word_1_6' title='bbox 2388 398 2535 460; x_wconf 87' lang='lat' dir='ltr'><strong>LIB.</strong></span> <span class='ocrx_word' id='word_1_7' title='bbox 2580 395 2633 460; x_wconf 88' lang='grc' dir='ltr'><strong>Ι.</strong></span> <span class='ocrx_word' id='word_1_8' title='bbox 3422 394 3505 462; x_wconf 77' lang='grc'><strong>26</strong></span> 
     </span>
    </p>
   </div>
   <div class='ocr_carea' id='block_1_2' title="bbox 105 527 3501 607">
    <p class='ocr_par' dir='ltr' id='par_1_2' title="bbox 105 527 3501 607">
     <span class='ocr_line' id='line_1_2' title="bbox 105 527 3501 607; baseline -0 -17"><span class='ocrx_word' id='word_1_9' title='bbox 105 530 410 607; x_wconf 78' lang='lat' dir='ltr'><strong>postulans,</strong></span> <span class='ocrx_word' id='word_1_10' title='bbox 446 537 638 607; x_wconf 90' lang='lat' dir='ltr'><strong>atque</strong></span> <span class='ocrx_word' id='word_1_11' title='bbox 654 533 925 607; x_wconf 85' lang='lat' dir='ltr'><strong>loquendi</strong></span> <span class='ocrx_word' id='word_1_12' title='bbox 946 533 1136 592; x_wconf 92' lang='lat' dir='ltr'><strong>locum</strong></span> <span class='ocrx_word' id='word_1_13' title='bbox 1159 534 1361 592; x_wconf 89' lang='lat' dir='ltr'><strong>multis</strong></span> <span class='ocrx_word' id='word_1_14' title='bbox 1381 534 1739 591; x_wconf 81' lang='lat' dir='ltr'><strong>clamoribus</strong></span> <span class='ocrx_word' id='word_1_15' title='bbox 1766 532 1823 599; x_wconf 79' lang='grc' dir='ltr'><strong>Α</strong></span> <span class='ocrx_word' id='word_1_16' title='bbox 1850 530 2259 599; x_wconf 88' lang='lat' dir='ltr'><strong>sit,GerIonem</strong></span> <span class='ocrx_word' id='word_1_17' title='bbox 2280 530 2465 589; x_wconf 83' lang='lat' dir='ltr'><strong>lilium</strong></span> <span class='ocrx_word' id='word_1_18' title='bbox 2485 547 2727 604; x_wconf 90' lang='lat' dir='ltr'><strong>parvum</strong></span> <span class='ocrx_word' id='word_1_19' title='bbox 2747 527 3123 604; x_wconf 78' lang='lat' dir='ltr'><strong>superstitem</strong></span> <span class='ocrx_word' id='word_1_20' title='bbox 3139 530 3501 605; x_wconf 88' lang='lat' dir='ltr'><strong>relinquens.</strong></span> 
     </span>
    </p>
   </div>
   <div class='ocr_carea' id='block_1_3' title="bbox 107 623 1742 697">
    <p class='ocr_par' dir='ltr' id='par_1_3' title="bbox 107 623 1742 697">
     <span class='ocr_line' id='line_1_3' title="bbox 107 623 1742 697; baseline 0 -19"><span class='ocrx_word' id='word_1_21' title='bbox 107 627 306 695; x_wconf 86' lang='lat' dir='ltr'><strong>petens.</strong></span> <span class='ocrx_word' id='word_1_22' title='bbox 330 624 400 678; x_wconf 86' lang='lat' dir='ltr'><strong>Et</strong></span> <span class='ocrx_word' id='word_1_23' title='bbox 412 625 603 694; x_wconf 83' lang='lat' dir='ltr'><strong>jussu</strong></span> <span class='ocrx_word' id='word_1_24' title='bbox 628 623 882 697; x_wconf 86' lang='lat' dir='ltr'><strong>regio,de</strong></span> <span class='ocrx_word' id='word_1_25' title='bbox 899 625 1212 682; x_wconf 89' lang='lat' dir='ltr'><strong>commisso</strong></span> <span class='ocrx_word' id='word_1_26' title='bbox 1236 625 1488 682; x_wconf 78' lang='lat' dir='ltr'><strong>facinore</strong></span> <span class='ocrx_word' id='word_1_27' title='bbox 1508 640 1742 696; x_wconf 88' lang='lat' dir='ltr'><strong>respon-</strong></span> 
     </span>
    </p>
   </div>
   <div class='ocr_carea' id='block_1_4' title="bbox 107 712 1147 786">
    <p class='ocr_par' dir='ltr' id='par_1_4' title="bbox 107 712 1147 786">
     <span class='ocr_line' id='line_1_4' title="bbox 107 712 1147 786; baseline 0.002 -19"><span class='ocrx_word' id='word_1_28' title='bbox 107 728 262 767; x_wconf 85' lang='lat' dir='ltr'><strong>surus</strong></span> <span class='ocrx_word' id='word_1_29' title='bbox 290 712 544 768; x_wconf 75' lang='lat' dir='ltr'><strong>sistitur.</strong></span> <span class='ocrx_word' id='word_1_30' title='bbox 582 713 882 786; x_wconf 88' lang='lat' dir='ltr'><strong>Orsusque</strong></span> <span class='ocrx_word' id='word_1_31' title='bbox 913 714 995 769; x_wconf 88' lang='lat' dir='ltr'><strong>sic</strong></span> <span class='ocrx_word' id='word_1_32' title='bbox 1027 714 1109 770; x_wconf 85' lang='lat' dir='ltr'><strong>ait</strong></span> <span class='ocrx_word' id='word_1_33' title='bbox 1135 731 1147 769; x_wconf 90' lang='lat'><strong>:</strong></span> 
     </span>
    </p>
   </div>
   <div class='ocr_carea' id='block_1_5' title="bbox 168 800 1739 875">
    <p class='ocr_par' dir='ltr' id='par_1_5' title="bbox 168 800 1739 875">
     <span class='ocr_line' id='line_1_5' title="bbox 168 800 1739 875; baseline 0.001 -20"><span class='ocrx_word' id='word_1_34' title='bbox 168 802 243 856; x_wconf 91' lang='grc'><strong>11.</strong></span> <span class='ocrx_word' id='word_1_35' title='bbox 274 800 463 856; x_wconf 77' lang='lat' dir='ltr'><strong>Oratio</strong></span> <span class='ocrx_word' id='word_1_36' title='bbox 492 803 722 873; x_wconf 78' lang='lat' dir='ltr'><strong>Ingam&#39;s</strong></span> <span class='ocrx_word' id='word_1_37' title='bbox 749 818 847 873; x_wconf 89' lang='lat' dir='ltr'><strong>pro</strong></span> <span class='ocrx_word' id='word_1_38' title='bbox 873 818 929 858; x_wconf 71' lang='lat' dir='ltr'><strong>se</strong></span> <span class='ocrx_word' id='word_1_39' title='bbox 974 803 1119 874; x_wconf 82' lang='lat' dir='ltr'><strong>apud</strong></span> <span class='ocrx_word' id='word_1_40' title='bbox 1150 819 1331 874; x_wconf 80' lang='lat' dir='ltr'><strong>regem</strong></span> <span class='ocrx_word' id='word_1_41' title='bbox 1365 811 1417 860; x_wconf 79' lang='grc' dir='ltr'><strong>ει</strong></span> <span class='ocrx_word' id='word_1_42' title='bbox 1458 804 1739 875; x_wconf 75' lang='lat' dir='ltr'><strong>principe:</strong></span> 
     </span>
    </p>
   </div>
   <div class='ocr_carea' id='block_1_6' title="bbox 104 889 1736 949">
    <p class='ocr_par' dir='ltr' id='par_1_6' title="bbox 104 889 1736 949">
     <span class='ocr_line' id='line_1_6' title="bbox 104 889 1736 949; baseline 0.001 -5"><span class='ocrx_word' id='word_1_43' title='bbox 104 891 325 945; x_wconf 72' lang='lat' dir='ltr'><strong>morie</strong></span> <span class='ocrx_word' id='word_1_44' title='bbox 347 889 562 946; x_wconf 72' lang='lat' dir='ltr'><strong>habita.</strong></span> <span class='ocrx_word' id='word_1_45' title='bbox 587 922 659 931; x_wconf 89' lang='lat'><strong><em>—</em></strong></span> <span class='ocrx_word' id='word_1_46' title='bbox 684 913 711 941; x_wconf 83' lang='lat'><strong>«</strong></span> <span class='ocrx_word' id='word_1_47' title='bbox 729 891 911 947; x_wconf 91' lang='lat' dir='ltr'><strong>Deum</strong></span> <span class='ocrx_word' id='word_1_48' title='bbox 933 891 1251 949; x_wconf 83' lang='lat' dir='ltr'><strong>voluntatis</strong></span> <span class='ocrx_word' id='word_1_49' title='bbox 1272 910 1412 949; x_wconf 73' lang='lat' dir='ltr'><strong>meae</strong></span> <span class='ocrx_word' id='word_1_50' title='bbox 1434 893 1736 949; x_wconf 89' lang='lat' dir='ltr'><strong>conscium</strong></span> 
     </span>
    </p>
   </div>
   <div class='ocr_carea' id='block_1_7' title="bbox 105 978 1739 1045">
    <p class='ocr_par' dir='ltr' id='par_1_7' title="bbox 105 978 1739 1045">
     <span class='ocr_line' id='line_1_7' title="bbox 105 978 1739 1045; baseline 0.002 -12"><span class='ocrx_word' id='word_1_51' title='bbox 105 981 281 1045; x_wconf 79' lang='lat' dir='ltr'><strong>testor,</strong></span> <span class='ocrx_word' id='word_1_52' title='bbox 315 978 463 1033; x_wconf 86' lang='lat' dir='ltr'><strong>nihil</strong></span> <span class='ocrx_word' id='word_1_53' title='bbox 495 978 645 1033; x_wconf 90' lang='lat' dir='ltr'><strong>mihi</strong></span> <span class='ocrx_word' id='word_1_54' title='bbox 676 978 855 1035; x_wconf 89' lang='lat' dir='ltr'><strong>fuisse</strong></span> <span class='ocrx_word' id='word_1_55' title='bbox 877 981 1067 1036; x_wconf 88' lang='lat' dir='ltr'><strong>carius</strong></span> <span class='ocrx_word' id='word_1_56' title='bbox 1093 985 1282 1038; x_wconf 85' lang='lat' dir='ltr'><strong>vestra</strong></span> <span class='ocrx_word' id='word_1_57' title='bbox 1303 983 1511 1037; x_wconf 88' lang='lat' dir='ltr'><strong>salute.</strong></span> <span class='ocrx_word' id='word_1_58' title='bbox 1534 980 1739 1036; x_wconf 86' lang='lat' dir='ltr'><strong>Vester</strong></span> 
     </span>
    </p>
   </div>
   <div class='ocr_carea' id='block_1_8' title="bbox 108 1068 1736 1141">
    <p class='ocr_par' dir='ltr' id='par_1_8' title="bbox 108 1068 1736 1141">
     <span class='ocr_line' id='line_1_8' title="bbox 108 1068 1736 1141; baseline 0.004 -20"><span class='ocrx_word' id='word_1_59' title='bbox 108 1082 252 1122; x_wconf 81' lang='lat' dir='ltr'><strong>amor</strong></span> <span class='ocrx_word' id='word_1_60' title='bbox 277 1068 346 1123; x_wconf 90' lang='lat' dir='ltr'><strong>ad</strong></span> <span class='ocrx_word' id='word_1_61' title='bbox 379 1068 492 1123; x_wconf 87' lang='lat' dir='ltr'><strong>hoc</strong></span> <span class='ocrx_word' id='word_1_62' title='bbox 523 1085 620 1124; x_wconf 89' lang='lat' dir='ltr'><strong>me</strong></span> <span class='ocrx_word' id='word_1_63' title='bbox 668 1069 921 1141; x_wconf 88' lang='lat' dir='ltr'><strong>impulit.</strong></span> <span class='ocrx_word' id='word_1_64' title='bbox 955 1070 1039 1126; x_wconf 88' lang='lat' dir='ltr'><strong>0b</strong></span> <span class='ocrx_word' id='word_1_65' title='bbox 1073 1077 1326 1127; x_wconf 83' lang='lat' dir='ltr'><strong>vestram</strong></span> <span class='ocrx_word' id='word_1_66' title='bbox 1375 1071 1625 1128; x_wconf 87' lang='lat' dir='ltr'><strong>salutem</strong></span> <span class='ocrx_word' id='word_1_67' title='bbox 1675 1070 1736 1127; x_wconf 92' lang='lat' dir='ltr'><strong>in</strong></span> 
     </span>
    </p>
   </div>
   <div class='ocr_carea' id='block_1_9' title="bbox 108 1153 1738 1231">
    <p class='ocr_par' dir='ltr' id='par_1_9' title="bbox 108 1153 1738 1231">
     <span class='ocr_line' id='line_1_9' title="bbox 108 1153 1738 1231; baseline 0.004 -20"><span class='ocrx_word' id='word_1_68' title='bbox 108 1153 199 1211; x_wconf 84' lang='lat' dir='ltr'><strong>has</strong></span> <span class='ocrx_word' id='word_1_69' title='bbox 219 1174 305 1212; x_wconf 90' lang='lat' dir='ltr'><strong>me</strong></span> <span class='ocrx_word' id='word_1_70' title='bbox 334 1156 613 1213; x_wconf 85' lang='lat' dir='ltr'><strong>miserias</strong></span> <span class='ocrx_word' id='word_1_71' title='bbox 635 1158 1008 1231; x_wconf 77' lang='lat' dir='ltr'><strong>praccipitavi.</strong></span> <span class='ocrx_word' id='word_1_72' title='bbox 1035 1160 1142 1216; x_wconf 85' lang='lat' dir='ltr'><strong>Pro</strong></span> <span class='ocrx_word' id='word_1_73' title='bbox 1164 1162 1430 1216; x_wconf 90' lang='lat' dir='ltr'><strong>omnium</strong></span> <span class='ocrx_word' id='word_1_74' title='bbox 1451 1161 1593 1228; x_wconf 89' lang='lat' dir='ltr'><strong>vita,</strong></span> <span class='ocrx_word' id='word_1_75' title='bbox 1615 1164 1738 1216; x_wconf 86' lang='lat' dir='ltr'><strong>tan-</strong></span> 
     </span>
    </p>
   </div>
   <div class='ocr_carea' id='block_1_10' title="bbox 109 1245 1734 1322">
    <p class='ocr_par' dir='ltr' id='par_1_10' title="bbox 109 1245 1734 1322">
     <span class='ocr_line' id='line_1_10' title="bbox 109 1245 1734 1322; baseline 0.004 -24"><span class='ocrx_word' id='word_1_76' title='bbox 109 1248 215 1299; x_wconf 88' lang='lat' dir='ltr'><strong>tum</strong></span> <span class='ocrx_word' id='word_1_77' title='bbox 245 1245 572 1317; x_wconf 90' lang='lat' dir='ltr'><strong>periculum</strong></span> <span class='ocrx_word' id='word_1_78' title='bbox 606 1246 805 1302; x_wconf 91' lang='lat' dir='ltr'><strong>subire</strong></span> <span class='ocrx_word' id='word_1_79' title='bbox 843 1266 956 1303; x_wconf 91' lang='lat' dir='ltr'><strong>non</strong></span> <span class='ocrx_word' id='word_1_80' title='bbox 984 1250 1206 1321; x_wconf 84' lang='lat' dir='ltr'><strong>expavi.</strong></span> <span class='ocrx_word' id='word_1_81' title='bbox 1237 1250 1467 1306; x_wconf 89' lang='lat' dir='ltr'><strong>Grande</strong></span> <span class='ocrx_word' id='word_1_82' title='bbox 1497 1250 1734 1322; x_wconf 84' lang='lat' dir='ltr'><strong>quidem</strong></span> 
     </span>
    </p>
   </div>
   <div class='ocr_carea' id='block_1_11' title="bbox 107 1336 1732 1411">
    <p class='ocr_par' dir='ltr' id='par_1_11' title="bbox 107 1336 1732 1411">
     <span class='ocr_line' id='line_1_11' title="bbox 107 1336 1732 1411; baseline 0.004 -24"><span class='ocrx_word' id='word_1_83' title='bbox 107 1338 181 1387; x_wconf 86' lang='lat' dir='ltr'><strong>est</strong></span> <span class='ocrx_word' id='word_1_84' title='bbox 205 1339 430 1405; x_wconf 87' lang='lat' dir='ltr'><strong>gestum</strong></span> <span class='ocrx_word' id='word_1_85' title='bbox 452 1336 780 1409; x_wconf 84' lang='lat' dir='ltr'><strong>negotium,</strong></span> <span class='ocrx_word' id='word_1_86' title='bbox 813 1337 910 1392; x_wconf 88' lang='lat' dir='ltr'><strong>sed</strong></span> <span class='ocrx_word' id='word_1_87' title='bbox 935 1338 1125 1408; x_wconf 86' lang='lat' dir='ltr'><strong>major</strong></span> <span class='ocrx_word' id='word_1_88' title='bbox 1143 1343 1231 1394; x_wconf 90' lang='lat' dir='ltr'><strong>est</strong></span> <span class='ocrx_word' id='word_1_89' title='bbox 1252 1339 1466 1411; x_wconf 86' lang='lat' dir='ltr'><strong>negotii</strong></span> <span class='ocrx_word' id='word_1_90' title='bbox 1489 1339 1732 1394; x_wconf 84' lang='lat' dir='ltr'><strong>utilitas.</strong></span> 
     </span>
    </p>
   </div>
   <div class='ocr_carea' id='block_1_12' title="bbox 104 1421 1734 1499">
    <p class='ocr_par' dir='ltr' id='par_1_12' title="bbox 104 1421 1734 1499">
     <span class='ocr_line' id='line_1_12' title="bbox 104 1421 1734 1499; baseline 0.004 -23"><span class='ocrx_word' id='word_1_91' title='bbox 104 1421 318 1493; x_wconf 81' lang='lat' dir='ltr'><strong>Regiam</strong></span> <span class='ocrx_word' id='word_1_92' title='bbox 352 1424 727 1495; x_wconf 72' lang='lat' dir='ltr'><strong>majestatem</strong></span> <span class='ocrx_word' id='word_1_93' title='bbox 754 1442 844 1481; x_wconf 91' lang='lat' dir='ltr'><strong>me</strong></span> <span class='ocrx_word' id='word_1_94' title='bbox 866 1424 1085 1482; x_wconf 66' lang='lat' dir='ltr'><strong>laesisse</strong></span> <span class='ocrx_word' id='word_1_95' title='bbox 1107 1427 1345 1499; x_wconf 89' lang='lat' dir='ltr'><strong>quidem</strong></span> <span class='ocrx_word' id='word_1_96' title='bbox 1369 1446 1485 1484; x_wconf 90' lang='lat' dir='ltr'><strong>non</strong></span> <span class='ocrx_word' id='word_1_97' title='bbox 1517 1429 1734 1493; x_wconf 85' lang='lat' dir='ltr'><strong>abnuo,</strong></span> 
     </span>
    </p>
   </div>
   <div class='ocr_carea' id='block_1_13' title="bbox 103 1510 1733 1589">
    <p class='ocr_par' dir='ltr' id='par_1_13' title="bbox 103 1510 1733 1589">
     <span class='ocr_line' id='line_1_13' title="bbox 103 1510 1733 1589; baseline 0.005 -24"><span class='ocrx_word' id='word_1_98' title='bbox 103 1511 186 1565; x_wconf 84' lang='lat' dir='ltr'><strong>sed</strong></span> <span class='ocrx_word' id='word_1_99' title='bbox 216 1510 400 1567; x_wconf 88' lang='lat' dir='ltr'><strong>multa</strong></span> <span class='ocrx_word' id='word_1_100' title='bbox 421 1514 739 1569; x_wconf 88' lang='lat' dir='ltr'><strong>commoda</strong></span> <span class='ocrx_word' id='word_1_101' title='bbox 766 1514 827 1569; x_wconf 92' lang='lat' dir='ltr'><strong>in</strong></span> <span class='ocrx_word' id='word_1_102' title='bbox 859 1514 1115 1571; x_wconf 80' lang='lat' dir='ltr'><strong>facinore</strong></span> <span class='ocrx_word' id='word_1_103' title='bbox 1147 1522 1484 1589; x_wconf 89' lang='lat' dir='ltr'><strong>comparata</strong></span> <span class='ocrx_word' id='word_1_104' title='bbox 1513 1534 1733 1573; x_wconf 88' lang='lat' dir='ltr'><strong>assero.</strong></span> 
     </span>
    </p>
   </div>
   <div class='ocr_carea' id='block_1_14' title="bbox 100 1598 1733 1670">
    <p class='ocr_par' dir='ltr' id='par_1_14' title="bbox 100 1598 1733 1670">
     <span class='ocr_line' id='line_1_14' title="bbox 100 1598 1733 1670; baseline 0.005 -16"><span class='ocrx_word' id='word_1_105' title='bbox 100 1598 491 1657; x_wconf 88' lang='lat' dir='ltr'><strong>Consideretur</strong></span> <span class='ocrx_word' id='word_1_106' title='bbox 503 1603 764 1659; x_wconf 90' lang='lat' dir='ltr'><strong>auctoris</strong></span> <span class='ocrx_word' id='word_1_107' title='bbox 782 1603 1733 1670; x_wconf 87' lang='lat' dir='ltr'><strong>animus,animadvertaturctiam</strong></span> 
     </span>
    </p>
   </div>
   <div class='ocr_carea' id='block_1_15' title="bbox 102 1687 1736 1767">
    <p class='ocr_par' dir='ltr' id='par_1_15' title="bbox 102 1687 1736 1767">
     <span class='ocr_line' id='line_1_15' title="bbox 102 1687 1736 1767; baseline 0.005 -24"><span class='ocrx_word' id='word_1_108' title='bbox 102 1687 280 1746; x_wconf 86' lang='lat' dir='ltr'><strong>futura</strong></span> <span class='ocrx_word' id='word_1_109' title='bbox 321 1690 602 1748; x_wconf 80' lang='lat' dir='ltr'><strong>facinoris</strong></span> <span class='ocrx_word' id='word_1_110' title='bbox 642 1691 888 1749; x_wconf 81' lang='lat' dir='ltr'><strong>utilitas.</strong></span> <span class='ocrx_word' id='word_1_111' title='bbox 921 1693 1243 1750; x_wconf 88' lang='lat' dir='ltr'><strong>Tirannum</strong></span> <span class='ocrx_word' id='word_1_112' title='bbox 1274 1699 1511 1767; x_wconf 89' lang='lat' dir='ltr'><strong>captum</strong></span> <span class='ocrx_word' id='word_1_113' title='bbox 1545 1700 1736 1751; x_wconf 88' lang='lat' dir='ltr'><strong>metus</strong></span> 
     </span>
    </p>
   </div>
   <div class='ocr_carea' id='block_1_16' title="bbox 100 1778 1734 1857">
    <p class='ocr_par' dir='ltr' id='par_1_16' title="bbox 100 1778 1734 1857">
     <span class='ocr_line' id='line_1_16' title="bbox 100 1778 1734 1857; baseline 0.004 -25"><span class='ocrx_word' id='word_1_114' title='bbox 100 1793 255 1834; x_wconf 86' lang='lat' dir='ltr'><strong>causa</strong></span> <span class='ocrx_word' id='word_1_115' title='bbox 268 1778 634 1851; x_wconf 85' lang='lat' dir='ltr'><strong>baptismum</strong></span> <span class='ocrx_word' id='word_1_116' title='bbox 652 1782 893 1853; x_wconf 84' lang='lat' dir='ltr'><strong>petiisse</strong></span> <span class='ocrx_word' id='word_1_117' title='bbox 910 1783 1126 1839; x_wconf 86' lang='lat' dir='ltr'><strong>adverti</strong></span> <span class='ocrx_word' id='word_1_118' title='bbox 1138 1801 1225 1852; x_wconf 90' lang='lat' dir='ltr'><strong>,eu</strong></span> <span class='ocrx_word' id='word_1_119' title='bbox 1235 1801 1409 1856; x_wconf 90' lang='lat' dir='ltr'><strong>mque</strong></span> <span class='ocrx_word' id='word_1_120' title='bbox 1423 1789 1734 1857; x_wconf 83' lang='lat' dir='ltr'><strong>postquam</strong></span> 
     </span>
    </p>
   </div>
   <div class='ocr_carea' id='block_1_17' title="bbox 1849 620 3503 694">
    <p class='ocr_par' dir='ltr' id='par_1_17' title="bbox 1849 620 3503 694">
     <span class='ocr_line' id='line_1_17' title="bbox 1849 620 3503 694; baseline 0.002 -17"><span class='ocrx_word' id='word_1_121' title='bbox 1849 621 1958 689; x_wconf 88' lang='lat' dir='ltr'><strong>Qui</strong></span> <span class='ocrx_word' id='word_1_122' title='bbox 1992 622 2063 677; x_wconf 89' lang='lat' dir='ltr'><strong>ab</strong></span> <span class='ocrx_word' id='word_1_123' title='bbox 2096 637 2229 694; x_wconf 89' lang='lat' dir='ltr'><strong>rege</strong></span> <span class='ocrx_word' id='word_1_124' title='bbox 2276 621 2454 678; x_wconf 92' lang='lat' dir='ltr'><strong>tutori</strong></span> <span class='ocrx_word' id='word_1_125' title='bbox 2488 620 2861 687; x_wconf 88' lang='lat' dir='ltr'><strong>commissus,</strong></span> <span class='ocrx_word' id='word_1_126' title='bbox 2894 620 3313 693; x_wconf 89' lang='lat' dir='ltr'><strong>patrimonium</strong></span> <span class='ocrx_word' id='word_1_127' title='bbox 3363 640 3503 680; x_wconf 87' lang='lat' dir='ltr'><strong>cum</strong></span> 
     </span>
    </p>
   </div>
   <div class='ocr_carea' id='block_1_18' title="bbox 1850 710 2349 783">
    <p class='ocr_par' dir='ltr' id='par_1_18' title="bbox 1850 710 2349 783">
     <span class='ocr_line' id='line_1_18' title="bbox 1850 710 2349 783; baseline -0.004 -16"><span class='ocrx_word' id='word_1_128' title='bbox 1850 716 2035 768; x_wconf 86' lang='lat' dir='ltr'><strong>matre</strong></span> <span class='ocrx_word' id='word_1_129' title='bbox 2066 710 2349 783; x_wconf 84' lang='lat' dir='ltr'><strong>possedit.</strong></span> 
     </span>
    </p>
   </div>
   <div class='ocr_carea' id='block_1_19' title="bbox 1922 801 3500 870">
    <p class='ocr_par' dir='ltr' id='par_1_19' title="bbox 1922 801 3500 870">
     <span class='ocr_line' id='line_1_19' title="bbox 1922 801 3500 870; baseline 0.002 -14"><span class='ocrx_word' id='word_1_130' title='bbox 1922 803 2006 856; x_wconf 86' lang='grc'><strong>12.</strong></span> <span class='ocrx_word' id='word_1_131' title='bbox 2044 804 2315 858; x_wconf 76' lang='lat' dir='ltr'><strong>Promotio</strong></span> <span class='ocrx_word' id='word_1_132' title='bbox 2344 802 2389 835; x_wconf 76' lang='lat'>“</span> <span class='ocrx_word' id='word_1_133' title='bbox 2418 801 2620 857; x_wconf 81' lang='lat' dir='ltr'><strong>Karoli</strong></span> <span class='ocrx_word' id='word_1_134' title='bbox 2663 802 2721 857; x_wconf 80' lang='lat' dir='ltr'><strong>in</strong></span> <span class='ocrx_word' id='word_1_135' title='bbox 2752 817 2933 870; x_wconf 83' lang='lat' dir='ltr'><strong>regem</strong></span> <span class='ocrx_word' id='word_1_136' title='bbox 2953 802 3019 855; x_wconf 82' lang='grc'><strong>“.</strong></span> <span class='ocrx_word' id='word_1_137' title='bbox 3052 832 3119 841; x_wconf 93' lang='grc'><strong>-</strong></span> <span class='ocrx_word' id='word_1_138' title='bbox 3144 802 3371 858; x_wconf 87' lang='lat' dir='ltr'><strong>Interea</strong></span> <span class='ocrx_word' id='word_1_139' title='bbox 3402 819 3500 859; x_wconf 84' lang='lat' dir='ltr'><strong>rex</strong></span> 
     </span>
    </p>
   </div>
   <div class='ocr_carea' id='block_1_20' title="bbox 1848 889 3497 963">
    <p class='ocr_par' dir='ltr' id='par_1_20' title="bbox 1848 889 3497 963">
     <span class='ocr_line' id='line_1_20' title="bbox 1848 889 3497 963; baseline 0.001 -17"><span class='ocrx_word' id='word_1_140' title='bbox 1848 908 1882 946; x_wconf 92' lang='lat' dir='ltr'><strong>a</strong></span> <span class='ocrx_word' id='word_1_141' title='bbox 1915 891 2219 946; x_wconf 88' lang='lat' dir='ltr'><strong>Lemovica</strong></span> <span class='ocrx_word' id='word_1_142' title='bbox 2249 890 2392 946; x_wconf 87' lang='lat' dir='ltr'><strong>urbe</strong></span> <span class='ocrx_word' id='word_1_143' title='bbox 2426 890 2707 960; x_wconf 88' lang='lat' dir='ltr'><strong>dimotus,</strong></span> <span class='ocrx_word' id='word_1_144' title='bbox 2758 889 3155 945; x_wconf 85' lang='lat' dir='ltr'><strong>Echolisinam</strong></span> <span class='ocrx_word' id='word_1_145' title='bbox 3188 891 3298 962; x_wconf 88' lang='lat'><strong>(65)</strong></span> <span class='ocrx_word' id='word_1_146' title='bbox 3334 892 3497 963; x_wconf 89' lang='lat' dir='ltr'><strong>petit,</strong></span> 
     </span>
    </p>
   </div>
   <div class='ocr_carea' id='block_1_21' title="bbox 1847 978 3501 1053">
    <p class='ocr_par' dir='ltr' id='par_1_21' title="bbox 1847 978 3501 1053">
     <span class='ocr_line' id='line_1_21' title="bbox 1847 978 3501 1053; baseline 0.001 -19"><span class='ocrx_word' id='word_1_147' title='bbox 1847 995 1914 1034; x_wconf 90' lang='lat' dir='ltr'><strong>ac</strong></span> <span class='ocrx_word' id='word_1_148' title='bbox 1943 978 2024 1034; x_wconf 87' lang='lat' dir='ltr'><strong>ibi</strong></span> <span class='ocrx_word' id='word_1_149' title='bbox 2055 996 2302 1051; x_wconf 71' lang='lat' dir='ltr'><strong>quaeque</strong></span> <span class='ocrx_word' id='word_1_150' title='bbox 2340 980 2598 1051; x_wconf 90' lang='lat' dir='ltr'><strong>gerenda</strong></span> <span class='ocrx_word' id='word_1_151' title='bbox 2653 979 2934 1051; x_wconf 88' lang='lat' dir='ltr'><strong>disponit.</strong></span> <span class='ocrx_word' id='word_1_152' title='bbox 2981 980 3097 1035; x_wconf 90' lang='lat' dir='ltr'><strong>Nec</strong></span> <span class='ocrx_word' id='word_1_153' title='bbox 3146 980 3331 1035; x_wconf 90' lang='lat' dir='ltr'><strong>multo</strong></span> <span class='ocrx_word' id='word_1_154' title='bbox 3366 984 3501 1053; x_wconf 87' lang='lat' dir='ltr'><strong>post</strong></span> 
     </span>
    </p>
   </div>
   <div class='ocr_carea' id='block_1_22' title="bbox 1848 1068 3502 1143">
    <p class='ocr_par' dir='ltr' id='par_1_22' title="bbox 1848 1068 3502 1143">
     <span class='ocr_line' id='line_1_22' title="bbox 1848 1068 3502 1143; baseline 0.001 -20"><span class='ocrx_word' id='word_1_155' title='bbox 1848 1072 2049 1141; x_wconf 87' lang='lat' dir='ltr'><strong>petens</strong></span> <span class='ocrx_word' id='word_1_156' title='bbox 2072 1068 2757 1140; x_wconf 88' lang='lat' dir='ltr'><strong>Petragoram,nobilium</strong></span> <span class='ocrx_word' id='word_1_157' title='bbox 2781 1078 2989 1124; x_wconf 83' lang='lat' dir='ltr'><strong>causas</strong></span> <span class='ocrx_word' id='word_1_158' title='bbox 3011 1085 3137 1141; x_wconf 72' lang='lat' dir='ltr'><strong>quis</strong></span> <span class='ocrx_word' id='word_1_159' title='bbox 3160 1068 3365 1125; x_wconf 88' lang='lat' dir='ltr'><strong>litibus</strong></span> <span class='ocrx_word' id='word_1_160' title='bbox 3380 1069 3502 1143; x_wconf 86' lang='lat' dir='ltr'><strong>agi-</strong></span> 
     </span>
    </p>
   </div>
   <div class='ocr_carea' id='block_1_23' title="bbox 1845 1156 3499 1230">
    <p class='ocr_par' dir='ltr' id='par_1_23' title="bbox 1845 1156 3499 1230">
     <span class='ocr_line' id='line_1_23' title="bbox 1845 1156 3499 1230; baseline -0.001 -16"><span class='ocrx_word' id='word_1_161' title='bbox 1845 1158 2124 1214; x_wconf 88' lang='lat' dir='ltr'><strong>tabantur</strong></span> <span class='ocrx_word' id='word_1_162' title='bbox 2153 1157 2231 1212; x_wconf 90' lang='lat' dir='ltr'><strong>ibi</strong></span> <span class='ocrx_word' id='word_1_163' title='bbox 2263 1156 2598 1229; x_wconf 79' lang='lat' dir='ltr'><strong>aequissime</strong></span> <span class='ocrx_word' id='word_1_164' title='bbox 2650 1157 2903 1225; x_wconf 87' lang='lat' dir='ltr'><strong>ordinat,</strong></span> <span class='ocrx_word' id='word_1_165' title='bbox 2963 1156 3286 1230; x_wconf 90' lang='lat' dir='ltr'><strong>plurimum</strong></span> <span class='ocrx_word' id='word_1_166' title='bbox 3334 1158 3378 1194; x_wconf 62' lang='lat'><strong>‘5</strong></span> <span class='ocrx_word' id='word_1_167' title='bbox 3425 1159 3499 1214; x_wconf 87' lang='lat' dir='ltr'><strong>de</strong></span> 
     </span>
    </p>
   </div>
   <div class='ocr_carea' id='block_1_24' title="bbox 1843 1246 3495 1318">
    <p class='ocr_par' dir='ltr' id='par_1_24' title="bbox 1843 1246 3495 1318">
     <span class='ocr_line' id='line_1_24' title="bbox 1843 1246 3495 1318; baseline 0.002 -17"><span class='ocrx_word' id='word_1_168' title='bbox 1843 1246 2257 1301; x_wconf 82' lang='lat' dir='ltr'><strong>communibus</strong></span> <span class='ocrx_word' id='word_1_169' title='bbox 2274 1246 2539 1302; x_wconf 92' lang='lat' dir='ltr'><strong>omnium</strong></span> <span class='ocrx_word' id='word_1_170' title='bbox 2560 1247 2755 1302; x_wconf 84' lang='lat' dir='ltr'><strong>causis</strong></span> <span class='ocrx_word' id='word_1_171' title='bbox 2771 1247 2927 1318; x_wconf 87' lang='lat' dir='ltr'><strong>apud</strong></span> <span class='ocrx_word' id='word_1_172' title='bbox 2946 1246 3257 1318; x_wconf 88' lang='lat' dir='ltr'><strong>optimates</strong></span> <span class='ocrx_word' id='word_1_173' title='bbox 3276 1251 3495 1318; x_wconf 90' lang='lat' dir='ltr'><strong>pertra-</strong></span> 
     </span>
    </p>
   </div>
   <div class='ocr_carea' id='block_1_25' title="bbox 1845 1335 3497 1408">
    <p class='ocr_par' dir='ltr' id='par_1_25' title="bbox 1845 1335 3497 1408">
     <span class='ocr_line' id='line_1_25' title="bbox 1845 1335 3497 1408; baseline 0.002 -19"><span class='ocrx_word' id='word_1_174' title='bbox 1845 1338 2032 1389; x_wconf 89' lang='lat' dir='ltr'><strong>ctans.</strong></span> <span class='ocrx_word' id='word_1_175' title='bbox 2065 1335 2291 1400; x_wconf 86' lang='lat' dir='ltr'><strong>Quibus</strong></span> <span class='ocrx_word' id='word_1_176' title='bbox 2320 1352 2455 1390; x_wconf 90' lang='lat' dir='ltr'><strong>cum</strong></span> <span class='ocrx_word' id='word_1_177' title='bbox 2485 1336 2632 1390; x_wconf 89' lang='lat' dir='ltr'><strong>foret</strong></span> <span class='ocrx_word' id='word_1_178' title='bbox 2651 1335 2967 1391; x_wconf 83' lang='lat' dir='ltr'><strong>admodum</strong></span> <span class='ocrx_word' id='word_1_179' title='bbox 2994 1335 3276 1405; x_wconf 90' lang='lat' dir='ltr'><strong>intentus,</strong></span> <span class='ocrx_word' id='word_1_180' title='bbox 3298 1336 3497 1408; x_wconf 90' lang='lat' dir='ltr'><strong>ibique</strong></span> 
     </span>
    </p>
   </div>
   <div class='ocr_carea' id='block_1_26' title="bbox 1846 1424 3493 1497">
    <p class='ocr_par' dir='ltr' id='par_1_26' title="bbox 1846 1424 3493 1497">
     <span class='ocr_line' id='line_1_26' title="bbox 1846 1424 3493 1497; baseline 0.001 -18"><span class='ocrx_word' id='word_1_181' title='bbox 1846 1441 1949 1496; x_wconf 89' lang='lat' dir='ltr'><strong>per</strong></span> <span class='ocrx_word' id='word_1_182' title='bbox 1978 1424 2202 1496; x_wconf 87' lang='lat' dir='ltr'><strong>aliquot</strong></span> <span class='ocrx_word' id='word_1_183' title='bbox 2258 1430 2521 1497; x_wconf 88' lang='lat' dir='ltr'><strong>tempora</strong></span> <span class='ocrx_word' id='word_1_184' title='bbox 2552 1441 2678 1497; x_wconf 83' lang='lat' dir='ltr'><strong>sese</strong></span> <span class='ocrx_word' id='word_1_185' title='bbox 2728 1428 3092 1480; x_wconf 86' lang='lat' dir='ltr'><strong>moraturum</strong></span> <span class='ocrx_word' id='word_1_186' title='bbox 3124 1431 3493 1497; x_wconf 87' lang='lat' dir='ltr'><strong>preponeret,</strong></span> 
     </span>
    </p>
   </div>
   <div class='ocr_carea' id='block_1_27' title="bbox 1848 1513 3496 1586">
    <p class='ocr_par' dir='ltr' id='par_1_27' title="bbox 1848 1513 3496 1586">
     <span class='ocr_line' id='line_1_27' title="bbox 1848 1513 3496 1586; baseline 0.001 -17"><span class='ocrx_word' id='word_1_187' title='bbox 1848 1513 2020 1569; x_wconf 88' lang='lat' dir='ltr'><strong>Fulco</strong></span> <span class='ocrx_word' id='word_1_188' title='bbox 2055 1514 2367 1569; x_wconf 81' lang='lat' dir='ltr'><strong>Remorum</strong></span> <span class='ocrx_word' id='word_1_189' title='bbox 2400 1513 2896 1585; x_wconf 86' lang='lat' dir='ltr'><strong>archiepiscopus,</strong></span> <span class='ocrx_word' id='word_1_190' title='bbox 2930 1514 3001 1568; x_wconf 89' lang='lat' dir='ltr'><strong>de</strong></span> <span class='ocrx_word' id='word_1_191' title='bbox 3031 1513 3225 1569; x_wconf 87' lang='lat' dir='ltr'><strong>Karoli</strong></span> <span class='ocrx_word' id='word_1_192' title='bbox 3260 1530 3496 1586; x_wconf 83' lang='lat' dir='ltr'><strong>prome—</strong></span> 
     </span>
    </p>
   </div>
   <div class='ocr_carea' id='block_1_28' title="bbox 1844 1602 3495 1676">
    <p class='ocr_par' dir='ltr' id='par_1_28' title="bbox 1844 1602 3495 1676">
     <span class='ocr_line' id='line_1_28' title="bbox 1844 1602 3495 1676; baseline 0.002 -19"><span class='ocrx_word' id='word_1_193' title='bbox 1844 1602 2001 1658; x_wconf 89' lang='lat' dir='ltr'><strong>tione</strong></span> <span class='ocrx_word' id='word_1_194' title='bbox 2034 1603 2090 1658; x_wconf 92' lang='lat' dir='ltr'><strong>in</strong></span> <span class='ocrx_word' id='word_1_195' title='bbox 2122 1620 2367 1676; x_wconf 86' lang='lat' dir='ltr'><strong>regnum</strong></span> <span class='ocrx_word' id='word_1_196' title='bbox 2399 1603 2555 1674; x_wconf 92' lang='lat' dir='ltr'><strong>apud</strong></span> <span class='ocrx_word' id='word_1_197' title='bbox 2584 1602 2791 1675; x_wconf 78' lang='lat' dir='ltr'><strong>Belgas</strong></span> <span class='ocrx_word' id='word_1_198' title='bbox 2812 1604 3096 1658; x_wconf 88' lang='lat' dir='ltr'><strong>tractabat</strong></span> <span class='ocrx_word' id='word_1_199' title='bbox 3118 1603 3287 1674; x_wconf 89' lang='lat'><strong>(893).</strong></span> <span class='ocrx_word' id='word_1_200' title='bbox 3319 1604 3495 1660; x_wconf 84' lang='lat' dir='ltr'><strong>Vide-</strong></span> 
     </span>
    </p>
   </div>
   <div class='ocr_carea' id='block_1_29' title="bbox 1844 1691 3496 1765">
    <p class='ocr_par' dir='ltr' id='par_1_29' title="bbox 1844 1691 3496 1765">
     <span class='ocr_line' id='line_1_29' title="bbox 1844 1691 3496 1765; baseline 0.001 -19"><span class='ocrx_word' id='word_1_201' title='bbox 1844 1691 2021 1747; x_wconf 87' lang='lat' dir='ltr'><strong>batur</strong></span> <span class='ocrx_word' id='word_1_202' title='bbox 2048 1694 2265 1749; x_wconf 91' lang='lat' dir='ltr'><strong>etenim</strong></span> <span class='ocrx_word' id='word_1_203' title='bbox 2296 1697 2457 1760; x_wconf 91' lang='lat' dir='ltr'><strong>tune,</strong></span> <span class='ocrx_word' id='word_1_204' title='bbox 2492 1693 2647 1765; x_wconf 90' lang='lat' dir='ltr'><strong>quod</strong></span> <span class='ocrx_word' id='word_1_205' title='bbox 2680 1708 2936 1765; x_wconf 65' lang='lat' dir='ltr'><strong>praesens</strong></span> <span class='ocrx_word' id='word_1_206' title='bbox 2965 1692 3335 1765; x_wconf 82' lang='lat' dir='ltr'><strong>oportunitas</strong></span> <span class='ocrx_word' id='word_1_207' title='bbox 3357 1692 3496 1749; x_wconf 88' lang='lat' dir='ltr'><strong>huic</strong></span> 
     </span>
    </p>
   </div>
   <div class='ocr_carea' id='block_1_30' title="bbox 1846 1780 3493 1854">
    <p class='ocr_par' dir='ltr' id='par_1_30' title="bbox 1846 1780 3493 1854">
     <span class='ocr_line' id='line_1_30' title="bbox 1846 1780 3493 1854; baseline 0.002 -19"><span class='ocrx_word' id='word_1_208' title='bbox 1846 1780 1926 1836; x_wconf 89' lang='lat' dir='ltr'><strong>rei</strong></span> <span class='ocrx_word' id='word_1_209' title='bbox 1944 1781 2204 1854; x_wconf 88' lang='lat' dir='ltr'><strong>aliquam</strong></span> <span class='ocrx_word' id='word_1_210' title='bbox 2223 1782 2696 1839; x_wconf 87' lang='lat' dir='ltr'><strong>commoditatem</strong></span> <span class='ocrx_word' id='word_1_211' title='bbox 2718 1782 3152 1854; x_wconf 89' lang='lat' dir='ltr'><strong>pararet.ldque</strong></span> <span class='ocrx_word' id='word_1_212' title='bbox 3169 1780 3493 1854; x_wconf 89' lang='lat' dir='ltr'><strong>plurimum</strong></span> 
     </span>
    </p>
   </div>
   <div class='ocr_carea' id='block_1_31' title="bbox 101 1864 3493 1971">
    <p class='ocr_par' dir='ltr' id='par_1_31' title="bbox 101 1864 3493 1971">
     <span class='ocr_line' id='line_1_31' title="bbox 101 1864 3493 1971; baseline 0.002 -51"><span class='ocrx_word' id='word_1_213' title='bbox 101 1864 493 1936; x_wconf 85' lang='lat' dir='ltr'><strong>dimitteretur,</strong></span> <span class='ocrx_word' id='word_1_214' title='bbox 531 1869 802 1942; x_wconf 87' lang='lat' dir='ltr'><strong>pluribus</strong></span> <span class='ocrx_word' id='word_1_215' title='bbox 849 1871 1084 1942; x_wconf 87' lang='lat' dir='ltr'><strong>injuriis</strong></span> <span class='ocrx_word' id='word_1_216' title='bbox 1113 1873 1298 1929; x_wconf 90' lang='lat' dir='ltr'><strong>vicem</strong></span> <span class='ocrx_word' id='word_1_217' title='bbox 1343 1874 1732 1941; x_wconf 86' lang='lat' dir='ltr'><strong>redditurum,</strong></span> <span class='ocrx_word' id='word_1_218' title='bbox 1767 1905 1815 1971; x_wconf 78' lang='grc' dir='ltr'>Β</span> <span class='ocrx_word' id='word_1_219' title='bbox 1845 1872 2235 1941; x_wconf 87' lang='lat' dir='ltr'><strong>persuadebat</strong></span> <span class='ocrx_word' id='word_1_220' title='bbox 2266 1871 2671 1928; x_wconf 83' lang='lat' dir='ltr'><strong>Neustriorum</strong></span> <span class='ocrx_word' id='word_1_221' title='bbox 2702 1871 2969 1928; x_wconf 88' lang='lat' dir='ltr'><strong>absentia</strong></span> <span class='ocrx_word' id='word_1_222' title='bbox 2997 1872 3062 1927; x_wconf 81' lang='lat'><strong>“.</strong></span> <span class='ocrx_word' id='word_1_223' title='bbox 3097 1871 3323 1926; x_wconf 90' lang='lat' dir='ltr'><strong>Etenim</strong></span> <span class='ocrx_word' id='word_1_224' title='bbox 3357 1888 3493 1971; x_wconf 65' lang='lat' dir='ltr'><strong>cum</strong></span> 
     </span>
    </p>
   </div>
   <div class='ocr_carea' id='block_1_32' title="bbox 101 1960 1734 2035">
    <p class='ocr_par' dir='ltr' id='par_1_32' title="bbox 101 1960 1734 2035">
     <span class='ocr_line' id='line_1_32' title="bbox 101 1960 1734 2035; baseline 0.006 -26"><span class='ocrx_word' id='word_1_225' title='bbox 101 1971 440 2029; x_wconf 86' lang='lat' dir='ltr'><strong>suorumque</strong></span> <span class='ocrx_word' id='word_1_226' title='bbox 468 1963 730 2031; x_wconf 85' lang='lat' dir='ltr'><strong>stragem</strong></span> <span class='ocrx_word' id='word_1_227' title='bbox 757 1960 1103 2034; x_wconf 87' lang='lat' dir='ltr'><strong>gravissime</strong></span> <span class='ocrx_word' id='word_1_228' title='bbox 1127 1960 1412 2018; x_wconf 88' lang='lat' dir='ltr'><strong>ulturum.</strong></span> <span class='ocrx_word' id='word_1_229' title='bbox 1446 1967 1510 2017; x_wconf 91' lang='lat' dir='ltr'><strong>In</strong></span> <span class='ocrx_word' id='word_1_230' title='bbox 1534 1980 1734 2035; x_wconf 89' lang='lat' dir='ltr'><strong>quem,</strong></span> 
     </span>
    </p>
   </div>
   <div class='ocr_carea' id='block_1_33' title="bbox 104 2042 1767 2117">
    <p class='ocr_par' dir='ltr' id='par_1_33' title="bbox 104 2042 1767 2117">
     <span class='ocr_line' id='line_1_33' title="bbox 104 2042 1767 2117; baseline 0.005 -18"><span class='ocrx_word' id='word_1_231' title='bbox 104 2045 221 2115; x_wconf 83' lang='lat' dir='ltr'><strong>quia</strong></span> <span class='ocrx_word' id='word_1_232' title='bbox 244 2046 452 2103; x_wconf 66' lang='lat' dir='ltr'><strong>futurae</strong></span> <span class='ocrx_word' id='word_1_233' title='bbox 485 2046 673 2104; x_wconf 90' lang='lat' dir='ltr'><strong>cladis</strong></span> <span class='ocrx_word' id='word_1_234' title='bbox 694 2066 874 2105; x_wconf 89' lang='lat' dir='ltr'><strong>causa</strong></span> <span class='ocrx_word' id='word_1_235' title='bbox 892 2050 1056 2106; x_wconf 81' lang='lat' dir='ltr'><strong>visus</strong></span> <span class='ocrx_word' id='word_1_236' title='bbox 1076 2055 1183 2117; x_wconf 87' lang='lat' dir='ltr'><strong>est,</strong></span> <span class='ocrx_word' id='word_1_237' title='bbox 1208 2052 1425 2106; x_wconf 89' lang='lat' dir='ltr'><strong>ferrum</strong></span> <span class='ocrx_word' id='word_1_238' title='bbox 1454 2053 1732 2109; x_wconf 86' lang='lat' dir='ltr'><strong>converti.</strong></span> <span class='ocrx_word' id='word_1_239' title='bbox 1758 2042 1767 2049; x_wconf 66' lang='grc'><em>’</em></span> 
     </span>
    </p>
   </div>
   <div class='ocr_carea' id='block_1_34' title="bbox 103 2132 1737 2198">
    <p class='ocr_par' dir='ltr' id='par_1_34' title="bbox 103 2132 1737 2198">
     <span class='ocr_line' id='line_1_34' title="bbox 103 2132 1737 2198; baseline 0.006 -11"><span class='ocrx_word' id='word_1_240' title='bbox 103 2132 213 2189; x_wconf 61' lang='lat' dir='ltr'><strong>Haec</strong></span> <span class='ocrx_word' id='word_1_241' title='bbox 240 2140 328 2191; x_wconf 84' lang='lat' dir='ltr'><strong>est</strong></span> <span class='ocrx_word' id='word_1_242' title='bbox 358 2136 475 2193; x_wconf 86' lang='lat' dir='ltr'><strong>mei</strong></span> <span class='ocrx_word' id='word_1_243' title='bbox 508 2136 784 2194; x_wconf 87' lang='lat' dir='ltr'><strong>facinoris</strong></span> <span class='ocrx_word' id='word_1_244' title='bbox 815 2154 1016 2196; x_wconf 88' lang='lat' dir='ltr'><strong>causa.</strong></span> <span class='ocrx_word' id='word_1_245' title='bbox 1047 2141 1171 2195; x_wconf 64' lang='lat' dir='ltr'><strong>llaec</strong></span> <span class='ocrx_word' id='word_1_246' title='bbox 1194 2157 1286 2196; x_wconf 91' lang='lat' dir='ltr'><strong>me</strong></span> <span class='ocrx_word' id='word_1_247' title='bbox 1308 2142 1377 2196; x_wconf 90' lang='lat' dir='ltr'><strong>ad</strong></span> <span class='ocrx_word' id='word_1_248' title='bbox 1412 2141 1603 2198; x_wconf 89' lang='lat' dir='ltr'><strong>scelus</strong></span> <span class='ocrx_word' id='word_1_249' title='bbox 1632 2143 1737 2197; x_wconf 85' lang='lat' dir='ltr'><strong>im-</strong></span> 
     </span>
    </p>
   </div>
   <div class='ocr_carea' id='block_1_35' title="bbox 103 2221 1735 2303">
    <p class='ocr_par' dir='ltr' id='par_1_35' title="bbox 103 2221 1735 2303">
     <span class='ocr_line' id='line_1_35' title="bbox 103 2221 1735 2303; baseline 0.006 -27"><span class='ocrx_word' id='word_1_250' title='bbox 103 2221 250 2293; x_wconf 88' lang='lat' dir='ltr'><strong>pulit.</strong></span> <span class='ocrx_word' id='word_1_251' title='bbox 280 2224 393 2279; x_wconf 86' lang='lat' dir='ltr'><strong>Hoc</strong></span> <span class='ocrx_word' id='word_1_252' title='bbox 425 2225 501 2280; x_wconf 90' lang='lat' dir='ltr'><strong>ob</strong></span> <span class='ocrx_word' id='word_1_253' title='bbox 531 2226 691 2299; x_wconf 87' lang='lat' dir='ltr'><strong>regis</strong></span> <span class='ocrx_word' id='word_1_254' title='bbox 722 2243 1082 2300; x_wconf 90' lang='lat' dir='ltr'><strong>suorumque</strong></span> <span class='ocrx_word' id='word_1_255' title='bbox 1114 2229 1363 2286; x_wconf 88' lang='lat' dir='ltr'><strong>salutem</strong></span> <span class='ocrx_word' id='word_1_256' title='bbox 1417 2230 1631 2303; x_wconf 89' lang='lat' dir='ltr'><strong>peregi.</strong></span> <span class='ocrx_word' id='word_1_257' title='bbox 1665 2232 1735 2286; x_wconf 87' lang='lat' dir='ltr'><strong>Et</strong></span> 
     </span>
    </p>
   </div>
   <div class='ocr_carea' id='block_1_36' title="bbox 105 2311 1735 2391">
    <p class='ocr_par' dir='ltr' id='par_1_36' title="bbox 105 2311 1735 2391">
     <span class='ocr_line' id='line_1_36' title="bbox 105 2311 1735 2391; baseline 0.007 -27"><span class='ocrx_word' id='word_1_258' title='bbox 105 2311 304 2367; x_wconf 88' lang='lat' dir='ltr'><strong>utinam</strong></span> <span class='ocrx_word' id='word_1_259' title='bbox 331 2318 522 2370; x_wconf 90' lang='lat' dir='ltr'><strong>morte</strong></span> <span class='ocrx_word' id='word_1_260' title='bbox 556 2331 707 2380; x_wconf 89' lang='lat' dir='ltr'><strong>mea,</strong></span> <span class='ocrx_word' id='word_1_261' title='bbox 736 2315 935 2387; x_wconf 64' lang='lat' dir='ltr'><strong>patriae</strong></span> <span class='ocrx_word' id='word_1_262' title='bbox 956 2316 1216 2386; x_wconf 89' lang='lat' dir='ltr'><strong>libertas,</strong></span> <span class='ocrx_word' id='word_1_263' title='bbox 1246 2335 1559 2391; x_wconf 88' lang='lat' dir='ltr'><strong>rerumque</strong></span> <span class='ocrx_word' id='word_1_264' title='bbox 1580 2324 1735 2375; x_wconf 91' lang='lat' dir='ltr'><strong>tran-</strong></span> 
     </span>
    </p>
   </div>
   <div class='ocr_carea' id='block_1_37' title="bbox 104 2398 1731 2481">
    <p class='ocr_par' dir='ltr' id='par_1_37' title="bbox 104 2398 1731 2481">
     <span class='ocr_line' id='line_1_37' title="bbox 104 2398 1731 2481; baseline 0.006 -28"><span class='ocrx_word' id='word_1_265' title='bbox 104 2398 337 2469; x_wconf 90' lang='lat' dir='ltr'><strong>quillitas</strong></span> <span class='ocrx_word' id='word_1_266' title='bbox 356 2405 833 2474; x_wconf 88' lang='lat' dir='ltr'><strong>consequantur!</strong></span> <span class='ocrx_word' id='word_1_267' title='bbox 865 2404 975 2460; x_wconf 90' lang='lat' dir='ltr'><strong>Sed</strong></span> <span class='ocrx_word' id='word_1_268' title='bbox 1000 2405 1047 2460; x_wconf 88' lang='lat' dir='ltr'><strong>si</strong></span> <span class='ocrx_word' id='word_1_269' title='bbox 1071 2406 1321 2473; x_wconf 89' lang='lat' dir='ltr'><strong>occidor,</strong></span> <span class='ocrx_word' id='word_1_270' title='bbox 1345 2408 1416 2463; x_wconf 94' lang='lat' dir='ltr'><strong>ob</strong></span> <span class='ocrx_word' id='word_1_271' title='bbox 1438 2409 1593 2481; x_wconf 88' lang='lat' dir='ltr'><strong>regis</strong></span> <span class='ocrx_word' id='word_1_272' title='bbox 1614 2409 1731 2481; x_wconf 73' lang='lat' dir='ltr'><strong>pri~</strong></span> 
     </span>
    </p>
   </div>
   <div class='ocr_carea' id='block_1_38' title="bbox 104 2491 1732 2571">
    <p class='ocr_par' dir='ltr' id='par_1_38' title="bbox 104 2491 1732 2571">
     <span class='ocr_line' id='line_1_38' title="bbox 104 2491 1732 2571; baseline 0.007 -29"><span class='ocrx_word' id='word_1_273' title='bbox 104 2492 419 2563; x_wconf 79' lang='lat' dir='ltr'><strong>metumque</strong></span> <span class='ocrx_word' id='word_1_274' title='bbox 467 2491 723 2548; x_wconf 84' lang='lat' dir='ltr'><strong>salutem</strong></span> <span class='ocrx_word' id='word_1_275' title='bbox 766 2493 995 2551; x_wconf 90' lang='lat' dir='ltr'><strong>occisus</strong></span> <span class='ocrx_word' id='word_1_276' title='bbox 1043 2494 1297 2552; x_wconf 85' lang='lat' dir='ltr'><strong>videbor.</strong></span> <span class='ocrx_word' id='word_1_277' title='bbox 1348 2497 1569 2571; x_wconf 90' lang='lat' dir='ltr'><strong>Cogitet</strong></span> <span class='ocrx_word' id='word_1_278' title='bbox 1603 2500 1732 2569; x_wconf 88' lang='lat' dir='ltr'><strong>jam</strong></span> 
     </span>
    </p>
   </div>
   <div class='ocr_carea' id='block_1_39' title="bbox 101 2577 1730 2654">
    <p class='ocr_par' dir='ltr' id='par_1_39' title="bbox 101 2577 1730 2654">
     <span class='ocr_line' id='line_1_39' title="bbox 101 2577 1730 2654; baseline 0.007 -23"><span class='ocrx_word' id='word_1_279' title='bbox 101 2577 347 2650; x_wconf 88' lang='lat' dir='ltr'><strong>quisque,</strong></span> <span class='ocrx_word' id='word_1_280' title='bbox 378 2597 458 2635; x_wconf 89' lang='lat' dir='ltr'><strong>an</strong></span> <span class='ocrx_word' id='word_1_281' title='bbox 490 2598 597 2653; x_wconf 90' lang='lat' dir='ltr'><strong>pro</strong></span> <span class='ocrx_word' id='word_1_282' title='bbox 628 2581 966 2654; x_wconf 88' lang='lat' dir='ltr'><strong>bujusmodi</strong></span> <span class='ocrx_word' id='word_1_283' title='bbox 991 2585 1255 2640; x_wconf 89' lang='lat' dir='ltr'><strong>mercede</strong></span> <span class='ocrx_word' id='word_1_284' title='bbox 1275 2584 1325 2641; x_wconf 90' lang='lat' dir='ltr'><strong>ei</strong></span> <span class='ocrx_word' id='word_1_285' title='bbox 1358 2586 1730 2642; x_wconf 88' lang='lat' dir='ltr'><strong>militandum</strong></span> 
     </span>
    </p>
   </div>
   <div class='ocr_carea' id='block_1_40' title="bbox 101 2664 1733 2742">
    <p class='ocr_par' dir='ltr' id='par_1_40' title="bbox 101 2664 1733 2742">
     <span class='ocr_line' id='line_1_40' title="bbox 101 2664 1733 2742; baseline 0.009 -24"><span class='ocrx_word' id='word_1_286' title='bbox 101 2664 163 2719; x_wconf 86' lang='lat' dir='ltr'><strong>sit</strong></span> <span class='ocrx_word' id='word_1_287' title='bbox 186 2684 197 2733; x_wconf 95' lang='lat'><strong>;</strong></span> <span class='ocrx_word' id='word_1_288' title='bbox 227 2671 281 2723; x_wconf 89' lang='lat' dir='ltr'><strong>et</strong></span> <span class='ocrx_word' id='word_1_289' title='bbox 297 2685 368 2724; x_wconf 91' lang='lat' dir='ltr'><strong>an</strong></span> <span class='ocrx_word' id='word_1_290' title='bbox 392 2686 502 2742; x_wconf 88' lang='lat' dir='ltr'><strong>pro</strong></span> <span class='ocrx_word' id='word_1_291' title='bbox 525 2671 643 2725; x_wconf 79' lang='lat' dir='ltr'><strong>fide</strong></span> <span class='ocrx_word' id='word_1_292' title='bbox 665 2675 912 2738; x_wconf 87' lang='lat' dir='ltr'><strong>servata,</strong></span> <span class='ocrx_word' id='word_1_293' title='bbox 936 2671 1038 2727; x_wconf 87' lang='lat' dir='ltr'><strong>tali</strong></span> <span class='ocrx_word' id='word_1_294' title='bbox 1062 2673 1367 2730; x_wconf 90' lang='lat' dir='ltr'><strong>habendus</strong></span> <span class='ocrx_word' id='word_1_295' title='bbox 1389 2675 1466 2731; x_wconf 88' lang='lat' dir='ltr'><strong>sit</strong></span> <span class='ocrx_word' id='word_1_296' title='bbox 1486 2676 1733 2732; x_wconf 91' lang='lat' dir='ltr'><strong>retribu-</strong></span> 
     </span>
    </p>
   </div>
   <div class='ocr_carea' id='block_1_41' title="bbox 100 2754 1785 2835">
    <p class='ocr_par' dir='ltr' id='par_1_41' title="bbox 100 2754 1785 2835">
     <span class='ocr_line' id='line_1_41' title="bbox 100 2754 1785 2835; baseline 0.009 -28"><span class='ocrx_word' id='word_1_297' title='bbox 100 2754 250 2810; x_wconf 86' lang='lat' dir='ltr'><strong>tione.</strong></span> <span class='ocrx_word' id='word_1_298' title='bbox 283 2757 423 2814; x_wconf 87' lang='lat' dir='ltr'><strong>Eece</strong></span> <span class='ocrx_word' id='word_1_299' title='bbox 469 2759 683 2831; x_wconf 88' lang='lat' dir='ltr'><strong>capitis</strong></span> <span class='ocrx_word' id='word_1_300' title='bbox 735 2764 791 2815; x_wconf 91' lang='lat' dir='ltr'><strong>et</strong></span> <span class='ocrx_word' id='word_1_301' title='bbox 840 2761 1091 2832; x_wconf 90' lang='lat' dir='ltr'><strong>pectoris</strong></span> <span class='ocrx_word' id='word_1_302' title='bbox 1130 2761 1447 2835; x_wconf 85' lang='lat' dir='ltr'><strong>laterisque</strong></span> <span class='ocrx_word' id='word_1_303' title='bbox 1478 2764 1733 2821; x_wconf 86' lang='lat' dir='ltr'><strong>recentia</strong></span> <span class='ocrx_word' id='word_1_304' title='bbox 1780 2802 1785 2807; x_wconf 90' lang='lat'><strong><em>-</em></strong></span> 
     </span>
    </p>
   </div>
   <div class='ocr_carea' id='block_1_42' title="bbox 99 2842 1729 2923">
    <p class='ocr_par' dir='ltr' id='par_1_42' title="bbox 99 2842 1729 2923">
     <span class='ocr_line' id='line_1_42' title="bbox 99 2842 1729 2923; baseline 0.01 -28"><span class='ocrx_word' id='word_1_305' title='bbox 99 2842 338 2901; x_wconf 82' lang='lat' dir='ltr'><strong>vulnera!</strong></span> <span class='ocrx_word' id='word_1_306' title='bbox 360 2847 571 2903; x_wconf 84' lang='lat' dir='ltr'><strong>Patent</strong></span> <span class='ocrx_word' id='word_1_307' title='bbox 590 2848 1042 2920; x_wconf 65' lang='lat' dir='ltr'><strong>praecedentium</strong></span> <span class='ocrx_word' id='word_1_308' title='bbox 1061 2854 1390 2923; x_wconf 87' lang='lat' dir='ltr'><strong>temporum</strong></span> <span class='ocrx_word' id='word_1_309' title='bbox 1410 2854 1729 2920; x_wconf 88' lang='lat' dir='ltr'><strong>cicatrices,</strong></span> 
     </span>
    </p>
   </div>
   <div class='ocr_carea' id='block_1_43' title="bbox 100 2930 1727 3011">
    <p class='ocr_par' dir='ltr' id='par_1_43' title="bbox 100 2930 1727 3011">
     <span class='ocr_line' id='line_1_43' title="bbox 100 2930 1727 3011; baseline 0.01 -28"><span class='ocrx_word' id='word_1_310' title='bbox 100 2930 441 3007; x_wconf 86' lang='lat' dir='ltr'><strong>dispersique</strong></span> <span class='ocrx_word' id='word_1_311' title='bbox 477 2953 580 3008; x_wconf 88' lang='lat' dir='ltr'><strong>per</strong></span> <span class='ocrx_word' id='word_1_312' title='bbox 609 2936 835 3010; x_wconf 88' lang='lat' dir='ltr'><strong>reliqua</strong></span> <span class='ocrx_word' id='word_1_313' title='bbox 878 2940 1136 3011; x_wconf 90' lang='lat' dir='ltr'><strong>corporis</strong></span> <span class='ocrx_word' id='word_1_314' title='bbox 1184 2942 1450 2998; x_wconf 89' lang='lat' dir='ltr'><strong>membra</strong></span> <span class='ocrx_word' id='word_1_315' title='bbox 1497 2941 1727 3000; x_wconf 86' lang='lat' dir='ltr'><strong>livores.</strong></span> 
     </span>
    </p>
   </div>
   <div class='ocr_carea' id='block_1_44' title="bbox 102 3019 1731 3103">
    <p class='ocr_par' dir='ltr' id='par_1_44' title="bbox 102 3019 1731 3103">
     <span class='ocr_line' id='line_1_44' title="bbox 102 3019 1731 3103; baseline 0.007 -27"><span class='ocrx_word' id='word_1_316' title='bbox 102 3019 330 3083; x_wconf 87' lang='lat' dir='ltr'><strong>Quorum</strong></span> <span class='ocrx_word' id='word_1_317' title='bbox 361 3025 627 3080; x_wconf 87' lang='lat' dir='ltr'><strong>assiduis</strong></span> <span class='ocrx_word' id='word_1_318' title='bbox 650 3024 950 3084; x_wconf 89' lang='lat' dir='ltr'><strong>doloribus</strong></span> <span class='ocrx_word' id='word_1_319' title='bbox 970 3029 1291 3097; x_wconf 87' lang='lat' dir='ltr'><strong>confectus,</strong></span> <span class='ocrx_word' id='word_1_320' title='bbox 1316 3030 1463 3086; x_wconf 83' lang='lat' dir='ltr'><strong>nihii</strong></span> <span class='ocrx_word' id='word_1_321' title='bbox 1488 3036 1621 3103; x_wconf 88' lang='lat' dir='ltr'><strong>post</strong></span> <span class='ocrx_word' id='word_1_322' title='bbox 1647 3036 1731 3088; x_wconf 89' lang='lat' dir='ltr'><strong>tot</strong></span> 
     </span>
    </p>
   </div>
   <div class='ocr_carea' id='block_1_45' title="bbox 104 3109 1731 3192">
    <p class='ocr_par' dir='ltr' id='par_1_45' title="bbox 104 3109 1731 3192">
     <span class='ocr_line' id='line_1_45' title="bbox 104 3109 1731 3192; baseline 0.009 -29"><span class='ocrx_word' id='word_1_323' title='bbox 104 3109 252 3179; x_wconf 85' lang='lat' dir='ltr'><strong>mala,</strong></span> <span class='ocrx_word' id='word_1_324' title='bbox 276 3113 388 3169; x_wconf 90' lang='lat' dir='ltr'><strong>nisi</strong></span> <span class='ocrx_word' id='word_1_325' title='bbox 420 3119 698 3181; x_wconf 88' lang='lat' dir='ltr'><strong>mortem,</strong></span> <span class='ocrx_word' id='word_1_326' title='bbox 724 3115 1012 3173; x_wconf 89' lang='lat' dir='ltr'><strong>malorum</strong></span> <span class='ocrx_word' id='word_1_327' title='bbox 1047 3118 1221 3175; x_wconf 84' lang='lat' dir='ltr'><strong>finem</strong></span> <span class='ocrx_word' id='word_1_328' title='bbox 1253 3123 1507 3192; x_wconf 78' lang='lat' dir='ltr'><strong>expecto.</strong></span> <span class='ocrx_word' id='word_1_329' title='bbox 1544 3143 1573 3172; x_wconf 92' lang='grc'><strong>››</strong></span> <span class='ocrx_word' id='word_1_330' title='bbox 1606 3123 1731 3187; x_wconf 90' lang='lat' dir='ltr'><strong>Qua</strong></span> 
     </span>
    </p>
   </div>
   <div class='ocr_carea' id='block_1_46' title="bbox 104 3202 1728 3280">
    <p class='ocr_par' dir='ltr' id='par_1_46' title="bbox 104 3202 1728 3280">
     <span class='ocr_line' id='line_1_46' title="bbox 104 3202 1728 3280; baseline 0.009 -28"><span class='ocrx_word' id='word_1_331' title='bbox 104 3203 497 3272; x_wconf 85' lang='lat' dir='ltr'><strong>conquestione</strong></span> <span class='ocrx_word' id='word_1_332' title='bbox 526 3202 676 3259; x_wconf 87' lang='lat' dir='ltr'><strong>alios</strong></span> <span class='ocrx_word' id='word_1_333' title='bbox 719 3205 789 3260; x_wconf 92' lang='lat' dir='ltr'><strong>ad</strong></span> <span class='ocrx_word' id='word_1_334' title='bbox 842 3205 1290 3264; x_wconf 89' lang='lat' dir='ltr'><strong>benivolentiam</strong></span> <span class='ocrx_word' id='word_1_335' title='bbox 1341 3209 1534 3280; x_wconf 83' lang='lat' dir='ltr'><strong>traxit,</strong></span> <span class='ocrx_word' id='word_1_336' title='bbox 1583 3210 1728 3267; x_wconf 87' lang='lat' dir='ltr'><strong>alios</strong></span> 
     </span>
    </p>
   </div>
   <div class='ocr_carea' id='block_1_47' title="bbox 1845 1952 3494 2035">
    <p class='ocr_par' dir='ltr' id='par_1_47' title="bbox 1845 1952 3494 2035">
     <span class='ocr_line' id='line_1_47' title="bbox 1845 1952 3494 2035; baseline -0.001 -17"><span class='ocrx_word' id='word_1_337' title='bbox 1845 1979 1977 2035; x_wconf 89' lang='lat' dir='ltr'><strong>rege</strong></span> <span class='ocrx_word' id='word_1_338' title='bbox 1994 1960 2050 2017; x_wconf 93' lang='lat' dir='ltr'><strong>in</strong></span> <span class='ocrx_word' id='word_1_339' title='bbox 2071 1962 2337 2034; x_wconf 90' lang='lat' dir='ltr'><strong>partibus</strong></span> <span class='ocrx_word' id='word_1_340' title='bbox 2349 1960 2671 2032; x_wconf 69' lang='lat' dir='ltr'><strong>Aquitaniae</strong></span> <span class='ocrx_word' id='word_1_341' title='bbox 2685 1966 2825 2018; x_wconf 90' lang='lat' dir='ltr'><strong>tunc</strong></span> <span class='ocrx_word' id='word_1_342' title='bbox 2836 1952 3494 2016; x_wconf 85' lang='lat' dir='ltr'><strong>detinebantur.Suade-</strong></span> 
     </span>
    </p>
   </div>
   <div class='ocr_carea' id='block_1_48' title="bbox 1845 2049 3490 2124">
    <p class='ocr_par' dir='ltr' id='par_1_48' title="bbox 1845 2049 3490 2124">
     <span class='ocr_line' id='line_1_48' title="bbox 1845 2049 3490 2124; baseline -0.001 -16"><span class='ocrx_word' id='word_1_343' title='bbox 1845 2052 1987 2108; x_wconf 85' lang='lat' dir='ltr'><strong>bant</strong></span> <span class='ocrx_word' id='word_1_344' title='bbox 2016 2068 2249 2124; x_wconf 89' lang='lat' dir='ltr'><strong>quoque</strong></span> <span class='ocrx_word' id='word_1_345' title='bbox 2279 2049 2632 2122; x_wconf 86' lang='lat' dir='ltr'><strong>multiplices</strong></span> <span class='ocrx_word' id='word_1_346' title='bbox 2656 2050 3045 2106; x_wconf 84' lang='lat' dir='ltr'><strong>adolescentis</strong></span> <span class='ocrx_word' id='word_1_347' title='bbox 3076 2049 3490 2122; x_wconf 71' lang='lat' dir='ltr'><strong>qumrimenise.</strong></span> 
     </span>
    </p>
   </div>
   <div class='ocr_carea' id='block_1_49' title="bbox 1842 2138 3491 2212">
    <p class='ocr_par' dir='ltr' id='par_1_49' title="bbox 1842 2138 3491 2212">
     <span class='ocr_line' id='line_1_49' title="bbox 1842 2138 3491 2212; baseline 0 -16"><span class='ocrx_word' id='word_1_348' title='bbox 1842 2140 1873 2197; x_wconf 89' lang='lat' dir='ltr'><strong>J</strong></span> <span class='ocrx_word' id='word_1_349' title='bbox 1879 2158 1971 2196; x_wconf 89' lang='lat' dir='ltr'><strong>am</strong></span> <span class='ocrx_word' id='word_1_350' title='bbox 1986 2140 2143 2197; x_wconf 92' lang='lat' dir='ltr'><strong>enim</strong></span> <span class='ocrx_word' id='word_1_351' title='bbox 2160 2139 2617 2212; x_wconf 89' lang='lat' dir='ltr'><strong>quindennis,de</strong></span> <span class='ocrx_word' id='word_1_352' title='bbox 2630 2139 2749 2211; x_wconf 92' lang='lat' dir='ltr'><strong>regi</strong></span> <span class='ocrx_word' id='word_1_353' title='bbox 2763 2138 3081 2195; x_wconf 89' lang='lat' dir='ltr'><strong>amissione</strong></span> <span class='ocrx_word' id='word_1_354' title='bbox 3096 2140 3253 2211; x_wconf 84' lang='lat' dir='ltr'><strong>apud</strong></span> <span class='ocrx_word' id='word_1_355' title='bbox 3269 2139 3491 2196; x_wconf 86' lang='lat' dir='ltr'><strong>amicos</strong></span> 
     </span>
    </p>
   </div>
   <div class='ocr_carea' id='block_1_50' title="bbox 1843 2227 3491 2301">
    <p class='ocr_par' dir='ltr' id='par_1_50' title="bbox 1843 2227 3491 2301">
     <span class='ocr_line' id='line_1_50' title="bbox 1843 2227 3491 2301; baseline -0.001 -15"><span class='ocrx_word' id='word_1_356' title='bbox 1843 2235 1900 2286; x_wconf 91' lang='lat' dir='ltr'><strong>et</strong></span> <span class='ocrx_word' id='word_1_357' title='bbox 1912 2230 2262 2287; x_wconf 88' lang='lat' dir='ltr'><strong>domesticos</strong></span> <span class='ocrx_word' id='word_1_358' title='bbox 2273 2227 2619 2301; x_wconf 87' lang='lat' dir='ltr'><strong>gravissime</strong></span> <span class='ocrx_word' id='word_1_359' title='bbox 2633 2227 3491 2300; x_wconf 87' lang='lat' dir='ltr'><strong>conquerebatur;regnumque</strong></span> 
     </span>
    </p>
   </div>
   <div class='ocr_carea' id='block_1_51' title="bbox 1842 2315 3488 2391">
    <p class='ocr_par' dir='ltr' id='par_1_51' title="bbox 1842 2315 3488 2391">
     <span class='ocr_line' id='line_1_51' title="bbox 1842 2315 3488 2391; baseline -0.002 -18"><span class='ocrx_word' id='word_1_360' title='bbox 1842 2323 2153 2391; x_wconf 87' lang='lat' dir='ltr'><strong>paternum</strong></span> <span class='ocrx_word' id='word_1_361' title='bbox 2199 2323 2457 2390; x_wconf 87' lang='lat' dir='ltr'><strong>repetere</strong></span> <span class='ocrx_word' id='word_1_362' title='bbox 2513 2316 2696 2373; x_wconf 90' lang='lat' dir='ltr'><strong>multo</strong></span> <span class='ocrx_word' id='word_1_363' title='bbox 2753 2319 2965 2373; x_wconf 90' lang='lat' dir='ltr'><strong>conatu</strong></span> <span class='ocrx_word' id='word_1_364' title='bbox 3022 2315 3391 2372; x_wconf 81' lang='lat' dir='ltr'><strong>moliebatur.</strong></span> <span class='ocrx_word' id='word_1_365' title='bbox 3425 2315 3488 2371; x_wconf 87' lang='lat' dir='ltr'><strong>Ei</strong></span> 
     </span>
    </p>
   </div>
   <div class='ocr_carea' id='block_1_52' title="bbox 1841 2404 3489 2479">
    <p class='ocr_par' dir='ltr' id='par_1_52' title="bbox 1841 2404 3489 2479">
     <span class='ocr_line' id='line_1_52' title="bbox 1841 2404 3489 2479; baseline -0.002 -15"><span class='ocrx_word' id='word_1_366' title='bbox 1841 2424 1978 2479; x_wconf 82' lang='lat' dir='ltr'><strong>ergo</strong></span> <span class='ocrx_word' id='word_1_367' title='bbox 2027 2424 2233 2463; x_wconf 91' lang='lat' dir='ltr'><strong>omnes</strong></span> <span class='ocrx_word' id='word_1_368' title='bbox 2282 2406 2523 2479; x_wconf 63' lang='lat' dir='ltr'><strong>Belgicae</strong></span> <span class='ocrx_word' id='word_1_369' title='bbox 2578 2405 2894 2479; x_wconf 86' lang='lat' dir='ltr'><strong>principes,</strong></span> <span class='ocrx_word' id='word_1_370' title='bbox 2925 2409 2983 2461; x_wconf 88' lang='lat' dir='ltr'><strong>et</strong></span> <span class='ocrx_word' id='word_1_371' title='bbox 3011 2404 3236 2477; x_wconf 86' lang='lat' dir='ltr'><strong>aliquot</strong></span> <span class='ocrx_word' id='word_1_372' title='bbox 3263 2404 3489 2461; x_wconf 73' lang='lat' dir='ltr'><strong>Celticos</strong></span> 
     </span>
    </p>
   </div>
   <div class='ocr_carea' id='block_1_53' title="bbox 1840 2496 3487 2569">
    <p class='ocr_par' dir='ltr' id='par_1_53' title="bbox 1840 2496 3487 2569">
     <span class='ocr_line' id='line_1_53' title="bbox 1840 2496 3487 2569; baseline -0.001 -17"><span class='ocrx_word' id='word_1_373' title='bbox 1840 2513 2215 2569; x_wconf 88' lang='lat' dir='ltr'><strong>summopere</strong></span> <span class='ocrx_word' id='word_1_374' title='bbox 2270 2497 2557 2552; x_wconf 87' lang='lat' dir='ltr'><strong>favebant.</strong></span> <span class='ocrx_word' id='word_1_375' title='bbox 2591 2496 2811 2552; x_wconf 84' lang='lat' dir='ltr'><strong>Horum</strong></span> <span class='ocrx_word' id='word_1_376' title='bbox 2861 2511 3094 2566; x_wconf 90' lang='lat' dir='ltr'><strong>quoque</strong></span> <span class='ocrx_word' id='word_1_377' title='bbox 3143 2511 3487 2562; x_wconf 88' lang='lat' dir='ltr'><strong>consensus,</strong></span> 
     </span>
    </p>
   </div>
   <div class='ocr_carea' id='block_1_54' title="bbox 1841 2582 3490 2657">
    <p class='ocr_par' dir='ltr' id='par_1_54' title="bbox 1841 2582 3490 2657">
     <span class='ocr_line' id='line_1_54' title="bbox 1841 2582 3490 2657; baseline -0.001 -16"><span class='ocrx_word' id='word_1_378' title='bbox 1841 2586 1951 2641; x_wconf 89' lang='lat' dir='ltr'><strong>sub</strong></span> <span class='ocrx_word' id='word_1_379' title='bbox 1984 2585 2254 2642; x_wconf 87' lang='lat' dir='ltr'><strong>Remensi</strong></span> <span class='ocrx_word' id='word_1_380' title='bbox 2276 2584 2745 2657; x_wconf 88' lang='lat' dir='ltr'><strong>metropolitano,</strong></span> <span class='ocrx_word' id='word_1_381' title='bbox 2767 2582 3119 2640; x_wconf 87' lang='lat' dir='ltr'><strong>sacramenti</strong></span> <span class='ocrx_word' id='word_1_382' title='bbox 3133 2585 3269 2656; x_wconf 90' lang='lat' dir='ltr'><strong>jure</strong></span> <span class='ocrx_word' id='word_1_383' title='bbox 3290 2585 3490 2640; x_wconf 79' lang='lat' dir='ltr'><strong>firma-</strong></span> 
     </span>
    </p>
   </div>
   <div class='ocr_carea' id='block_1_55' title="bbox 1840 2672 3487 2748">
    <p class='ocr_par' dir='ltr' id='par_1_55' title="bbox 1840 2672 3487 2748">
     <span class='ocr_line' id='line_1_55' title="bbox 1840 2672 3487 2748; baseline 0 -18"><span class='ocrx_word' id='word_1_384' title='bbox 1840 2679 1954 2732; x_wconf 86' lang='lat' dir='ltr'><strong>tur.</strong></span> <span class='ocrx_word' id='word_1_385' title='bbox 1987 2677 2066 2731; x_wconf 85' lang='lat' dir='ltr'><strong>Ac</strong></span> <span class='ocrx_word' id='word_1_386' title='bbox 2099 2683 2356 2748; x_wconf 84' lang='lat' dir='ltr'><strong>tempore</strong></span> <span class='ocrx_word' id='word_1_387' title='bbox 2380 2678 2602 2730; x_wconf 88' lang='lat' dir='ltr'><strong>statuto</strong></span> <span class='ocrx_word' id='word_1_388' title='bbox 2631 2672 3004 2741; x_wconf 89' lang='lat' dir='ltr'><strong>conveniunt,</strong></span> <span class='ocrx_word' id='word_1_389' title='bbox 3028 2690 3095 2728; x_wconf 83' lang='lat' dir='ltr'><strong>ex</strong></span> <span class='ocrx_word' id='word_1_390' title='bbox 3126 2672 3357 2746; x_wconf 88' lang='lat' dir='ltr'><strong>Belgica</strong></span> <span class='ocrx_word' id='word_1_391' title='bbox 3376 2674 3487 2746; x_wconf 82' lang='grc'><strong>(66)</strong></span> 
     </span>
    </p>
   </div>
   <div class='ocr_carea' id='block_1_56' title="bbox 1839 2762 3593 2841">
    <p class='ocr_par' dir='ltr' id='par_1_56' title="bbox 1839 2762 3593 2841">
     <span class='ocr_line' id='line_1_56' title="bbox 1839 2762 3593 2841; baseline 0 -21"><span class='ocrx_word' id='word_1_392' title='bbox 1839 2764 2078 2836; x_wconf 89' lang='lat' dir='ltr'><strong>quidem</strong></span> <span class='ocrx_word' id='word_1_393' title='bbox 2111 2764 2491 2831; x_wconf 87' lang='lat' dir='ltr'><strong>Coloniensis,</strong></span> <span class='ocrx_word' id='word_1_394' title='bbox 2515 2763 2875 2830; x_wconf 89' lang='lat' dir='ltr'><strong>Trevericus,</strong></span> <span class='ocrx_word' id='word_1_395' title='bbox 2907 2766 3083 2835; x_wconf 90' lang='lat' dir='ltr'><strong>atque</strong></span> <span class='ocrx_word' id='word_1_396' title='bbox 3109 2762 3489 2835; x_wconf 85' lang='lat' dir='ltr'><strong>Maguntinus</strong></span> <span class='ocrx_word' id='word_1_397' title='bbox 3588 2836 3593 2841; x_wconf 22' lang='grc' dir='ltr'><strong>Δ</strong></span> 
     </span>
    </p>
   </div>
   <div class='ocr_carea' id='block_1_57' title="bbox 1839 2851 3491 2926">
    <p class='ocr_par' dir='ltr' id='par_1_57' title="bbox 1839 2851 3491 2926">
     <span class='ocr_line' id='line_1_57' title="bbox 1839 2851 3491 2926; baseline -0.001 -17"><span class='ocrx_word' id='word_1_398' title='bbox 1839 2853 2289 2926; x_wconf 88' lang='lat' dir='ltr'><strong>metropolitani,</strong></span> <span class='ocrx_word' id='word_1_399' title='bbox 2323 2870 2455 2909; x_wconf 90' lang='lat' dir='ltr'><strong>cum</strong></span> <span class='ocrx_word' id='word_1_400' title='bbox 2491 2854 2615 2908; x_wconf 81' lang='lat' dir='ltr'><strong>suis</strong></span> <span class='ocrx_word' id='word_1_401' title='bbox 2642 2852 3019 2908; x_wconf 69' lang='lat' dir='ltr'><strong>dieccesaneis</strong></span> <span class='ocrx_word' id='word_1_402' title='bbox 3042 2851 3354 2924; x_wconf 84' lang='lat' dir='ltr'><strong>episcOpis,</strong></span> <span class='ocrx_word' id='word_1_403' title='bbox 3388 2856 3491 2908; x_wconf 82' lang='lat' dir='ltr'><strong>aut</strong></span> 
     </span>
    </p>
   </div>
   <div class='ocr_carea' id='block_1_58' title="bbox 1837 2941 3485 3017">
    <p class='ocr_par' dir='ltr' id='par_1_58' title="bbox 1837 2941 3485 3017">
     <span class='ocr_line' id='line_1_58' title="bbox 1837 2941 3485 3017; baseline -0.002 -17"><span class='ocrx_word' id='word_1_404' title='bbox 1837 2961 2039 3000; x_wconf 90' lang='lat' dir='ltr'><strong>eorum</strong></span> <span class='ocrx_word' id='word_1_405' title='bbox 2053 2942 2455 3017; x_wconf 89' lang='lat' dir='ltr'><strong>probabilibus</strong></span> <span class='ocrx_word' id='word_1_406' title='bbox 2471 2942 2788 3016; x_wconf 81' lang='lat' dir='ltr'><strong>Iegatis.Ex</strong></span> <span class='ocrx_word' id='word_1_407' title='bbox 2799 2941 3013 2996; x_wconf 89' lang='lat' dir='ltr'><strong>Celtica</strong></span> <span class='ocrx_word' id='word_1_408' title='bbox 3022 2957 3155 2996; x_wconf 90' lang='lat' dir='ltr'><strong>vero</strong></span> <span class='ocrx_word' id='word_1_409' title='bbox 3172 2942 3485 2998; x_wconf 81' lang='lat' dir='ltr'><strong>Remorum</strong></span> 
     </span>
    </p>
   </div>
   <div class='ocr_carea' id='block_1_59' title="bbox 1838 3030 3488 3107">
    <p class='ocr_par' dir='ltr' id='par_1_59' title="bbox 1838 3030 3488 3107">
     <span class='ocr_line' id='line_1_59' title="bbox 1838 3030 3488 3107; baseline -0.002 -17"><span class='ocrx_word' id='word_1_410' title='bbox 1838 3033 2154 3107; x_wconf 61' lang='lat' dir='ltr'><strong>praedictus</strong></span> <span class='ocrx_word' id='word_1_411' title='bbox 2173 3032 2817 3105; x_wconf 87' lang='lat' dir='ltr'><strong>metropolitanus,cum</strong></span> <span class='ocrx_word' id='word_1_412' title='bbox 2831 3030 3056 3102; x_wconf 90' lang='lat' dir='ltr'><strong>aliquot</strong></span> <span class='ocrx_word' id='word_1_413' title='bbox 3074 3030 3198 3086; x_wconf 90' lang='lat' dir='ltr'><strong>suis</strong></span> <span class='ocrx_word' id='word_1_414' title='bbox 3215 3030 3488 3086; x_wconf 87' lang='lat' dir='ltr'><strong>dicecesa-</strong></span> 
     </span>
    </p>
   </div>
   <div class='ocr_carea' id='block_1_60' title="bbox 1838 3118 3492 3191">
    <p class='ocr_par' dir='ltr' id='par_1_60' title="bbox 1838 3118 3492 3191">
     <span class='ocr_line' id='line_1_60' title="bbox 1838 3118 3492 3191; baseline -0.002 -13"><span class='ocrx_word' id='word_1_415' title='bbox 1838 3124 1985 3190; x_wconf 87' lang='lat' dir='ltr'><strong>neis,</strong></span> <span class='ocrx_word' id='word_1_416' title='bbox 2020 3122 2393 3178; x_wconf 89' lang='lat' dir='ltr'><strong>Laudunensi</strong></span> <span class='ocrx_word' id='word_1_417' title='bbox 2415 3120 2700 3189; x_wconf 87' lang='lat' dir='ltr'><strong>videlicet,</strong></span> <span class='ocrx_word' id='word_1_418' title='bbox 2725 3118 3099 3176; x_wconf 82' lang='lat' dir='ltr'><strong>Catalaunico</strong></span> <span class='ocrx_word' id='word_1_419' title='bbox 3121 3122 3297 3191; x_wconf 89' lang='lat' dir='ltr'><strong>atque</strong></span> <span class='ocrx_word' id='word_1_420' title='bbox 3319 3118 3492 3175; x_wconf 87' lang='lat' dir='ltr'><strong>Mori-</strong></span> 
     </span>
    </p>
   </div>
   <div class='ocr_carea' id='block_1_61' title="bbox 1837 3207 3487 3268">
    <p class='ocr_par' dir='ltr' id='par_1_61' title="bbox 1837 3207 3487 3268">
     <span class='ocr_line' id='line_1_61' title="bbox 1837 3207 3487 3268; baseline -0.002 -1"><span class='ocrx_word' id='word_1_421' title='bbox 1837 3212 2025 3267; x_wconf 90' lang='lat' dir='ltr'><strong>nensi.</strong></span> <span class='ocrx_word' id='word_1_422' title='bbox 2054 3213 2215 3268; x_wconf 82' lang='lat' dir='ltr'><strong>Anno</strong></span> <span class='ocrx_word' id='word_1_423' title='bbox 2246 3213 2287 3246; x_wconf 70' lang='lat'><strong>‘7</strong></span> <span class='ocrx_word' id='word_1_424' title='bbox 2317 3213 2512 3267; x_wconf 86' lang='lat' dir='ltr'><strong>autem</strong></span> <span class='ocrx_word' id='word_1_425' title='bbox 2538 3207 2956 3266; x_wconf 88' lang='lat' dir='ltr'><strong>incarnationis</strong></span> <span class='ocrx_word' id='word_1_426' title='bbox 2977 3208 3284 3263; x_wconf 65' lang='lat' dir='ltr'><strong>dominicae</strong></span> <span class='ocrx_word' id='word_1_427' title='bbox 3313 3209 3356 3244; x_wconf 74' lang='lat'><strong>‘7</strong></span> <span class='ocrx_word' id='word_1_428' title='bbox 3381 3207 3487 3263; x_wconf 81' lang='lat'><strong>893</strong></span> 
     </span>
    </p>
   </div>
   <div class='ocr_carea' id='block_1_62' title="bbox 102 3276 3487 3370">
    <p class='ocr_par' dir='ltr' id='par_1_62' title="bbox 102 3276 3487 3370">
     <span class='ocr_line' id='line_1_62' title="bbox 102 3276 3487 3370; baseline 0.004 -31"><span class='ocrx_word' id='word_1_429' title='bbox 102 3302 214 3344; x_wconf 85' lang='lat' dir='ltr'><strong>vero</strong></span> <span class='ocrx_word' id='word_1_430' title='bbox 240 3291 308 3346; x_wconf 87' lang='lat' dir='ltr'><strong>ad</strong></span> <span class='ocrx_word' id='word_1_431' title='bbox 339 3290 623 3351; x_wconf 88' lang='lat' dir='ltr'><strong>lacrimas</strong></span> <span class='ocrx_word' id='word_1_432' title='bbox 678 3291 933 3365; x_wconf 90' lang='lat' dir='ltr'><strong>impulit.</strong></span> <span class='ocrx_word' id='word_1_433' title='bbox 970 3294 1131 3352; x_wconf 91' lang='lat' dir='ltr'><strong>Unde</strong></span> <span class='ocrx_word' id='word_1_434' title='bbox 1177 3300 1235 3352; x_wconf 88' lang='lat' dir='ltr'><strong>et</strong></span> <span class='ocrx_word' id='word_1_435' title='bbox 1282 3297 1497 3355; x_wconf 85' lang='lat' dir='ltr'><strong>milites</strong></span> <span class='ocrx_word' id='word_1_436' title='bbox 1516 3276 1633 3370; x_wconf 35' lang='lat' dir='ltr'><strong>&#39;pro</strong></span> <span class='ocrx_word' id='word_1_437' title='bbox 1662 3316 1729 3357; x_wconf 90' lang='lat' dir='ltr'><strong>eo</strong></span> <span class='ocrx_word' id='word_1_438' title='bbox 1760 3276 1803 3343; x_wconf 64' lang='grc' dir='ltr'><strong>(ἶ</strong></span> <span class='ocrx_word' id='word_1_439' title='bbox 1836 3303 1873 3357; x_wconf 91' lang='grc'>5</span> <span class='ocrx_word' id='word_1_440' title='bbox 1902 3301 2030 3358; x_wconf 85' lang='lat' dir='ltr'><strong>Kal.</strong></span> <span class='ocrx_word' id='word_1_441' title='bbox 2064 3301 2107 3337; x_wconf 65' lang='grc' dir='ltr'><strong>ἰδ</strong></span> <span class='ocrx_word' id='word_1_442' title='bbox 2139 3302 2440 3368; x_wconf 85' lang='lat' dir='ltr'><strong>Februas.,</strong></span> <span class='ocrx_word' id='word_1_443' title='bbox 2467 3299 2561 3355; x_wconf 90' lang='lat' dir='ltr'><strong>die</strong></span> <span class='ocrx_word' id='word_1_444' title='bbox 2592 3298 2888 3354; x_wconf 89' lang='lat' dir='ltr'><strong>dominica</strong></span> <span class='ocrx_word' id='word_1_445' title='bbox 2934 3298 3082 3367; x_wconf 71' lang='lat' dir='ltr'><strong>(Jan.</strong></span> <span class='ocrx_word' id='word_1_446' title='bbox 3113 3296 3226 3369; x_wconf 86' lang='lat'><strong>28),</strong></span> <span class='ocrx_word' id='word_1_447' title='bbox 3259 3296 3487 3352; x_wconf 90' lang='lat' dir='ltr'><strong>collecti</strong></span> 
     </span>
    </p>
   </div>
   <div class='ocr_carea' id='block_1_63' title="bbox 104 3380 1728 3457">
    <p class='ocr_par' dir='ltr' id='par_1_63' title="bbox 104 3380 1728 3457">
     <span class='ocr_line' id='line_1_63' title="bbox 104 3380 1728 3457; baseline 0.01 -28"><span class='ocrx_word' id='word_1_448' title='bbox 104 3380 331 3447; x_wconf 83' lang='lat' dir='ltr'><strong>agentes,</strong></span> <span class='ocrx_word' id='word_1_449' title='bbox 362 3397 564 3454; x_wconf 82' lang='lat' dir='ltr'><strong>regem</strong></span> <span class='ocrx_word' id='word_1_450' title='bbox 596 3382 953 3451; x_wconf 88' lang='lat' dir='ltr'><strong>demulcent,</strong></span> <span class='ocrx_word' id='word_1_451' title='bbox 997 3388 1054 3440; x_wconf 89' lang='lat' dir='ltr'><strong>et</strong></span> <span class='ocrx_word' id='word_1_452' title='bbox 1084 3386 1154 3440; x_wconf 89' lang='lat' dir='ltr'><strong>ad</strong></span> <span class='ocrx_word' id='word_1_453' title='bbox 1189 3384 1422 3457; x_wconf 88' lang='lat' dir='ltr'><strong>pictatis</strong></span> <span class='ocrx_word' id='word_1_454' title='bbox 1476 3387 1728 3445; x_wconf 88' lang='lat' dir='ltr'><strong>clemen-</strong></span> 
     </span>
    </p>
   </div>
   <div class='ocr_carea' id='block_1_64' title="bbox 104 3462 1727 3545">
    <p class='ocr_par' dir='ltr' id='par_1_64' title="bbox 104 3462 1727 3545">
     <span class='ocr_line' id='line_1_64' title="bbox 104 3462 1727 3545; baseline 0.01 -28"><span class='ocrx_word' id='word_1_455' title='bbox 104 3462 220 3521; x_wconf 87' lang='lat' dir='ltr'><strong>tiam</strong></span> <span class='ocrx_word' id='word_1_456' title='bbox 265 3470 553 3537; x_wconf 88' lang='lat' dir='ltr'><strong>suadent;</strong></span> <span class='ocrx_word' id='word_1_457' title='bbox 597 3469 746 3525; x_wconf 90' lang='lat' dir='ltr'><strong>nihil</strong></span> <span class='ocrx_word' id='word_1_458' title='bbox 792 3472 910 3545; x_wconf 92' lang='lat' dir='ltr'><strong>regi</strong></span> <span class='ocrx_word' id='word_1_459' title='bbox 962 3473 1240 3543; x_wconf 88' lang='lat' dir='ltr'><strong>prodesse</strong></span> <span class='ocrx_word' id='word_1_460' title='bbox 1278 3480 1627 3544; x_wconf 87' lang='lat' dir='ltr'><strong>asserentes,</strong></span> <span class='ocrx_word' id='word_1_461' title='bbox 1678 3478 1727 3533; x_wconf 90' lang='lat' dir='ltr'><strong>si</strong></span> 
     </span>
    </p>
   </div>
   <div class='ocr_carea' id='block_1_65' title="bbox 103 3557 1726 3631">
    <p class='ocr_par' dir='ltr' id='par_1_65' title="bbox 103 3557 1726 3631">
     <span class='ocr_line' id='line_1_65' title="bbox 103 3557 1726 3631; baseline 0.008 -22"><span class='ocrx_word' id='word_1_462' title='bbox 103 3566 311 3612; x_wconf 81' lang='lat' dir='ltr'><strong>suorum</strong></span> <span class='ocrx_word' id='word_1_463' title='bbox 343 3557 644 3631; x_wconf 86' lang='lat' dir='ltr'><strong>quispiam</strong></span> <span class='ocrx_word' id='word_1_464' title='bbox 687 3558 966 3629; x_wconf 85' lang='lat' dir='ltr'><strong>intereat;</strong></span> <span class='ocrx_word' id='word_1_465' title='bbox 997 3561 1179 3618; x_wconf 90' lang='lat' dir='ltr'><strong>immo</strong></span> <span class='ocrx_word' id='word_1_466' title='bbox 1211 3563 1268 3617; x_wconf 91' lang='lat' dir='ltr'><strong>in</strong></span> <span class='ocrx_word' id='word_1_467' title='bbox 1313 3562 1529 3620; x_wconf 88' lang='lat' dir='ltr'><strong>tiranni</strong></span> <span class='ocrx_word' id='word_1_468' title='bbox 1578 3567 1726 3622; x_wconf 89' lang='lat' dir='ltr'><strong>occi-</strong></span> 
     </span>
    </p>
   </div>
   <div class='ocr_carea' id='block_1_66' title="bbox 102 3640 1727 3721">
    <p class='ocr_par' dir='ltr' id='par_1_66' title="bbox 102 3640 1727 3721">
     <span class='ocr_line' id='line_1_66' title="bbox 102 3640 1727 3721; baseline 0.01 -26"><span class='ocrx_word' id='word_1_469' title='bbox 102 3640 237 3699; x_wconf 85' lang='lat' dir='ltr'><strong>sione</strong></span> <span class='ocrx_word' id='word_1_470' title='bbox 263 3647 669 3718; x_wconf 87' lang='lat' dir='ltr'><strong>gaudendum,</strong></span> <span class='ocrx_word' id='word_1_471' title='bbox 700 3647 787 3704; x_wconf 90' lang='lat' dir='ltr'><strong>vel</strong></span> <span class='ocrx_word' id='word_1_472' title='bbox 813 3648 953 3721; x_wconf 86' lang='lat' dir='ltr'><strong>quia</strong></span> <span class='ocrx_word' id='word_1_473' title='bbox 972 3650 1102 3706; x_wconf 62' lang='lat' dir='ltr'><strong>vitae</strong></span> <span class='ocrx_word' id='word_1_474' title='bbox 1134 3651 1307 3707; x_wconf 89' lang='lat' dir='ltr'><strong>datus</strong></span> <span class='ocrx_word' id='word_1_475' title='bbox 1337 3652 1417 3708; x_wconf 90' lang='lat' dir='ltr'><strong>sit</strong></span> <span class='ocrx_word' id='word_1_476' title='bbox 1456 3653 1505 3709; x_wconf 90' lang='lat' dir='ltr'><strong>si</strong></span> <span class='ocrx_word' id='word_1_477' title='bbox 1536 3653 1727 3713; x_wconf 83' lang='lat' dir='ltr'><strong>fidelis</strong></span> 
     </span>
    </p>
   </div>
   <div class='ocr_carea' id='block_1_67' title="bbox 101 3728 1724 3812">
    <p class='ocr_par' dir='ltr' id='par_1_67' title="bbox 101 3728 1724 3812">
     <span class='ocr_line' id='line_1_67' title="bbox 101 3728 1724 3812; baseline 0.01 -27"><span class='ocrx_word' id='word_1_478' title='bbox 101 3728 334 3801; x_wconf 81' lang='lat' dir='ltr'><strong>decessit,</strong></span> <span class='ocrx_word' id='word_1_479' title='bbox 366 3735 460 3792; x_wconf 86' lang='lat' dir='ltr'><strong>vel</strong></span> <span class='ocrx_word' id='word_1_480' title='bbox 492 3735 635 3808; x_wconf 88' lang='lat' dir='ltr'><strong>quia</strong></span> <span class='ocrx_word' id='word_1_481' title='bbox 663 3737 793 3808; x_wconf 84' lang='lat' dir='ltr'><strong>ejus</strong></span> <span class='ocrx_word' id='word_1_482' title='bbox 817 3738 1042 3794; x_wconf 52' lang='lat' dir='ltr'><strong>insidiae</strong></span> <span class='ocrx_word' id='word_1_483' title='bbox 1072 3741 1307 3812; x_wconf 89' lang='lat' dir='ltr'><strong>penitus</strong></span> <span class='ocrx_word' id='word_1_484' title='bbox 1336 3741 1654 3800; x_wconf 87' lang='lat' dir='ltr'><strong>defecerint</strong></span> <span class='ocrx_word' id='word_1_485' title='bbox 1674 3746 1724 3801; x_wconf 90' lang='lat' dir='ltr'><strong>si</strong></span> 
     </span>
    </p>
   </div>
   <div class='ocr_carea' id='block_1_68' title="bbox 100 3815 1722 3899">
    <p class='ocr_par' dir='ltr' id='par_1_68' title="bbox 100 3815 1722 3899">
     <span class='ocr_line' id='line_1_68' title="bbox 100 3815 1722 3899; baseline 0.012 -29"><span class='ocrx_word' id='word_1_486' title='bbox 100 3815 146 3872; x_wconf 88' lang='lat' dir='ltr'><strong>in</strong></span> <span class='ocrx_word' id='word_1_487' title='bbox 172 3821 289 3878; x_wconf 91' lang='lat' dir='ltr'><strong>dole</strong></span> <span class='ocrx_word' id='word_1_488' title='bbox 317 3824 692 3898; x_wconf 79' lang='lat' dir='ltr'><strong>baptismum</strong></span> <span class='ocrx_word' id='word_1_489' title='bbox 723 3827 1065 3899; x_wconf 87' lang='lat' dir='ltr'><strong>susceperit.</strong></span> <span class='ocrx_word' id='word_1_490' title='bbox 1098 3829 1321 3892; x_wconf 88' lang='lat' dir='ltr'><strong>Quibus</strong></span> <span class='ocrx_word' id='word_1_491' title='bbox 1338 3847 1436 3886; x_wconf 81' lang='lat' dir='ltr'><strong>rex</strong></span> <span class='ocrx_word' id='word_1_492' title='bbox 1456 3831 1722 3889; x_wconf 91' lang='lat' dir='ltr'><strong>animum</strong></span> 
     </span>
    </p>
   </div>
   <div class='ocr_carea' id='block_1_69' title="bbox 101 3908 1723 3995">
    <p class='ocr_par' dir='ltr' id='par_1_69' title="bbox 101 3908 1723 3995">
     <span class='ocr_line' id='line_1_69' title="bbox 101 3908 1723 3995; baseline 0.01 -33"><span class='ocrx_word' id='word_1_493' title='bbox 101 3908 420 3982; x_wconf 85' lang='lat' dir='ltr'><strong>temperans,</strong></span> <span class='ocrx_word' id='word_1_494' title='bbox 454 3914 750 3970; x_wconf 78' lang='lat' dir='ltr'><strong>tumulata</strong></span> <span class='ocrx_word' id='word_1_495' title='bbox 797 3915 1063 3985; x_wconf 89' lang='lat' dir='ltr'><strong>barbaro,</strong></span> <span class='ocrx_word' id='word_1_496' title='bbox 1100 3917 1379 3991; x_wconf 90' lang='lat' dir='ltr'><strong>Ingonem</strong></span> <span class='ocrx_word' id='word_1_497' title='bbox 1426 3919 1486 3975; x_wconf 92' lang='lat' dir='ltr'><strong>in</strong></span> <span class='ocrx_word' id='word_1_498' title='bbox 1536 3922 1723 3995; x_wconf 85' lang='lat' dir='ltr'><strong>gratia</strong></span> 
     </span>
    </p>
   </div>
   <div class='ocr_carea' id='block_1_70' title="bbox 99 4001 1723 4081">
    <p class='ocr_par' dir='ltr' id='par_1_70' title="bbox 99 4001 1723 4081">
     <span class='ocr_line' id='line_1_70' title="bbox 99 4001 1723 4081; baseline 0.004 -22"><span class='ocrx_word' id='word_1_499' title='bbox 99 4001 326 4059; x_wconf 61' lang='lat' dir='ltr'><strong>l‘elumit.</strong></span> <span class='ocrx_word' id='word_1_500' title='bbox 355 4003 429 4058; x_wconf 88' lang='lat' dir='ltr'><strong>Et</strong></span> <span class='ocrx_word' id='word_1_501' title='bbox 462 4002 710 4076; x_wconf 88' lang='lat' dir='ltr'><strong>insuper</strong></span> <span class='ocrx_word' id='word_1_502' title='bbox 739 4009 1000 4060; x_wconf 89' lang='lat' dir='ltr'><strong>castrum</strong></span> <span class='ocrx_word' id='word_1_503' title='bbox 1034 4007 1189 4078; x_wconf 90' lang='lat' dir='ltr'><strong>quod</strong></span> <span class='ocrx_word' id='word_1_504' title='bbox 1228 4006 1464 4064; x_wconf 79' lang='lat' dir='ltr'><strong>Blesum</strong></span> <span class='ocrx_word' id='word_1_505' title='bbox 1491 4012 1602 4081; x_wconf 73' lang='grc'><strong>(64)</strong></span> <span class='ocrx_word' id='word_1_506' title='bbox 1628 4011 1723 4079; x_wconf 74' lang='lat' dir='ltr'><strong>di-</strong></span> 
     </span>
    </p>
   </div>
   <div class='ocr_carea' id='block_1_71' title="bbox 98 4083 1720 4170">
    <p class='ocr_par' dir='ltr' id='par_1_71' title="bbox 98 4083 1720 4170">
     <span class='ocr_line' id='line_1_71' title="bbox 98 4083 1720 4170; baseline 0.012 -33"><span class='ocrx_word' id='word_1_507' title='bbox 98 4083 220 4141; x_wconf 87' lang='lat' dir='ltr'><strong>citur</strong></span> <span class='ocrx_word' id='word_1_508' title='bbox 236 4090 282 4143; x_wconf 91' lang='lat' dir='ltr'><strong>ei</strong></span> <span class='ocrx_word' id='word_1_509' title='bbox 300 4089 623 4147; x_wconf 89' lang='lat' dir='ltr'><strong>liberaliter</strong></span> <span class='ocrx_word' id='word_1_510' title='bbox 638 4094 1063 4163; x_wconf 88' lang='lat' dir='ltr'><strong>accommodat,</strong></span> <span class='ocrx_word' id='word_1_511' title='bbox 1084 4111 1151 4150; x_wconf 92' lang='lat' dir='ltr'><strong>eo</strong></span> <span class='ocrx_word' id='word_1_512' title='bbox 1170 4097 1324 4168; x_wconf 90' lang='lat' dir='ltr'><strong>quod</strong></span> <span class='ocrx_word' id='word_1_513' title='bbox 1348 4096 1397 4152; x_wconf 89' lang='lat' dir='ltr'><strong>is</strong></span> <span class='ocrx_word' id='word_1_514' title='bbox 1420 4098 1519 4170; x_wconf 92' lang='lat' dir='ltr'><strong>qui</strong></span> <span class='ocrx_word' id='word_1_515' title='bbox 1542 4102 1720 4156; x_wconf 89' lang='lat' dir='ltr'><strong>castri</strong></span> 
     </span>
    </p>
   </div>
   <div class='ocr_carea' id='block_1_72' title="bbox 97 4177 1716 4257">
    <p class='ocr_par' dir='ltr' id='par_1_72' title="bbox 97 4177 1716 4257">
     <span class='ocr_line' id='line_1_72' title="bbox 97 4177 1716 4257; baseline 0.013 -33"><span class='ocrx_word' id='word_1_516' title='bbox 97 4177 384 4233; x_wconf 85' lang='lat' dir='ltr'><strong>custodiam</strong></span> <span class='ocrx_word' id='word_1_517' title='bbox 419 4179 657 4252; x_wconf 86' lang='lat' dir='ltr'><strong>agebat,</strong></span> <span class='ocrx_word' id='word_1_518' title='bbox 690 4181 747 4235; x_wconf 92' lang='lat' dir='ltr'><strong>in</strong></span> <span class='ocrx_word' id='word_1_519' title='bbox 777 4180 927 4237; x_wconf 90' lang='lat' dir='ltr'><strong>bello</strong></span> <span class='ocrx_word' id='word_1_520' title='bbox 958 4184 1218 4257; x_wconf 79' lang='lat' dir='ltr'><strong>pyratice</strong></span> <span class='ocrx_word' id='word_1_521' title='bbox 1261 4186 1492 4243; x_wconf 90' lang='lat' dir='ltr'><strong>occisus</strong></span> <span class='ocrx_word' id='word_1_522' title='bbox 1540 4193 1716 4245; x_wconf 90' lang='lat' dir='ltr'><strong>esset.</strong></span> 
     </span>
    </p>
   </div>
   <div class='ocr_carea' id='block_1_73' title="bbox 96 4259 1719 4347">
    <p class='ocr_par' dir='ltr' id='par_1_73' title="bbox 96 4259 1719 4347">
     <span class='ocr_line' id='line_1_73' title="bbox 96 4259 1719 4347; baseline 0.01 -30"><span class='ocrx_word' id='word_1_523' title='bbox 96 4259 210 4331; x_wconf 82' lang='lat' dir='ltr'><strong>Ejus</strong></span> <span class='ocrx_word' id='word_1_524' title='bbox 237 4282 468 4341; x_wconf 88' lang='lat' dir='ltr'><strong>quoque</strong></span> <span class='ocrx_word' id='word_1_525' title='bbox 492 4285 734 4324; x_wconf 80' lang='lat' dir='ltr'><strong>uxorem</strong></span> <span class='ocrx_word' id='word_1_526' title='bbox 758 4269 1117 4339; x_wconf 90' lang='lat' dir='ltr'><strong>derelictam,</strong></span> <span class='ocrx_word' id='word_1_527' title='bbox 1140 4273 1293 4329; x_wconf 91' lang='lat' dir='ltr'><strong>dono</strong></span> <span class='ocrx_word' id='word_1_528' title='bbox 1325 4276 1481 4347; x_wconf 88' lang='lat' dir='ltr'><strong>regio</strong></span> <span class='ocrx_word' id='word_1_529' title='bbox 1511 4275 1571 4332; x_wconf 93' lang='lat' dir='ltr'><strong>in</strong></span> <span class='ocrx_word' id='word_1_530' title='bbox 1600 4295 1719 4334; x_wconf 89' lang='lat' dir='ltr'><strong>ma-</strong></span> 
     </span>
    </p>
   </div>
   <div class='ocr_carea' id='block_1_74' title="bbox 96 4350 1717 4439">
    <p class='ocr_par' dir='ltr' id='par_1_74' title="bbox 96 4350 1717 4439">
     <span class='ocr_line' id='line_1_74' title="bbox 96 4350 1717 4439; baseline 0.01 -32"><span class='ocrx_word' id='word_1_531' title='bbox 96 4350 333 4439; x_wconf 78' lang='lat' dir='ltr'><strong>trimonio</strong></span> <span class='ocrx_word' id='word_1_532' title='bbox 363 4356 511 4430; x_wconf 87' lang='lat' dir='ltr'><strong>lnge</strong></span> <span class='ocrx_word' id='word_1_533' title='bbox 543 4356 659 4413; x_wconf 88' lang='lat' dir='ltr'><strong>sibi</strong></span> <span class='ocrx_word' id='word_1_534' title='bbox 688 4359 1012 4431; x_wconf 90' lang='lat' dir='ltr'><strong>accopulat.</strong></span> <span class='ocrx_word' id='word_1_535' title='bbox 1039 4361 1214 4435; x_wconf 86' lang='lat' dir='ltr'><strong>Regis</strong></span> <span class='ocrx_word' id='word_1_536' title='bbox 1238 4362 1444 4420; x_wconf 81' lang='lat' dir='ltr'><strong>exinde</strong></span> <span class='ocrx_word' id='word_1_537' title='bbox 1466 4382 1532 4421; x_wconf 91' lang='lat' dir='ltr'><strong>ac</strong></span> <span class='ocrx_word' id='word_1_538' title='bbox 1563 4366 1717 4439; x_wconf 90' lang='lat' dir='ltr'><strong>prin-</strong></span> 
     </span>
    </p>
   </div>
   <div class='ocr_carea' id='block_1_75' title="bbox 96 4438 1718 4524">
    <p class='ocr_par' dir='ltr' id='par_1_75' title="bbox 96 4438 1718 4524">
     <span class='ocr_line' id='line_1_75' title="bbox 96 4438 1718 4524; baseline 0.014 -33"><span class='ocrx_word' id='word_1_539' title='bbox 96 4438 259 4511; x_wconf 86' lang='lat' dir='ltr'><strong>cipum</strong></span> <span class='ocrx_word' id='word_1_540' title='bbox 286 4446 482 4517; x_wconf 87' lang='lat' dir='ltr'><strong>gratia</strong></span> <span class='ocrx_word' id='word_1_541' title='bbox 508 4446 830 4503; x_wconf 88' lang='lat' dir='ltr'><strong>admodum</strong></span> <span class='ocrx_word' id='word_1_542' title='bbox 862 4466 1027 4517; x_wconf 89' lang='lat' dir='ltr'><strong>usus,</strong></span> <span class='ocrx_word' id='word_1_543' title='bbox 1062 4467 1336 4524; x_wconf 90' lang='lat' dir='ltr'><strong>prospere</strong></span> <span class='ocrx_word' id='word_1_544' title='bbox 1360 4470 1428 4510; x_wconf 88' lang='lat' dir='ltr'><strong>ac</strong></span> <span class='ocrx_word' id='word_1_545' title='bbox 1473 4438 1718 4513; x_wconf 89' lang='lat' dir='ltr'><strong>feliciter</strong></span> 
     </span>
    </p>
   </div>
   <div class='ocr_carea' id='block_1_76' title="bbox 1839 3385 3489 3459">
    <p class='ocr_par' dir='ltr' id='par_1_76' title="bbox 1839 3385 3489 3459">
     <span class='ocr_line' id='line_1_76' title="bbox 1839 3385 3489 3459; baseline -0.003 -13"><span class='ocrx_word' id='word_1_546' title='bbox 1839 3390 2038 3446; x_wconf 84' lang='lat' dir='ltr'><strong>Remis</strong></span> <span class='ocrx_word' id='word_1_547' title='bbox 2059 3391 2119 3446; x_wconf 90' lang='lat' dir='ltr'><strong>in</strong></span> <span class='ocrx_word' id='word_1_548' title='bbox 2149 3389 2394 3446; x_wconf 86' lang='lat' dir='ltr'><strong>basilica</strong></span> <span class='ocrx_word' id='word_1_549' title='bbox 2422 3387 2609 3444; x_wconf 89' lang='lat' dir='ltr'><strong>sancti</strong></span> <span class='ocrx_word' id='word_1_550' title='bbox 2636 3385 2881 3459; x_wconf 83' lang='lat' dir='ltr'><strong>Remigii</strong></span> <span class='ocrx_word' id='word_1_551' title='bbox 2903 3385 3177 3442; x_wconf 87' lang='lat' dir='ltr'><strong>Karelum</strong></span> <span class='ocrx_word' id='word_1_552' title='bbox 3207 3385 3489 3457; x_wconf 88' lang='lat' dir='ltr'><strong>quinden-</strong></span> 
     </span>
    </p>
   </div>
   <div class='ocr_carea' id='block_1_77' title="bbox 1839 3474 3485 3552">
    <p class='ocr_par' dir='ltr' id='par_1_77' title="bbox 1839 3474 3485 3552">
     <span class='ocr_line' id='line_1_77' title="bbox 1839 3474 3485 3552; baseline -0.003 -17"><span class='ocrx_word' id='word_1_553' title='bbox 1839 3496 1972 3535; x_wconf 87' lang='lat' dir='ltr'><strong>nem</strong></span> <span class='ocrx_word' id='word_1_554' title='bbox 2004 3496 2199 3552; x_wconf 87' lang='lat' dir='ltr'><strong>regem</strong></span> <span class='ocrx_word' id='word_1_555' title='bbox 2230 3482 2461 3541; x_wconf 88' lang='lat' dir='ltr'><strong>creant;</strong></span> <span class='ocrx_word' id='word_1_556' title='bbox 2495 3493 2561 3531; x_wconf 89' lang='lat' dir='ltr'><strong>ac</strong></span> <span class='ocrx_word' id='word_1_557' title='bbox 2617 3476 2678 3530; x_wconf 89' lang='lat' dir='ltr'><strong>in</strong></span> <span class='ocrx_word' id='word_1_558' title='bbox 2710 3474 2852 3530; x_wconf 88' lang='lat' dir='ltr'><strong>urbe</strong></span> <span class='ocrx_word' id='word_1_559' title='bbox 2884 3478 3292 3546; x_wconf 90' lang='lat' dir='ltr'><strong>purpuratum,</strong></span> <span class='ocrx_word' id='word_1_560' title='bbox 3326 3490 3485 3530; x_wconf 91' lang='lat' dir='ltr'><strong>more</strong></span> 
     </span>
    </p>
   </div>
   <div class='ocr_carea' id='block_1_78' title="bbox 1838 3561 3481 3641">
    <p class='ocr_par' dir='ltr' id='par_1_78' title="bbox 1838 3561 3481 3641">
     <span class='ocr_line' id='line_1_78' title="bbox 1838 3561 3481 3641; baseline -0.003 -18"><span class='ocrx_word' id='word_1_561' title='bbox 1838 3568 1995 3641; x_wconf 89' lang='lat' dir='ltr'><strong>regio</strong></span> <span class='ocrx_word' id='word_1_562' title='bbox 2025 3568 2214 3623; x_wconf 90' lang='lat' dir='ltr'><strong>edicta</strong></span> <span class='ocrx_word' id='word_1_563' title='bbox 2234 3568 2372 3623; x_wconf 89' lang='lat' dir='ltr'><strong>dare</strong></span> <span class='ocrx_word' id='word_1_564' title='bbox 2392 3565 2776 3621; x_wconf 89' lang='lat' dir='ltr'><strong>constituunt.</strong></span> <span class='ocrx_word' id='word_1_565' title='bbox 2800 3565 2870 3619; x_wconf 87' lang='lat' dir='ltr'><strong>Et</strong></span> <span class='ocrx_word' id='word_1_566' title='bbox 2896 3581 2963 3618; x_wconf 73' lang='lat' dir='ltr'><strong>ex</strong></span> <span class='ocrx_word' id='word_1_567' title='bbox 2984 3562 3201 3618; x_wconf 87' lang='lat' dir='ltr'><strong>Celtica</strong></span> <span class='ocrx_word' id='word_1_568' title='bbox 3220 3561 3481 3633; x_wconf 91' lang='lat' dir='ltr'><strong>quidem,</strong></span> 
     </span>
    </p>
   </div>
   <div class='ocr_carea' id='block_1_79' title="bbox 1837 3650 3480 3730">
    <p class='ocr_par' dir='ltr' id='par_1_79' title="bbox 1837 3650 3480 3730">
     <span class='ocr_line' id='line_1_79' title="bbox 1837 3650 3480 3730; baseline -0.004 -17"><span class='ocrx_word' id='word_1_569' title='bbox 1837 3657 2177 3730; x_wconf 88' lang='lat' dir='ltr'><strong>paucissimi</strong></span> <span class='ocrx_word' id='word_1_570' title='bbox 2201 3657 2329 3728; x_wconf 89' lang='lat' dir='ltr'><strong>ejus</strong></span> <span class='ocrx_word' id='word_1_571' title='bbox 2348 3658 2542 3728; x_wconf 86' lang='lat' dir='ltr'><strong>partes</strong></span> <span class='ocrx_word' id='word_1_572' title='bbox 2560 3653 2958 3725; x_wconf 88' lang='lat' dir='ltr'><strong>sequebantur</strong></span> <span class='ocrx_word' id='word_1_573' title='bbox 2985 3653 3065 3707; x_wconf 85' lang='lat' dir='ltr'><strong>Ex</strong></span> <span class='ocrx_word' id='word_1_574' title='bbox 3079 3650 3305 3723; x_wconf 82' lang='lat' dir='ltr'><strong>Belgica</strong></span> <span class='ocrx_word' id='word_1_575' title='bbox 3324 3668 3480 3719; x_wconf 90' lang='lat' dir='ltr'><strong>vero,</strong></span> 
     </span>
    </p>
   </div>
   <div class='ocr_carea' id='block_1_80' title="bbox 1835 3738 3483 3801">
    <p class='ocr_par' dir='ltr' id='par_1_80' title="bbox 1835 3738 3483 3801">
     <span class='ocr_line' id='line_1_80' title="bbox 1835 3738 3483 3801; baseline -0.004 0"><span class='ocrx_word' id='word_1_576' title='bbox 1835 3746 1885 3801; x_wconf 90' lang='lat' dir='ltr'><strong>ei</strong></span> <span class='ocrx_word' id='word_1_577' title='bbox 1920 3762 2124 3801; x_wconf 91' lang='lat' dir='ltr'><strong>omnes</strong></span> <span class='ocrx_word' id='word_1_578' title='bbox 2154 3743 2369 3801; x_wconf 90' lang='lat' dir='ltr'><strong>addicti</strong></span> <span class='ocrx_word' id='word_1_579' title='bbox 2428 3746 2588 3800; x_wconf 90' lang='lat' dir='ltr'><strong>sunt.</strong></span> <span class='ocrx_word' id='word_1_580' title='bbox 2622 3741 2701 3797; x_wconf 83' lang='lat' dir='ltr'><strong>Ab</strong></span> <span class='ocrx_word' id='word_1_581' title='bbox 2759 3740 2876 3797; x_wconf 89' lang='lat' dir='ltr'><strong>illis</strong></span> <span class='ocrx_word' id='word_1_582' title='bbox 2908 3739 3063 3795; x_wconf 90' lang='lat' dir='ltr'><strong>enim</strong></span> <span class='ocrx_word' id='word_1_583' title='bbox 3109 3738 3483 3796; x_wconf 90' lang='lat' dir='ltr'><strong>devetissime</strong></span> 
     </span>
    </p>
   </div>
   <div class='ocr_carea' id='block_1_81' title="bbox 1833 3828 3482 3907">
    <p class='ocr_par' dir='ltr' id='par_1_81' title="bbox 1833 3828 3482 3907">
     <span class='ocr_line' id='line_1_81' title="bbox 1833 3828 3482 3907; baseline -0.004 -17"><span class='ocrx_word' id='word_1_584' title='bbox 1833 3839 2128 3907; x_wconf 80' lang='lat' dir='ltr'><strong>exceptus,</strong></span> <span class='ocrx_word' id='word_1_585' title='bbox 2152 3851 2255 3907; x_wconf 89' lang='lat' dir='ltr'><strong>per</strong></span> <span class='ocrx_word' id='word_1_586' title='bbox 2273 3850 2477 3889; x_wconf 89' lang='lat' dir='ltr'><strong>omnes</strong></span> <span class='ocrx_word' id='word_1_587' title='bbox 2505 3833 2550 3868; x_wconf 67' lang='lat'><strong>‘9</strong></span> <span class='ocrx_word' id='word_1_588' title='bbox 2576 3847 2780 3888; x_wconf 89' lang='lat' dir='ltr'><strong>eorum</strong></span> <span class='ocrx_word' id='word_1_589' title='bbox 2802 3830 2976 3887; x_wconf 86' lang='lat' dir='ltr'><strong>urbes</strong></span> <span class='ocrx_word' id='word_1_590' title='bbox 2996 3833 3053 3886; x_wconf 89' lang='lat' dir='ltr'><strong>et</strong></span> <span class='ocrx_word' id='word_1_591' title='bbox 3072 3828 3287 3902; x_wconf 81' lang='lat' dir='ltr'><strong>oppida</strong></span> <span class='ocrx_word' id='word_1_592' title='bbox 3304 3829 3350 3865; x_wconf 80' lang='grc' dir='ltr'><strong>⁸ο</strong></span> <span class='ocrx_word' id='word_1_593' title='bbox 3372 3828 3482 3885; x_wconf 93' lang='lat' dir='ltr'><strong>hu-</strong></span> 
     </span>
    </p>
   </div>
   <div class='ocr_carea' id='block_1_82' title="bbox 1832 3924 2635 3981">
    <p class='ocr_par' dir='ltr' id='par_1_82' title="bbox 1832 3924 2635 3981">
     <span class='ocr_line' id='line_1_82' title="bbox 1832 3924 2635 3981; baseline -0.005 -1"><span class='ocrx_word' id='word_1_594' title='bbox 1832 3925 2181 3981; x_wconf 90' lang='lat' dir='ltr'><strong>manissime</strong></span> <span class='ocrx_word' id='word_1_595' title='bbox 2212 3924 2497 3979; x_wconf 88' lang='lat' dir='ltr'><strong>deductus</strong></span> <span class='ocrx_word' id='word_1_596' title='bbox 2527 3926 2635 3978; x_wconf 88' lang='lat' dir='ltr'><strong>est.</strong></span> 
     </span>
    </p>
   </div>
   <div class='ocr_carea' id='block_1_83' title="bbox 1900 4008 3477 4082">
    <p class='ocr_par' dir='ltr' id='par_1_83' title="bbox 1900 4008 3477 4082">
     <span class='ocr_line' id='line_1_83' title="bbox 1900 4008 3477 4082; baseline -0.004 -13"><span class='ocrx_word' id='word_1_597' title='bbox 1900 4014 1989 4070; x_wconf 81' lang='lat' dir='ltr'><strong>l3.</strong></span> <span class='ocrx_word' id='word_1_598' title='bbox 2021 4013 2220 4069; x_wconf 73' lang='lat' dir='ltr'><strong>Odom’:</strong></span> <span class='ocrx_word' id='word_1_599' title='bbox 2250 4013 2290 4047; x_wconf 79' lang='grc'>³¹</span> <span class='ocrx_word' id='word_1_600' title='bbox 2325 4012 2528 4068; x_wconf 79' lang='lat' dir='ltr'><strong>reditus</strong></span> <span class='ocrx_word' id='word_1_601' title='bbox 2558 4012 2627 4065; x_wconf 87' lang='lat' dir='ltr'><strong>ab</strong></span> <span class='ocrx_word' id='word_1_602' title='bbox 2648 4010 2945 4082; x_wconf 79' lang='lat' dir='ltr'><strong>Aquitania</strong></span> <span class='ocrx_word' id='word_1_603' title='bbox 2967 4008 3006 4044; x_wconf 76' lang='lat'><strong>“</strong></span> <span class='ocrx_word' id='word_1_604' title='bbox 3028 4008 3251 4080; x_wconf 74' lang='lat' dir='ltr'><strong>ejusque</strong></span> <span class='ocrx_word' id='word_1_605' title='bbox 3278 4009 3477 4064; x_wconf 74' lang='lat' dir='ltr'><strong>obitus.</strong></span> 
     </span>
    </p>
   </div>
   <div class='ocr_carea' id='block_1_84' title="bbox 1830 4095 3481 4173">
    <p class='ocr_par' dir='ltr' id='par_1_84' title="bbox 1830 4095 3481 4173">
     <span class='ocr_line' id='line_1_84' title="bbox 1830 4095 3481 4173; baseline -0.004 -14"><span class='ocrx_word' id='word_1_606' title='bbox 1830 4134 1896 4146; x_wconf 85' lang='lat'><strong><em>—</em></strong></span> <span class='ocrx_word' id='word_1_607' title='bbox 1927 4105 2091 4169; x_wconf 92' lang='lat' dir='ltr'><strong>Quod</strong></span> <span class='ocrx_word' id='word_1_608' title='bbox 2124 4103 2343 4158; x_wconf 88' lang='lat' dir='ltr'><strong>factum</strong></span> <span class='ocrx_word' id='word_1_609' title='bbox 2378 4102 2501 4157; x_wconf 91' lang='lat' dir='ltr'><strong>Odo</strong></span> <span class='ocrx_word' id='word_1_610' title='bbox 2531 4118 2630 4156; x_wconf 86' lang='lat' dir='ltr'><strong>rex</strong></span> <span class='ocrx_word' id='word_1_611' title='bbox 2659 4098 3048 4173; x_wconf 89' lang='lat' dir='ltr'><strong>comperiens,</strong></span> <span class='ocrx_word' id='word_1_612' title='bbox 3070 4098 3144 4153; x_wconf 90' lang='lat' dir='ltr'><strong>ab</strong></span> <span class='ocrx_word' id='word_1_613' title='bbox 3165 4095 3481 4169; x_wconf 86' lang='lat' dir='ltr'><strong>Aquitania</strong></span> 
     </span>
    </p>
   </div>
   <div class='ocr_carea' id='block_1_85' title="bbox 1829 4185 3479 4263">
    <p class='ocr_par' dir='ltr' id='par_1_85' title="bbox 1829 4185 3479 4263">
     <span class='ocr_line' id='line_1_85' title="bbox 1829 4185 3479 4263; baseline -0.004 -17"><span class='ocrx_word' id='word_1_614' title='bbox 1829 4192 1997 4247; x_wconf 85' lang='lat' dir='ltr'><strong>redit.</strong></span> <span class='ocrx_word' id='word_1_615' title='bbox 2034 4191 2365 4263; x_wconf 90' lang='lat' dir='ltr'><strong>Urbemque</strong></span> <span class='ocrx_word' id='word_1_616' title='bbox 2394 4188 2744 4245; x_wconf 90' lang='lat' dir='ltr'><strong>Turonicam</strong></span> <span class='ocrx_word' id='word_1_617' title='bbox 2777 4192 3002 4260; x_wconf 89' lang='lat' dir='ltr'><strong>petens,</strong></span> <span class='ocrx_word' id='word_1_618' title='bbox 3032 4189 3300 4243; x_wconf 86' lang='lat' dir='ltr'><strong>sanctum</strong></span> <span class='ocrx_word' id='word_1_619' title='bbox 3335 4185 3479 4241; x_wconf 83' lang='lat' dir='ltr'><strong>Mar-</strong></span> 
     </span>
    </p>
   </div>
   <div class='ocr_carea' id='block_1_86' title="bbox 1826 4272 3476 4351">
    <p class='ocr_par' dir='ltr' id='par_1_86' title="bbox 1826 4272 3476 4351">
     <span class='ocr_line' id='line_1_86' title="bbox 1826 4272 3476 4351; baseline -0.004 -15"><span class='ocrx_word' id='word_1_620' title='bbox 1826 4282 2017 4336; x_wconf 89' lang='lat' dir='ltr'><strong>tinum</strong></span> <span class='ocrx_word' id='word_1_621' title='bbox 2049 4280 2219 4336; x_wconf 89' lang='lat' dir='ltr'><strong>donis</strong></span> <span class='ocrx_word' id='word_1_622' title='bbox 2251 4278 2545 4351; x_wconf 88' lang='lat' dir='ltr'><strong>regalibus</strong></span> <span class='ocrx_word' id='word_1_623' title='bbox 2602 4277 2871 4333; x_wconf 90' lang='lat' dir='ltr'><strong>honorat.</strong></span> <span class='ocrx_word' id='word_1_624' title='bbox 2904 4275 3115 4347; x_wconf 88' lang='lat' dir='ltr'><strong>Sicque</strong></span> <span class='ocrx_word' id='word_1_625' title='bbox 3148 4272 3353 4330; x_wconf 85' lang='lat' dir='ltr'><strong>Parisii</strong></span> <span class='ocrx_word' id='word_1_626' title='bbox 3382 4290 3476 4329; x_wconf 86' lang='lat' dir='ltr'><strong>re-</strong></span> 
     </span>
    </p>
   </div>
   <div class='ocr_carea' id='block_1_87' title="bbox 1826 4361 3478 4442">
    <p class='ocr_par' dir='ltr' id='par_1_87' title="bbox 1826 4361 3478 4442">
     <span class='ocr_line' id='line_1_87' title="bbox 1826 4361 3478 4442; baseline -0.005 -17"><span class='ocrx_word' id='word_1_627' title='bbox 1826 4374 2052 4442; x_wconf 89' lang='lat' dir='ltr'><strong>ceptus,</strong></span> <span class='ocrx_word' id='word_1_628' title='bbox 2085 4372 2320 4426; x_wconf 86' lang='lat' dir='ltr'><strong>sanctos</strong></span> <span class='ocrx_word' id='word_1_629' title='bbox 2369 4369 2637 4423; x_wconf 88' lang='lat' dir='ltr'><strong>martires</strong></span> <span class='ocrx_word' id='word_1_630' title='bbox 2695 4363 3044 4430; x_wconf 89' lang='lat' dir='ltr'><strong>Dionisium,</strong></span> <span class='ocrx_word' id='word_1_631' title='bbox 3081 4361 3389 4418; x_wconf 88' lang='lat' dir='ltr'><strong>Rusticum</strong></span> <span class='ocrx_word' id='word_1_632' title='bbox 3420 4366 3478 4417; x_wconf 87' lang='lat' dir='ltr'><strong>et</strong></span> 
     </span>
    </p>
   </div>
   <div class='ocr_carea' id='block_1_88' title="bbox 1825 4449 3473 4530">
    <p class='ocr_par' dir='ltr' id='par_1_88' title="bbox 1825 4449 3473 4530">
     <span class='ocr_line' id='line_1_88' title="bbox 1825 4449 3473 4530; baseline -0.005 -16"><span class='ocrx_word' id='word_1_633' title='bbox 1825 4458 2225 4515; x_wconf 88' lang='lat' dir='ltr'><strong>Eleutherium</strong></span> <span class='ocrx_word' id='word_1_634' title='bbox 2265 4456 2575 4530; x_wconf 85' lang='lat' dir='ltr'><strong>magnifice</strong></span> <span class='ocrx_word' id='word_1_635' title='bbox 2614 4452 2812 4510; x_wconf 85' lang='lat' dir='ltr'><strong>donat.</strong></span> <span class='ocrx_word' id='word_1_636' title='bbox 2836 4453 3095 4508; x_wconf 89' lang='lat' dir='ltr'><strong>Tandem</strong></span> <span class='ocrx_word' id='word_1_637' title='bbox 3138 4451 3312 4505; x_wconf 87' lang='lat' dir='ltr'><strong>ﬂuvio</strong></span> <span class='ocrx_word' id='word_1_638' title='bbox 3352 4449 3473 4506; x_wconf 88' lang='lat' dir='ltr'><strong>Ma-</strong></span> 
     </span>
    </p>
   </div>
   <div class='ocr_carea' id='block_1_89' title="bbox 96 4530 3476 4618">
    <p class='ocr_par' dir='ltr' id='par_1_89' title="bbox 96 4530 3476 4618">
     <span class='ocr_line' id='line_1_89' title="bbox 96 4530 3476 4618; baseline 0.004 -39"><span class='ocrx_word' id='word_1_639' title='bbox 96 4530 258 4586; x_wconf 87' lang='lat' dir='ltr'><strong>omnia</strong></span> <span class='ocrx_word' id='word_1_640' title='bbox 285 4535 549 4606; x_wconf 87' lang='lat' dir='ltr'><strong>gerebat.</strong></span> <span class='ocrx_word' id='word_1_641' title='bbox 580 4533 796 4590; x_wconf 89' lang='lat' dir='ltr'><strong>Verum</strong></span> <span class='ocrx_word' id='word_1_642' title='bbox 829 4536 887 4591; x_wconf 92' lang='lat' dir='ltr'><strong>id</strong></span> <span class='ocrx_word' id='word_1_643' title='bbox 913 4536 971 4591; x_wconf 88' lang='lat' dir='ltr'><strong>in</strong></span> <span class='ocrx_word' id='word_1_644' title='bbox 1006 4538 1185 4594; x_wconf 88' lang='lat' dir='ltr'><strong>brevi.</strong></span> <span class='ocrx_word' id='word_1_645' title='bbox 1228 4541 1375 4596; x_wconf 85' lang='lat' dir='ltr'><strong>Nam</strong></span> <span class='ocrx_word' id='word_1_646' title='bbox 1405 4542 1713 4601; x_wconf 90' lang='lat' dir='ltr'><strong>vulnerum</strong></span> <span class='ocrx_word' id='word_1_647' title='bbox 1823 4542 3040 4618; x_wconf 85' lang='lat' dir='ltr'><strong>tronaremenso,BeIgicamingreditur.Ac</strong></span> <span class='ocrx_word' id='word_1_648' title='bbox 3056 4538 3268 4611; x_wconf 91' lang='lat' dir='ltr'><strong>oppido</strong></span> <span class='ocrx_word' id='word_1_649' title='bbox 3286 4554 3476 4612; x_wconf 86' lang='lat' dir='ltr'><strong>recep-</strong></span> 
     </span>
    </p>
   </div>
   <div class='ocr_carea' id='block_1_90' title="bbox 96 4617 3475 4709">
    <p class='ocr_par' dir='ltr' id='par_1_90' title="bbox 96 4617 3475 4709">
     <span class='ocr_line' id='line_1_90' title="bbox 96 4617 3475 4709; baseline 0.003 -37"><span class='ocrx_word' id='word_1_650' title='bbox 96 4617 256 4675; x_wconf 82' lang='lat' dir='ltr'><strong>sanies</strong></span> <span class='ocrx_word' id='word_1_651' title='bbox 284 4622 435 4678; x_wconf 87' lang='lat' dir='ltr'><strong>male</strong></span> <span class='ocrx_word' id='word_1_652' title='bbox 467 4640 504 4678; x_wconf 92' lang='lat' dir='ltr'><strong>a</strong></span> <span class='ocrx_word' id='word_1_653' title='bbox 533 4620 784 4697; x_wconf 86' lang='lat' dir='ltr'><strong>cirurgis</strong></span> <span class='ocrx_word' id='word_1_654' title='bbox 814 4630 1138 4699; x_wconf 89' lang='lat' dir='ltr'><strong>amputata,</strong></span> <span class='ocrx_word' id='word_1_655' title='bbox 1168 4645 1303 4684; x_wconf 90' lang='lat' dir='ltr'><strong>cum</strong></span> <span class='ocrx_word' id='word_1_656' title='bbox 1336 4632 1447 4687; x_wconf 91' lang='lat' dir='ltr'><strong>sub</strong></span> <span class='ocrx_word' id='word_1_657' title='bbox 1473 4634 1719 4690; x_wconf 85' lang='lat' dir='ltr'><strong>recutita</strong></span> <span class='ocrx_word' id='word_1_658' title='bbox 1746 4645 1792 4709; x_wconf 73' lang='grc' dir='ltr'><strong>ι)</strong></span> <span class='ocrx_word' id='word_1_659' title='bbox 1822 4637 2102 4709; x_wconf 88' lang='lat' dir='ltr'><strong>tus,qu0d</strong></span> <span class='ocrx_word' id='word_1_660' title='bbox 2127 4634 2341 4691; x_wconf 92' lang='lat' dir='ltr'><strong>dicitur</strong></span> <span class='ocrx_word' id='word_1_661' title='bbox 2361 4617 2647 4705; x_wconf 62' lang='lat' dir='ltr'><strong>Fara,prte</strong></span> <span class='ocrx_word' id='word_1_662' title='bbox 2662 4630 2844 4686; x_wconf 91' lang='lat' dir='ltr'><strong>nimia</strong></span> <span class='ocrx_word' id='word_1_663' title='bbox 2857 4626 3475 4684; x_wconf 85' lang='lat' dir='ltr'><strong>anxietateinsomnie—</strong></span> 
     </span>
    </p>
   </div>
   <div class='ocr_carea' id='block_1_91' title="bbox 95 4709 3470 4797">
    <p class='ocr_par' dir='ltr' id='par_1_91' title="bbox 95 4709 3470 4797">
     <span class='ocr_line' id='line_1_91' title="bbox 95 4709 3470 4797; baseline 0.002 -33"><span class='ocrx_word' id='word_1_664' title='bbox 95 4709 382 4797; x_wconf 61' lang='lat' dir='ltr'><strong>§uperﬁcie,</strong></span> <span class='ocrx_word' id='word_1_665' title='bbox 415 4717 715 4769; x_wconf 89' lang='lat' dir='ltr'><strong>tumorem</strong></span> <span class='ocrx_word' id='word_1_666' title='bbox 745 4712 1103 4772; x_wconf 87' lang='lat' dir='ltr'><strong>intrinsecus</strong></span> <span class='ocrx_word' id='word_1_667' title='bbox 1134 4711 1495 4791; x_wconf 68' lang='lat' dir='ltr'><strong>operaretur,</strong></span> <span class='ocrx_word' id='word_1_668' title='bbox 1530 4722 1715 4779; x_wconf 91' lang='lat' dir='ltr'><strong>nimio</strong></span> <span class='ocrx_word' id='word_1_669' title='bbox 1822 4729 2002 4781; x_wconf 86' lang='lat' dir='ltr'><strong>tatem</strong></span> <span class='ocrx_word' id='word_1_670' title='bbox 2034 4725 2153 4797; x_wconf 89' lang='lat' dir='ltr'><strong>pati</strong></span> <span class='ocrx_word' id='word_1_671' title='bbox 2187 4723 2383 4795; x_wconf 71' lang='lat' dir='ltr'><strong>erepit.</strong></span> <span class='ocrx_word' id='word_1_672' title='bbox 2416 4725 2550 4789; x_wconf 69' lang='lat' dir='ltr'><strong>Quae</strong></span> <span class='ocrx_word' id='word_1_673' title='bbox 2606 4736 2742 4775; x_wconf 92' lang='lat' dir='ltr'><strong>cum</strong></span> <span class='ocrx_word' id='word_1_674' title='bbox 2775 4718 3027 4774; x_wconf 91' lang='lat' dir='ltr'><strong>nimium</strong></span> <span class='ocrx_word' id='word_1_675' title='bbox 3057 4721 3470 4782; x_wconf 87' lang='lat' dir='ltr'><strong>succresceret,</strong></span> 
     </span>
    </p>
   </div>
   <div class='ocr_carea' id='block_1_92' title="bbox 95 4788 1713 4881">
    <p class='ocr_par' dir='ltr' id='par_1_92' title="bbox 95 4788 1713 4881">
     <span class='ocr_line' id='line_1_92' title="bbox 95 4788 1713 4881; baseline 0.013 -35"><span class='ocrx_word' id='word_1_676' title='bbox 95 4788 320 4856; x_wconf 83' lang='lat' dir='ltr'><strong>humoris</strong></span> <span class='ocrx_word' id='word_1_677' title='bbox 349 4801 763 4872; x_wconf 87' lang='lat' dir='ltr'><strong>reumatismo,</strong></span> <span class='ocrx_word' id='word_1_678' title='bbox 797 4802 930 4875; x_wconf 88' lang='lat' dir='ltr'><strong>plus</strong></span> <span class='ocrx_word' id='word_1_679' title='bbox 960 4788 1197 4862; x_wconf 78' lang='lat' dir='ltr'><strong>biennio</strong></span> <span class='ocrx_word' id='word_1_680' title='bbox 1224 4788 1487 4881; x_wconf 79' lang='lat' dir='ltr'><strong>vexatus,</strong></span> <span class='ocrx_word' id='word_1_681' title='bbox 1543 4810 1603 4866; x_wconf 89' lang='lat' dir='ltr'><strong>in</strong></span> <span class='ocrx_word' id='word_1_682' title='bbox 1632 4811 1713 4867; x_wconf 87' lang='lat' dir='ltr'><strong>le-</strong></span> 
     </span>
    </p>
   </div>
   <div class='ocr_carea' id='block_1_93' title="bbox 1822 4806 3474 4883">
    <p class='ocr_par' dir='ltr' id='par_1_93' title="bbox 1822 4806 3474 4883">
     <span class='ocr_line' id='line_1_93' title="bbox 1822 4806 3474 4883; baseline -0.005 -14"><span class='ocrx_word' id='word_1_683' title='bbox 1822 4814 2037 4871; x_wconf 90' lang='lat' dir='ltr'><strong>mentis</strong></span> <span class='ocrx_word' id='word_1_684' title='bbox 2065 4812 2472 4870; x_wconf 89' lang='lat' dir='ltr'><strong>alienationem</strong></span> <span class='ocrx_word' id='word_1_685' title='bbox 2524 4810 2895 4883; x_wconf 88' lang='lat' dir='ltr'><strong>operabatur.</strong></span> <span class='ocrx_word' id='word_1_686' title='bbox 2926 4806 3474 4880; x_wconf 89' lang='lat' dir='ltr'><strong>Superantibusque</strong></span> 
     </span>
    </p>
   </div>
   <div class='ocr_carea' id='block_1_94' title="bbox 96 4884 3469 4974">
    <p class='ocr_par' dir='ltr' id='par_1_94' title="bbox 96 4884 3469 4974">
     <span class='ocr_line' id='line_1_94' title="bbox 96 4884 3469 4974; baseline 0.001 -29"><span class='ocrx_word' id='word_1_687' title='bbox 96 4884 221 4974; x_wconf 57' lang='grc' dir='ltr'>ςῖῠιῐι</span> <span class='ocrx_word' id='word_1_688' title='bbox 241 4887 475 4946; x_wconf 87' lang='lat' dir='ltr'><strong>decidit.</strong></span> <span class='ocrx_word' id='word_1_689' title='bbox 509 4890 676 4946; x_wconf 89' lang='lat' dir='ltr'><strong>Unde</strong></span> <span class='ocrx_word' id='word_1_690' title='bbox 721 4895 781 4946; x_wconf 92' lang='lat' dir='ltr'><strong>et</strong></span> <span class='ocrx_word' id='word_1_691' title='bbox 808 4889 1127 4949; x_wconf 87' lang='lat' dir='ltr'><strong>intercluso</strong></span> <span class='ocrx_word' id='word_1_692' title='bbox 1161 4902 1443 4967; x_wconf 88' lang='lat' dir='ltr'><strong>reumate,</strong></span> <span class='ocrx_word' id='word_1_693' title='bbox 1478 4899 1711 4971; x_wconf 89' lang='lat' dir='ltr'><strong>penitus</strong></span> <span class='ocrx_word' id='word_1_694' title='bbox 1820 4902 2188 4971; x_wconf 89' lang='lat' dir='ltr'><strong>humoribus,</strong></span> <span class='ocrx_word' id='word_1_695' title='bbox 2222 4918 2375 4957; x_wconf 88' lang='lat' dir='ltr'><strong>anno</strong></span> <span class='ocrx_word' id='word_1_696' title='bbox 2408 4900 2570 4974; x_wconf 90' lang='lat' dir='ltr'><strong>regni</strong></span> <span class='ocrx_word' id='word_1_697' title='bbox 2600 4899 2693 4955; x_wconf 91' lang='lat' dir='ltr'><strong>sui</strong></span> <span class='ocrx_word' id='word_1_698' title='bbox 2742 4896 2989 4966; x_wconf 90' lang='lat' dir='ltr'><strong>decimo,</strong></span> <span class='ocrx_word' id='word_1_699' title='bbox 3023 4900 3088 4952; x_wconf 91' lang='lat' dir='ltr'><strong>ut</strong></span> <span class='ocrx_word' id='word_1_700' title='bbox 3117 4896 3358 4969; x_wconf 91' lang='lat' dir='ltr'><strong>quidam</strong></span> <span class='ocrx_word' id='word_1_701' title='bbox 3391 4894 3469 4951; x_wconf 88' lang='lat' dir='ltr'><strong>fe-</strong></span> 
     </span>
    </p>
   </div>
   <div class='ocr_carea' id='block_1_95' title="bbox 97 4967 1708 5057">
    <p class='ocr_par' dir='ltr' id='par_1_95' title="bbox 97 4967 1708 5057">
     <span class='ocr_line' id='line_1_95' title="bbox 97 4967 1708 5057; baseline 0.014 -34"><span class='ocrx_word' id='word_1_702' title='bbox 97 4967 356 5033; x_wconf 79' lang='lat' dir='ltr'><strong>iutumuit.</strong></span> <span class='ocrx_word' id='word_1_703' title='bbox 381 4977 737 5052; x_wconf 86' lang='lat' dir='ltr'><strong>Sicquetoto</strong></span> <span class='ocrx_word' id='word_1_704' title='bbox 759 4979 1079 5053; x_wconf 89' lang='lat' dir='ltr'><strong>erisipilato</strong></span> <span class='ocrx_word' id='word_1_705' title='bbox 1096 4967 1543 5057; x_wconf 77' lang='lat' dir='ltr'><strong>corpore,vitam</strong></span> <span class='ocrx_word' id='word_1_706' title='bbox 1563 4989 1708 5045; x_wconf 89' lang='lat' dir='ltr'><strong>ami-</strong></span> 
     </span>
    </p>
   </div>
   <div class='ocr_carea' id='block_1_96' title="bbox 1820 4984 3468 5061">
    <p class='ocr_par' dir='ltr' id='par_1_96' title="bbox 1820 4984 3468 5061">
     <span class='ocr_line' id='line_1_96' title="bbox 1820 4984 3468 5061; baseline -0.004 -14"><span class='ocrx_word' id='word_1_707' title='bbox 1820 4996 1957 5048; x_wconf 90' lang='lat' dir='ltr'><strong>runt</strong></span> <span class='ocrx_word' id='word_1_708' title='bbox 1986 4992 2206 5061; x_wconf 88' lang='lat' dir='ltr'><strong>mania,</strong></span> <span class='ocrx_word' id='word_1_709' title='bbox 2239 4990 2336 5048; x_wconf 90' lang='lat' dir='ltr'><strong>alii</strong></span> <span class='ocrx_word' id='word_1_710' title='bbox 2378 4990 2613 5059; x_wconf 89' lang='lat' dir='ltr'><strong>frenesi,</strong></span> <span class='ocrx_word' id='word_1_711' title='bbox 2646 4989 2823 5044; x_wconf 84' lang='lat' dir='ltr'><strong>ﬁnem</strong></span> <span class='ocrx_word' id='word_1_712' title='bbox 2883 4986 3011 5043; x_wconf 74' lang='lat' dir='ltr'><strong>vitae</strong></span> <span class='ocrx_word' id='word_1_713' title='bbox 3070 4985 3291 5058; x_wconf 89' lang='lat' dir='ltr'><strong>accepit</strong></span> <span class='ocrx_word' id='word_1_714' title='bbox 3320 4984 3468 5056; x_wconf 76' lang='lat'><strong>(898,</strong></span> 
     </span>
    </p>
   </div>
   <div class='ocr_carea' id='block_1_97' title="bbox 1402 5102 2099 5165">
    <p class='ocr_par' dir='ltr' id='par_1_97' title="bbox 1402 5102 2099 5165">
     <span class='ocr_line' id='line_1_97' title="bbox 1402 5102 2099 5165; baseline 0.01 -8"><span class='ocrx_word' id='word_1_715' title='bbox 1402 5102 1646 5161; x_wconf 68' lang='grc' dir='ltr'><strong>νΑΗιιΕ</strong></span> <span class='ocrx_word' id='word_1_716' title='bbox 1687 5107 2099 5165; x_wconf 86' lang='lat' dir='ltr'><strong>LECTIONES.</strong></span> 
     </span>
    </p>
   </div>
   <div class='ocr_carea' id='block_1_98' title="bbox 145 5186 3464 5330">
    <p class='ocr_par' dir='ltr' id='par_1_98' title="bbox 145 5186 3464 5330">
     <span class='ocr_line' id='line_1_98' title="bbox 145 5186 3464 5316; baseline 0.001 -67"><span class='ocrx_word' id='word_1_717' title='bbox 145 5186 300 5316; x_wconf 52' lang='lat' dir='ltr'><strong>:biig,</strong></span> <span class='ocrx_word' id='word_1_718' title='bbox 331 5208 425 5273; x_wconf 77' lang='lat' dir='ltr'><strong>em</strong></span> <span class='ocrx_word' id='word_1_719' title='bbox 483 5193 717 5275; x_wconf 59' lang='lat' dir='ltr'><strong>abscisa.</strong></span> <span class='ocrx_word' id='word_1_720' title='bbox 750 5193 795 5227; x_wconf 73' lang='lat'><strong>‘5</strong></span> <span class='ocrx_word' id='word_1_721' title='bbox 824 5192 908 5250; x_wconf 92' lang='lat' dir='ltr'><strong>Pl.</strong></span> <span class='ocrx_word' id='word_1_722' title='bbox 933 5195 1004 5277; x_wconf 74' lang='lat' dir='ltr'><strong>de</strong></span> <span class='ocrx_word' id='word_1_723' title='bbox 1061 5195 1324 5279; x_wconf 70' lang='lat' dir='ltr'><strong>privatis,</strong></span> <span class='ocrx_word' id='word_1_724' title='bbox 1371 5201 1744 5286; x_wconf 71' lang='lat' dir='ltr'><strong>multumque</strong></span> <span class='ocrx_word' id='word_1_725' title='bbox 1794 5206 1865 5260; x_wconf 86' lang='lat' dir='ltr'><strong>de</strong></span> <span class='ocrx_word' id='word_1_726' title='bbox 1907 5223 2119 5262; x_wconf 91' lang='lat' dir='ltr'><strong>comm.</strong></span> <span class='ocrx_word' id='word_1_727' title='bbox 2176 5206 2251 5271; x_wconf 83' lang='lat' dir='ltr'><strong>I.,</strong></span> <span class='ocrx_word' id='word_1_728' title='bbox 2292 5207 2438 5261; x_wconf 80' lang='lat' dir='ltr'><strong>linea</strong></span> <span class='ocrx_word' id='word_1_729' title='bbox 2484 5205 2747 5287; x_wconf 54' lang='lat' dir='ltr'><strong>subducta</strong></span> <span class='ocrx_word' id='word_1_730' title='bbox 2796 5205 2867 5259; x_wconf 92' lang='lat' dir='ltr'><strong>de</strong></span> <span class='ocrx_word' id='word_1_731' title='bbox 2992 5219 3071 5257; x_wconf 91' lang='lat' dir='ltr'><strong>m.</strong></span> <span class='ocrx_word' id='word_1_732' title='bbox 3103 5202 3276 5283; x_wconf 70' lang='lat' dir='ltr'><strong>deleta</strong></span> <span class='ocrx_word' id='word_1_733' title='bbox 3319 5206 3464 5256; x_wconf 78' lang='lat' dir='ltr'><strong>sunt.</strong></span> 
     </span>
     <span class='ocr_line' id='line_1_99' title="bbox 147 5264 3464 5330; baseline 0.003 -13"><span class='ocrx_word' id='word_1_734' title='bbox 147 5328 152 5330; x_wconf 93' lang='lat'>_</span> <span class='ocrx_word' id='word_1_735' title='bbox 268 5267 408 5319; x_wconf 80' lang='lat' dir='ltr'><strong>ntia.</strong></span> <span class='ocrx_word' id='word_1_736' title='bbox 444 5281 545 5330; x_wconf 80' lang='lat' dir='ltr'><strong>qui</strong></span> <span class='ocrx_word' id='word_1_737' title='bbox 590 5264 873 5330; x_wconf 68' lang='lat' dir='ltr'><strong>Sequana:</strong></span> <span class='ocrx_word' id='word_1_738' title='bbox 916 5265 1223 5330; x_wconf 77' lang='lat' dir='ltr'><strong>Ligerlque</strong></span> <span class='ocrx_word' id='word_1_739' title='bbox 1270 5268 1464 5327; x_wconf 83' lang='lat' dir='ltr'><strong>fluvns</strong></span> <span class='ocrx_word' id='word_1_740' title='bbox 1495 5277 1839 5330; x_wconf 80' lang='lat' dir='ltr'><strong>interiacent</strong></span> <span class='ocrx_word' id='word_1_741' title='bbox 1883 5277 2073 5330; x_wconf 79' lang='lat' dir='ltr'><strong>deleta.</strong></span> <span class='ocrx_word' id='word_1_742' title='bbox 2135 5279 2175 5312; x_wconf 71' lang='lat'><strong>‘7</strong></span> <span class='ocrx_word' id='word_1_743' title='bbox 2206 5280 2315 5330; x_wconf 89' lang='lat' dir='ltr'><strong>An.</strong></span> <span class='ocrx_word' id='word_1_744' title='bbox 2356 5278 2576 5330; x_wconf 81' lang='lat' dir='ltr'><strong>domini</strong></span> <span class='ocrx_word' id='word_1_745' title='bbox 2610 5278 2841 5330; x_wconf 78' lang='lat' dir='ltr'><strong>abscisa.</strong></span> <span class='ocrx_word' id='word_1_746' title='bbox 2974 5276 3027 5329; x_wconf 88' lang='lat'><strong>5.</strong></span> <span class='ocrx_word' id='word_1_747' title='bbox 3064 5272 3189 5327; x_wconf 91' lang='lat' dir='ltr'><strong>Kal.</strong></span> <span class='ocrx_word' id='word_1_748' title='bbox 3224 5289 3335 5330; x_wconf 79' lang='lat' dir='ltr'><strong>1am</strong></span> <span class='ocrx_word' id='word_1_749' title='bbox 3364 5272 3464 5326; x_wconf 87' lang='lat' dir='ltr'><strong>ab-</strong></span> 
     </span>
    </p>
   </div>
   <div class='ocr_carea' id='block_1_99' title="bbox 92 5254 2784 5356">
    <p class='ocr_par' dir='ltr' id='par_1_99' title="bbox 92 5254 2784 5356">
     <span class='ocr_line' id='line_1_100' title="bbox 92 5254 2784 5356; baseline -0.003 -16"><span class='ocrx_word' id='word_1_750' title='bbox 92 5254 408 5356; x_wconf 48' lang='grc' dir='ltr'><strong>ῗέξδθῗξίθθ</strong></span> <span class='ocrx_word' id='word_1_751' title='bbox 444 5263 545 5336; x_wconf 65' lang='lat' dir='ltr'><strong>qni</strong></span> <span class='ocrx_word' id='word_1_752' title='bbox 585 5264 877 5356; x_wconf 59' lang='grc' dir='ltr'><strong>βείιυειοξ</strong></span> <span class='ocrx_word' id='word_1_753' title='bbox 916 5254 1223 5356; x_wconf 60' lang='grc' dir='ltr'><strong>Ιείεεὲἰψεθ</strong></span> <span class='ocrx_word' id='word_1_754' title='bbox 1270 5254 1464 5356; x_wconf 50' lang='lat' dir='ltr'><strong>fluviis</strong></span> <span class='ocrx_word' id='word_1_755' title='bbox 1495 5254 1839 5356; x_wconf 60' lang='lat' dir='ltr'><strong>ipterjacent</strong></span> <span class='ocrx_word' id='word_1_756' title='bbox 1883 5254 2077 5356; x_wconf 55' lang='lat' dir='ltr'><strong>detegi:</strong></span> <span class='ocrx_word' id='word_1_757' title='bbox 2135 5279 2175 5312; x_wconf 70' lang='grc'><strong>⁸⁷</strong></span> <span class='ocrx_word' id='word_1_758' title='bbox 2206 5254 2315 5347; x_wconf 62' lang='grc' dir='ltr'><strong>Ᾰη,</strong></span> <span class='ocrx_word' id='word_1_759' title='bbox 2356 5277 2576 5333; x_wconf 91' lang='lat' dir='ltr'><strong>domini</strong></span> <span class='ocrx_word' id='word_1_760' title='bbox 2610 5278 2784 5331; x_wconf 77' lang='lat' dir='ltr'><strong>abscz‘s</strong></span> 
     </span>
    </p>
   </div>
   <div class='ocr_carea' id='block_1_100' title="bbox 2974 5272 3468 5343">
    <p class='ocr_par' dir='ltr' id='par_1_100' title="bbox 2974 5272 3468 5343">
     <span class='ocr_line' id='line_1_101' title="bbox 2974 5272 3468 5343; baseline -0.006 -14"><span class='ocrx_word' id='word_1_761' title='bbox 2974 5276 3027 5329; x_wconf 87' lang='lat'><strong>5.</strong></span> <span class='ocrx_word' id='word_1_762' title='bbox 3064 5272 3189 5327; x_wconf 91' lang='lat' dir='ltr'><strong>Kal.</strong></span> <span class='ocrx_word' id='word_1_763' title='bbox 3213 5272 3335 5343; x_wconf 87' lang='lat' dir='ltr'><strong>jam</strong></span> <span class='ocrx_word' id='word_1_764' title='bbox 3364 5272 3468 5326; x_wconf 88' lang='lat' dir='ltr'><strong>ab-</strong></span> 
     </span>
    </p>
   </div>
   <div class='ocr_carea' id='block_1_101' title="bbox 91 5328 2098 5415">
    <p class='ocr_par' dir='ltr' id='par_1_101' title="bbox 91 5328 2098 5415">
     <span class='ocr_line' id='line_1_102' title="bbox 91 5328 2098 5415; baseline 0.01 -31"><span class='ocrx_word' id='word_1_765' title='bbox 91 5328 220 5385; x_wconf 64' lang='lat' dir='ltr'><strong>u‘isa.</strong></span> <span class='ocrx_word' id='word_1_766' title='bbox 273 5335 318 5369; x_wconf 75' lang='lat'><strong><em>&quot;</em></strong></span> <span class='ocrx_word' id='word_1_767' title='bbox 345 5328 510 5407; x_wconf 48' lang='lat' dir='ltr'><strong>per-0</strong></span> <span class='ocrx_word' id='word_1_768' title='bbox 539 5328 777 5391; x_wconf 62' lang='lat' dir='ltr'><strong>abscisa.</strong></span> <span class='ocrx_word' id='word_1_769' title='bbox 832 5337 877 5371; x_wconf 79' lang='grc' dir='ltr'><strong>⁸ο</strong></span> <span class='ocrx_word' id='word_1_770' title='bbox 905 5341 963 5392; x_wconf 89' lang='lat' dir='ltr'><strong>et</strong></span> <span class='ocrx_word' id='word_1_771' title='bbox 984 5328 1106 5410; x_wconf 61' lang='lat' dir='ltr'><strong>opp</strong></span> <span class='ocrx_word' id='word_1_772' title='bbox 1126 5328 1365 5396; x_wconf 61' lang='lat' dir='ltr'><strong>abscisa.</strong></span> <span class='ocrx_word' id='word_1_773' title='bbox 1426 5345 1464 5377; x_wconf 74' lang='grc' dir='ltr'><strong>δ’</strong></span> <span class='ocrx_word' id='word_1_774' title='bbox 1503 5328 1837 5415; x_wconf 43' lang='lat' dir='ltr'><strong>cessata</strong></span> <span class='ocrx_word' id='word_1_775' title='bbox 1865 5328 2098 5405; x_wconf 51' lang='lat'><strong>(£53556.</strong></span> 
     </span>
    </p>
   </div>
   <div class='ocr_carea' id='block_1_102' title="bbox 1647 5462 1881 5519">
    <p class='ocr_par' dir='ltr' id='par_1_102' title="bbox 1647 5462 1881 5519">
     <span class='ocr_line' id='line_1_103' title="bbox 1647 5462 1881 5519; baseline 0.004 -2"><span class='ocrx_word' id='word_1_776' title='bbox 1647 5462 1881 5519; x_wconf 68' lang='lat' dir='ltr'><strong>NOTAE.</strong></span> 
     </span>
    </p>
   </div>
   <div class='ocr_carea' id='block_1_103' title="bbox 142 5537 435 5605">
    <p class='ocr_par' dir='ltr' id='par_1_103' title="bbox 142 5537 435 5605">
     <span class='ocr_line' id='line_1_104' title="bbox 142 5537 435 5605; baseline -0.014 0"><span class='ocrx_word' id='word_1_777' title='bbox 142 5537 241 5605; x_wconf 66' lang='lat'><strong>(64)</strong></span> <span class='ocrx_word' id='word_1_778' title='bbox 266 5544 435 5602; x_wconf 72' lang='lat' dir='ltr'><strong>uois.</strong></span> 
     </span>
    </p>
   </div>
   <div class='ocr_carea' id='block_1_104' title="bbox 143 5609 614 5686">
    <p class='ocr_par' dir='ltr' id='par_1_104' title="bbox 143 5609 614 5686">
     <span class='ocr_line' id='line_1_105' title="bbox 143 5609 614 5686; baseline 0 0"><span class='ocrx_word' id='word_1_779' title='bbox 143 5609 238 5686; x_wconf 59' lang='lat' dir='ltr'><strong>(ﬁt?)</strong></span> <span class='ocrx_word' id='word_1_780' title='bbox 265 5615 614 5686; x_wconf 71' lang='grc' dir='ltr'><strong>ᾼηροιιιέτηεο</strong></span> 
     </span>
    </p>
   </div>
   <div class='ocr_carea' id='block_1_105' title="bbox 143 5680 1702 5772">
    <p class='ocr_par' dir='ltr' id='par_1_105' title="bbox 143 5680 1702 5772">
     <span class='ocr_line' id='line_1_106' title="bbox 143 5680 1702 5772; baseline 0.015 -38"><span class='ocrx_word' id='word_1_781' title='bbox 143 5680 237 5754; x_wconf 73' lang='lat'><strong>(66)</strong></span> <span class='ocrx_word' id='word_1_782' title='bbox 267 5680 517 5746; x_wconf 77' lang='lat' dir='ltr'><strong>Lotharii</strong></span> <span class='ocrx_word' id='word_1_783' title='bbox 549 5704 798 5761; x_wconf 87' lang='lat' dir='ltr'><strong>regnum</strong></span> <span class='ocrx_word' id='word_1_784' title='bbox 827 5695 965 5748; x_wconf 91' lang='lat' dir='ltr'><strong>tunc</strong></span> <span class='ocrx_word' id='word_1_785' title='bbox 996 5694 1278 5767; x_wconf 91' lang='lat' dir='ltr'><strong>temporis</strong></span> <span class='ocrx_word' id='word_1_786' title='bbox 1323 5698 1565 5756; x_wconf 86' lang='lat' dir='ltr'><strong>Arnulfo</strong></span> <span class='ocrx_word' id='word_1_787' title='bbox 1596 5716 1702 5772; x_wconf 90' lang='lat' dir='ltr'><strong>pa-</strong></span> 
     </span>
    </p>
   </div>
   <div class='ocr_carea' id='block_1_106' title="bbox 1813 5551 3460 5634">
    <p class='ocr_par' dir='ltr' id='par_1_106' title="bbox 1813 5551 3460 5634">
     <span class='ocr_line' id='line_1_107' title="bbox 1813 5551 3460 5634; baseline -0.007 -18"><span class='ocrx_word' id='word_1_788' title='bbox 1813 5561 2002 5634; x_wconf 79' lang='lat' dir='ltr'><strong>ruisse</strong></span> <span class='ocrx_word' id='word_1_789' title='bbox 2033 5566 2281 5629; x_wconf 90' lang='lat' dir='ltr'><strong>constat,</strong></span> <span class='ocrx_word' id='word_1_790' title='bbox 2315 5563 2494 5634; x_wconf 82' lang='lat' dir='ltr'><strong>igitur</strong></span> <span class='ocrx_word' id='word_1_791' title='bbox 2514 5562 2574 5617; x_wconf 89' lang='lat' dir='ltr'><strong>hi</strong></span> <span class='ocrx_word' id='word_1_792' title='bbox 2597 5566 2714 5616; x_wconf 90' lang='lat' dir='ltr'><strong>tres</strong></span> <span class='ocrx_word' id='word_1_793' title='bbox 2736 5555 3159 5631; x_wconf 87' lang='lat' dir='ltr'><strong>archiepiscopi</strong></span> <span class='ocrx_word' id='word_1_794' title='bbox 3190 5551 3460 5609; x_wconf 87' lang='lat' dir='ltr'><strong>Carolum</strong></span> 
     </span>
    </p>
   </div>
   <div class='ocr_carea' id='block_1_107' title="bbox 1814 5631 2775 5706">
    <p class='ocr_par' dir='ltr' id='par_1_107' title="bbox 1814 5631 2775 5706">
     <span class='ocr_line' id='line_1_108' title="bbox 1814 5631 2775 5706; baseline -0.003 -18"><span class='ocrx_word' id='word_1_795' title='bbox 1814 5631 2056 5689; x_wconf 91' lang='lat' dir='ltr'><strong>minime</strong></span> <span class='ocrx_word' id='word_1_796' title='bbox 2088 5649 2281 5706; x_wconf 90' lang='lat' dir='ltr'><strong>regem</strong></span> <span class='ocrx_word' id='word_1_797' title='bbox 2313 5631 2423 5692; x_wconf 83' lang='lat' dir='ltr'><strong>sibi</strong></span> <span class='ocrx_word' id='word_1_798' title='bbox 2457 5634 2775 5706; x_wconf 89' lang='lat' dir='ltr'><strong>elegerunt.</strong></span> 
     </span>
    </p>
   </div>
   <div class='ocr_carea' id='block_1_108' title="bbox 3422 5858 3545 5923">
    <p class='ocr_par' dir='ltr' id='par_1_108' title="bbox 3422 5858 3545 5923">
     <span class='ocr_line' id='line_1_109' title="bbox 3422 5858 3545 5923; baseline 0 -32"><span class='ocrx_word' id='word_1_799' title='bbox 3422 5858 3545 5923; x_wconf 46' lang='grc' dir='ltr'>π</span> 
     </span>
    </p>
   </div>
  </div>
