3838 6238
293 380 368 447 37
1212 390 1215 391 ⁷
1389 389 1704 451 ΒΙΟΗΕΡιΙ
1750 391 1814 452 8.
1865 388 1936 452 Ill

2046 392 2169 453 [an
2214 389 2594 453 MONACHI.
3629 385 3721 447 28
3767 459 3771 462 ,

290 518 413 575 Jan.
447 517 522 591 ί).
557 516 915 575 Tumulatur
942 520 986 555 ⁵⁸
1014 535 1147 576 vero
1178 537 1310 577 cum
1360 522 1405 556 ⁸³
1461 522 1645 578 multo
1695 540 1937 579 suorum
1966 526 2019 591 Α
2050 523 2217 579 lateri
2248 523 2410 579 solus
2456 522 2719 589 haereret,
2768 520 3010 594 pilleum
3050 518 3224 577 etiam
3251 537 3285 576 a
3316 517 3502 592 capite
3535 518 3720 592 regis

291 604 567 675 lamento,
602 608 664 663 in
689 608 932 665 basilica
956 609 1142 665 sancti
1169 611 1212 644 ³³
1241 609 1482 665 Dionisii
1514 611 1792 667 martiris.
1900 654 1903 657 .

366 697 450 752 14.
475 696 645 753 Mores
662 699 875 753 Karoli.
894 730 961 738 —
980 699 1229 756 Karolus
1249 700 1445 771 itaque
1468 717 1565 755 rex
1586 705 1838 768 creatus,
1862 701 1933 756 ad

291 785 544 841 multam
586 787 1033 843 benivolentiam
1075 789 1430 844 intendebat.
1464 791 1713 862 Corpore
1773 808 1933 863 pres-

293 875 464 945 tanti,
478 875 711 949 ingenio
725 877 872 933 bono
892 876 1259 950 simplicique
1276 879 1337 933 ⁵³.
1360 878 1656 934 Exercitiis
1676 879 1937 935 militari-

292 963 405 1021 bus
415 981 530 1019 non
545 966 686 1021 adeo
699 966 1726 1024 assuefactus.Atlitterisliberalibus
1739 968 1808 1023 ad
1819 985 1936 1023 mo-

293 1053 435 1109 dum
457 1054 741 1110 eruditus.
768 1056 831 1110 In
863 1055 1054 1111 dando
1088 1056 1381 1127 profusus,
1416 1056 1660 1111 minime
1700 1074 1932 1124 avarus,

292 1141 522 1215 Duplici
554 1144 755 1199 morbo
782 1144 1073 1210 notabilis,
1109 1144 1373 1200 libidinis
1418 1145 1836 1218 intemperans,
1870 1163 1937 1201 ac

292 1230 445 1286 circa
470 1233 837 1304 exsequenda
874 1233 1094 1305 juditia
1137 1233 1309 1305 paulo
1360 1233 1758 1307 neglegentior
1804 1236 1933 1290 fuit.

293 1320 611 1377 Galliarum
647 1320 936 1395 principes
952 1323 1002 1377 ei
1023 1323 1221 1378 animo
1244 1340 1311 1378 ac
1339 1328 1705 1379 sacramento
1728 1324 1936 1379 annexi

294 1413 450 1466 sunt.
486 1411 718 1465 Necnon
752 1417 807 1466 et
838 1412 1149 1467 Rotbertus
1207 1412 1428 1467 Odonis
1476 1412 1628 1484 regis
1679 1412 1937 1469 defuncti

290 1497 484 1565 frater,
518 1499 604 1554 vir
652 1499 980 1556 industrius
1009 1505 1185 1572 atque
1216 1500 1455 1556 audatia
1487 1501 1780 1573 plurimus
1812 1519 1939 1558 sese

290 1587 678 1643 militaturum
730 1589 849 1661 regi
882 1590 1376 1645 accommodat“.
1419 1592 1600 1655 Quem
1634 1590 1810 1646 etiam
1842 1608 1939 1646 rex

291 1675 516 1731 Celtica
546 1677 755 1733 ducem
788 1678 1049 1750 praeﬁcit,
1082 1695 1149 1732 ac
1178 1677 1235 1733 in
1269 1695 1337 1734 ea
1368 1679 1631 1734 omnium
1664 1680 1940 1752 gerendo-

291 1781 423 1820 rum
457 1764 851 1821 ordinatorem
908 1767 1209 1835 concedit;
1243 1768 1372 1839 ejus
1402 1768 1447 1802 ⁵⁵
1479 1768 1595 1823 fere
1646 1786 1748 1840 per
1794 1786 1937 1841 qua-

2046 611 2353 684 sepissime
2408 615 2736 683 sumptum,
2770 609 2963 682 palam
2996 607 3109 665 sibi
3152 609 3495 681 imponeret.
3527 607 3721 671 Quod

2045 701 2220 756 etiam
2239 700 2485 756 multum
2503 700 2625 773 regi
2643 699 2840 755 intulit
2857 699 3047 755 labem
3066 699 3129 753 ⁸⁵.
3153 699 3223 754 Et
3239 698 3394 753 enim
3419 696 3721 769 primates

2046 789 2103 845 id
2137 789 2387 845 ferentes
2419 789 2749 862 indignum,
2784 805 2977 861 regem
3013 788 3249 853 adeunt,
3279 803 3346 842 ac
3375 784 3528 857 apud
3557 801 3719 839 eum

2045 879 2189 935 satis
2205 880 2249 914 ⁶⁶
2271 883 2729 951 conqueruntur,
2744 876 3045 933 hominem
3067 874 3334 931 obscuris
3353 874 3723 947 parentibus

2044 973 2271 1036 natum,
2306 968 2476 1041 regiae
2507 967 2777 1041 dignitati
2809 966 3063 1021 multum
3087 966 3387 1037 derogare,
3409 978 3543 1018 cum
3579 962 3721 1016 acsi

2045 1057 2368 1131 indigentia
2384 1057 2687 1126 nobilium,
2707 1057 2832 1129 ipse
2854 1060 3157 1126 tamquam
3176 1051 3551 1109 consulturus
3580 1050 3721 1123 regi
3772 1130 3777 1135 ἡ

2046 1146 2301 1202 assistat.
2339 1147 2405 1201 Et
2436 1145 2548 1201 nisi
2580 1163 2614 1200 a
2641 1150 2805 1201 tanta
2834 1142 3257 1200 consuetudine
3277 1144 3489 1205 cesset,
3512 1156 3659 1194 sese
3684 1155 3723 1192 a

2048 1236 2200 1308 regis
2231 1235 2472 1291 consilio
2503 1235 2736 1307 penitus
2767 1234 3151 1289 discessuros.
3177 1232 3297 1287 Rex
3317 1227 3727 1285 dissuasioni-

2046 1325 2158 1379 bus
2192 1324 2285 1380 his
2316 1324 2558 1379 minime
2589 1322 2883 1388 credulus,
2912 1340 2946 1377 a
2976 1321 3186 1377 dilecto
3217 1336 3334 1374 non
3357 1317 3551 1374 cessit.

2122 1415 2207 1468 16.
2242 1414 2414 1484 (920.)
2448 1413 2761 1482 Indignatio
2776 1413 2819 1447 ⁸⁷
2844 1412 3086 1467 Rotberti
3105 1411 3148 1444 ⁸⁷
3173 1411 3229 1463 in
3256 1409 3623 1477 Haganonem
3646 1408 3720 1459 ⁵⁷.

2046 1534 2114 1541 ——
2146 1503 2370 1557 Interea
2415 1501 2650 1574 Belgicae
2679 1502 2723 1537 ⁸⁸
2755 1500 2999 1556 urbibus
3024 1501 3069 1534 ⁶⁹
3098 1503 3275 1571 atque
3327 1495 3560 1569 oppidis
3613 1495 3724 1550 fir-

2048 1591 2314 1647 missime
2337 1591 2589 1663 optentis
2612 1592 2674 1658 7°,
2697 1589 2757 1645 in
2781 1589 3055 1645 Celticam
3076 1588 3243 1654 redit,
3269 1603 3337 1642 ac
3355 1586 3500 1641 urbe
3521 1586 3726 1641 Sues-

2048 1680 2248 1735 sonica
2278 1679 2483 1752 recipit
2512 1696 2659 1735 sese.
2695 1680 2817 1734 Huc
2849 1696 2918 1734 ex
2965 1677 3123 1733 omni
3173 1675 3363 1731 Gallia
3405 1674 3723 1748 principes

2048 1770 2370 1825 conﬂuunt.
2401 1769 2523 1823 Huc
2554 1769 2729 1824 etiam
2761 1766 3018 1823 minores
3043 1768 3083 1801 “¹¹
3118 1764 3302 1821 multo
3335 1765 3532 1819 favore
3561 1779 3724 1818 con-

290 1854 626 1911 driennium
685 1855 928 1912 consilio
974 1862 1164 1923 utens,
1216 1856 1386 1929 eique
1435 1858 1753 1913 admodum
1801 1876 1936 1914 con-
1968 1896 2014 1961 B
2044 1859 2287 1913 veniunt
2313 1860 2381 1925 τ’,
2412 1858 2567 1913 Inter
2595 1874 2743 1929 quos
2797 1873 2932 1911 cum
2982 1855 3317 1921 Rotbertus,
3365 1853 3427 1907 in
3480 1852 3726 1923 majore

291 1960 588 1999 suescens.
612 1946 658 2000 A
686 1962 801 2017 quo
823 1962 925 2018 per
946 1946 1276 2002 Neustriam
1294 1946 1581 2003 deductus
1602 1948 1667 2018 ⁸⁵,
1690 1948 1937 2004 urbibus

289 2035 467 2104 atque
495 2034 726 2106 oppidis
757 2034 827 2090 ab
877 2050 943 2091 eo
972 2040 1237 2108 receptus
1258 2040 1365 2092 est.
1392 2035 1722 2109 Urbemque
1753 2038 1937 2093 Turo-

289 2121 480 2177 nicam
515 2126 737 2195 petens,
771 2124 1029 2196 plurima
1059 2124 1186 2180 auri
1237 2130 1411 2197 atque
1439 2127 1663 2198 argenti
1696 2125 1933 2195 talenta,

291 2214 495 2267 sancto
526 2212 776 2269 Martino
799 2212 1115 2270 liberaliter
1135 2214 1415 2286 impertit.
1439 2217 1485 2269 A
1509 2216 1678 2286 cujus
1705 2216 1938 2271 servito-

290 2298 453 2357 ribus
482 2318 587 2373 pro
618 2318 744 2358 sese
775 2303 897 2358 ﬁeri
943 2303 1378 2374 deprecationes
1422 2303 1749 2375 postulans,
1802 2322 1935 2376 per-

288 2389 469 2460 petim
513 2389 836 2447 cotidianas
885 2391 1158 2446 obtinuit.
1195 2392 1333 2447 Inde
1381 2408 1614 2464 quoque
1663 2392 1938 2449 omnibus

291 2476 544 2533 obtentis
575 2478 829 2547 rediens,
866 2479 1155 2552 Belgicam
1188 2480 1415 2552 repetit,
1450 2497 1515 2536 ac
1537 2486 1805 2539 sanctum
1839 2483 1942 2537 Re-

289 2564 538 2637 migium
587 2567 757 2623 donis
799 2567 1048 2641 egregiis
1096 2568 1362 2624 honorat.
1413 2570 1482 2624 Et
1529 2569 1613 2625 sic
1662 2570 1938 2626 Rotberto

291 2653 479 2710 Gallia
501 2655 543 2689 ⁸⁷
568 2654 781 2712 Celtica
806 2656 1034 2725 collata,
1061 2657 1120 2713 in
1144 2657 1455 2714 Saxoniam
1478 2659 1521 2693 ⁸⁸
1546 2660 1659 2731 (67)
1679 2660 1935 2728 secedit;

289 2744 460 2813 cujus
492 2743 668 2799 urbes
698 2746 982 2817 sedesque
1008 2745 1195 2819 regias
1224 2746 1486 2803 lustrans
1516 2764 1649 2804 cum
1683 2747 1944 2821 Oppidis,

291 2830 454 2888 nullo
501 2834 785 2890 renitente
831 2834 1103 2890 obtinuit.
1155 2836 1261 2891 Ubi
1303 2838 1348 2871 5°
1378 2836 1552 2892 etiam
1603 2836 1937 2892 Heinricum

291 2921 449 2994 regio
478 2938 688 2995 genere
734 2922 1023 2993 inclitum,
1056 2942 1122 2981 ac
1170 2925 1305 2981 inde
1360 2926 1695 2993 oriundum,
1729 2927 1939 2981 ducem

290 3011 567 3067 omnibus
597 3012 858 3085 praeﬁcit.
893 3015 1194 3069 Sarmatas
1212 3015 1258 3049 ⁶⁰
1280 3014 1501 3086 absque
1522 3014 1722 3086 praelio
1745 3015 1940 3070 subdi-

289 3103 381 3156 tos
410 3100 635 3156 habuit.
666 3101 884 3175 Anglos
914 3103 955 3137 σί
991 3120 1224 3175 quoque
1254 3120 1320 3158 ac
1351 3102 1605 3176 reliquos
1648 3108 1940 3159 transma-

291 3186 553 3244 rinorum
604 3190 870 3262 populos,
910 3191 1059 3247 mira
1089 3191 1477 3248 benivolentia
1503 3194 1549 3227 ⁸³
1579 3192 1689 3248 sibi
1721 3193 1937 3266 adegit.

2046 1947 2233 2021 gratia
2254 1948 2408 2020 apud
2432 1964 2625 2020 regem
2648 1962 2774 2001 sese
2799 1944 2998 2000 haberi
3021 1947 3273 2017 putaret,
3299 1944 3502 2014 utpote
3526 1956 3722 2012 quem

2045 2037 2255 2093 ducem
2288 2037 2346 2091 in
2377 2036 2593 2092 Celtica
2627 2035 2903 2090 omnibus
2934 2034 3289 2105 praefecerat,
3337 2046 3475 2086 cum
3508 2046 3621 2085 rex
3658 2028 3722 2082 in

2046 2124 2261 2198 palatio
2300 2125 2566 2195 sedisset,
2599 2125 2727 2196 ejus
2773 2125 2948 2195 jussu
3005 2123 3123 2177 dux
3179 2121 3398 2186 dexter,
3459 2123 3723 2191 Hagano

2046 2231 2279 2287 quoque
2310 2214 2362 2269 ei
2392 2213 2553 2269 levus
2584 2213 2802 2285 pariter
2830 2212 3064 2269 resedit.
3090 2211 3405 2266 Rotbertus
3427 2225 3564 2263 vero
3595 2207 3726 2262 dux

2044 2304 2217 2359 tacite
2237 2303 2546 2375 indignum
2572 2303 2789 2358 ferebat
2807 2318 3118 2373 personam
3144 2298 3500 2354 mediocrem
3522 2297 3570 2332 ⁷³
3596 2295 3722 2351 sibi

2046 2392 2285 2465 aequari,
2310 2390 2801 2465 magnatibusque
2825 2389 3101 2462 praeponi.
3125 2390 3199 2443 At
3221 2388 3369 2442 iram
3398 2385 3721 2459 mitigans,

2046 2483 2311 2539 animum
2345 2481 2778 2549 dissimulabat,
2811 2481 2905 2535 vix
2928 2480 3045 2552 regi
3066 2495 3248 2552 pauca
3270 2476 3525 2533 locutus.
3556 2475 3724 2531 Cele-

2048 2572 2172 2628 rius
2203 2588 2338 2644 ergo
2370 2571 2576 2645 surgit,
2602 2588 2667 2626 ac
2685 2587 2818 2625 cum
2840 2569 2963 2625 suis
2982 2566 3292 2625 consilium
3315 2567 3565 2623 confert.
3588 2567 3724 2631 Quo

2048 2660 2273 2728 collato,
2310 2661 2429 2733 regi
2455 2677 2557 2732 per
2586 2658 2807 2731 legatos
2839 2658 3118 2732 suggerit,
3152 2672 3279 2713 sese
3308 2655 3571 2728 perferre
3595 2672 3722 2710 non

2048 2767 2221 2822 posse
2252 2750 2365 2805 sibi
2389 2750 2763 2822 Haganonem
2787 2747 3026 2820 aequari,
3053 2744 3526 2819 primatibusque
3550 2748 3725 2799 ante-

2050 2839 2208 2895 ferri.
2242 2839 2554 2911 Indignum
2590 2838 2767 2893 etiam
2797 2836 2978 2892 videri
3024 2833 3365 2907 hujusmodi
3398 2832 3720 2888 hominem

2048 2926 2168 2999 regi
2191 2926 2428 2991 haerere,
2454 2930 2510 2981 et
2524 2924 2820 2980 Gallorum
2847 2923 3245 2980 nobilissimos
3266 2920 3437 2994 longe
3454 2920 3723 2976 absiste-

2050 3031 2148 3083 re;
2183 3031 2356 3087 quem
2383 3014 2496 3070 nisi
2528 3014 2585 3068 in
2635 3013 3099 3069 mediocritatem
3131 3009 3373 3083 redigat,
3408 3025 3541 3065 sese
3575 3027 3721 3065 eum

2051 3104 2269 3159 crudeli
2289 3103 2606 3175 suspendio
2629 3103 3073 3158 suﬂ‘ocaturum.
3099 3102 3217 3156 Rex
3238 3096 3432 3155 dilecti
3455 3097 3730 3171 ignomi-

2052 3193 2210 3249 niam
2254 3210 2367 3249 non
2421 3210 2655 3266 passus,
2702 3191 2934 3248 facilius
2978 3208 3039 3246 se
3084 3188 3351 3246 omnium
3390 3186 3726 3262 colloquio,

290 3276 399 3332 Vix
427 3280 625 3334 tamen
654 3278 699 3314 ⁸⁸
731 3295 833 3351 per
852 3279 1201 3336 decennium
1222 3281 1287 3334 ⁸³.
1311 3281 1381 3335 Et
1403 3281 1547 3336 forte
1566 3263 1940 3337 felicissimus
1972 3263 2014 3329 C
2055 3299 2234 3354 quam
2265 3263 2445 3353 hujus
2477 3280 2879 3336 familiaritate
2918 3294 3089 3351 posse
3139 3292 3336 3332 carere
3385 3274 3728 3346 respondit.

292 3382 397 3438 per
424 3365 623 3423 omnia
651 3366 880 3433 fuisset,
915 3367 963 3423 si
994 3367 1053 3422 in
1082 3386 1198 3424 uno
1231 3368 1480 3424 nimium
1513 3386 1629 3424 non
1668 3374 1939 3426 errasset.

364 3454 451 3510 l5.
482 3456 668 3511 Nimia
700 3457 891 3512 Karoli
919 3457 964 3492 ⁶⁴
993 3456 1211 3513 dilectio
1265 3457 1311 3493 ⁸⁸
1339 3474 1472 3525 erga
1501 3459 1848 3528 Haganonem
1875 3460 1939 3513 6‘.

291 3573 361 3583 —
407 3543 551 3600 Nam
584 3562 719 3600 cum
753 3544 939 3601 multa
966 3544 1322 3619 benignitate
1374 3544 1667 3617 principes
1710 3544 1941 3613 coleret,

2052 3370 2216 3435 Quod
2244 3369 2494 3425 nimium
2548 3369 2861 3425 Rotbertus
2892 3366 3253 3439 indignatus,
3287 3380 3421 3419 cum
3453 3363 3733 3435 optima-

2053 3459 2213 3513 tibus
2230 3457 2527 3529 plerisque
2548 3457 2812 3528 injussus
2834 3457 2952 3512 Neu
2963 3454 3166 3511 striam
3189 3453 3357 3526 petit,
3376 3468 3441 3507 ac
3460 3451 3733 3507 Turonis

2054 3563 2181 3602 sese
2213 3546 2435 3618 recipit.
2470 3545 2714 3601 Multam
2738 3545 2818 3600 ibi
2839 3545 2910 3599 de
2931 3543 3085 3616 regis
3108 3541 3337 3597 levitate
3361 3538 3734 3612 indignatio-

290 3632 583 3705 praecipua
612 3638 809 3690 tamen
842 3634 1198 3690 beatitudine
1255 3634 1636 3705 Haganonem
1667 3634 1941 3701 habebat,
2056 3652 2188 3691 nem
2205 3637 2249 3671 ⁷⁵
2264 3636 2508 3691 habens.
2530 3634 2790 3690 Plurima
2809 3633 2983 3689 etiam
3008 3631 3148 3687 utin
3174 3647 3237 3686 se
3260 3629 3731 3685 transfundatur

292 3736 467 3791 quem
484 3738 552 3776 ex
564 3722 959 3778 mediocribus
974 3726 1266 3793 potentem
1280 3721 1548 3777 effecerat
1563 3739 1576 3789 ;
1591 3722 1735 3777 adeo
1752 3726 1947 3777 utma-
2055 3741 2253 3780 rerum
2278 3741 2532 3790 summa,
2557 3724 2712 3795 apud
2736 3740 2876 3778 suos
2898 3725 3064 3777 caute
3090 3723 3475 3793 pertractans.
3502 3717 3733 3781 Quam-

291 3808 568 3880 gnatibus
600 3810 933 3883 quibusque
960 3810 1132 3883 longe
1160 3809 1606 3875 absistentibus,
1630 3808 1755 3881 ipse
1788 3810 1945 3884 regio
2052 3815 2142 3867 vis
2191 3814 2236 3849 ⁷⁵
2266 3813 2483 3869 etenim
2533 3812 2653 3884 regi
2693 3812 2738 3846 ⁷⁵
2789 3811 3023 3876 faveret,
3084 3825 3199 3863 non
3246 3807 3291 3842 ⁷⁵
3340 3803 3731 3862 mediocriter

1644 3916 1885 3972 νΑΒΙιΕ
1925 3919 2343 3977 LECTIONES.

364 4003 410 4037 ⁵³
439 4006 840 4083 tu,_cun_1“m,
901 3993 962 4064 se
1025 4004 1257 4083 abscisa.
1345 4005 1390 4039 ⁸³
1446 4022 1493 4061 s.
1555 4005 1650 4061 cui
1707 4005 1883 4083 etiam
1942 4008 2002 4063 in
2061 4009 2269 4083 primis
2329 4008 2732 4083 adolescentiae
2784 4006 2974 4083 annis.
3009 4023 3120 4078 pax
3173 4008 3350 4083 atque
3407 4001 3722 4083 tranquil-

292 4072 428 4152 litas
458 4074 537 4152 rei
584 4072 833 4147 publicai
879 4076 1192 4152 concordia
1241 4093 1504 4152 suorum.
1566 4078 1953 4152 commoditas
2007 4072 2369 4152 privatorum
2426 4085 2595 4152 grata
2651 4078 2831 4152 fuere.
2892 4079 2954 4133 Id
3008 4072 3143 4133 vero
3181 4072 3457 4152 _in'_brevi
3512 4072 3724 4152 deleto.

292 4145 339 4181 “
395 4162 453 4225 a._
495 4144 614 4225 Rei;
659 4163 798 4225 ergo
827 4148 1195 4225 principibus
1249 4146 1522 4218 stipatus,
1585 4144 2172 4225 ac_multo__su§rum
2219 4144 2527 4225 obsequio
2556 4150 2840 4225 inclitus:
2866 4165 3025 4225 more
3074 4147 3232 4225 regio
3278 4145 3436 4225 leges
3489 4144 3723 4200 condit.

294 4233 379 4299 ac_
421 4216 902 4299 decretane'dicit.
966 4216 1591 4299 Rotbertuquuoque
1648 4219 1863 4299 deleta;
1900 4221 1943 4255 ⁵⁵
1990 4223 2053 4278 E.
2097 4216 2465 4299 _plurimum_
2494 4223 2748 4299 deletam.
2797 4222 2843 4299 ξε
2966 4237 3095 4299 qum
3144 4216 3238 4273 est
3283 4216 3513 4299 Acelticaa
3578 4233 3727 4299 pars

293 4288 516 4363 detetq._
565 4290 608 4323 ‘7
666 4291 793 4346 Haec
862 4308 1034 4363 usque
1085 4289 1337 4363 praeficit
1370 4288 1732 4363 Ekkéhardus
1820 4293 2022 4363 Uraug.
2084 4288 2141 4349 iii
2228 4294 2356 4349 hist.
2418 4295 2665 4349 Heinrici
2719 4292 2811 4348 sed
2868 4288 3015 4346 haud
3072 4296 3323 4363 accurate
3396 4288 3724 4363 exscripsit.

293 4359 346 4434 ⁵⁸-
370 4357 823 4434 ὺθιείοειζηγεονν.
859 4357 1186 4434 sax-Ioniam.
1216 4362 1261 4396 ‘9
1284 4361 1383 4415 ubi
1401 4378 1580 4434 iusque
1636 4362 1877 4433 praeficit
1903 4357 2229 4434 coi'rigentis
2257 4381 2429 4419 manu
2458 4365 2686 4431 adiecta.
2739 4365 2783 4398 ⁸ο
2815 4364 2873 4418 S.
2908 4376 3141 4434 quoque
3187 4361 3441 4415 deletum.
3501 4358 3544 4434 °_‘
3587 4357 3725 4434 Ἀη-

294 4429 525 4503 glorufn
583 4431 839 4488 deletum.
899 4436 945 4469 δ’
975 4435 1030 4490 b.
1066 4432 1319 4488 militare
1376 4429 1653 4488 dele—tum.‘
1691 4434 1736 4467 ⁸³
1764 4450 1858 4495 en.
1914 4429 2079 4491 nium
2130 4437 2362 4492 abscisa.
2417 4438 2463 4471 ³⁸
2522 4429 2575 4491 ia
2633 4434 2841 4505 Karoli,
2906 4429 2979 4499 io,
3034 4429 3410 4538 Haganonem
3471 4430 3725 4486 abscisa.

364 4502 409 4536 65
445 4502 833 4538 nnlnmilnlnm
869 4523 992 4538 an..-
1045 4505 1233 4538 lnknm
1320 4504 1364 4538 66
1396 4522 1422 4538 ο
1477 4504 1611 4538 ἶνιᾹο
1661 4504 1891 4538 Ani/num
1966 4508 2009 4538 6‘1
2060 4507 2215 4538 “nun
2290 4507 2461 4538 Hm-“
2547 4522 2790 4538 οηηπηιηη
2827 4505 3029 4538 ηιιρηέιιη
3101 4504 3122 4538 ὕ
3174 4505 3231 4538 ἐκ
3291 4502 3399 4538 Innn
3447 4516 3580 4538 rncn
3641 4501 3725 4538 and

364 4502 409 4536 ⁸⁵
445 4502 835 4561 calamitatem
866 4523 1009 4562 corr.
1045 4504 1364 4576 labemLF‘
1395 4522 1443 4559 s.
1477 4504 1613 4576 inde
1659 4504 1913 4560 deletum.
1966 4508 2009 4541 ⁸⁷
2060 4507 2237 4576 natio,
2290 4507 2486 4574 tberti,
2545 4522 2794 4562 anonem
2824 4501 3052 4561 abscisa.
3101 4501 3238 4576 “91in,
3289 4502 3580 4576 100031150
3634 4501 3727 4557 sed

294 4580 597 4651 atramento
626 4583 884 4651 et_pzanu_
904 4578 1125 4651 eisdem.
1161 4574 1482 4651 Galliarum
1515 4575 1872 4651 likkehardus
1917 4593 2011 4651 qui
2062 4580 2175 4633 ἥατο
2203 4571 2514 4651 exscripsit.
2575 4579 2619 4613 ⁶⁹
2648 4578 2890 4651 ἰξῐᾳὶὶωξΔ
2918 4573 3377 4651 corr._urbibu_s_._
3420 4571 3464 4605 το
3494 4587 3553 4651 (3;
3583 4589 3727 4628 cum

294 4644 588 4728 paschalis
618 4646 982 4728 sollemnitas
1015 4646 1368 4728 immineret,
1405 4646 1751 4728 Aquisgrani
1783 4642 2013 4728 palatio
2029 4666 2155 4704 sese
2186 4642 2423 4728 recepit.
2457 4651 2580 4728 HBG
2852 4645 3250 4728 "Amediocres
3282 4642 3479 4728 Ekkfn.
3508 4642 3554 4676 τε
3576 4660 3724 4725 con;

294 4713 570 4792 veniunt;
608 4723 817 4773 assunt
845 4724 903 4776 et
933 4722 1132 4792 duces,
1166 4735 1235 4773 ex
1264 4713 1518 4773 Saxonia
1548 4713 1800 4792 quidem"
1820 4718 2147 4792 Heinricus,
2182 4738 2249 4777 ex
2280 4713 2466 4777 Gallia
2495 4720 2871 4792 Buotpertus.
2905 4717 3150 4774 Cottidie
3180 4731 3349 4792 secus
3380 4713 3532 4792 fores
3573 4713 3726 4788 regii

295 4786 552 4843 cubiculi
584 4784 1126 4864 manent,_cottidiev
1148 4805 1452 4864 egressum
1482 4784 1637 4864 regis
1662 4784 2743 4864 apenetralibusaulaaprestolantiir.
2777 4790 2919 4864 Cum
2946 4787 3331 4864 veronullum
3355 4784 3441 4840 eis
3471 4784 3547 4838 ab
3584 4784 3727 4859 rege

297 4874 646 4939 responsum
678 4876 783 4939 per
813 4860 937 4939 dies
968 4858 1222 4939 quatuor
1249 4858 1837 4939 dareturzﬂeinricus
1860 4861 2271 4939 molestissime
2296 4858 2505 4939 ferens,
2535 4862 2751 4939 dixisse
2765 4862 2981 4939 fertur,
3000 4862 3103 4915 aut
3122 4859 3500 4939 Haganonem
3531 4858 3729 4939 quan-

295 4929 488 5001 doque
514 4948 648 4986 cum
679 4929 892 5006 Karolo
924 4929 1328 5006 regnaturum,
1361 4935 1463 5006 aut
1489 4929 1768 5006 I_{a_ro_lum_
1798 4947 1932 5006 cum
1974 4932 2287 5006 Haganone
2310 4935 2380 4989 ad
2405 4929 2598 4990 rerum
2623 4932 3085 5006 mediocritatem
3109 4929 3492 5006 deventurum
3520 4944 3540 5006 ς.
3568 4929 3728 5006 indi-

296 4998 605 5079 gnansque
634 5019 768 5079 rege
799 4998 1131 5079 inconsulto
1152 5001 1453 5079 discessit.
1487 5000 1835 5079 Ekkehardits
1870 4998 2091 5079 (li-aug:
2101 5009 2199 5076 qui
2225 5006 2418 5079 deinde
2447 5007 2622 5079 tribus
2642 5002 3325 5079 tineisgreooncitiatimwm
3345 4998 3602 5079 Heinfioi
3627 5016 3729 5079 per

296 5071 803 5152 ﬂeriqehm,__in'fra
832 5092 987 5152 capp.
1018 5076 1109 5140 23,
1144 5074 1233 5128 24.
1265 5080 1607 5152 enarratum,
1636 5073 1849 5152 scribit.
1883 5071 2195 5147 Superioris
2222 5078 2446 5152 fabulae,
2477 5078 2599 5132 licet
2619 5075 3020 5152 geniorljiqheri
3048 5074 3244 5152 optime
3262 5071 3569 5152 ροῃίξεηέειιτ
3598 5071 3729 5152 nat:

296 5144 413 5229 tuin
445 5146 502 5229 i‘n.
535 5143 1164 5229 colti‘ice’vestigjiumuiienc
1191 5160 1317 5229 eain.
1330 5161 1360 5199 a
1391 5145 1619 5229 Ricf‘wro
1645 5143 2099 5229 profectum-esse,
2132 5143 2565 5229 narratiojnfrrt
2591 5143 2746 5219 capp.
2769 5148 2840 5229 g0
2858 5145 2924 5229 de
2941 5143 3106 5229 caiisa
3126 5143 3438 5229 inimicitias
3458 5143 3725 5197 Heinrici

295 5215 541 5341 aitait-dit.
576 5216 657 5287 Cf.
690 5210 1172 5290 supra'pag.566.
1232 5215 1276 5249 ⁷³
1303 5214 1621 5288 ignobilem
1645 5210 1697 5269 '0.
1734 5210 2108 5275 mediocrem.
2166 5220 2210 5254 ⁷⁸
2241 5210 2745 5291 querimoniam-0.
2778 5216 3263 5289 indignationem.
3321 5210 3366 5247 ⁷⁸
3396 5212 3461 5280 Q,
3497 5228 3545 5282 r,
3602 5229 3723 5269 non

295 5303 329 5341 a
366 5303 529 5341 86150.

294 5303 529 5342 0080150.

1888 5379 2121 5436 NOT/E.

371 5466 481 5541 (67)
513 5466 616 5541 Hic
646 5470 702 5522 et
730 5467 790 5522 in
822 5467 1204 5541 sequentibus
1233 5464 1403 5520 lectio
1448 5457 1608 5541 prior
1637 5482 1769 5541 cum
1801 5484 1946 5539 prae-
2058 5468 2419 5541 Uraugiensi
2454 5466 2759 5541 exscriptis
2810 5463 3050 5541 omnino
3100 5459 3385 5541 neganda,
3417 5462 3475 5513 et
3526 5458 3721 5541 histo—

298 5529 712 5612 §9ﬁti:09"ata.
744 5529 1067 5612 auctorem,
1097 5538 1304 5592 insano
1325 5529 1579 5612 quodam
1602 5529 1948 5612 gentis'gstu-
2059 5540 2195 5595 ricis
2214 5529 2287 5595 ad
2305 5540 2609 5612 antiquam
2622 5529 2931 5594 lectionem
2948 5534 3100 5590 infra
3111 5529 3450 5590 ad'notatam
3465 5529 3721 5586 redeun-

297 5607 394 5663 dio
425 5610 766 5683 abductum,
802 5609 992 5683 Belgis
1044 5605 1705 5683 SgpnestiuGislebe'rto
1727 5608 1951 5683 Heinri-
2059 5612 2203 5667 dum
2227 5615 2338 5668 est.

299 5696 434 5736 cum
462 5681 843 5740 substituisse
862 5676 1049 5739 docet.
1077 5680 1246 5737 Fides
1267 5676 1487 5735 talibus
1507 5678 1583 5734 ad
1603 5678 1950 5737 Ekkehardo
