3838 6238
153 391 228 453 29
1050 391 1593 454 HlSTORlARUM
1640 389 1845 451 LIBRI
1890 389 2290 463 QUA'I‘UOR.
2332 388 2579 451 —LIB.
2625 388 2675 451 Ῑ.

3490 384 3571 454 30

153 526 343 579 tamen
374 523 418 559 ⁷⁸
437 522 488 579 ei
520 537 786 596 regnum
828 519 1115 578 invidebat
1143 525 1211 592 ⁷⁸,
1245 540 1379 579 cum
1428 523 1541 579 sibi
1594 526 1729 596 post
1756 523 1802 558 ⁷⁸
1828 524 1885 590 Α
1994 524 2079 578 18.
2117 523 2479 579 Winemari'3
2510 523 2765 579 interitus
2788 521 2851 577 ⁸³.
2882 522 3106 579 Interea
3133 521 3390 581 collectis
3409 525 3565 600 apud

156 612 387 667 fratrem
435 611 898 667 hereditandum
920 612 961 647 7°
988 612 1175 685 magis
1219 612 1458 667 videret.
1512 612 1807 668 Nonnulla
1916 628 2110 684 regem
2141 611 2451 685 episcopis,
2482 611 2621 666 talia
2643 628 2777 666 mox
2806 611 3155 667 referuntur.
3189 613 3351 677 Quod
3385 615 3563 672 etiam

157 718 385 773 quoque
419 700 785 756 mohebatur
812 700 870 755 in
901 700 1205 757 Fulconem
1241 701 1557 757 Remorum
1591 705 1803 758 metro-

156 789 500 862 politanum,
516 789 623 862 qui
649 805 849 862 regem
870 806 902 845 a
918 789 1225 845 cunabulis
1247 791 1612 861 educaverat,
1628 796 1803 864 atque

1914 701 2191 758 omnibus
2221 701 2470 756 nimium
2504 700 2685 755 animi
2717 700 2969 756 incussit
3000 699 3418 759 dolorem.Rex
3439 704 3565 776 ipse

1915 791 1971 845 in
2004 791 2276 847 lacrimas
2291 789 2638 856 dissolutus,
2655 791 2726 845 de
2741 807 2878 845 casu
2908 790 3259 863 pontificis"
3279 792 3421 849 adeo
3434 810 3567 848 con-

156 878 213 933 in
242 895 490 951 regnum
524 883 897 951 promoverat
926 878 1395 951 (68).Videbatur
1414 880 1805 952 etcnim,quia
1914 885 2156 952 questus
2186 885 2293 935 est.
2329 878 2596 951 Episcopi
2630 878 2938 951 quoquein
2964 879 3162 936 fratris
3184 885 3373 936 morte
3401 886 3459 938 et
3475 899 3566 938 co-

155 967 201 1022 si
229 966 278 1021 is
300 967 492 1022 solum
510 965 825 1039 deperiret,
840 967 1065 1023 facilius
1078 969 1307 1024 refundi
1331 968 1387 1023 in
1413 985 1538 1025 sese
1556 985 1802 1042 regnum

155 1056 527 1127 potuissetJd
545 1054 727 1111 etiam
742 1057 891 1129 apud
907 1055 1256 1113 Balduinum
1273 1058 1633 1114 Morinorum
1647 1056 1803 1130 prin-

156 1145 336 1216 cipem
366 1145 692 1200 admodum
719 1145 994 1217 agitabat.
1033 1146 1134 1202 Hic
1165 1145 1322 1202 enim
1354 1147 1428 1202 ab
1454 1164 1520 1202 eo
1540 1148 1584 1182 ⁷⁸
1615 1148 1635 1169 ⁴¹
1669 1163 1798 1219 per-

156 1250 383 1303 suasus,
417 1235 546 1305 ejus
579 1237 777 1306 partes
798 1236 924 1306 jam
953 1251 1084 1308 rege
1113 1236 1343 1292 deserto
1385 1236 1762 1308 sequebatur.

222 1322 303 1377 i7.
329 1321 503 1390 (899.)
536 1324 841 1394 Inter/echo
870 1325 1128 1380 Fulconis
1156 1326 1566 1397 archiepiscopi.
1590 1356 1654 1366 ——
1679 1327 1801 1392 Quo

155 1427 247 1465 rex
265 1417 584 1484 comperto,
619 1411 678 1467 in
711 1412 1063 1468 Balduinum
1095 1413 1296 1481 fertur,
1323 1431 1390 1469 ac
1431 1414 1616 1470 multa
1645 1414 1800 1469 obsi-

154 1499 338 1555 dionis
366 1500 423 1555 vi
437 1505 700 1556 castrum
713 1502 1057 1557 Atrabatum
1073 1503 1147 1557 ab
1160 1519 1226 1558 eo
1240 1504 1445 1568 aufert,
1471 1506 1645 1576 atque
1665 1521 1799 1560 cum

155 1591 266 1643 tota
295 1588 486 1644 sancti
516 1589 1018 1659 Vedastiabbatia,
1037 1589 1275 1646 Fulconi
1296 1592 1569 1663 prmdicto
1592 1597 1801 1649 metro-

156 1676 405 1747 politano
434 1678 721 1734 concedit.
753 1681 826 1735 At
862 1684 995 1752 post
1038 1678 1264 1752 aliquot
1294 1685 1556 1753 tempora
1586 1686 1797 1737 metro-

155 1764 445 1837 politanus
471 1768 544 1823 ob
585 1767 814 1824 itincris
839 1768 1330 1841 longinquitatem
1362 1770 1727 1843 fratrumque
1756 1773 1798 1806 π

156 1852 745 1912 incommoditatem'"
758 1857 1086 1913 Altmarum
1101 1859 1373 1913 comitem
1391 1860 1792 1928 acccrsiens“,
1830 1897 1876 1962 Β

155 1943 440 2000 abbatiam
472 1946 659 2001 sancti
702 1947 1159 2019 Medardiquam
1180 1946 1304 2019 ipse
1325 1964 1519 2003 comes
1544 1949 1795 2021 tenebat,

156 2033 223 2087 ab
245 2050 313 2087 eo
343 2032 574 2106 accipit,
588 2039 645 2090 et
664 2052 768 2107 pro
786 2052 854 2091 ea
868 2035 1165 2092 abbatiam
1197 2038 1383 2093 sancti
1415 2038 1796 2094 Vedasticum

156 2128 339 2179 castro
370 2125 650 2181 Atrabato
673 2125 999 2182 rationibus
1026 2126 1323 2199 utrimque
1354 2127 1569 2184 habitis
1603 2127 1653 2183 ei
1684 2127 1796 2182 im-

157 2212 702 2282 pertit.(900.)Unde
732 2218 788 2269 et
816 2215 889 2271 ad
922 2215 1167 2271 nimiam
1200 2215 1558 2287 pertrahitur
1571 2216 1799 2272 Baldui-

160 2316 262 2356 nus
280 2301 705 2359 crudelitatem.
719 2303 1020 2376 Multaque
1034 2306 1277 2360 affectus
1301 2305 1609 2372 anxietate,
1626 2306 1697 2361 ad
1715 2305 1797 2360 ul-

155 2386 358 2445 tionem
389 2391 756 2463 penitussese
796 2394 1447 2450 convertit.Amicitiam
1480 2412 1616 2467 ergo
1643 2394 1798 2451 circa

160 2479 659 2550 metropolitanum
673 2480 930 2537 simulat.
947 2483 1055 2538 Per
1067 2480 1287 2555 legatos
1300 2500 1532 2555 quoque
1546 2482 1794 2540 multam

158 2563 592 2622 benivolentiam
620 2569 863 2624 mandat
903 2570 967 2636 7‘,
1003 2569 1295 2641 fidemque
1344 2570 1608 2641 spondet.
1642 2570 1792 2626 Illud

156 2657 337 2710 tamen
368 2656 556 2711 multa
594 2674 839 2713 suorum
891 2658 1227 2714 curiositate
1273 2659 1557 2726 observat,
1594 2664 1792 2715 utrum

158 2743 403 2813 privatus
435 2762 508 2800 an
542 2762 678 2801 cum
710 2746 894 2819 copiis
915 2746 1070 2821 regis
1102 2746 1387 2819 palatium
1418 2752 1611 2820 petere
1654 2765 1791 2805 con-

158 2838 375 2887 suescat
391 2851 406 2899 ;
421 2832 719 2905 privatum
743 2834 929 2891 multo
944 2835 1078 2891 nisu
1093 2835 1371 2909 impetere
1384 2837 1646 2908 cupiens.
1664 2838 1792 2893 Haec

155 2918 282 2975 dum
312 2920 396 2976 sic
425 2921 801 2990 haberentur,
834 2940 937 2996 pro
969 2924 1144 2997 regiis
1173 2925 1369 2980 causis
1399 2925 1642 2998 contigit
1671 2925 1791 2998 epi-

160 3023 351 3081 scopos
386 3009 629 3083 Belgicze
653 3012 807 3084 apud
831 3030 1025 3085 regem
1048 3014 1409 3087 congregari.
1426 3014 1589 3071 Unde
1607 3019 1664 3070 et
1678 3032 1790 3071 me-

156 3098 528 3170 tropolitanus
556 3101 874 3157 accersitus
898 3119 1033 3157 cum
1056 3102 1169 3158 iter
1195 3102 1516 3159 accelerare
1539 3107 1787 3176 pararet,

159 3184 413 3244 incautus
443 3205 580 3244 cum
603 3189 809 3261 paucis
838 3191 1169 3247 festinabat.
1185 3192 1289 3247 Cui
1312 3209 1448 3247 mox
1469 3192 1637 3248 affuit
1666 3193 1791 3265 qui-

1913 967 2382 1041 episcopi,multa
2395 968 2902 1024 commiseratione
2918 967 3288 1025 condoluere.
3300 969 3565 1043 lnitoque

1910 1057 2173 1127 consilio,
2199 1056 2599 1115 Winemarum
2632 1073 2767 1112 cum
2799 1056 2925 1113 suis
2956 1057 3566 1129 complicibus,horri-

1911 1146 2013 1202 bili
2045 1146 2415 1202 anathemate
2460 1147 2762 1201 damnant.
2796 1144 2901 1210 Qui
2952 1146 3011 1200 in
3062 1146 3220 1202 brevi
3261 1147 3560 1217 deficiens,

1912 1234 2222 1291 insanabili
2237 1235 2474 1307 ydropis
2497 1235 2698 1291 morbo
2720 1234 2881 1290 aDeo
2894 1251 3210 1306 percussus
3225 1240 3332 1291 est.
3348 1237 3563 1293 Venire

1910 1324 2106 1397 itaque
2138 1323 2429 1397 turgidus,
2444 1324 2697 1380 exterius
2711 1322 2946 1395 quidem
2965 1322 3120 1379 lento
3144 1325 3298 1398 igne,
3316 1326 3563 1382 interius

1908 1432 2042 1470 vero
2055 1414 2297 1468 immani
2315 1413 2579 1469 incendio
2594 1414 2889 1469 urebatur.
2908 1413 3118 1486 Ingens
3133 1417 3328 1469 tumor
3343 1415 3447 1486 ped
3459 1432 3556 1471 um

1912 1521 2027 1559 non
2061 1504 2278 1558 deerat.
2311 1503 2578 1559 Verenda
2606 1502 2905 1558 vermibus
2930 1502 3344 1559 scaturiebant.
3380 1502 3563 1559 Crura

1911 1591 2196 1648 tumentia
2224 1608 2289 1647 ac
2322 1590 2532 1646 lucida.
2563 1590 2829 1647 Anelitus
2850 1590 3083 1647 fetidus.
3114 1590 3351 1647 Viscera
3380 1591 3555 1648 etiam

1908 1681 2190 1754 paulatim
2223 1698 2325 1753 per
2354 1679 2547 1737 colum
2576 1680 2941 1735 diffluebant.
2979 1680 3167 1751 Super
3195 1679 3319 1735 hzec
3360 1681 3561 1737 omnia

1906 1770 2066 1827 sitim
2098 1769 2546 1826 intollerabilem
2582 1770 2931 1825 sustinebat.
2951 1769 3294 1842 Appetitum
3316 1787 3451 1826 vero
3469 1787 3560 1826 co-

1908 1860 2178 1916 medendi
2210 1859 2525 1931 aliquando
2555 1858 2943 1927 habebat,sed
2961 1858 3072 1914 cibi
3092 1857 3237 1913 illati
3256 1858 3557 1915 fastidium

1912 1947 2255 2003 inferebant.
2291 1946 2741 2003 Insomnieatem
2764 1947 2969 2019 jugem
2997 1946 3348 2018 patiebatur.
3365 1947 3561 2003 Omni-

1909 2037 2135 2108 busque
2158 2036 2346 2091 factus
2365 2034 2768 2099 intolerabilis,
2785 2035 3062 2090 omnibus
3083 2034 3309 2091 horrori
3327 2036 3373 2071 3"
3394 2036 3557 2091 habi-

1908 2129 2007 2181 tus
2038 2130 2147 2181 est.
2183 2126 2384 2196 Itaque
2414 2123 2586 2179 amici
2619 2128 2793 2195 atque
2826 2122 3128 2179 domestici
3162 2124 3235 2179 ab
3258 2141 3325 2179 eo
3346 2124 3557 2181 dimoti

1908 2218 2066 2279 sunt,
2085 2213 2267 2270 multo
2297 2214 2426 2284 ejus
2456 2212 2713 2284 corporis
2741 2212 2919 2268 fetore
2949 2212 3225 2281 confecti';
3250 2212 3555 2269 intentum

1907 2308 1971 2359 ut
1995 2303 2193 2359 nullus
2219 2303 2596 2369 medicorum,
2613 2301 2820 2358 saltem
2846 2301 3112 2356 medendi
3138 2317 3315 2357 causa
3330 2303 3400 2357 ad
3417 2319 3553 2358 eum

1906 2393 2177 2448 accedere
2207 2397 2422 2464 posset.
2456 2392 2680 2457 Quibus
2710 2390 2985 2445 omnibus
3015 2390 3363 2456 dissolutus,
3390 2391 3551 2447 omni

1905 2481 2356 2537 Christianitatis
2381 2479 2793 2536 communione
2822 2479 3153 2551 privatus,a
3172 2479 3472 2535 vermibus
3487 2498 3555 2536 ex

1903 2575 2065 2643 parte
2086 2573 2213 2643 jam
2246 2574 2652 2642 consumptus,
2678 2567 3011 2641 flagiciosus
3043 2585 3111 2623 ac
3141 2568 3462 2642 sacrilegus
3477 2569 3549 2624 ab

1904 2659 2010 2715 hac
2033 2661 2150 2715 vita
2180 2659 2388 2732 pulsus
2417 2663 2523 2714 est.

1974 2749 2060 2804 49.
2094 2749 2425 2805 Ρνοιηοίίο¹¹⁵
2451 2749 2666 2804 Herivei
2694 2749 2753 2803 in
2783 2747 2829 2781 ⁸⁸
2856 2748 3226 2819 episcopatum
3248 2746 3315 2802 ⁸⁸.
3344 2752 3415 2787 -’
3443 2747 3549 2803 Se-

1902 2836 2065 2908 pulto
2097 2853 2229 2892 vero
2259 2837 2475 2891 domno
2508 2835 2758 2891 Fulcone
2783 2834 3250 2906 metropolitano,
3274 2835 3551 2891 Heriveus

1899 2924 1987 2980 vir
2018 2924 2354 2999 spectabilis
2385 2929 2441 2981 et
2467 2924 2764 2997 palatinus
2796 2924 3203 2996 episcoporum
3235 2940 3547 2991 consensu,

1900 3018 1958 3071 et
1989 3013 2365 3070 Remensium
2389 3013 2723 3069 conibentia
2743 3013 2799 3067 in
2830 3007 3171 3084 pontificatu
3197 3012 3348 3085 regis
3370 3014 3550 3069 dona-

1900 3104 2055 3160 tione
2085 3103 2367 3159 succedit.
2401 3105 2659 3169 Quorum
2708 3107 2953 3174 uterque
3002 3106 3224 3174 quanta
3276 3101 3544 3170 utilitate,

1900 3196 2235 3265 quantaque
2265 3191 2544 3264 religione
2574 3191 2634 3246 in
2665 3190 2927 3247 eecclesia
2957 3189 3230 3246 Rcmensi
3263 3191 3479 3255 floruit,
3497 3191 3547 3248 si

154 3272 273 3331 dam
306 3277 681 3334 Winemarus
710 3296 844 3335 cum
876 3276 1114 3336 cohorte
1135 3297 1169 3335 a
1191 3279 1477 3337 Balduino
1490 3280 1784 3337 missus”.
1819 3266 1861 3332 C
1899 3281 2033 3353 quis
2062 3282 2133 3337 ad
2158 3280 2454 3354 plenum“
2467 3279 2768 3335 dinoscere
2781 3278 3411 3352 cupit3°,legatlibrum
3427 3279 3548 3336 Flo-

158 3362 625 3438 Metropolitanus
656 3383 789 3423 cum
802 3373 957 3424 esset
970 3386 1104 3425 cum
1121 3370 1346 3442 paucis,
1363 3369 1642 3426 acohorte
1654 3388 1787 3426 cum

159 3451 267 3507 suis
298 3454 661 3528 interceptus
690 3461 797 3513 est.
821 3457 976 3513 Nulli
1012 3459 1163 3531 fugae
1201 3457 1366 3515 locus
1408 3460 1615 3532 patuit.
1651 3459 1787 3515 Om-

159 3556 247 3596 nes
268 3541 787 3600 circumvallantur
816 3549 990 3618 atque
1038 3545 1424 3619 impetuntur.
1454 3548 1785 3604 Admodum

158 3630 434 3704 utrimque
493 3632 800 3689 dimicant.
853 3634 1157 3707 Utrimque
1206 3635 1322 3691 fusi
1370 3638 1783 3708 procumbunt.

154 3718 947 3791 (900,.lun.16.)Winemarus
977 3724 1493 3797 metropolitonum
1519 3725 1780 3792 adortus,

151 3802 329 3864 lancea
356 3809 646 3867 inermem
668 3812 1037 3886 transfigit",
1053 3818 1227 3885 atque
1245 3813 1396 3869 inter
1406 3831 1545 3870 suos
1557 3820 1779 3888 septem

150 3893 464 3955 vulneribus
514 3899 849 3956 sauciatum
889 3900 1229 3974 principitat.
1264 3902 1369 3958 Cui
1422 3919 1557 3959 cum
1588 3904 1779 3961 adhuc

147 3981 274 4040 ictus
318 3987 669 4058 intenderet,
706 3989 947 4061 quidam
992 4007 1234 4046 suorum
1288 3991 1475 4047 multo
1521 3991 1775 4065 episcOpi

1899 3370 2101 3426 doardi
2153 3369 2482 3443 presbiteri',
2517 3386 2692 3440 quem
2742 3368 2814 3424 ab
2860 3368 3003 3424 urbe
3051 3370 3165 3438 (69)
3195 3367 3431 3424 condita
3476 3370 3546 3425 de

1896 3460 2160 3531 ejusdem
2193 3458 2354 3514 urbis
2384 3457 2674 3530 episcopis
2707 3457 3001 3512 uberrime
3030 3456 3359 3528 descripsit.
3391 3457 3542 3512 Ade-

1895 3552 1993 3620 pto
2033 3550 2143 3620 (70)
2182 3563 2416 3619 quoque
2463 3546 2742 3601 Heriveus
2801 3545 3163 3617 pontiﬁcatu,
3199 3544 3386 3599 multa
3428 3546 3540 3601 fide

1892 3654 2088 3709 regem
2120 3637 2492 3708 sequebatur,
2513 3633 2907 3690 desertoribus
2928 3634 3069 3689 adeo
3102 3633 3368 3689 infestus.
3389 3633 3543 3689 Erle-

1891 3725 2131 3781 baldum
2160 3727 2270 3797 (71)
2321 3724 2775 3781 Castricensium
2825 3721 3117 3790 comitem,
3153 3722 3253 3795 qui
3303 3739 3394 3778 res
3446 3721 3539 3778 sui

1889 3815 2165 3889 episcOpii
2198 3817 2548 3886 pervaserat,
2580 3817 2637 3868 et
2679 3810 2961 3884 oppidum
2994 3811 3153 3883 quod
3178 3815 3389 3867 vocant
3418 3811 3539 3867 Ma-

1888 3905 2073 3961 cerias
2105 3903 2424 3968 obtinebat,
2458 3917 2618 3957 more
2642 3899 3051 3957 tecclesiastico
3082 3900 3248 3972 prius
3298 3900 3537 3972 quidem

1889 3998 1953 4049 ut
1982 3991 2289 4065 resipiscat
2319 3993 2638 4055 ammonet,
2655 3993 2790 4062 post
2818 4005 2953 4045 vero
2983 3988 3355 4045 anathemate
3376 3989 3538 4045 dam-

151 4087 323 4131 amore
352 4077 538 4145 ducti,
573 4094 753 4151 super
782 4094 915 4134 eum
940 4080 1355 4151 procumbunt.
1389 4080 1495 4147 Qui
1546 4097 1679 4137 cum
1710 4098 1776 4138 eo
1885 4087 1987 4138 nat
2011 4082 2179 4155 (920).
2214 4080 2321 4147 Qui
2357 4097 2490 4136 cum
2523 4079 2635 4135 sibi
2668 4095 2772 4134 nec
2802 4079 3121 4133 damnatus
3152 4078 3533 4146 satisfaceret,

149 4175 262 4217 mox
290 4166 554 4222 transﬁxi
567 4172 743 4239 atque
759 4167 1621 4232 occisisunt.Quatuortantum
1636 4170 1776 4243 fuga
1882 4173 1941 4227 in
1972 4188 2107 4227 eum
2136 4187 2270 4227 cum
2294 4168 2499 4224 multis
2518 4167 2771 4223 militum
2794 4166 2977 4239 copiis
3000 4167 3205 4232 fertur,
3222 4165 3535 4238 oppidum-

146 4245 416 4319 labuntur,
443 4256 511 4321 3’,
541 4255 643 4327 qui
668 4256 748 4311 rei
772 4256 1070 4328 negotium
1103 4257 1300 4313 Remis
1340 4258 1769 4314 demonstrant.
1880 4278 1994 4334 que
2024 4259 2209 4315 multa
2236 4257 2538 4314 obsidione
2570 4273 2674 4329 per
2702 4259 2954 4328 quatuor
2984 4255 3339 4310 ebdomadas
3363 4254 3532 4311 vehe-

146 4335 285 4395 Tunc
310 4359 441 4398 vero
466 4361 683 4417 magna
703 4344 959 4401 militum
975 4363 1207 4415 manus,
1224 4347 1296 4402 ab
1321 4348 1463 4403 urbe
1480 4365 1613 4403 mox
1634 4365 1769 4403 cum
1881 4353 2105 4406 menter
2133 4348 2396 4420 adurget.
2419 4344 2766 4402 Erlebaldus
2799 4343 3138 4400 continuam
3180 4360 3295 4397 non
3339 4342 3533 4398 ferens

147 4428 300 4484 armis
326 4433 556 4500 educta,
573 4433 938 4490 adversarios
969 4435 1235 4508 persequi
1269 4440 1534 4492 conatur.
1552 4438 1663 4492 Sed
1685 4437 1770 4493 eis
1878 4437 2402 4511 impugnationem,
2437 4433 2587 4489 clam
2619 4433 2691 4488 ab
2722 4432 2935 4504 oppido
2967 4424 3103 4487 cu‘m
3136 4431 3360 4502 aliquot
3392 4447 3532 4486 suo-

144 4512 329 4587 elapsis
349 4521 660 4577 dominum
674 4522 934 4578 occisum
959 4540 1093 4578 cum
1119 4524 1244 4580 suis
1267 4524 1571 4597 colligunt,
1592 4529 1767 4598 atque
1875 4543 2007 4582 rum
2032 4525 2328 4582 dilabitur.
2362 4522 2468 4591 Qui
2516 4539 2650 4577 vero
2697 4524 3105 4576 remanserant
3151 4518 3306 4586 victi,
3340 4518 3527 4590 portis

328 4609 547 4667 doloris
568 4610 825 4667 lamento
848 4613 1062 4669 Remos
1084 4615 1411 4686 deportant,
1428 4631 1560 4671 cum
1580 4631 1766 4671 sacer-
1793 4635 1842 4700 D
1875 4634 2008 4672 mox
2022 4614 2347 4687 patefactis,
2365 4609 2810 4700 metropolitano
2826 4609 3059 4700 cedunt.
3076 4607 3289 4700 Eisque
3304 4608 3526 4678 ejectis,

144 4690 348 4753 dotibus
366 4699 731 4755 sacerdotem
754 4700 1006 4772 plurimo
1019 4701 1323 4775 dignitatis
1336 4703 1618 4775 obsequio
1632 4720 1766 4759 con-
1793 4690 1835 4700 ”
1874 4721 2013 4761 suos
2042 4702 2121 4758 ibi
2153 4700 2445 4774 deposuit,
2477 4715 2543 4754 ac
2566 4698 2637 4754 de
2664 4700 2785 4753 toto
2803 4713 2967 4770 pago
3001 4696 3377 4752 Erlebaldum
3402 4713 3529 4769 pro-

146 4777 341 4841 dentes.
1875 4794 2081 4867 fagum
2113 4789 2480 4847 disturbavit.

1427 4916 1668 4973 VARIZE
1706 4917 2123 4975 LECTIONES.

197 5009 235 5044 ⁷⁵
261 5030 407 5091 men,
439 5018 514 5088 vi,
549 5036 645 5091 po,
681 5019 769 5075 dit
795 5021 1024 5076 abscisa.
1102 5022 1171 5056 ἰδ’
1203 5038 1256 5076 a.
1282 5022 1536 5078 rotberto
1567 5022 1847 5080 deletum.
1890 5026 1932 5059 ⁷⁷
1958 5025 2062 5091 fra,
2098 5039 2193 5078 mo
2224 5020 2474 5077 abscisa.
2522 5020 2593 5091 7“
2627 5037 2679 5073 a.
2714 5016 3294 5091 rationibusphabitis
3323 5016 3517 5091 deleta.

141 5076 425 5169 ἶββρῑιάςξ
452 5076 794 5169 είᾷιδῖι-ἀαζ.
854 5092 899 5127 ⁸ο
923 5109 1002 5169 Ψ.
1036 5091 1300 5169 omnium
1334 5076 2470 5169 quos,terraisustinetsceleratissimus
2493 5090 2690 5169 deleta.
2711 5092 2775 5169 _‘”
2806 5089 3101 5169 transfigit
3121 5087 3305 5144 codex.
3339 5089 3384 5122 ⁸³
3404 5104 3524 5169 ere-

100 5198 103 5203 -
142 5155 300 5275 εέἱεῇ.
372 5159 416 5193 ³³
444 5178 493 5217 e.
528 5161 590 5216 in
621 5162 853 5219 abscisa.
930 5163 974 5198 ⁸⁸
1003 5163 1176 5220 amici
1207 5181 1256 5219 c.
1290 5155 1603 5237 pontiﬁcis.
1678 5166 1749 5200 δν
1780 5183 1884 5223 vox
1912 5169 2144 5223 abscisa.
2177 5165 2223 5199 ⁸⁵
2259 5163 2356 5230 tio,
2381 5164 2461 5230 in,
2487 5166 2636 5231 tum,
2668 5163 2901 5218 abscisa.
2976 5155 3249 5227 “'enum,
3287 5176 3317 5215 e
3358 5159 3523 5232 cupit

196 5239 341 5283 seua.

1668 5351 1902 5409 NOTAE.

196 5454 292 5535 (68)
323 5458 585 5538 Fulconis
614 5463 829 5518 caedem
864 5465 1037 5538 rebus
1076 5465 1411 5538 Haganonis
1442 5482 1748 5538 perperam

142 5530 378 5593 conjungi
403 5533 527 5593 jam
557 5550 851 5589 annorum
882 5536 1023 5590 ordo
1054 5530 1196 5592 satis
1223 5530 1609 5593 dcmonstrat.

197 5540 389 5656 néungi3
403 5540 527 5658 iam
557 5550 851 5589 annorum
882 5540 1023 5590 ordo
1054 5540 1196 5592 satis
1223 5540 1543 5593 dcmonstrt

194 5597 297 5665 (γρ)
391 5601 452 5656 i.
489 5604 789 5661 Remensi.
1524 5614 1543 5625 ‘

196 5663 296 5740 (7Q)
326 5672 404 5729 Cf.
436 5672 746 5735 Flodoardi
776 5677 927 5735 Ann.
962 5694 1058 5735 an.
1089 5677 1214 5735 920.

1931 5466 2042 5535 (71)
2075 5462 2506 5519 Erlebadum—
2531 5465 2899 5535 concesserat
2928 5478 2996 5517 ex
3027 5459 3334 5535 Elodoardi
3359 5460 3513 5535 A_nn.

1866 5527 1961 5593 an‘.
1992 5527 2119 5606 920,
2136 5552 2284 5607 quos
2311 5533 2764 5607 insequentibus
2795 5550 2985 5604 usque
3006 5530 3077 5586 ad
3091 5527 3510 5601 caputlibrim,

1866 5609 1953 5673 2|,
1988 5607 2253 5663 conferas
2282 5606 2477 5665 velim.
