3838 6238
267 383 340 449 31
1355 383 1697 448 ’ΒΙΟΗΕΒΙ
1743 386 1805 446 S.
1856 386 1904 446 R

2026 383 2158 446 IGII
2203 380 2580 445 MONACHI.
3616 376 3699 437 32

337 517 429 574 20.
462 515 545 575 Ad
575 516 841 575 Renum"
887 524 1084 574 mutua
1126 518 1316 590 petitio
1335 518 1378 554 ⁸⁷
1408 534 1473 574 ac
1512 518 1723 574 comitis
1743 517 1787 552 ⁸⁷
1816 517 1920 572 Er-
1951 518 2006 585 Α
2036 515 2379 572 borabatm’.
2406 512 2679 586 Largitur
2706 510 2982 584 itaque”0
3000 508 3277 583 plurima,
3302 506 3699 581 atquem’pol-

269 608 473 665 lebaldi
494 609 539 643 ⁸⁷
570 609 787 665 occisia.
822 639 889 649 —-
922 607 1041 663 Rex
1072 607 1131 662 in
1172 623 1389 681 pagum
1422 610 1917 675 Warmacensem,

2029 603 2381 661 liceturinau
2391 602 2903 673 dital°3.Tandemq
2914 617 2982 656 ue
2994 601 3060 635 ‘0‘
3073 599 3344 655 inductos
3356 597 3695 671 transfugio

265 698 574 754 locuturus
605 697 872 753 Heinrico
894 696 1920 764 Transrhenensi,concesserat.Huc
2019 695 2146 766 jam
2186 692 2479 766 principes
2530 694 2727 763 aperte
2772 689 3126 762 alloquitur;
3168 704 3364 762 regem
3397 687 3693 760 inquiens

268 804 502 859 quoque
533 786 876 842 Erlebaldus
907 803 1102 842 comes
1136 786 1386 854 advenit,
1412 785 1567 857 apud
1600 801 1795 856 regem
1829 785 1920 839 de-

267 876 604 948 ploraturus
626 894 660 929 a
690 875 1067 931 Remensium
1097 873 1542 946 metropolitano
1565 890 1690 928 sese
1717 874 1920 928 imma-

268 964 422 1020 niter
452 964 743 1019 habitum.
780 965 1084 1019 Heinricus
1133 964 1285 1034 apud
1317 980 1513 1035 regem
1553 963 1624 1017 de
1655 963 1697 996 ⁸⁸
1719 979 1916 1017 rerum

268 1053 758 1126 dispositionibus
788 1052 1126 1108 ﬁdelissime
1160 1051 1588 1124 satagebat.Cui
1622 1051 1703 1106 rei
1726 1052 1921 1121 cum",

269 1141 590 1196 admodum
643 1141 986 1207 intenderet,
1030 1141 1452 1195 Germanorum
1498 1138 1917 1211 Gallorumque

259 1232 505 1300 juvenes
538 1229 869 1302 linguarum
902 1230 946 1263 ⁹⁰
976 1227 1251 1284 idiomate
1275 1229 1318 1263 9°
1348 1227 1574 1295 offensi,
1609 1232 1673 1282 ut
1713 1244 1915 1282 eorum

268 1335 397 1374 mos
426 1324 504 1373 est
543 1336 674 1372 cum
712 1316 896 1371 multa
923 1316 1299 1372 animositate
1322 1316 1651 1371 maledictis
1674 1333 1801 1371 sese
1832 1315 1914 1370 la-

266 1405 520 1462 cessit-e‘“
537 1411 855 1477 ceperunt.
872 1406 1253 1477 Consertique
1266 1404 1494 1477 gladios
1505 1421 1675 1459 exeru
1687 1408 1839 1471 nt,ac
1854 1421 1916 1460 se

264 1492 477 1560 adorsi,
496 1493 763 1549 lcetaliter
783 1494 1070 1549 sauciant.
1086 1498 1149 1548 In
1173 1510 1286 1564 quo
1311 1492 1591 1559 tumultu,
1607 1510 1736 1548 cum
1752 1494 1822 1548 ad
1840 1493 1913 1548 li-

264 1586 381 1637 tem
398 1583 715 1639 sedandam
730 1582 997 1639 Erlebald
1009 1600 1074 1637 us
1087 1599 1282 1639 comes
1305 1582 1619 1649 accederet,
1634 1599 1668 1635 a
1681 1582 1917 1637 furenti-

261 1670 374 1726 bus
406 1671 637 1727 occisus
660 1676 767 1727 est.
785 1672 902 1727 Rex
916 1672 1307 1744 proditionem
1324 1675 1505 1739 ratus,
1527 1670 1689 1727 ocius
1702 1671 1909 1743 surgit,

262 1760 505 1832 suisque
540 1760 810 1832 stipatur.
826 1760 1132 1816 Heinricus
1162 1777 1293 1816 vero
1306 1762 1349 1794 ⁹²
1379 1760 1579 1816 dolum
1597 1759 1910 1825 arbitrans,

2026 782 2359 838 Suessionis
2391 798 2515 837 sese
2546 781 2837 853 privatum
2857 780 2922 814 ¹⁰⁶
2953 778 3204 845 habere;
3234 776 3440 849 Belgas
3472 782 3696 849 praeter

2027 872 2418 947 paucissimos
2451 871 2522 925 ad
2551 886 2659 925 sua
2680 867 3182 923 disecssise.Unde
3217 871 3273 921 et
3297 866 3377 920 rei
3412 882 3546 920 com
3562 882 3691 919 mo-

2027 962 2268 1017 ditatem
2301 961 2506 1016 adesse
2538 955 3292 1023 mcmorabat'WJacillime
3323 958 3382 1010 et
3412 971 3482 1009 ex
3513 971 3692 1026 aequo

2027 1066 2222 1122 regem
2251 1065 2422 1121 posse
2454 1047 2579 1118 capi
2611 1062 2902 1114 asserens,
2936 1045 2983 1098 si
3015 1043 3127 1115 ipsi
3159 1060 3364 1097 omnes
3393 1041 3693 1114 palatium

2025 1140 2229 1193 adeant
2265 1136 2383 1192 acsi
2414 1134 2988 1206 consulturi,in'ipso
3022 1148 3252 1204 quoque
3285 1130 3479 1203 palatii
3515 1130 3691 1185 cubi-

2025 1228 2157 1283 culo
2184 1227 2335 1282 inter
2363 1225 2788 1281 consulendum
2822 1240 3015 1294 regem
3040 1222 3273 1293 capiant
3299 1225 3689 1292 teneantque.

2025 1317 2126 1372 His
2150 1310 2347 1371 favent
2377 1332 2583 1371 omnes
2613 1330 2760 1385 pene
2800 1329 2868 1368 ex
2896 1310 3132 1378 Celtica,
3166 1313 3223 1364 et
3270 1311 3342 1365 de
3391 1310 3692 1381 patrando

2026 1405 2302 1473 facinore,
2334 1404 2487 1477 apud
2515 1403 2813 1459 tirannum
2856 1401 3187 1471 conjurant.
3223 1397 3514 1454 Palatium
3546 1414 3693 1470 ergo

2024 1496 2260 1561 adeunt,
2295 1509 2607 1565 regemque
2648 1494 2843 1563 utpote
2875 1488 3201 1545 consulturi
3232 1488 3475 1560 stipant.
3498 1487 3694 1542 Intro-

2024 1583 2273 1640 missum
2302 1598 2434 1638 vero
2463 1579 2755 1649 cubiculo,
2789 1584 2853 1634 ut
2882 1577 3085 1651 paucis
3115 1576 3354 1633 allocuti
3387 1580 3558 1645 sunt,
3592 1593 3691 1631 ca-

2024 1674 2196 1745 piunt
2228 1689 2294 1728 ac
2314 1674 2535 1727 tenent.
3530 1718 3535 1719 ,

2090 1762 2181 1817 22.
2229 1762 2485 1816 Heriveus
2516 1760 2581 1794 ¹⁰τ
2628 1755 3160 1829 metropolitanusm"
3215 1755 3475 1810 Karolum
3517 1771 3556 1809 a
3598 1754 3693 1809 de-

262 1847 508 1904 classem
533 1848 758 1921 repetit,
778 1852 956 1922 atque
987 1867 1020 1904 a
1052 1849 1226 1922 regiis
1248 1849 1628 1921 stipatoribus
1642 1849 1909 1904 Rhenum
1943 1886 1989 1951 B
2018 1851 2396 1907 sertoribusw"
2426 1857 2644 1921 captum
2675 1848 2871 1903 liberat
2894 1847 2957 1881 ¹⁰⁷
2989 1846 3282 1917 Remosque
3311 1844 3467 1951 ducit‘
3491 1844 3582 1898 ¹⁰“¹.
3619 1875 3691 1882 -

259 1938 509 1994 transire
566 1939 868 2011 cogitur”.
918 1938 1349 1995 Existimabant
1372 1939 1417 1973 9‘
1446 1937 1603 1994 enim
1645 1937 1704 1992 hi
1737 1938 1781 1973 9⁵
1811 1937 1911 2009 qui

256 2025 378 2099 regi
412 2025 768 2082 assistebant
784 2028 848 2094 95,
864 2043 999 2082 eum
1032 2027 1090 2082 in
1111 2026 1244 2083 dolo
1265 2027 1510 2083 venisse.
1531 2028 1576 2081 A
1598 2043 1714 2098 quo
1733 2026 1911 2081 etiam

258 2117 520 2186 tempore
544 2116 589 2150 ⁹⁶
619 2115 828 2171 Karolo
860 2116 1113 2173 infestus
1146 2116 1462 2172 ferebatur.

326 2203 387 2258 2i
428 2204 604 2276 (920.)
638 2209 988 2262 Desertorem
1016 2207 1058 2240 ⁹⁷
1098 2205 1285 2262 dolosa
1314 2208 1435 2274 regi
1462 2207 1503 2241 97
1540 2206 1741 2262 Karolo
1785 2222 1909 2277 per-

254 2295 442 2349 suasio
461 2293 526 2349 de
556 2294 870 2363 Haganonis
881 2296 923 2330 ⁹⁷
937 2295 1254 2367 objections.
1272 2327 1340 2334 —
1354 2294 1499 2350 Hinc
1530 2293 1728 2366 itaque
1744 2294 1912 2349 Hein-

254 2380 392 2449 rico,
435 2379 572 2437 inde
614 2383 890 2439 Rotberto
935 2384 1084 2439 duce
1127 2382 1374 2439 Karolus
1424 2384 1762 2454 urgebatur.
1814 2384 1912 2438 Fa-

254 2465 500 2534 ctusque
531 2479 735 2518 eorum
770 2464 1020 2525 medius,
1040 2466 1337 2535 utrimque
1360 2464 1753 2535 premebatur.
1774 2463 1912 2517 Post

253 2549 374 2606 haec
405 2551 476 2606 ad
506 2551 785 2607 interiora
816 2551 1058 2623 Belgica:
1092 2552 1344 2619 rediens,
1376 2552 1520 2607 urbe
1562 2551 1910 2607 Suessonica

255 2655 383 2694 sese
414 2640 905 2711 recipit,multam
938 2656 1007 2695 ex
1037 2640 1377 2712 hujusmodi
1402 2639 1721 2695 infortunio
1752 2641 1906 2712 apud

259 2744 399 2783 suos
430 2728 662 2801 agitans
691 2728 1024 2801 quaerelam.
1059 2730 1181 2784 Huc
1213 2729 1388 2785 etiam
1435 2746 1503 2785 ex
1536 2728 1763 2801 Belgica
1791 2746 1907 2800 quo

263 2816 496 2872 Colticas
525 2816 872 2886 eonlimitat,
905 2822 1081 2890 atque
1106 2836 1175 2875 ex
1204 2818 1420 2875 Celtica
1440 2818 1733 2890 principes
1763 2835 1908 2874 non-

266 2904 414 2960 nulli
444 2906 768 2962 contluunt.
802 2908 914 2963 Sed
947 2913 1004 2963 et
1034 2908 1347 2963 Rotbertus
1378 2909 1495 2963 dux
1527 2907 1909 2979 propinquior

261 2996 470 3063 lactus,
503 2995 762 3069 Stampis
781 3013 908 3053 sese
934 2997 1155 3069 recipit,
1171 3014 1237 3053 ac
1267 2999 1337 3053 ad
1371 2996 1653 3069 palatium
1684 2997 1906 3070 legatos

260 3083 711 3158 dirigit,regalia
740 3086 973 3159 negotia
1004 3086 1138 3142 inde
1171 3088 1621 3158 experturus.At
1641 3086 1741 3158 qui
1773 3103 1906 3141 con-

258 3172 495 3241 ﬂuxere,
516 3174 775 3229 Rotberti
792 3178 986 3247 partes
998 3176 1333 3242 tuebantur,
1350 3176 1520 3246 cujus
1533 3193 1711 3231 suasu
1727 3177 1901 3248 capti,

256 3261 326 3317 de
362 3261 693 3333 Haganonis
726 3262 1051 3333 abjectione
1082 3264 1235 3336 apud
1276 3280 1469 3337 regem
1523 3268 1898 3334 pertractant,
1931 3253 1975 3318 C

254 3366 372 3404 non
406 3353 470 3404 ut
498 3349 552 3405 id
590 3350 713 3405 ﬁeri
744 3350 943 3419 velint,
977 3352 1076 3407 sed
1109 3356 1174 3407 ut
1204 3352 1483 3424 regnandi
1509 3352 1733 3408 occasio
1765 3354 1903 3409 Rot-

253 3438 417 3493 berto
438 3443 692 3510 paretur.
710 3439 1109 3509 Abjectionem
1135 3440 1327 3512 itaque
1351 3441 1684 3513 Haganonis
1704 3441 1904 3497 leviter

251 3528 518 3583 suadent.
556 3529 775 3584 Ducem
806 3528 979 3584 etiam
1015 3546 1049 3584 a
1098 3546 1159 3585 se
1190 3530 1554 3585 dicessurum
1575 3529 1623 3586 si
1654 3548 1766 3585 non
1799 3531 1901 3586 ab-

243 3614 430 3687 jiciat,
464 3616 742 3674 mediocri
773 3618 1100 3674 assertione
1141 3619 1585 3686 demonstrant;
1621 3620 1902 3691 quatinus

249 3703 358 3760 levi
389 3706 796 3779 objurgatione
826 3724 928 3762 rex
964 3707 1346 3774 ammonitus,
1380 3707 1583 3779 cceptis
1629 3708 1902 3764 insistere

251 3810 368 3848 non
400 3793 870 3850 formidet.Unde
890 3800 946 3850 et
974 3799 1107 3867 post
1127 3800 1331 3851 contra
1352 3812 1485 3851 eum
1503 3795 1898 3866 Justissimam

251 3880 674 3954 indignationis
714 3898 953 3937 causam
986 3899 1048 3938 se
1096 3883 1400 3939 habituros
1442 3883 1897 3941 arbitrabantur.

323 3970 484 4036 Quod
499 3970 675 4025 etiam
689 3974 877 4026 totum
892 3971 964 4026 ad
992 3975 1124 4027 vota
1136 3988 1338 4027 eorum
1352 3971 1630 4043 provenit.
1644 3974 1788 4028 Nam
1804 3990 1901 4029 rex

250 4057 415 4112 nulla
437 4059 479 4092 ⁸⁸
512 4057 786 4113 suasione
818 4059 1080 4128 affectus,
1105 4077 1408 4132 nunquam
1453 4078 1488 4114 a
1515 4060 1723 4117 dilecto
1773 4079 1899 4119 sese

248 4146 651 4202 discessurum
675 4147 1008 4219 respondit;
1042 4147 1218 4218 idque
1241 4147 1442 4204 multis
1474 4152 1898 4206 sententiarum

249 4235 624 4291 sermonibus
657 4235 973 4291 asserebat.
1010 4236 1173 4300 Quod
1204 4238 1396 4292 cum”
1440 4238 1751 4294 Rotbertus
1782 4242 1899 4295 dux

248 4323 306 4379 in
341 4325 470 4395 ejus
496 4323 694 4379 animo
726 4324 904 4378 fixum
928 4325 1265 4397 perciperet,
1285 4326 1554 4383 Heinrico
1575 4329 1897 4385 Transrhe-

249 4412 412 4468 nensi
430 4414 496 4447 ¹⁰⁰
508 4430 610 4486 per
638 4412 862 4485 legatos
876 4413 1023 4469 '°°de
1053 4413 1206 4486 regis
1237 4415 1897 4485 ejectioue1°°suadetm0

246 4502 625 4574 Compererat
647 4503 712 4537 ¹⁰⁰
741 4502 896 4558 enim
919 4503 985 4537 ¹⁰⁰
1014 4518 1149 4559 eum
1168 4521 1201 4559 a
1222 4503 1790 4577 regiisstipatoribus
1809 4509 1891 4563 ¹⁰⁰.

247 4590 306 4644 in
339 4590 619 4663 iugam‘”
648 4594 914 4646 coactum
934 4608 947 4659 ;
970 4593 1202 4648 unde”0
1232 4596 1291 4648 et
1320 4593 1389 4648 de
1412 4611 1472 4650 se
1495 4596 1893 4653 ﬁdem’oocon-

246 4678 411 4734 tinuo
430 4678 858 4751 facit’”.Cujus
879 4697 1169 4738 consensu
1190 4680 1461 4740 tirannus
1482 4684 1797 4742 moxlaetus
1812 4687 1895 4757 '9‘,

244 4766 304 4823 in
337 4784 465 4824 sese
486 4770 814 4841 reguum'”
839 4770 1233 4826 transferrem
1261 4771 1790 4845 diligentissime‘o’
1819 4776 1898 4832 la-

2022 1941 2273 2012 Jamque
2301 1939 2586 1994 abducere
2626 1936 2983 2001 nitebantur,
3017 1950 3151 1989 cum
3184 1931 3689 2004 metropolitanus

2023 2029 2300 2085 Heriveus
2312 2044 2452 2083 cum
2474 2025 2657 2099 copiis
2671 2023 3013 2098 repentinus
3037 2023 3241 2078 urbem
3258 2021 3685 2077 Suessonicam

2022 2117 2371 2189 ingreditur.
2405 2115 2579 2187 Regis
2604 2113 2761 2171 enim
2793 2111 3104 2182 sollicitus,
3130 2111 3503 2166 desertorum
3528 2110 3690 2165 frau-

2020 2207 2153 2262 dem
2184 2207 2584 2279 praesenserat.
2600 2204 2671 2259 Et
2692 2202 2816 2274 ipse
2838 2200 3077 2274 quidem
3109 2199 3423 2271 priuscum
3450 2198 3685 2270 paucis,

2020 2299 2152 2368 post
2179 2311 2312 2350 vero
2343 2292 2456 2360 sui,
2490 2293 2718 2348 favente
2750 2289 2976 2348 Riculfo
3028 2288 3295 2361 ejusdem
3336 2287 3505 2344 urbis
3557 2288 3686 2360 epi-

2018 2401 2215 2457 scopo,
2250 2385 2673 2454 consequenter
2713 2379 3132 2435 admittuntur.
3165 2377 3429 2433 Armatis
3478 2377 3687 2449 itaque

2018 2468 2759 2539 circumdatus,eoncilium
2772 2468 3070 2523 desertoru
3081 2483 3133 2521 m
3150 2464 3530 2536 stupentibus
3544 2482 3688 2520 cun-

2018 2560 2124 2616 ctis
2156 2563 2440 2633 penetrat.
2469 2560 2798 2629 Factusque
2828 2554 3109 2611 terribilis
3145 2572 3157 2609 :
3197 2554 3298 2611 Ubi
3326 2555 3564 2626 inquam
3606 2561 3686 2608 est

2016 2649 2270 2705 dominus
2301 2664 2447 2703 meus
2477 2648 2623 2702 rex?
2653 2647 2733 2701 Ex
2760 2650 2880 2700 tam
2912 2641 3322 2715 multis,pauci
3350 2642 3682 2697 admodum

2017 2737 2406 2810 respondendi
2446 2736 2597 2791 vires
2628 2734 2904 2802 habuere,
2940 2750 3068 2788 sese
3111 2731 3348 2805 penitus
3396 2731 3681 2804 deceptos

2017 2828 2146 2883 rati.
2165 2826 2272 2892 Qui
2295 2830 2491 2881 tamen
2515 2842 2650 2880 cum
2673 2822 2896 2877 viribus
2918 2821 3193 2877 resumtis
3216 2820 3508 2876 dicerent:
3526 2822 3679 2875 Intro

2015 2933 2139 2972 cum
2161 2917 2353 2987 paucis
2382 2914 2680 2969 consultat!
2711 2910 3196 2983 metropolitanus
3216 2909 3363 2964 ostio
3395 2908 3677 2963 obserato

2012 3005 2131 3060 vim
2174 3004 2368 3059 infert.
2403 3002 2678 3073 Serisque
2722 2998 3140 3073 pessumdatis,
3187 3014 3320 3052 cum
3342 2997 3407 3031 ¹⁰⁸
3464 2996 3678 3069 paucis

2014 3094 2313 3151 sedentem
2328 3088 2600 3163 repperit.
2617 3089 2861 3161 Captum
2876 3087 3032 3142 enim
3046 3086 3394 3142 custodibus
3408 3085 3673 3143 adhibiti

2014 3180 2304 3255 ergastulo
2336 3181 2773 3252 deputaverant.
2807 3178 2929 3241 Quo
2960 3174 3449 3248 metropolitanus
3483 3192 3673 3231 manu

2013 3269 2419 3342 apprehenso:
2460 3269 2597 3323 Veni
2627 3264 2817 3338 inquit
2856 3282 2973 3333 rex,
3002 3267 3218 3336 tuisque
3255 3266 3440 3335 potius
3495 3274 3672 3320 utere.

2011 3359 2082 3414 Et
2112 3358 2195 3413 sic
2226 3374 2261 3412 a
2291 3355 2740 3427 metrOpolitano
2762 3371 2791 3409 e
2810 3355 3174 3409 desertorum
3196 3352 3385 3408 medio
3419 3353 3676 3408 eductus

2011 3452 2119 3502 est.
2154 3447 2318 3501 Tunc
2350 3445 2527 3500 etiam
2550 3460 2767 3515 equum
2793 3443 3139 3507 ascendens,
3156 3457 3291 3496 cum
3316 3442 3457 3496 1500
3480 3458 3676 3497 arma-

2009 3540 2203 3592 torum
2235 3535 2306 3590 ab
2330 3534 2473 3589 urbe
2522 3532 2715 3599 exivit,
2768 3536 2943 3603 atque
2986 3531 3198 3585 Remos
3247 3528 3500 3584 devenit.
3536 3530 3678 3586 Post

2009 3625 2180 3696 cujus
2211 3624 2559 3689 discessum,
2584 3621 2914 3677 desertores
2944 3620 3166 3691 pudore
3187 3617 3675 3685 confusi,illusos

2012 3730 2137 3769 sese
2187 3711 2665 3785 indignabantur.
2699 3708 3142 3780 Confusiquem
3190 3708 3261 3763 ad
3316 3707 3673 3763 Rotbertum

2009 3802 2272 3867 redeunt,
2308 3805 2483 3872 atque
2511 3816 2633 3860 rem
2666 3815 2779 3854 non
2812 3798 2955 3853 satis
2985 3812 3260 3868 prospere
3305 3800 3533 3868 gestam
3568 3798 3671 3852 de-

2009 3891 2215 3947 sertori
2245 3889 2561 3961 transfugae
2589 3890 2911 3960 reportant.
2948 3885 3194 3942 Karolus
3222 3901 3357 3940 vero
3405 3903 3504 3940 rex
3530 3902 3671 3941 cum

2009 3978 2453 4051 metropolitano
2483 3975 2729 4048 aliisque
2761 3974 2963 4047 paucis
2997 3974 3093 4046 qui
3119 3992 3151 4029 a
3170 3990 3231 4029 se
3254 3972 3497 4045 quidem
3513 3975 3671 4030 defe-

2008 4071 2225 4134 cerant,
2269 4066 2624 4138 sapientium
2668 4069 2865 4120 tamen
2915 4061 3161 4119 consilio
3210 4062 3283 4117 ad
3334 4079 3399 4117 se
3446 4062 3667 4118 reversi

2007 4160 2193 4224 erant,
2217 4154 2458 4227 Belgicae
2483 4154 2765 4209 interiora
2794 4153 3020 4225 repetit,
3056 4169 3124 4206 ac
3152 4152 3422 4223 Tungros
3453 4167 3665 4209 conce-

2007 4246 2111 4300 dit.
2146 4244 2348 4316 lbique
2376 4243 2647 4315 episcopo
2677 4245 2817 4297 tunc
2861 4241 3133 4296 defuncto
3165 4238 3513 4295 Hilduinum
3558 4240 3665 4295 eli-

2005 4338 2177 4408 gente
2208 4333 2381 4399 clero,
2414 4350 2479 4389 ac
2501 4330 2715 4405 populo
2744 4331 2989 4398 favente,
3017 4347 3120 4402 per
3148 4328 3667 4402 archiepiscopum

2006 4422 2452 4487 Herimannum,
2479 4420 2790 4494 prazsulem
2821 4419 3076 4487 ordinat,
3100 4418 3294 4473 virum
3352 4416 3663 4475 liberalem

2004 4530 2072 4568 ac
2102 4519 2429 4579 strenuum,
2445 4511 2547 4567 sed
2573 4509 2902 4566 factiosum.
2919 4508 3066 4563 Nam
3090 4525 3223 4563 mox
3245 4505 3562 4579 episcopus
3576 4525 3667 4563 or-

2008 4600 2268 4669 dinatus,
2302 4600 2375 4656 iis
2424 4599 2667 4673 Belgica:
2715 4597 3081 4671 principibus
3126 4596 3226 4669 qui
3277 4596 3342 4630 “°
3382 4596 3664 4652 Rotberto

2007 4691 2139 4747 duci
2172 4690 2233 4745 in
2267 4688 2419 4763 regis
2450 4688 2771 4761 abjectione
2787 4687 3076 4754 favebant,
3111 4702 3249 4741 mox
3276 4685 3447 4740 haesit
3486 4690 3545 4741 et
3576 4685 3666 4742 fa-

2005 4778 2107 4846 vit,
2139 4777 2460 4850 plurimum
2500 4793 2634 4833 cum
2665 4776 2750 4833 eis
2804 4779 3005 4831 contra
3053 4790 3248 4848 regem
3282 4772 3661 4830 machinans.

1596 4908 1837 4965 VARle
1874 4911 2285 4968 LECTIONES.

386 5018 458 5073 ad
490 5018 557 5085 R,
592 5019 832 5100 p,.tis_E
881 5021 1140 5100 abscisa._
1190 5023 1235 5057 ⁸³
1265 5023 1336 5077 de
1364 5022 1596 5100 amicis.
1645 5024 1796 5100 inter
1842 5042 1905 5082 se
1953 5027 2225 5084 habenda
2271 5025 2605 5100 plurimum
2629 5043 2678 5080 s.
2710 5025 2917 5100 deleta:
2980 5022 3659 5100 39__c__uterque_c_teleta_m_.

244 5090 288 5124 9°
308 5088 853 5172 li_ng,.ma'al_>scisa.
894 5094 933 5128 9'
967 5093 1247 5172 impetere
1277 5108 1323 5149 c.
1356 5094 1651 5172 lacessire.
1671 5098 2043 5172 _?'-'_v._rerum
2072 5088 2311 5172 nescius
2332 5098 2521 5172 deleta.
2566 5098 2610 5133 ⁰³
2636 5113 2686 5172 c.
2719 5097 2843 5160 Qua
2862 5095 2956 5172 die
2977 5094 3123 5172 nihil
3138 5088 3491 5172 concordiae.
3510 5094 3662 5149 nihil

245 5164 647 5237 gmigiciarum
672 5164 822 5237 inter
852 5180 951 5237 eos
979 5164 1248 5237 habitum
1282 5166 1589 5222 est.deteta.
1667 5170 1711 5203 9‘
1736 5168 1869 5223 Exis
1900 5172 2192 5226 abscisum.
2271 5171 2315 5205 9⁵
2344 5169 2575 5237 hi,bant
2604 5171 2835 5224 absczsa.
2912 5168 2955 5203 ⁹⁶
2986 5172 3029 5223 t.
3056 5165 3357 5237 heinricus
3398 5165 3657 5221 deletum.

245 5232 287 5265 ’7
362 5230 529 5297 Dese,
592 5233 735 5358 regi,
762 5234 833 5288 de
876 5236 1213 5307 Haganonis
1264 5240 1496 5293 abscisa.
1575 5238 1950 5296 “levissima
1991 5259 2038 5297 c.
2073 5241 2255 5297 nulla.
2333 5242 2376 5275 9°
2407 5230 2456 5295 ὸ.
2491 5240 2787 5312 principes
2836 5239 2894 5292 in
2947 5255 2997 5293 e.
3033 5255 3086 5293 θ..
3121 5238 3159 5292 f.
3195 5236 3565 5309 perciperent
3604 5241 3657 5293 1.

245 5303 371 5358 ΡΟ.ςί
397 5311 631 5358 quatuor
682 5306 825 5358 ineis
855 5314 966 5358 tota
992 5309 1260 5358 cantionis
1291 5310 1519 5358 historia
1548 5312 1795 5358 absoluta
1825 5321 1960 5358 oraL
1997 5315 2196 5358 auibus
2215 5314 2327 5358 iam
2357 5313 2551 5358 armis-
2581 5310 2819 5358 secunda
2846 5327 3017 5358 manu
3040 5310 3224 5358 omnia
3266 5323 3438 5358 usque
3484 5307 3657 5358 Regis

245 5303 371 5373 Post
397 5311 631 5373 quatuor

682 5306 825 5388 ineis
855 5306 1260 5388 totaraptiopis
1291 5310 1519 5388 historia
1548 5312 1795 5367 absoluta
1825 5321 1962 5388 erat,
1997 5315 2196 5385 quibus
2206 5314 2327 5384 jam
2357 5306 2553 5388 erasis,
2581 5306 2828 5388 secanda,
2846 5327 3017 5388 manu
3266 5306 3438 5388 amitte
3484 5307 3661 5388 Regis

244 5372 743 5456 enim’sollicit’us,
768 5372 1132 5456 desertorum
1157 5379 1429 5456 fraudem
1462 5388 1846 5451 praesenserat
1875 5372 2151 5456 adscripta
2182 5372 2327 5456 sant.
2406 5383 2471 5417 ¹⁰⁰
2499 5372 2659 5456 rans,
2682 5382 2856 5455 legat,
2880 5382 3021 5451 ejec,
3053 5384 3130 5456 et,
3164 5372 3656 5456 Com,im,.sti_pa,

245 5445 466 5533 “389m;
502 5462 601 5509 υην
636 5445 811 5533 idem,
846 5449 983 5533 aci't,
1016 5451 1265 5533 abscisa“;
1328 5445 1580 5533 ""‘m'o...
1604 5456 1811 5533 tuqul
1842 5472 2003 5511 me...
2029 5445 2128 5510 tas
2157 5453 2360 5521 cadat;
2391 5453 2571 5533 inertia
2599 5445 2779 5533 mea};
2810 5445 2969 5533 sim}:
3010 5445 3113 5533 ¹⁰¹
3144 5467 3266 5533 reg,
3288 5445 3661 5533 erre,issiine

245 5516 396 5598 abat,
433 5516 648 5598 itaque,
683 5522 859 5598 atque
888 5516 1119 5598 abscisa.
1202 5521 1266 5598 ‘f”
1286 5520 1483 5598 mediis
1513 5524 1740 5598 abscisis
1772 5527 1829 5581 in
1863 5536 1915 5583 et
1944 5532 2003 5581 ta
2028 5528 2203 5598 plana
2233 5516 2361 5581 sunt

244 5586 311 5659 Ψξ
341 5586 552 5659 emque
579 5586 873 5645 abscisam.
954 5592 1017 5626 ¹⁰⁵
1048 5609 1148 5646 um
1178 5593 1475 5658 abscisum,

1585 5596 1650 5669 Ψ
1677 5600 1923 5669 primum
1955 5615 1989 5653 a
2013 5568 2308 5653 abscisum.
2373 5568 2430 5629 ’ω

2381 5545 2392 5589 ;
2421 5526 2601 5596 igitur
2619 5525 2855 5596 majora
2897 5523 3043 5579 haud
3058 5593 3071 5596 _
3087 5520 3468 5596 recipiendam
3484 5591 3498 5596 _
3517 5529 3656 5596 erat.

2484 5613 2575 5664 us,
2589 5590 2829 5662 litan'us,
2845 5598 2953 5660 rto,
2970 5611 3028 5649 m
3058 5590 3293 5661 liberat,
3309 5590 3431 5648 ucit
3441 5591 3659 5649 abscisa

245 5654 309 5691 ¹⁰⁸
330 5673 379 5713 e.
413 5654 643 5715 duobus
674 5663 905 5718 tantum
940 5664 989 5718 1.
1069 5664 1135 5699 ¹⁰⁹
1162 5662 1434 5735 iratique.
1459 5654 1496 5720 ’1
1579 5667 1643 5701 ¹¹⁰
1754 5685 1888 5724 enm
1921 5670 2179 5726 rotberto
2203 5668 2350 5723 duce
2377 5654 2574 5738 regem
2601 5654 3015 5738 abjecerant'l.
