3838 6238
122 353 182 412 37
993 341 1541 405 HISTORIARUM
1583 337 1792 403 LIBRI
1838 338 2235 413 QUATUOR.
2270 379 2346 389 —
2375 344 2522 407 LIB.
2572 342 2620 405 Ι.
3425 342 3505 411 38

124 485 354 555 actisque
381 479 718 554 exsequiis,
750 475 1057 535 Gislebert’o
1085 478 1215 549 ejus
1261 476 1402 543 ﬁlio,
1429 477 1554 548 jam
1600 476 1748 532 facto
1780 477 1833 543 Α
1862 493 1994 530 vero
2043 476 2289 535 immani
2346 477 2530 546 hiatu,
2591 475 2892 552 multoque
2945 479 3184 539 horrore
3239 485 3504 557 veprium

117 572 310 644 juveni,
333 578 655 644 paternum
693 568 985 635 honorem,
1016 583 1211 622 coram
1246 565 1607 639 principibus
1650 563 1750 636 qui

126 663 493 717 conﬂuxerant
520 657 941 714 liberalissime
972 656 1392 711 accommodat.

181 751 258 805 35.
291 749 389 804 Hic
418 765 559 803 cum
595 749 757 803 esset
784 745 1103 801 clarissimo
1153 760 1362 816 genere
1402 743 1661 811 inclitus,
1695 746 1752 796 et

123 838 347 895 Heinrici
378 837 654 894 Saxoniae
688 834 853 890 ducis
882 833 1009 889 ﬁliae
1041 834 1341 907 Gerbergae
1380 832 1653 905 conjugio
1685 833 1752 867 ¹⁸³

124 928 346 983 nimium
364 925 524 993 felix,
542 926 604 980 in
628 924 871 981 nimiam
896 941 1007 995 prae
1026 921 1337 978 insolentia
1359 922 1750 978 temeritatem

123 1030 350 1087 preceps
379 1013 722 1079 ferebatur;
756 1012 814 1065 in
837 1010 1145 1081 disciplina
1164 1009 1402 1065 militari
1423 1026 1492 1065 ex
1516 1009 1752 1065 audatia

126 1103 336 1170 nimius,
368 1103 514 1157 adeo
547 1105 615 1155 ut
643 1100 1052 1172 quodcumque
1082 1098 1752 1170 inevincibile,appetere

124 1211 221 1248 non
248 1196 531 1247 metueret
556 1208 570 1257 ;
605 1206 843 1261 corpore
876 1189 1153 1244 mediocri
1184 1193 1241 1243 et
1266 1189 1468 1257 denso,
1489 1188 1752 1259 duroque

127 1282 500 1337 membrorum
536 1279 763 1346 robore,
798 1278 1015 1333 cervice
1045 1276 1367 1343 inﬂexibili,
1399 1275 1585 1332 oculis
1616 1276 1755 1331 infe-

126 1372 216 1425 stis
244 1376 415 1442 atque
462 1367 768 1440 inquietis,
821 1367 1021 1438 sicque
1073 1365 1390 1421 mobilibus
1438 1370 1503 1421 ut
1550 1382 1750 1420 eorum

124 1459 261 1514 color
288 1457 508 1514 nemini
523 1458 595 1512 ad
614 1456 851 1528 plenum
866 1455 1218 1521 innotuerit;
1244 1454 1493 1525 pedibus
1515 1455 1754 1510 omnino

125 1547 527 1619 inpatientibus
554 1564 567 1613 ;
593 1549 788 1601 mente
818 1543 1150 1599 levi.0ratio
1182 1544 1329 1615 ejus,
1354 1543 1633 1615 ambigua
1664 1560 1752 1598 ra-

124 1636 260 1691 tione
314 1636 670 1699 consistens,
729 1631 1106 1705 interrogatio
1165 1631 1395 1697 fallens,
1454 1630 1755 1703 responsio

121 1741 312 1797 anceps
335 1750 349 1791 ;
376 1723 666 1780 orationis
696 1726 910 1795 partes,
946 1738 1076 1776 raro
1124 1720 1393 1776 dilucida:
1426 1720 1535 1776 sibi
1567 1720 1752 1775 cohae-

122 1815 303 1869 rebant
324 1812 643 1882 ;suisadeo
667 1810 1491 1889 profusus,alienaenormiter
1508 1808 1711 1863 sitiens
1738 1826 1751 1876 ;
1788 1847 1832 1911 B

123 1903 421 1973 majoribus
443 1919 512 1957 ac
546 1900 657 1956 sibi
689 1898 1013 1971 aequalibus
1052 1916 1246 1953 coram
1270 1886 1501 1964 favens,
1535 1897 1756 1952 occulte

120 2009 235 2047 vero
263 1991 572 2057 invidens;
605 2000 801 2045 rerum
831 1988 1171 2044 confusione
1212 2004 1277 2043 ac
1327 1994 1536 2043 mutua
1581 1987 1753 2041 dissi-

121 2080 363 2136 dentium
396 2080 781 2136 insectatione
812 2076 1133 2150 plurimum
1164 2078 1447 2149 gaudens.

181 2170 260 2224 36.
290 2168 447 2225 Talis
478 2168 682 2239 itaque
712 2168 772 2222 in
803 2176 997 2239 regem
1030 2167 1213 2221 nimia
1259 2165 1629 2221 animositate
1676 2165 1757 2220 fe-

125 2258 355 2313 rebatur.
420 2255 821 2312 Meditabatur
869 2269 1105 2325 quoque
1162 2252 1316 2324 regis
1374 2253 1757 2323 abjectionem
1800 2254 1813 2265 ’

126 2347 443 2412 admodum,
478 2361 549 2401 ac
578 2343 903 2417 plurimum
936 2343 993 2397 id
1028 2342 1422 2414 pertractabat
1468 2342 1620 2413 apud
1661 2358 1760 2396 eos

131 2436 216 2506 qui
239 2435 296 2489 in
328 2434 560 2508 Belgica
588 2431 844 2505 potiores
863 2431 1352 2513 videbantur,non
1371 2429 1606 2502 quidem
1630 2431 1759 2484 Rot-

130 2524 292 2589 berto,
324 2524 425 2580 sed
459 2521 576 2579 sibi
608 2537 855 2594 regnum
887 2520 1329 2586 alfectans;sua
1357 2535 1593 2591 quoque
1609 2518 1763 2591 prin-

129 2613 333 2684 cipibus
359 2629 512 2685 pene
543 2611 747 2667 omnia
775 2609 1230 2665 distribuens.Et
1251 2609 1501 2679 majores
1523 2608 1761 2680 quidem

128 2702 339 2772 pmdiis
353 2706 409 2757 et
429 2701 660 2756 aedibus
677 2698 924 2771 egregiis
940 2696 1139 2753 inclite
1160 2697 1763 2765 donabat,mediocres

131 2796 305 2845 autem
337 2790 467 2846 auri
498 2794 556 2845 et
586 2786 812 2861 argenti
843 2786 1077 2842 talentis
1108 2785 1419 2841 efﬁcaciter
1467 2785 1761 2840 illiciebat.

133 2879 212 2933 Fit
239 2881 432 2951 itaque
466 2877 793 2933 multorum
821 2891 887 2930 ex
916 2874 1146 2947 Belgica
1174 2890 1308 2929 cum
1331 2890 1396 2929 eo
1419 2890 1763 2929 consensus.

132 2967 229 3021 Sed
258 2968 364 3023 hoc
397 2967 546 3023 satis
574 2964 898 3036 improvide
919 2980 986 3018 ac
1010 2961 1515 3018 inconsulte.Nam
1540 2960 1673 3017 licet
1693 2961 1766 3017 ob

134 3073 329 3129 magna
376 3055 667 3112 beneﬁcia
717 3057 1083 3125 comparatos
1114 3052 1225 3107 sibi
1266 3051 1616 3118 attraxisset,
1650 3066 1762 3105 non

134 3147 306 3199 tamen
339 3162 411 3200 ex
433 3142 828 3216 jurejurando
857 3142 927 3196 ad
979 3141 1332 3212 patrandum
1384 3139 1611 3195 facinus
1655 3137 1765 3193 sibi

133 3234 410 3289 annexuit.
435 3211 680 3288 'Leviter
729 3246 864 3303 ergo
894 3211 1147 3296 attracti,
1180 3228 1377 3285 leviter
1415 3232 1544 3301 post
1575 3229 1765 3284 disso-
1795 3211 1839 3277 (Σ

133 3322 265 3377 ciati'
280 3324 460 3379 fuere.

191 3413 274 3467 37.
305 3413 455 3468 Nam
484 3427 624 3468 cum
659 3409 906 3466 Karolus
952 3409 1061 3465 hoc
1106 3408 1303 3464 audito
1333 3426 1367 3464 a
1395 3408 1607 3464 Celtica
1636 3425 1769 3464 cum

134 3500 363 3557 exercitu
399 3500 640 3567 rediret,
674 3498 983 3572 Belgisque
1015 3496 1235 3553 bellum
1277 3497 1489 3553 inferre
1518 3500 1768 3569 pararet,

134 3589 296 3663 Belgae
324 3607 463 3646 mox
493 3606 611 3645 non
644 3588 705 3643 in
737 3593 932 3660 aperto
962 3604 1095 3642 cum
1137 3585 1459 3643 Gisleberto
1504 3586 1771 3641 resistere

136 3678 232 3733 nisi
260 3683 418 3747 sunt,
454 3679 559 3734 sed
604 3676 839 3749 oppidis
870 3693 936 3732 ac
967 3675 1305 3747 municipiis
1334 3676 1401 3709 ‘“
1423 3691 1549 3731 sese
1580 3673 1767 3729 reclu-

136 3763 283 3821 dunt.
312 3767 592 3823 Rex'vero
616 3762 869 3837 singulis
891 3763 991 3836 qui
1018 3763 1090 3819 ab
1114 3779 1177 3819 se
1198 3762 1528 3817 defecerant
1546 3761 1771 3835 legatos

134 3852 330 3928 dirigit,
381 3873 489 3928 per
538 3871 689 3928 quos
749 3853 1117 3925 signiﬁcabat
1173 3868 1301 3907 sese
1358 3850 1536 3923 regali
1595 3856 1770 3921 atque

132 3942 358 3999 solemni
418 3943 738 4000 donatione
808 3941 1155 4014 largiturum
1220 3939 1496 4012 quicquid
1555 3939 1639 3995 eis
1698 3940 1771 3994 ab

134 4030 440 4089 Gisleberto
473 4031 830 4105 praediorum
861 4036 919 4086 et
948 4030 1163 4085 mdium
1192 4028 1469 4084 collatum
1501 4033 1608 4095 est,
1643 4044 1771 4084 sese

134 4136 348 4192 quoque
379 4126 589 4177 contra
621 4118 1014 4176 Gislebertum
1046 4135 1150 4190 pro
1182 4118 1267 4173 eis
1306 4123 1686 4185 certaturum,
1720 4117 1772 4172 si

132 4208 177 4261 is
203 4211 280 4265 eis
308 4228 375 4267 ex
404 4209 639 4267 collatis
660 4208 961 4264 beneﬁciis
991 4208 1304 4279 quicquam
1333 4210 1591 4279 repetere
1611 4206 1767 4261 velit.

132 4298 239 4361 Quo
266 4300 586 4373 eapti,mox
607 4299 746 4369 jure
776 4296 1126 4353 sacramenti
1159 4296 1231 4351 ad
1276 4312 1469 4368 regem
1502 4295 1768 4361 redeunt,

130 4384 449 4460 habitisque
507 4386 837 4443 rationibus
882 4384 1161 4457 quicquid
1222 4383 1638 4440 beneﬁciorum
1697 4385 1769 4440 ab

132 4473 435 4533 Gisleberto
461 4476 547 4532 eis
577 4473 859 4531 collatum
893 4473 1019 4541 fuit,
1045 4472 1224 4546 regali
1254 4472 1524 4545 largitate
1550 4472 1770 4527 ﬁrmis-

1860 564 2166 621 defensum
2217 571 2324 635 est,
2377 584 2511 623 cum
2562 570 2763 639 paucis
2812 568 3212 626 claudebatur.
3254 572 3376 629 Huc
3410 592 3509 631 rex

1860 670 1993 709 cum
2024 654 2277 711 exercitu
2331 662 2621 729 properat,
2652 657 2922 730 locatque
2951 659 3336 730 obsidionem,
3373 661 3509 719 hinc

1860 747 1915 797 et
1946 743 2080 799 inde
2114 744 2437 812 navalem,a
2466 746 2655 800 fronte
2685 763 2818 801 vero
2850 752 3202 819 equestrem.
3235 750 3295 804 In
3338 750 3508 820 cujus

1860 833 2289 905 expugnatione
2311 850 2444 888 cum
2469 834 2827 906 persisteret,
2853 835 3214 893 Gislebertus
3236 839 3300 874 ηδ
3320 838 3508 895 navali

1861 921 1998 993 fuga
2027 919 2325 976 dilabitur.
2350 920 2637 993 Oppidani
2689 939 2822 978 vero
2853 924 3028 996 capti,
3067 924 3127 979 in
3159 924 3313 999 regis
3341 926 3513 983 deve-

1861 1008 2404 1081 niuntjussionem.
2440 1010 2801 1066 Gislebertus
2850 1016 3047 1068 autem
3093 1029 3227 1069 cum
3280 1014 3511 1072 duobus

1861 1097 2172 1165 clientulis,
2228 1102 2471 1170 paterna
2518 1098 2841 1155 hereditate
2898 1101 3179 1172 privatus,
3242 1102 3509 1159 Rhenum

1862 1185 2203 1242 exulaturus
2256 1187 2591 1259 pertransit.
2641 1188 2845 1261 Ibique
2895 1206 2998 1263 per
3047 1208 3234 1247 annos
3290 1192 3515 1266 aliquot

1862 1276 2018 1346 apud
2052 1275 2385 1330 Heinricum
2417 1292 2681 1331 socerum
2715 1278 2993 1350 deceptus
3023 1280 3237 1335 exulat.
3271 1282 3512 1339 Evoluto

1862 1369 2059 1418 autem
2088 1362 2311 1435 aliquot
2357 1381 2645 1420 annorum
2689 1370 2970 1438 tempore,
3000 1368 3308 1425 Heinricus
3356 1372 3511 1443 apud

1863 1468 2059 1524 regem
2093 1452 2355 1507 suasorie
2380 1453 2521 1525 agit,
2555 1457 2620 1507 ut
2648 1453 3009 1510 Gislebertus
3041 1461 3427 1526 revocaretur,
3448 1474 3514 1514 ac

1862 1540 1921 1594 in
1952 1540 2105 1613 regis
2136 1541 2387 1613 gratiam
2419 1546 2908 1610 resumeretur,ea
2926 1560 3060 1599 vero
3092 1562 3284 1601 rerum
3318 1548 3517 1603 condi-

1864 1629 2040 1697 tione,
2075 1634 2137 1684 ut
2169 1630 2322 1702 regis
2354 1631 2642 1686 sententia
2671 1648 2737 1686 ex
2768 1630 2995 1688 collatis
3040 1633 3336 1690 beneﬁciis
3368 1636 3513 1691 inte-

1865 1724 2106 1787 merata,
2162 1719 2524 1775 Gislebertus
2582 1736 2649 1775 ea
2709 1726 2936 1777 tantum
2990 1723 3167 1795 regali
3205 1723 3516 1781 clementia

1864 1807 2164 1878 reciperet,
2217 1824 2468 1878 quorum
2520 1825 2888 1881 possessores
2934 1826 3036 1881 per
3087 1815 3172 1866 tot
3221 1812 3311 1867 sui
3359 1810 3515 1868 exilii

1865 1899 2129 1967 tempora
2142 1896 2267 1965 jam
2300 1896 2582 1951 obierant.

1938 1985 2028 2038 39.
2063 1984 2232 2055 (922.)
2263 1986 2349 2039 Ab
2380 1984 2550 2040 exilio
2580 1984 2780 2058 itaque
2829 1993 3150 2056 revocatus,
3185 1991 3338 2063 regis
3384 2009 3515 2065 gra-

1867 2073 2010 2127 tiam
2034 2088 2137 2144 per
2156 2073 2491 2129 Heinricum
2517 2080 2869 2143 meretur,ea
2889 2080 3083 2132 tamen
3108 2084 3172 2133 ut
3188 2079 3408 2135 dictum
3429 2084 3519 2136 est

1868 2160 2293 2232 conditione,ut
2323 2178 2357 2216 a
2385 2161 2682 2219 beneﬁciis
2705 2179 2832 2235 quae
2854 2163 3172 2221 insolenter
3191 2166 3520 2237 diduxerat,

1870 2250 2131 2322 quandiu
2164 2266 2533 2322 possessores
2563 2251 2819 2307 viverent
2849 2258 3079 2321 careat;
3112 2271 3181 2311 ea
3209 2273 3342 2313 vero
3372 2274 3521 2330 quo-

1870 2356 2002 2394 rum
2035 2356 2404 2411 possessores
2463 2356 2564 2411 per
2596 2357 2782 2396 annos
2813 2340 3036 2414 aliquot
3066 2343 3352 2411 obierant,
3367 2345 3520 2419 regis

1872 2427 2243 2484 miseratione
2273 2432 2510 2499 repetat.
2545 2428 2770 2501 Recipit
2801 2429 2998 2503 itaque
3030 2448 3156 2504 quae
3178 2449 3212 2486 a
3232 2433 3523 2490 defunctis

1873 2517 2112 2588 quidem
2136 2517 2411 2573 derelicta
2429 2519 3053 2586 vacabant,maximam
3070 2538 3310 2577 suarum
3326 2540 3522 2579 rerum

1874 2606 3520 2679 partem,’l‘rajectum,Juppilam,Harstalium,Marsnam,

1876 2694 2089 2747 Littam
2125 2695 2252 2766 (75),
2284 2694 2995 2767 Οαρτωωοηιθηιθυὶῢυδ
3025 2698 3527 2767 habitis,Karolus

1876 2800 1973 2838 rex
2002 2782 2059 2836 in
2112 2781 2388 2838 Celticam
2439 2784 2609 2851 redit,
2661 2785 3038 2842 Nortmannis
3086 2787 3186 2859 qui
3236 2793 3525 2845 extremos

1876 2870 2195 2926 Galliarum
2226 2873 2372 2926 ﬁnes
2403 2871 2546 2928 locis
2576 2872 2888 2929 maritimis
2920 2873 3296 2944 infestabant,
3328 2880 3526 2950 copias

1876 2961 2088 3016 inferre
2121 2961 2631 3033 parans.Heinrico
2660 2979 2794 3018 vero
2823 2968 2988 3020 trans
3015 2965 3282 3022 Rhenum
3324 2972 3528 3024 contra

1878 3050 2174 3105 Sarmatas
2206 3049 2483 3122 profecto,
2516 3050 2876 3108 Gislebertus
2906 3070 3007 3125 per
3029 3071 3167 3110 suos
3190 3054 3528 3111 immaniter

1877 3139 2126 3195 vexabat
2156 3144 2211 3194 et
2241 3139 2524 3195 atterebat
2553 3156 2651 3195 eos
2683 3141 2783 3213 qui
2816 3142 2888 3197 ab
2920 3158 3053 3215 rege
3085 3160 3192 3199 sua
3220 3144 3356 3199 data
3375 3145 3526 3201 obti-

1878 3227 2287 3283 nebant.Alios
2316 3228 2679 3285 clandestina
2720 3229 3019 3287 invasione
3062 3248 3332 3300 enecans,
3381 3233 3527 3290 alios

1879 3315 2241 3371 incessanter
2288 3320 2351 3371 ut
2389 3333 2496 3372 sua
2543 3316 2878 3390 relinquant
2924 3320 3237 3393 adurgens,
3288 3323 3526 3378 tandem

1879 3404 2358 3477 evincit,suisque
2382 3407 2658 3462 omnibus
2675 3406 3311 3478 potitur,truculentius
3324 3411 3528 3467 exinde

1880 3494 1937 3548 in
1971 3509 2164 3566 regem
2211 3493 2576 3549 machinans.
2610 3499 2885 3551 Socerum
2938 3496 3136 3570 itaque
3185 3499 3325 3565 adit,
3360 3500 3528 3572 eique

1879 3582 1952 3637 ab
1985 3598 2118 3654 rege
2150 3581 2755 3646 dissuadet,Celticam
2788 3584 2973 3640 solam
3007 3586 3125 3659 regi
3160 3604 3331 3659 posse
3363 3589 3527 3643 sufﬁ-

1879 3686 2007 3725 cere
2064 3686 2355 3739 asserens,
2400 3669 2691 3743 Belgicam
2737 3688 2871 3728 vero
2920 3678 3096 3745 atque
3153 3675 3525 3731 Germaniam

1878 3775 2012 3831 rege
2043 3758 2156 3815 alio
2188 3758 2508 3831 plurimum
2552 3760 2829 3834 indigere.
2860 3762 3022 3818 Unde
3071 3767 3147 3831 et,
3182 3768 3247 3819 ut
3292 3764 3417 3837 ipse
3467 3766 3527 3821 in

1879 3865 2123 3921 regnum
2156 3849 2421 3904 coronari
2454 3865 2568 3904 non
2602 3850 2900 3918 abnueret,
2927 3850 3130 3908 multis
3151 3854 3528 3910 suasionibus

1878 3938 2270 4010 permovebat.
2332 3938 2636 3993 Heinricus
2694 3956 2829 3995 vero
2890 3958 3023 3996 cum
3084 3942 3335 3997 nefanda
3393 3958 3527 3998 eum

1879 4028 2125 4083 suadere
2156 4027 2681 4095 adverteret,dictis
2713 4030 3017 4085 suadentis
3056 4031 3377 4087 admodum
3408 4048 3527 4087 res-

1878 4115 2015 4186 titit,
2048 4120 2104 4171 et
2136 4119 2198 4170 ut
2223 4116 2549 4187 quiesceret
2578 4118 2650 4172 ab
2684 4116 2926 4188 illicitis,
2960 4118 3164 4175 multis
3206 4119 3526 4192 ampliﬁca-

1878 4204 2140 4259 tionibus
2170 4204 2449 4277 agitabat.

1950 4295 2037 4348 40.
2067 4294 2135 4348 Et
2156 4292 2515 4349 Gislebertus
2538 4294 2773 4367 quidem
2796 4312 2930 4351 cum
2951 4297 3105 4368 apud
3127 4314 3393 4354 socerum
3411 4314 3528 4354 non

1880 4382 2202 4455 proﬁceret,
2239 4386 2304 4437 ut
2335 4383 2398 4417 ’⁸⁸
2429 4399 2676 4456 regnum
2720 4383 2832 4440 sibi
2866 4386 2930 4420 ¹⁴⁶
2960 4403 3164 4456 parare
3196 4391 3394 4458 posset
3442 4388 3527 4456 1“,

1880 4471 1938 4525 in
1971 4469 2246 4526 Celticam
2275 4471 2494 4527 secedit
2519 4489 2584 4527 ac
2617 4472 2828 4528 transit
2847 4472 2906 4527 in
2934 4474 3265 4529 Neustriam
3291 4492 3305 4542 ;
3331 4474 3531 4547 sicque

129 4563 258 4620 sime
286 4565 613 4638 unicuique
642 4563 1086 4619 donatur.Unde
1117 4566 1173 4617 et
1202 4579 1235 4617 a
1266 4561 1586 4618 Gisleberto
1619 4578 1773 4617 rece-
1802 4582 1849 4647 D
1880 4575 2016 4614 cum
2064 4559 2336 4615 Rotberto
2387 4560 2532 4615 duce
2572 4561 2643 4615 de
2686 4561 2887 4616 eodem
2935 4561 3167 4634 negotio
3219 4562 3529 4619 consilium

131 4652 335 4723 dentes,
370 4654 495 4728 regi
526 4651 1008 4709 constantissime
1039 4651 1421 4720 resociantur,
1443 4667 1508 4706 ac
1539 4667 1672 4707 cum
1705 4667 1772 4706 eo

133 4740 183 4795 in
212 4743 602 4800 Gislebertum
628 4743 919 4797 feruntur.

192 4831 274 4886 38.
308 4832 678 4888 Gislebertus
709 4847 844 4887 vero
873 4831 932 4885 in
962 4830 1175 4903 oppido
1198 4829 1459 4886 Harbure
1482 4829 1773 4903 (74),quod

136 4917 253 4976 hinc
284 4921 449 4978 Mosa
476 4925 535 4977 et
584 4920 723 4976 inde
771 4917 938 4976 Gullo
970 4918 1163 4975 ﬂuviis
1216 4916 1480 4987 vallatur,
1525 4935 1559 4972 a
1588 4919 1775 4974 fronte

1883 4648 2125 4715 confert,
2157 4648 2410 4703 suadens
2440 4647 2492 4703 ei
2524 4649 2594 4703 de
2622 4648 2783 4721 regni
2814 4650 3205 4723 susceptione,
3240 4669 3305 4707 ac
3339 4652 3532 4709 Karoli

1884 4735 2226 4809 abjectione.
2286 4736 2519 4792 Exultat
2577 4737 2865 4807 tirannus,
2920 4744 2977 4794 et
3035 4738 3255 4797 tirrano
3310 4741 3533 4813 absque

1884 4843 2049 4882 mora
2080 4826 2589 4882 favet.Deliberant
2617 4827 2814 4899 itaque
2843 4828 3036 4897 ambo,
3071 4833 3129 4884 et
3156 4833 3287 4902 post
3334 4848 3438 4903 pro
3469 4832 3531 4866 “7

1883 4914 2291 4989 perpetrandis
2318 4915 2493 4971 ﬁdem
2526 4922 2890 4972 sacramento
2923 4918 2988 4952 ¹⁴⁸
3028 4920 3379 4975 conﬁrmant
3409 4920 3494 4974 “9.

1474 5015 1717 5072 VARI/E
1759 5014 2177 5071 LECTIONES.

195 5098 254 5132 ¹⁴³
326 5097 709 5154 matrimonio
780 5099 829 5153 1.
906 5097 973 5132 ‘“
1022 5095 1483 5168 munitionibus;
1509 5096 1569 5168 Δ1.
1649 5095 1713 5129 “5
1772 5099 1839 5150 G.
1906 5094 2058 5168 clam
2126 5109 2230 5165 per
2294 5110 2532 5168 murum
2600 5094 2865 5168 dilapsus
2920 5096 3175 5168 ﬂuvium
3243 5097 3533 5153 enataudo

137 5169 521 5238 transmeavit,
563 5174 621 5225 et
660 5185 794 5224 cum
835 5168 1066 5241 duobus
1107 5167 1416 5241 clientibus
1456 5166 1725 5241 Rhenum
1791 5164 2143 5241 exulaturus
2179 5164 2608 5241 pertransiens,
2651 5164 2826 5241 annis
2882 5166 3127 5241 aliquot-
3163 5169 3317 5241 apud
3372 5184 3533 5241 soce-

137 5253 251 5312 ljtltn
291 5258 469 5296 suum
507 5236 852 5296 lleinricum
890 5239 1242 5312 patrimonio
1289 5238 1553 5312 privatus
1590 5237 1860 5312 exulavit.
1904 5236 2205 5312 Oppidani
2252 5240 2449 5312 autem
2514 5236 2737 5308 absque
2795 5238 2943 5312 duce
2982 5236 3217 5312 'relicti;
3268 5257 3332 5295 se
3390 5238 3534 5296 sub-

138 5308 393 5368 diderant
431 5313 574 5386 regi.
626 5312 844 5367 Ekkeh.
890 5307 1007 5370 'Ur.
1087 5312 1153 5346 ¹⁴⁶
1209 5307 1441 5381 ιι,“εἰὶ),
1500 5327 1536 5383 p
1597 5327 1673 5365 ea:
1708 5307 2090 5380 conject."“7
2131 5324 2199 5363 ex
2253 5308 2302 5361 1.
2383 5307 2446 5342 “3
2485 5307 2869 5364 sacramentis
2910 5311 2963 5366 1.
3041 5311 3108 5346 “9
3166 5327 3214 5366 c.
3277 5312 3347 5367 Et
3402 5313 3535 5383 post

1711 5406 1941 5462 NOTAE.

202 5489 307 5559 (74)
334 5488 518 5545 Hodie
547 5489 713 5545 vicus
743 5487 891 5545 Geul
920 5489 980 5544 in
1018 5488 1144 5545 loco
1174 5487 1450 5553 indicato,
1483 5485 1543 5559 in
1575 5487 1778 5559 dextra

141 5555 431 5635 l_dos_ae,ubi
460 5562 603 5635 Geul
628 5560 822 5631 (Gulia
849 5561 950 5617 SS.
974 5560 1016 5617 Ι.
1049 5559 1175 5635 603)
1209 5575 1336 5616 eam
1378 5558 1592 5632 inﬂuit,
1624 5558 1780 5615 infra
1885 5555 2064 5633 migio
2093 5556 2366 5615 Remensi
2388 5575 2421 5614 a

143 5627 483 5705 TrajeCtum,
509 5627 664 5691 situs
692 5637 801 5691 est.

3241 5504 3303 5541 ro
3337 5486 3394 5541 S.
3424 5484 3534 5539 Re-

3267 5600 3281 5627 ,
3312 5557 3437 5614 ese.

1957 5485 2067 5557 (75)
2098 5485 2184 5557 gf.
2216 5485 2518 5557 Gerbergaa
2550 5485 2762 5557 reginae
2793 5487 3167 5544 donationem

2559 5558 2743 5617 .Febr.
2779 5559 2865 5616 12.
2899 5560 3163 5633 Bouquet

3372 5852 3615 5927 ,μί’-⁵
