3838 6238
79 352 144 412 45

956 351 1502 435 HISTORIARUM
1546 349 1752 414 LIBRI
1796 350 2191 423 QUATUOR.
2223 386 2301 396 -—
2329 351 2479 414 LIB.
2523 353 2576 412 Ι.

3384 332 3469 408 46

82 482 249 535 litium
280 481 678 539 tumultuatio
712 483 859 539 inter
888 500 1079 558 regem
1112 503 1178 541 ac
1208 486 1576 541 Heribertum
1610 483 1710 556 qui
1739 485 1793 551 Α
1824 485 1943 539 rico
1975 483 2231 551 cuidam,
2250 485 2323 541 ab
2354 483 2609 557 Aquensi
2640 483 2931 557 episcopio
2962 488 3294 556 pyratarum
3314 480 3464 537 inse-

82 568 325 625 Karolum
348 572 461 626 sub
484 571 767 627 custodia
793 572 1099 640 detinebat,
1126 592 1239 631 non
1261 574 1489 630 modica
1510 576 1711 630 subse-

80 662 196 713 cuta
219 663 390 729 atque
418 661 726 733 exagitata
755 662 820 696 ¹⁹²
846 666 953 729 est,
985 679 1050 718 eo
1081 664 1236 735 quod
1268 663 1608 719 Heribertus
1636 664 1708 718 ab

79 764 190 818 rege
216 746 395 803 nimia
422 750 760 821 expetebat,
795 766 891 805 rex
931 768 1063 807 vero
1115 755 1314 824 utpote
1359 750 1707 820 insatiabili,

78 834 202 889 nihil
231 837 740 892 accommodabat.

131 925 211 979 53.
242 926 475 981 Karolus
494 926 565 961 1³³
585 926 858 982 liberatur
888 929 952 962 "3
979 928 1047 983 ab
1077 930 1355 985 Heriberto
1386 930 1471 983 "3.
1505 961 1574 969 —
1599 929 1705 984 Re.

74 1013 121 1083 gi
148 1015 503 1085 ergo.minas
551 1015 892 1072 Heribertus
938 1016 1265 1084 intendens,
1300 1016 1577 1073 Karolum
1610 1032 1706 1072 re-

73 1117 185 1173 gem
206 1119 489 1159 acarcere
520 1104 803 1160 eductum
834 1105 892 1158 in
924 1121 1140 1177 pagum
1172 1105 1704 1161 Veromandensem

74 1189 304 1257 deduxit,
338 1207 459 1246 non
490 1196 559 1247 ut
589 1208 767 1265 regno
800 1192 988 1248 ﬁdelis
1017 1210 1153 1249 eum
1186 1194 1536 1261 restitueret,
1564 1200 1623 1249 at
1644 1198 1707 1249 ut

74 1293 129 1332 ex
147 1279 265 1350 ejus
281 1279 598 1336 eductione
621 1280 878 1353 aliquam
911 1282 1202 1354 suspectis
1232 1283 1606 1339 formidinem
1626 1283 1707 1337 in-

73 1372 284 1422 cuteret.
316 1368 710 1425 Nortmannis
758 1369 955 1442 itaque
1006 1372 1304 1426 accersitis
1346 1375 1519 1443 atque
1548 1372 1702 1443 apud

71 1454 327 1525 oppidum
355 1457 590 1527 Augam
630 1455 905 1523 collectis,
940 1473 1076 1512 eum
1107 1458 1172 1492 ¹⁹⁴
1201 1458 1473 1526 deducit;
1509 1457 1705 1530 ibique

71 1542 207 1597 ﬁlius
236 1543 503 1599 Rollonis
528 1548 771 1617 pyrataa,
803 1546 874 1601 de
919 1546 1090 1617 cujus
1137 1547 1539 1602 interfectione
1574 1548 1702 1618 jam

71 1628 295 1686 relatum
309 1632 591 1704 est,regis
603 1633 878 1688 manibus
891 1648 1020 1689 sese
1041 1632 1430 1690 militaturum
1444 1635 1708 1691 commit-

68 1719 147 1786 tit,
177 1719 471 1792 ﬁdemque
501 1721 773 1793 spondet,
812 1737 880 1777 ac
912 1728 1279 1778 sacramento
1308 1722 1522 1779 ﬁrmat.

1819 573 2067 629 ctatione
2090 572 2280 645 pulso,
2304 591 2407 646 pro
2429 590 2495 628 eo
2517 572 2849 628 ministrare
2872 588 3211 627 concessum
3234 575 3341 625 est.
3358 569 3461 625 Cui

1818 662 1994 717 etiam
2026 662 2321 717 abbatiam
2356 662 2540 717 sancti
2587 661 2875 718 Timothei
2925 659 3183 715 martiris
3213 659 3285 713 ad
3318 675 3463 714 usus

1816 751 2082 823 proprios
2113 751 2401 821 attribuit,
2434 755 2491 805 et
2520 751 2760 821 insuper
2799 748 3213 805 canonicarum
3244 746 3461 801 victum

1816 837 1991 895 simul
2020 838 2354 912 impertivit.
2381 838 2666 895 Rodulfus
2689 838 2909 894 interea
2939 854 3037 893 rex
3068 839 3290 908 quanta
3317 835 3464 890 foret

1816 927 2061 999 aequitas
2083 944 2201 983 sua;
2224 927 2353 982 vitae
2375 928 2776 983 demonstrare
2800 925 3062 998 cupiens,
3087 925 3158 979 ad
3186 922 3460 979 Karolum

1817 1015 1915 1070 ubi
1949 1016 2290 1072 servabatur
2319 1015 2584 1071 accessit.
2619 1016 2787 1087 Apud
2813 1031 2987 1087 quem
3017 1011 3205 1069 multa
3234 1012 3305 1067 de
3334 1012 3462 1082 ejus

1816 1103 2717 1177 miseriisconquestus,sermoni
2740 1102 3048 1176 multiplici
3071 1102 3121 1159 si
3143 1101 3463 1158 offenderat

1814 1192 2159 1265 suppliciter
2185 1193 2412 1249 veniam
2436 1192 2790 1266 postulabat.
2816 1192 2883 1247 Et
2902 1191 3179 1264 quoniam
3206 1188 3459 1261 suscepti

1815 1281 1932 1353 regi
1941 1281 2117 1337 minis
2139 1282 2362 1354 apicem
2381 1282 2613 1354 penitus
2634 1280 2901 1338 amittere
2919 1297 3033 1336 non
3050 1277 3459 1350 valebat,quod

1815 1369 1962 1425 ratio
1993 1370 2327 1426 conferebat
2356 1370 2406 1425 ei
2439 1370 2717 1438 restituit,
2750 1369 2916 1425 sedes
2952 1367 3221 1423 videlicet
3268 1366 3459 1439 regias

1813 1458 1921 1513 hoc
1953 1463 2042 1514 est
2069 1458 2424 1515 Attiniacum
2455 1463 2513 1515 et
2560 1458 2932 1525 Pontionem;
2961 1456 3162 1529 sicque
3192 1454 3456 1511 Suessio-

1814 1564 1955 1603 num
1990 1548 2283 1603 remeavit.

1881 1636 1971 1690 56.
2006 1636 2206 1692 Κανοιί
2234 1637 2430 1692 obitus.
2465 1667 2531 1677 -—
2557 1634 2803 1690 Karolus
2847 1638 2978 1707 post
3026 1634 3147 1689 haec
3199 1633 3355 1689 tedio
3401 1634 3459 1688 et

1813 1740 2027 1798 angore
2058 1725 2354 1792 deﬁciens,
2388 1725 2447 1779 in
2481 1723 2949 1780 machronosiam
2982 1722 3215 1779 decidit.
3248 1722 3461 1778 Humo-

126 1808 730 1915 55.l(928.)'Sententia
750 1811 815 1845 ¹⁹⁶
840 1826 1004 1882 papae
1032 1812 1094 1866 in
1115 1812 1181 1847 ¹⁹⁸
1207 1812 1583 1883 Rodat/'1th5
1610 1829 1701 1885 pe-
1738 1850 1785 1915 B
1816 1814 2097 1885 ribusque
2126 1813 2314 1870 noxiis
2343 1817 2602 1881 vexatus,
2635 1817 2769 1885 post
2815 1812 3068 1868 multum
3116 1810 3459 1885 languorem

67 1898 153 1951 lita
180 1897 241 1953 ab
272 1898 570 1955 Heriberto
600 1899 665 1933 "5
693 1900 887 1971 rejecta
920 1900 1004 1953 ‘95.
1036 1932 1104 1940 —-
1127 1901 1344 1956 Exinde
1365 1899 1706 1957 Heribertus

70 1983 292 2041 Rodulfo
317 1986 443 2060 regi
469 1986 758 2054 invidens,
775 1987 1095 2044 admodum
1120 1988 1527 2045 insidiabatur.
1543 1988 1705 2046 Unde

67 2077 245 2130 etcum
258 2075 479 2132 Karolo
494 2076 711 2132 Remos
723 2076 1058 2143 deveniens,
1075 2094 1180 2149 pro
1200 2094 1267 2134 eo
1282 2078 1527 2133 Romam
1549 2078 1703 2151 lega-

68 2167 144 2217 tos
186 2164 405 2237 dirigit,
446 2181 515 2221 ac
542 2165 798 2220 Johanni
829 2183 993 2238 papa
1022 2165 1335 2238 epistolam
1367 2167 1568 2234 mittit,
1602 2184 1707 2239 per

70 2269 223 2321 quam
255 2252 880 2326 signiﬁcabat,contra
903 2253 1176 2310 Karolum
1211 2271 1315 2311 nec
1348 2272 1477 2312 sese
1506 2257 1706 2328 conju-

71 2357 230 2416 rasse,
250 2358 353 2396 nec
374 2340 808 2413 conjurationis
840 2343 1138 2399 conscium
1169 2343 1368 2411 fuisse,
1384 2344 1705 2415 conjuratis

72 2432 275 2484 tantum
311 2430 573 2486 invitum
595 2430 1037 2487 cessisse.Unde
1049 2436 1105 2488 et
1117 2448 1178 2488 se
1198 2431 1343 2488 velle
1358 2432 1702 2504 plurimum,

68 2522 120 2571 ut
166 2519 403 2575 Karolus
468 2535 651 2591 regno
708 2520 1066 2589 restituatur,
1100 2520 1200 2593 qui
1247 2521 1526 2578 innocens
1579 2524 1706 2578 sine

70 2622 225 2663 causa
241 2608 510 2680 abjectus
542 2608 642 2663 sit.
667 2608 784 2663 Nec
814 2608 1006 2667 solum
1029 2626 1090 2665 se
1111 2609 1169 2664 in
1192 2609 1301 2665 hac
1322 2627 1449 2666 esse
1473 2614 1706 2667 senten-

71 2695 156 2761 tia,
180 2703 233 2752 at
252 2698 620 2769 optimorum
651 2713 916 2769 quosque
939 2699 1004 2733 ¹⁹⁶
1025 2703 1233 2770 praeter
1264 2698 1372 2755 hos
1403 2700 1502 2771 qui
1536 2699 1706 2756 donis

71 2784 480 2858 multiplicibus
529 2786 791 2858 corrupti
838 2786 956 2842 sint
986 2788 1069 2841 “7.
1108 2789 1470 2860 Quapropter
1499 2793 1557 2844 et
1582 2789 1705 2861 ipse

69 2874 388 2931 auctoritate
410 2874 739 2947 apostolica
760 2891 936 2948 regno
949 2875 1178 2932 restitui
1193 2892 1386 2949 regem
1410 2877 1705 2948 abjectum

66 2962 282 3032 jubeat;
313 2964 684 3036 quicumque
713 2964 841 3035 ejus
873 2968 1159 3036 praecepto
1210 2964 1487 3038 refragari
1542 2965 1705 3022 nisus

69 3049 637 3118 fuerit,anatbemate
658 3056 947 3123 perpetua:
970 3051 1398 3109 maledictionis
1428 3054 1704 3109 condem-

71 3146 216 3209 pnet;
238 3158 303 3196 ac
324 3158 436 3214 pro
459 3141 574 3197 hac
596 3157 659 3196 re
678 3140 968 3213 episcopis
989 3146 1165 3213 atque
1187 3142 1552 3215 principibus
1574 3142 1705 3199 Gal-

69 3227 255 3285 liarum
279 3213 342 3286 et
356 3230 696 3286 Germanias
714 3229 1022 3301 epistolam
1056 3230 1289 3302 dirigat.
1313 3213 1705 3288 continentem
1739 3213 1781 3278 Ο

71 3322 115 3370 et
134 3318 411 3375 bonorum
436 3317 931 3385 benedictionem,
948 3323 1005 3374 et
1026 3320 1517 3376 contradictorum
1537 3321 1713 3376 male-

72 3406 385 3465 dictionem.
425 3406 631 3480 Legati
679 3423 816 3480 ergo
866 3408 1112 3463 Romam
1171 3413 1485 3481 properant
1532 3426 1709 3484 nego-

72 3494 195 3552 tium
208 3496 585 3569 1"peracturi
597 3497 718 3565 ,sed
732 3501 1081 3569 consumpto
1092 3496 1317 3554 itineris
1330 3497 1545 3567 labore,
1559 3498 1707 3554 nihil

73 3586 470 3643 mandatorum
502 3588 815 3658 peragunt.
849 3584 1113 3657 Namque
1144 3602 1178 3642 a
1208 3587 1474 3659 praefecto
1503 3592 1710 3660 captus

73 3689 220 3745 papa,
251 3692 317 3732 eo
348 3675 516 3748 quod
548 3692 584 3730 a
614 3690 676 3731 se
706 3673 1024 3747 plurimum
1058 3673 1389 3742 dissideret,
1411 3677 1483 3732 ab
1505 3691 1572 3732 eo
1591 3692 1713 3731 car-

72 3762 223 3819 cerali
244 3763 526 3821 custodia
557 3763 949 3820 detinebatur.
976 3763 1133 3821 Unde
1164 3760 1220 3819 et
1250 3763 1378 3819 sine
1404 3763 1712 3838 legationis

76 3851 257 3909 eﬂ'ectu
286 3853 572 3926 digressi,
606 3853 669 3907 in
717 3850 935 3908 Gallias
981 3857 1341 3909 remearunt.
1375 3853 1712 3910 Heribertus

73 3954 188 3997 vero
207 3943 276 3998 ad
299 3942 421 3999 alia
440 3957 577 3998 sese
597 3940 925 4007 conferens,
953 3942 1108 4013 apud
1142 3941 1445 4015 Hugonem
1481 3944 1545 3979 ¹⁰⁹
1575 3942 1713 3999 Rot-

74 4027 197 4085 berti
210 4030 401 4087 ﬁlium
414 4032 491 4087 de
504 4029 621 4086 ﬁde
641 4031 795 4085 inter
813 4029 1225 4086 sesehabenda
1236 4031 1377 4087 adeo
1390 4032 1710 4104 satagebat.

74 4115 231 4180 Quem
247 4125 305 4176 et
322 4118 712 4176 suasionibus
735 4117 1051 4174 efﬁcaciter
1077 4117 1318 4188 allicuit,
1344 4137 1410 4175 ac
1431 4120 1542 4176 ﬁde
1560 4117 1711 4193 pacti

76 4206 169 4261 sibi
186 4210 491 4265 annexuit.
515 4207 775 4281 Ilugonis
797 4207 996 4279 itaque
1024 4207 1273 4263 efﬁcatia
1296 4210 1713 4280 persuasus,ad

78 4293 373 4354 Rodulfnm
388 4297 746 4370 redit,eique
762 4296 1169 4353 reconciliatus
1182 4296 1524 4370 aliquandiu
1538 4297 1710 4354 hesit.

75 4382 233 4456 Cujus
259 4388 317 4442 in
341 4386 540 4443 multa
568 4386 759 4459 gratia
780 4388 1112 4456 susceptus,
1138 4388 1203 4440 ut
1223 4402 1284 4441 se
1305 4384 1605 4443 ﬁdelitatis
1625 4403 1713 4441 ex-

75 4479 381 4532 secutorem
406 4478 791 4543 monstraret,
813 4473 1093 4530 Karolum
1117 4490 1251 4530 mox
1272 4474 1502 4530 Perenna
1519 4474 1576 4531 in
1595 4491 1717 4531 car-

74 4575 237 4620 cerem
268 4563 549 4621 retrusit.

129 4652 210 4707 55.
242 4656 567 4710 Heribertus
592 4654 661 4689 ²⁰⁰
689 4670 724 4708 a
754 4669 879 4724 rege
906 4653 975 4689 ²⁰⁰
1003 4653 1258 4709 Romam:
1288 4653 1357 4689 ²⁰⁰
1382 4655 1717 4726 episcopium

83 4746 264 4814 accepit
291 4744 387 4799 ²⁰⁰.
419 4774 493 4784 -
524 4742 689 4798 Unde
719 4745 780 4797 et
826 4742 899 4797 ab
944 4757 1079 4813 rege
1112 4740 1314 4797 donari
1345 4747 1568 4815 petens,
1601 4742 1723 4815 epi-

83 4831 330 4904 scopium
359 4832 656 4888 Remense
681 4830 793 4886 sub
824 4832 1064 4902 optentu
1098 4829 1200 4885 ﬁlii
1232 4829 1322 4886 sui
1353 4830 1544 4886 adhuc
1561 4831 1723 4902 pueri

83 4917 140 4972 ab
167 4936 230 4975 eo
255 4920 509 4993 accepit.
542 4918 693 4974 Nam
726 4922 785 4973 et
824 4920 966 4972 tunc
1019 4916 1127 4972 hac
1170 4915 1289 4972 vita
1331 4917 1474 4972 divae
1503 4918 1569 4953 ²⁰¹
1602 4935 1722 4973 me-

83 5006 257 5063 moria:
287 5007 534 5064 Seulfus
562 5005 1055 5078 metropolitanus
1103 5005 1451 5061 decesserat.
1484 5008 1556 5061 At
1585 5006 1725 5079 quia

81 5098 200 5151 atas
216 5095 482 5153 tenerior
492 5111 744 5169 puerum
764 5095 950 5151 sacris
961 5092 1172 5150 ofﬁciis
1184 5091 1724 5166 prohibebat,0del-

1814 1902 1929 1956 vita
1959 1903 2223 1974 privatus
2267 1906 2355 1959 est
2384 1901 2530 1973 (929,
2565 1901 2677 1957 Oct.
2703 1904 2781 1970 7).
2827 1899 3112 1957 Rodulfus
3158 1917 3290 1956 vero
3338 1915 3455 1968 rex,

1814 1994 2047 2063 pyratas
2075 1990 2319 2046 Galliam
2351 1989 2756 2062 Aquitanicam
2797 1989 3079 2060 irrupisse
3109 2005 3211 2061 per
3238 1986 3459 2061 legatos

1813 2079 2199 2151 comperiens,
2231 2095 2478 2150 eamque
2520 2077 2813 2133 hostiliter
2857 2077 3281 2134 debacchantes
3312 2077 3457 2133 infe-

1813 2170 2022 2237 stasse,
2052 2166 2169 2222 vim
2200 2166 2412 2222 inferre
2441 2166 2752 2238 cogitabat.

1883 2257 1971 2310 5‘7.
2001 2257 2160 2325 Regis
2187 2257 2257 2290 ²⁰²
2285 2273 2350 2310 ac
2376 2264 2701 2327 pyratarum
2729 2256 2797 2290 ²⁰²
2824 2256 3094 2325 conﬂictio
3123 2255 3210 2321 '0',
3241 2270 3455 2309 corum-

1813 2361 1915 2416 que
1942 2346 2087 2415 fusio
2116 2345 2202 2398 ²⁰².
2238 2376 2304 2386 -
2334 2345 2534 2400 Edicto
2581 2361 2716 2417 ergo
2759 2343 2917 2417 regio
2950 2343 3352 2414 omnibusqui
3386 2343 3457 2398 de

1814 2432 2051 2489 militari
2094 2432 2295 2488 ordine
2324 2433 2616 2499 valebant,
2650 2432 2851 2488 accitis
2884 2449 2951 2486 ex
2982 2431 3169 2487 Gallia
3219 2431 3453 2497 Celtica,

1815 2539 1948 2579 cum
1976 2521 2180 2577 multis
2212 2521 2541 2594 Belgarum.
2572 2521 2881 2577 duodecim
2911 2520 3177 2576 cohortes
3206 2520 3457 2575 ordinat.

1815 2611 1958 2666 Cum
1984 2612 2199 2683 quibus
2226 2610 2334 2666 iter
2354 2610 2659 2683 arripiens,
2683 2626 2869 2682 usque
2901 2609 3238 2665 Lemovices
3269 2625 3462 2681 proce-

1814 2701 1916 2757 dit.
1942 2701 2144 2772 lbique
2170 2699 2497 2772 legionibus
2516 2699 2982 2771 dispositis,cum
3008 2702 3220 2771 pyratte
3240 2698 3463 2771 regium

1815 2790 2157 2861 equitatum
2190 2805 2305 2843 non
2339 2788 2725 2855 sustinentes,
2746 2787 3014 2860 profugio
3044 2786 3189 2859 eripi
3212 2787 3465 2843 niteren-

1815 2883 1929 2943 tur,
1962 2878 2034 2933 ab
2062 2876 2488 2949 Aquitanorum
2513 2875 2741 2949 legione
2765 2874 2983 2948 repulsi
3011 2879 3168 2931 sunt.
3198 2875 3315 2932 Rex
3334 2892 3466 2932 vero

1815 2984 1947 3023 cum
1962 2966 2301 3023 cohortibus
2314 2964 2845 3038 prosecutus,gravi
2857 2964 2995 3019 cede
3007 2980 3152 3036 pene
3164 2980 3367 3019 omnes
3383 2963 3466 3018 fu-

1815 3056 1920 3121 dit,
1930 3055 2131 3128 paucis
2146 3053 2751 3128 fugalapsis.Suorum
2764 3069 2897 3109 vero
2912 3051 3176 3108 nonnulli
3193 3051 3461 3120 sauciati,

1820 3162 1887 3201 ex
1916 3144 2152 3200 vulnere
2180 3142 2559 3209 convaluere;
2595 3141 2775 3214 aliqui
2805 3141 2980 3197 etiam
3012 3140 3319 3196 interfecti.
3350 3145 3461 3196 Ita-

1820 3250 1933 3304 que
1964 3232 2181 3288 factum
2212 3236 2321 3300 est,
2336 3236 2401 3287 ut
2428 3230 2701 3302 Aquitani
2732 3230 2951 3303 gratias
2978 3228 3099 3302 regi
3130 3228 3459 3301 reddentes,

1820 3321 2008 3377 multa
2027 3321 2077 3377 ei
2098 3319 2490 3376 benivolentia
2508 3319 2682 3375 subdi
2711 3318 3018 3385 voluerint,
3042 3335 3108 3374 ac
3116 3319 3251 3389 jure
3274 3334 3461 3374 sacra-

1820 3410 1999 3466 menti
2032 3410 2090 3465 in
2123 3410 2296 3465 ﬁdem
2345 3407 2749 3464 ﬁrmissimam
2796 3406 3208 3464 concesserint.
3240 3406 3462 3471 Quibus

1819 3498 2040 3555 utiliter
2061 3498 2325 3570 patratis,
2343 3513 2440 3553 rex
2458 3496 2775 3553 exercitum
2798 3496 3045 3563 reduxit,
3068 3496 3462 3568 procinctum-

1818 3604 1932 3661 que
1962 3586 2155 3643 solvit.

1887 3678 1980 3733 58.
2012 3675 2285 3732 Heriberti
2312 3684 2363 3732 et
2390 3675 2459 3711 ²⁰³
2488 3675 2731 3744 [lagonis
2756 3674 3037 3731 dissensio.
3069 3706 3138 3715 —
3159 3674 3311 3730 Dum
3347 3674 3466 3730 haec

1821 3769 2179 3840 gererentur,
2234 3765 2385 3821 inter
2436 3765 2734 3838 Hugonem
2769 3764 2838 3800 ²⁰⁸
2874 3768 2932 3821 et
2978 3764 3347 3820 Heribertum
3396 3765 3469 3820 de

1822 3853 2143 3927 praelatum
2173 3852 2454 3926 dignitate
2477 3851 2610 3908 lites
2633 3851 2949 3925 agitantur.
2972 3852 3323 3924 Efferatique
3343 3868 3469 3909 sese

1823 3942 2035 4015 praedis
2065 3946 2123 3998 et
2148 3940 2434 3997 incendiis
2465 3941 2717 4014 graviter
2750 3940 3033 3997 afﬁciunt.
3068 3941 3186 3997 Rex
3214 3941 3274 3996 in
3307 3938 3469 3996 Heri-

1824 4032 2054 4088 bertum
2081 4030 2417 4103 indignans,
2451 4045 2517 4085 eo
2549 4030 2704 4102 quod
2731 4030 2988 4103 perﬁdiae
3013 4034 3309 4103 promtum
3342 4044 3469 4085 esse

1823 4124 2216 4193 cognosceret,
2270 4118 2531 4192 Hugonis
2588 4120 2656 4154 ²⁰⁵
2710 4119 2979 4191 partibus
3031 4120 3100 4155 ²⁰⁶
3154 4119 3347 4175 stabat
3400 4118 3470 4153 ²⁰⁵

1824 4210 2054 4265 unde’05
2072 4212 2130 4265 et
2153 4207 2436 4264 Heriberti
2460 4209 2529 4243 ²⁰³
2557 4208 2918 4281 oppidum'oe
2939 4208 3267 4264 Donincum
3286 4206 3468 4262 nomi-

1824 4314 1916 4367 ne,
1951 4298 2191 4370 Hugone
2220 4296 2401 4351 ascito
2431 4312 2744 4369 aggressus
2785 4300 3098 4371 expugnat,
3131 4312 3197 4352 ac
3227 4299 3466 4367 captum

1823 4386 2022 4443 diruit.
2045 4386 2159 4442 Nec
2190 4384 2386 4441 minus
2415 4389 2471 4439 et
2498 4384 3178 4441 Atrabatunrobsidione
3207 4383 3470 4439 adhibita

1824 4475 1995 4549 cepit,
2017 4474 2286 4546 civesque
2316 4474 2517 4539 victos,
2538 4489 2604 4529 ac
2618 4473 2849 4544 juratos
2879 4472 2991 4528 sibi
3022 4470 3315 4527 annexuit.
3350 4471 3471 4527 Rex

1745 4583 1792 4647 Ι)
1822 4564 1958 4621 inde
1980 4563 2279 4637 digressus
2300 4561 2415 4631 (93f
2430 4561 2616 4633 ),cum
2640 4561 2902 4633 quietum
2924 4577 3051 4617 sese
3069 4560 3468 4628 arbitraretur,

1827 4652 2163 4709 Heribertus
2193 4650 2498 4707 Germanis
2520 4650 2625 4721 qui
2649 4648 2834 4705 Rheni
2856 4649 3027 4706 litora
3045 4648 3311 4706 incolunt
3330 4650 3471 4706 edu-

1832 4743 1961 4810 ctis,
1994 4741 2053 4797 in
2085 4757 2280 4814 regem
2312 4739 2515 4806 fertur,
2548 4756 2614 4796 ac
2644 4738 2953 4795 execrabili
2984 4739 3178 4796 furore
3206 4738 3476 4795 incendia

1833 4831 2184 4903 rapinasque
2215 4828 2487 4884 exercuit.
2522 4833 2768 4901 Insuper
2794 4832 2850 4886 et
2880 4829 3142 4903 Hugonis
3190 4828 3474 4901 oppidum

1833 4920 1987 4992 quod
2009 4935 2178 4974 secus
2198 4921 2515 4973 torrentem
2528 4917 2783 4973 Vitulam
2806 4918 2985 4974 situm
3009 4918 3220 4974 Braina
3241 4916 3474 4983 dicitur,

1829 5012 2094 5081 occupat,
2126 5006 2305 5079 capit,
2339 5023 2405 5062 ac
2437 5006 2636 5062 diruit.

1897 5098 1989 5154 59.
2020 5097 2291 5153 Heriberti
2337 5097 2673 5167 praeparatio
2720 5097 2787 5132 ²⁰⁷
2837 5105 3026 5154 contra
3062 5098 3128 5133 ²⁰⁷
3178 5112 3373 5169 regem.
3408 5124 3477 5137 —

1421 5234 1664 5294 VARUE
1711 5200 2128 5297 LECTVIONES.

141 5342 199 5379 ¹⁹²
226 5346 467 5404 modica
493 5350 694 5403 exorta
721 5348 814 5402 est
843 5345 895 5400 1.
973 5343 1039 5380 ¹⁹³
1068 5343 1247 5411 rolus,
1280 5346 1480 5398 eratnr
1509 5345 1601 5413 ab,
1639 5346 1799 5403 berto
1829 5364 1899 5403 cx
1926 5349 2147 5419 conject.
2228 5346 2296 5382 ¹⁹⁴
2321 5345 2598 5403 Karolum
2629 5348 2680 5404 4.
2759 5347 2826 5382 ¹⁹⁸
2858 5350 3017 5417 nten,
3048 5363 3212 5453 papa
3244 5347 3324 5414 in,
3352 5341 3481 5400 dul-

141 5430 187 5453 m
268 5418 575 5453 uanum.“
625 5418 747 5453 min
795 5433 866 5453 om
920 5417 1122 5453 ρηωὸοιιι
1218 5415 1285 5449 196
1342 5414 1655 5453 nnnnnnna
1713 5418 1737 5453 1
1866 5421 1929 5453 I97
1990 5424 2041 5453 ne
2100 5415 2266 5453 ιιηᾹωι·
2376 5419 2441 5453 198
2493 5419 2663 5453 τιοηῖ-τ
2715 5417 2947 5453 dolorum
3069 5418 3114 5453 99
3171 5419 3211 5453 1-1
3294 5414 3461 5453 mulam

86 5411 209 5492 {QII},
268 5418 575 5475 Heriberto
625 5418 748 5489 reje
795 5433 866 5473 ea:
919 5417 1141 5492 conject.
1218 5415 1305 5492 “ff
1342 5411 1657 5492 nonnullos
1713 5418 1929 5492 tu}?
1990 5411 2045 5475 st
2099 5415 2283 5492 βοά-σῳ.
2376 5419 2441 5454 ¹⁹⁸
2478 5419 2664 5492 _negiu
2714 5411 3234 5492 ᾀειεεωῃςξθθξ-Η.
3287 5411 3479 5492 codex.

87 5484 141 5573 ᾗ
166 5487 293 5573 tier,
327 5507 446 5573 aur,
465 5484 1166 5573 .mense:acc_£x"cohjec.t.
1242 5486 1307 5521 ²⁰¹
1337 5484 1455 5573 piae.
1476 5485 1528 5543 4.
1561 5488 1619 5542 d.
1651 5492 1714 5573 ξι
1781 5489 1850 5525 ²⁰²
1880 5490 1947 5557 R,
1981 5506 2143 5573 pyra,
2170 5488 2292 5573 ilic,
2325 5505 2438 5573 que
2470 5490 2497 5544 f
2519 5484 2599 5573 ea?
2614 5490 2840 5573 conj-egi.
2902 5490 2986 5573 ,ξοδ
3019 5486 3298 5573 ῌριιὶὺενιί
3330 5489 3486 5573 etes:

88 5556 285 5629 conject.
366 5560 439 5596 ²⁰⁴
465 5560 581 5617 Hm
611 5561 728 5619 cod.
808 5559 878 5597 ²⁰⁸
906 5556 1188 5635 Ηυεὸιιίει
1221 5573 1315 5631 Pa:
1340 5556 1499 5629 “ab;
1535 5575 1634 5633 υηι

91 5628 165 5684 ιη
186 5642 254 5684 at
277 5633 506 5684 conieci.

1887 5556 2095 5639 conject.
2170 5560 2240 5597 ²⁰⁰
2269 5556 2530 5621 castrum
2555 5561 2607 5619 4.
2684 5556 2751 5599 ²⁰τ
2783 5558 3067 5618 Heriberti
3102 5574 3314 5632 praepa,
3347 5569 3484 5613 con«

3048 5442 3113 5454 "'
3172 5442 3234 5473 η.
3294 5442 3479 5471 cuuw.

3019 5486 3298 5544 Heriberti
3330 5489 3388 5539 et
3415 5498 3486 5539 ex

3739 6071 3742 6108 |
