3838 6238
345 362 423 423 47
1438 364 1759 427 RICHERI
1803 364 1870 426 S.
1916 367 1956 426 Η

2185 365 2222 437 [1
2266 363 2648 437 MONACHI.
3671 365 3738 426 ω

347 493 534 565 Hujus
561 511 695 552 vero
726 495 1094 553 contumeliae
1126 512 1366 552 causam
1396 512 1496 552 rex
1527 512 1589 552 se
1618 496 1992 553 constituisse
2020 499 2075 565 Α
2106 514 2139 553 a
2164 496 2339 570 regiis
2371 496 2756 569 stipatoribus
2784 500 3012 568 captus,
3028 495 3252 569 eoquod
3274 500 3332 552 et
3352 494 3485 568 ipse
3505 494 3743 550 desertor

346 582 704 658 intelligens,
740 587 869 658 ejus
901 585 1223 657 potentiam
1256 585 1521 642 minuere
1544 587 1858 658 quaerebat.
1894 588 1999 642 Re-

345 673 651 730 mensibus
678 690 815 748 ergo
849 674 1073 730 civibus
1099 674 1323 747 legatos
1355 674 1553 744 mittit,
1578 691 1642 730 ac
1674 679 1739 730 ut
1769 676 1998 747 pontifi-

348 777 473 817 cem
506 761 727 835 eligant
756 763 1037 836 praecipit.
1056 763 1217 827 Quod
1243 763 1417 819 etiam
1452 763 1512 818 ni
1543 764 1784 831 faciant,
1814 764 1995 820 alium

344 854 557 923 praeter
584 867 786 909 eorum
815 851 983 918 velle,
1011 852 1095 909 eis
1126 868 1254 908 sese
1284 851 1701 924 impositurum
1734 853 1993 909 mandat.

344 941 416 994 At
446 940 619 1010 cives,
655 941 823 1014 regie
872 939 1181 1013 legationis
1229 941 1575 996 mandatum
1621 940 1995 1013 excipientes,

347 1027 488 1099 quid
518 1027 630 1101 ipsi
663 1029 797 1085 inde
828 1028 1006 1086 velint
1036 1046 1101 1085 ac
1134 1029 1406 1095 sentiant,
1439 1045 1543 1101 per
1592 1046 1732 1085 suos
1776 1028 1998 1101 legatos

347 1117 635 1186 referunt;
664 1134 791 1176 sese
820 1117 1086 1174 videlicet
1118 1118 1275 1192 regio
1299 1118 1475 1191 jussu
1505 1117 1789 1174 Heriberti
1809 1117 1999 1175 filium

349 1204 486 1263 licet
532 1206 724 1263 adhuc
771 1224 1019 1281 puerum
1070 1207 1421 1280 suscepisse,
1452 1212 1627 1278 atque
1665 1205 1999 1277 pontificem

352 1293 767 1368 elegisse,inde
789 1295 965 1351 etiam
992 1295 1166 1351 ﬁdem
1199 1295 1250 1350 ei
1265 1296 1393 1367 jam
1426 1296 1639 1351 factam
1671 1311 2001 1351 accommo-

352 1383 562 1453 dasse;
594 1388 949 1458 quapropter
970 1383 1312 1457 inpossibile
1336 1388 1559 1450 csse,ut
1577 1383 1999 1463 ﬁd‘einviolata,

351 1473 423 1528 ab
452 1490 518 1528 eo
549 1472 634 1529 sic
664 1474 911 1531 deﬁcere
951 1474 1199 1545 possint.
1236 1473 1355 1528 Rex
1404 1472 1670 1545 partibus
1719 1471 2003 1529 Heriberti

351 1562 503 1617 cives
564 1561 753 1618 favere
811 1561 1168 1635 intelligens,
1202 1561 1445 1617 collecto
1492 1561 1763 1630 exercitu,
1799 1562 2002 1617 urbem

352 1648 692 1722 repentinus
724 1650 1083 1724 aggreditur.
1104 1650 1455 1723 Ingredique
1482 1650 1833 1722 prohibitus,
1854 1652 2006 1706 obsi-

354 1739 587 1794 dionem
610 1739 883 1811 applicat,
907 1756 974 1795 ac
997 1740 1253 1795 urbanos
1282 1739 1619 1795 resistentes
1638 1740 1893 1796 fervidus
1911 1740 2009 1796 ad-

354 1831 544 1900 urget.
561 1827 668 1893 Qui
693 1827 879 1883 multa
895 1828 1323 1901 expugnatione
1344 1828 1553 1897 vexati,
1571 1829 1750 1885 tercia
1770 1830 2004 1885 tandem
2040 1870 2085 1935 Β

355 1915 682 1971 ebdomada
711 1919 910 1988 portas
940 1916 1073 1971 victi
1103 1919 1160 1972 et
1189 1916 1485 1989 supplices
1514 1934 1811 1989 aperuere.

424 2004 516 2059 60.
551 2006 746 2061 Oratio
793 2004 1004 2076 Rodulﬁ
1062 2008 1208 2075 regis
1250 2006 1321 2061 ad
1346 2006 1414 2041 ²⁰⁸
1442 2008 1584 2062 cives
1628 2009 1910 2064 Remchses
1941 2008 2008 2042 ²⁰⁸

350 2109 453 2165 pro
473 2110 529 2149 se
556 2096 810 2150 suasoria
838 2095 925 2148 ³0⁸.
955 2125 1021 2135 -—
1043 2098 1470 2168 Ingressusque
1493 2095 1696 2152 urbem
1729 2114 1844 2163 rex,
1877 2100 2010 2169 post

357 2181 639 2238 nonnulla
666 2183 972 2256 disposita,
1006 2183 1214 2257 collato
1248 2200 1381 2262 cum
1414 2185 1538 2239 suis
1580 2185 1822 2241 consilio
1853 2185 2006 2242 cives

357 2271 600 2327 accersit
619 2272 707 2328 ’09.
732 2270 1054 2344 Coramque
1077 2272 1163 2329 sic
1198 2274 1572 2329 contionatus
1604 2273 1721 2328 ait:
1762 2296 1789 2324 ‹‹
1812 2276 2006 2340 Quan-

354 2363 479 2416 tum
505 2360 780 2432 inquiens
801 2361 996 2428 caedis,
1022 2364 1311 2433 quantum
1335 2362 1513 2417 etiam
1538 2362 1874 2435 rapinarum
1885 2380 2007 2432 ,res

356 2447 592 2520 publica
613 2450 680 2483 ²¹⁰
702 2448 949 2505 factione
972 2449 1264 2504 malorum
1292 2466 1478 2522 nuper
1497 2468 1670 2522 passa
1687 2450 2008 2523 sit,0ptime

358 2540 425 2591 ut
455 2540 596 2609 puto
627 2537 832 2592 nostis.
881 2538 1007 2592 Non
1039 2537 1195 2593 enim
1228 2538 1353 2593 ﬁeri
1385 2540 1593 2610 potuit,
1626 2544 1692 2595 ut
1722 2544 1805 2597 tot
1837 2539 2008 2597 malis

361 2624 575 2697 ubique
595 2625 1234 2699 grassantibus,—intacti
1251 2628 1604 2700 penitusque
1619 2628 1912 2685 immunes
1926 2646 2008 2684 re-

358 2712 794 2786 linqueremini.
828 2716 975 2770 Nam
1005 2731 1137 2770 cum
1169 2721 1363 2772 vestra
1393 2717 1721 2774 necessaria
1751 2735 1886 2790 sepe
1919 2718 2007 2773 di-

358 2806 540 2874 repta,
570 2818 707 2874 sepe
735 2804 1043 2860 combusta
1062 2804 1199 2872 sint,
1226 2821 1428 2861 eorum
1461 2804 1853 2862 calamitatem
1868 2806 2009 2863 tole-

359 2890 555 2947 rastis.
581 2892 650 2947 Et
672 2908 787 2948 non
811 2893 1003 2949 solum
1027 2892 1263 2966 publica
1292 2894 1564 2966 exterius,
1589 2898 1650 2950 at
1668 2895 1764 2952 hic
1784 2895 2010 2968 privata

352 2979 508 3036 bona
528 2980 883 3038 intrinsecus
905 3000 940 3037 a
962 2982 1267 3039 sevissimo
1285 2988 1550 3039 exactore
1572 2983 1891 3053 Heriberto,
1911 3001 2005 3040 co-

352 3068 493 3125 tidie
526 3069 979 3127 imminuuntur.
1004 3071 1163 3127 Unde
1194 3075 1251 3127 et
1277 3072 1442 3128 vobis
1470 3073 1897 3129 consulendum
1920 3090 2007 3128 ar-

356 3157 561 3227 bitror,
597 3162 661 3213 ut
697 3163 993 3232 pastorem
1040 3160 1207 3216 vobis
1253 3162 1629 3218 commodum
1677 3162 2008 3218 conibentia

2107 587 2178 642 ab
2202 603 2334 660 rege
2357 586 2663 654 defecerat,
2689 584 2810 659 regi
2832 585 3064 643 oblatus
3084 588 3191 641 est.
3219 585 3327 650 Qui
3351 583 3517 656 apud
3549 600 3742 656 regem,

2106 674 2489 747 prodentibus
2520 673 2611 731 sui
2660 673 2795 729 facti
2837 672 3111 745 consciis,
3143 672 3451 729 convictus
3476 673 3564 740 “3,
3595 688 3744 744 enga-

2107 763 2260 819 stulo
2283 763 2673 836 mancipatur.
2699 763 2821 826 Quo
2844 766 3104 836 peracto,
3129 779 3165 821 a
3192 761 3455 835 pernicie
3486 760 3745 818 Heriberti

2108 869 2223 907 non
2256 852 2568 918 desistens,
2602 852 2846 925 Hugone
2906 850 3109 917 ascito,
3140 867 3276 907 cum
3335 854 3472 907 octo
3532 849 3749 904 milibus

2109 941 2461 996 Laudunum
2482 940 2727 1013 appetit.
2753 940 2857 996 Ubi
2878 956 3014 997 cum
3039 939 3377 997 lleribertus
3398 937 3595 996 multa
3617 937 3748 995 obsi-

2108 1029 2280 1085 dione
2310 1034 2637 1101 urgeretur,
2662 1028 2997 1101 egrediendi
3020 1028 3213 1085 locum
3236 1028 3308 1087 ab
3331 1044 3474 1100 rege
3490 1025 3745 1099 postulat,

2109 1134 2175 1174 eo
2198 1118 2351 1190 quod
2371 1118 2567 1190 copias
2589 1117 2844 1173 militum
2865 1117 3248 1189 ciborumque
3271 1116 3635 1172 sufﬁcientes
3652 1130 3746 1170 non

2109 1205 2368 1261 haberet.
2403 1207 2526 1271 Quo
2576 1205 2649 1260 ab
2702 1220 2835 1277 rege
2890 1204 3150 1272 obtento,
3182 1219 3321 1263 cum
3359 1202 3495 1259 suis
3526 1203 3598 1259 ab
3628 1201 3749 1257 urbe

2111 1292 2312 1362 exivit;
2338 1310 2575 1349 uxorem
2594 1293 2654 1348 in
2672 1309 2802 1349 arce
2819 1310 2998 1365 quam
3019 1295 3382 1351 exstruxerat
3405 1289 3745 1362 relinquens,

2113 1398 2247 1438 cum
2270 1381 2453 1454 copiis
2474 1399 2600 1439 sese
2614 1382 3039 1438 subventurum
3065 1380 3123 1437 in
3148 1380 3420 1452 proximo
3446 1383 3630 1438 ratus.
3650 1379 3750 1433 Rex

2111 1488 2354 1527 vacuam
2386 1471 2590 1529 urbem
2623 1471 2949 1543 ingressus,
2982 1470 3265 1540 dolosque
3294 1468 3543 1542 penitus
3571 1467 3749 1523 adver-

2114 1564 2265 1626 tens,
2294 1575 2488 1615 arcem
2520 1559 2803 1617 diuturna
2832 1557 3264 1631 expugnatione
3291 1561 3490 1629 vexat,
3523 1570 3750 1626 eamque

2116 1648 2572 1720 circumquaque
2599 1646 2871 1714 vallat,ac
2902 1663 3135 1703 omnem
3167 1645 3514 1718 egrediendi
3548 1644 3747 1701 aditum

2116 1737 2403 1806 obcludit;
2421 1753 2679 1809 pugnam
2700 1736 2930 1792 diutina
2950 1734 3361 1808 congressione
3382 1734 3753 1790 adhibens.At

2116 1830 2278 1881 tanto
2311 1826 2629 1882 certamine
2660 1826 2810 1883 vires
2845 1824 3245 1881 resistentium
3270 1823 3559 1896 impares,
3592 1820 3749 1877 armis

2117 1915 2396 1987 depositis
2428 1916 2665 1983 cedunt,
2699 1931 2766 1970 ac
2805 1931 2912 1986 pro
2964 1913 3083 1970 vita
3137 1912 3501 1986 supplicant.
3528 1907 3749 1967 Tir-anni

2115 2021 2248 2061 vero
2261 2021 2406 2061 uxor
2429 2003 2608 2061 simul
2629 2003 2800 2071 victa,
2826 2019 2930 2075 pro
2954 2019 3016 2059 se
3036 2002 3388 2074 petitura,ad
3414 2017 3612 2074 regem
3636 2014 3749 2055 cum

2117 2094 2242 2149 suis
2262 2097 2553 2165 properat,
2578 2108 2770 2150 arcem
2795 2092 3064 2160 reddens,
3090 2108 3156 2148 ac
3180 2089 3525 2164 egrediendi
3546 2092 3748 2145 tantum

2115 2181 2306 2238 locum
2331 2185 2555 2255 petens.
2576 2185 2693 2237 Rex
2707 2197 2840 2237 vero
2858 2180 3138 2237 feminam
3158 2179 3409 2237 retinere
3427 2178 3749 2250 dedignans,

2117 2287 2251 2326 cum
2271 2271 2396 2327 suis
2413 2270 2634 2343 digredi
2656 2269 3017 2342 permisit,ac
3034 2285 3227 2327 arcem
3245 2267 3457 2324 exinde
3478 2284 3612 2323 cum
3630 2265 3749 2322 urbe

2117 2359 2389 2415 obtinuit.
3750 2422 3755 2427 η

2185 2449 2275 2505 63.
2309 2449 2483 2520 (932)
2535 2449 2840 2520 Interfectio
2896 2448 2967 2483 ²¹⁸
3021 2447 3286 2504 Adelelmi
3340 2448 3562 2503 comitis
3614 2446 3677 2479 ³1⁸
3722 2459 3747 2495 a

2116 2537 2350 2609 quodam
2396 2538 2593 2594 clerico
2644 2538 2711 2573 ²¹⁴
2756 2539 3087 2610 episcopium
3134 2537 3495 2595 Noviomensc
3523 2536 3591 2571 ²¹⁸
3614 2548 3751 2604 expe-

2117 2634 2257 2684 tente
2286 2628 2355 2661 ²¹⁴
2377 2626 2594 2682 seducto
2623 2628 2712 2683 3“.
2738 2657 2807 2666 —
2836 2626 2945 2683 Ubi
2999 2630 3312 2698 postquam
3361 2626 3500 2682 urbi
3549 2622 3747 2680 tuenda

2117 2715 2446 2772 necessaria
2475 2714 2764 2771 ordinavit
2792 2716 2882 2786 ³³⁸,
2915 2716 2986 2771 de
3016 2714 3311 2788 episcopio
3343 2715 3528 2770 etiam
3567 2710 3747 2769 Novio-

2119 2804 2309 2859 mensi
2342 2804 2435 2859 cui
2462 2808 2619 2860 esset
2648 2804 2909 2863 dandum
2939 2803 3314 2871 deliberabat,
3332 2820 3474 2859 cum
3504 2808 3642 2859 tunc
3665 2803 3749 2872 Ay-

2116 2892 2326 2949 rardus
2349 2892 2661 2965 episcopus
2682 2892 2924 2949 obisset.
2940 2892 3087 2948 Nam
3106 2891 3450 2949 Walbertus
3473 2888 3750 2949 Corbeien-

2116 2981 2272 3038 sium
2303 2981 2488 3038 abbas
2516 2983 2568 3037 ei
2601 2982 2909 3038 succedere
2940 2980 3263 3053 petebatur,
3285 2980 3372 3036 vir
3403 2985 3677 3038 strenuus
3693 2991 3745 3032 ac

2114 3069 2469 3140 1iberalis,et
2492 3071 2586 3126 cui
2618 3070 2800 3127 totius
2829 3069 3060 3127 honesti
3087 3070 3264 3126 decus
3293 3069 3619 3126 admodum
3650 3065 3746 3138 pla-

2115 3160 2254 3216 cuit.
2276 3159 2391 3216 Nec
2413 3159 2610 3215 minus
2633 3163 2690 3215 et
2714 3158 3000 3231 praedicta
3031 3158 3196 3215 urbis
3226 3158 3477 3230 quidam
3503 3157 3743 3219 clericus,

359 3247 658 3302 communi
690 3246 941 3320 eligatis,
975 3265 1109 3304 cum
1140 3247 1238 3305 ille
1270 3250 1486 3306 tiranni
1520 3250 1676 3307 {ilius
1703 3251 1892 3307 adhuc
1924 3250 2007 3330 in-_
2033 3236 2075 3303 C
2115 3250 2187 3305 ab
2209 3265 2343 3322 rege
2364 3265 2491 3306 sese
2511 3248 2635 3305 ﬁeri
2655 3264 3055 3305 successorem
3076 3246 3435 3320 postulabat,
3462 3247 3551 3304 vir
3564 3245 3746 3302 barba-

359 3334 642 3405 fantulus,
664 3335 828 3393 vobis
859 3336 1104 3394 idoneus
1135 3355 1250 3393 non
1282 3338 1378 3410 sit,
1410 3355 1476 3394 ac
1509 3339 1788 3396 canonica
1818 3344 2013 3396 aucto-

359 3423 502 3480 ritas
538 3441 743 3497 vacare
767 3424 1090 3483 (ecclesiam
1142 3431 1377 3499 pastore
1408 3431 1570 3483 tanto
1603 3432 1863 3501 tempore
1892 3446 2010 3485 non

360 3512 676 3586 permittat.
701 3513 815 3569 Nec
844 3515 1142 3572 dedecoris
1165 3516 1483 3589 quicquam
1512 3516 1570 3572 in
1593 3534 1695 3575 vos
1726 3518 2014 3575 redunda-

355 3602 602 3672 bit,cum
627 3602 869 3663 militari
885 3602 1159 3661 violentia
1181 3605 1364 3662 victos
1386 3610 1443 3662 et
1465 3611 1686 3679 captos,
1710 3606 1824 3664 alia
1843 3605 2010 3679 sequi

355 3691 675 3751 necessitas
721 3708 823 3749 vos
871 3693 1172 3767 adurgeat.
1204 3694 1319 3750 Nec
1372 3712 1474 3750 vos
1522 3696 1706 3751 fateor
1754 3700 2008 3765 tantum,

355 3784 643 3852 quantum
660 3797 765 3854 ego
782 3779 841 3836 in
862 3780 972 3837 hoc
1002 3782 1237 3855 negotio
1268 3782 1555 3838 oberravi.
1582 3783 1781 3855 Itaque
1803 3784 2010 3842 fecisse

353 3884 447 3924 me
466 3868 702 3941 penitet.
728 3860 990 3925 Peniteat
1010 3874 1066 3925 et
1087 3887 1190 3926 vos
1207 3876 1535 3926 vestrarum
1559 3888 1754 3928 rerum
1771 3873 2007 3944 dispen-

351 3955 515 4012 dium
560 3957 876 4030 peregisse.
911 3958 1191 4015 Reducite
1238 3959 1297 4014 in
1347 3964 1880 4033 mentemhquanta
1908 3980 2009 4019 vos

349 4044 653 4102 calamitas
673 4045 947 4105 effecerit.
969 4046 1344 4104 Considerate
1361 4048 1560 4116 etiam,
1577 4053 1794 4120 quanto
1808 4067 2010 4107 secun-

349 4133 560 4193 darum
582 4149 780 4191 rerum
804 4151 1084 4192 successu
1108 4136 1348 4209 provehi
1370 4136 1635 4209 possitis,
1659 4137 1708 4193 si
1741 4138 1892 4196 bono
1913 4158 2009 4212 pa-

350 4225 507 4277 store
540 4222 847 4295 regamini.
881 4246 910 4275 »
1596 4234 1602 4239 ”

419 4312 509 4367 61.
542 4312 745 4369 Electio
801 4313 1015 4371 Artoldi
1062 4316 1150 4368 ²¹¹.
1182 4314 1444 4372 -—-Cives
1498 4316 1570 4372 ab
1628 4332 1762 4389 rege
1820 4318 2002 4386 suasi,

344 4401 532 4473 jussis
562 4400 739 4476 regiis
772 4404 1119 4460 concedunt.
1143 4403 1420 4460 Artoldus
1452 4404 1649 4476 itaque
1680 4406 2005 4462 monachus

353 4507 485 4564 rege
506 4491 754 4567 jubente
784 4508 854 4549 ex
882 4493 1143 4551 cmnobio
1192 4493 1381 4550 sancti
1440 4493 1692 4566 Remigii
1739 4495 1999 4550 omnium

353 4596 640 4635 consensu
674 4598 807 4637 mox
837 4587 1207 4656 assumptus,
1240 4599 1344 4655 per
1390 4581 1829 4655 impositionem
1878 4601 2004 4640 ma-
2036 4609 2084 4673 D

354 4682 538 4722 nuum
569 4668 975 4742 episcoporum
1026 4675 1287 4744 tempore
1322 4671 1644 4729 constituto
1689 4672 1867 4745 regali
1902 4673 2006 4727 do-

354 4754 589 4811 natione
645 4764 1021 4814 consecratur
1067 4760 1399 4830 episcopus.
1431 4760 1538 4823 Qui
1593 4761 1912 4832 prudenter
1940 4778 2006 4817 ac

356 4847 591 4899 strenue
621 4844 818 4900 omnia
861 4862 1091 4919 gerens,
1126 4848 1272 4903 satis
1302 4848 1428 4904 suis
1458 4848 1697 4920 Profuit,
1732 4854 1906 4921 atque
1938 4866 2008 4905 ex

354 4932 502 4988 bene
522 4932 710 5000 factis,
738 4934 1005 4990 omnium
1038 4940 1096 4991 et
1127 4934 1381 4992 maxime
1410 4953 1652 4993 suorum
1682 4937 2008 4994 benivolen-

352 5021 495 5076 tiam
526 5019 751 5076 habuit.

422 5110 512 5164 62.
548 5110 736 5182 (Ζαριίο
766 5114 999 5168 Bovom's
1028 5113 1095 5146 ²¹²
1117 5114 1471 5171 Catalaunici
1498 5116 1568 5150 ²¹²
1598 5116 1834 5187 episcopi
1861 5116 2005 5173 Lau-

352 5198 596 5270 duniquc
625 5199 693 5234 ³⁸³
721 5202 888 5255 castri
915 5202 1001 5256 ²¹².
1035 5232 1104 5240 -—
1134 5201 1267 5264 Quae
1299 5204 1440 5259 dum
1475 5205 2004 5276 gererentur,Bovo

354 5285 870 5344 Catalaunensium
926 5288 1258 5361 episcopus,
1312 5292 1554 5348 fortuita
1602 5293 2007 5366 peragratione

2121 3356 2243 3405 rus,
2266 3354 2444 3395 manu
2473 3342 2646 3410 atque
2676 3336 2912 3395 audatia
2940 3336 3185 3404 nimius,
3206 3340 3262 3392 et
3274 3336 3369 3392 cui
3390 3336 3631 3393 solitum
3646 3333 3749 3388 erat

2121 3444 2315 3484 rerum
2375 3426 2700 3484 alienarum
2756 3425 3224 3498 surreptionibus
3278 3424 3489 3482 laetari.
3539 3425 3640 3480 Hic
3686 3420 3746 3476 ab

2120 3533 2254 3590 rege
2298 3515 2643 3588 civibusque
2691 3516 2979 3587 abjectus,
3013 3532 3111 3571 cor
3138 3514 3213 3571 ad
3254 3514 3421 3571 dolos
3471 3508 3745 3582 convertit.

2117 3605 2483 3662 Adelelmum
2515 3605 2713 3678 itaque
2739 3604 3218 3661 Atrabatensium
3266 3604 3567 3669 comitem,
3599 3600 3746 3670 cujus

2120 3711 2292 3752 casus
2323 3710 2642 3751 memorem
2677 3692 2881 3750 multis
2913 3692 3180 3760 incussit,
3212 3693 3570 3749 seductums
3599 3687 3744 3762 petit,

2118 3785 2247 3855 ejus
2278 3784 2561 3840 auxilium
2590 3781 2939 3855 suppliciter
2960 3786 3185 3855 petens,
3218 3798 3285 3838 ac
3311 3799 3490 3838 suum
3513 3782 3578 3817 ²¹⁶
3607 3773 3745 3852 polli-

2118 3888 2255 3929 cens
2271 3891 2285 3942 ;
2301 3889 2429 3930 sese
2446 3873 2517 3928 ab
2536 3888 2669 3945 rege
2687 3874 3089 3944 contemptum
3105 3870 3342 3943 penitus
3358 3869 3739 3944 supprimens:

2122 3983 2150 4012 ‹‹
2181 3962 2239 4018 Si
2272 3961 2463 4034 inquit
2493 3977 2597 4033 per
2624 3964 2682 4016 te
2711 3960 3086 4033 episcopatus
3109 3960 3394 4034 dignitate
3425 3958 3631 4032 potiar,
3659 3967 3743 4027 per

2118 4065 2211 4107 me
2227 4049 2541 4106 efficaciter
2561 4049 2876 4106 comitatus
2896 4048 3178 4106 honorem
3200 4038 3741 4120 consequeris.Quod

2117 4138 2296 4194 etiam
2324 4139 2408 4195 sic
2453 4137 2578 4194 fieri
2626 4137 2862 4206 valebit,
2893 4137 2945 4194 si
2975 4141 3303 4194 nocturnus
3348 4137 3516 4193 urbis
3568 4144 3741 4191 muros

2116 4227 2497 4295 conscendas,
2530 4230 2587 4282 et
2617 4243 2711 4283 me
2746 4225 2996 4283 interius
3024 4229 3391 4301 procurante,
3422 4230 3559 4283 tuos
3582 4223 3741 4279 intro-

2116 4315 2318 4379 ducas.
2352 4315 2467 4389 Ego
2500 4316 2676 4372 etiam
2707 4332 2842 4371 cum
2873 4314 3143 4386 pluribus
3184 4314 3380 4371 adem.
3414 4310 3741 4381 (hllectique

2114 4404 2174 4460 in
2207 4404 2460 4477 agmine,
2487 4405 2692 4461 urbem
2723 4405 3125 4477 pervademus.
3151 4403 3353 4476 Itaque
3381 4404 3503 4473 ﬁet,
3523 4407 3587 4459 ut
3612 4397 3741 4456 cives

2115 4497 2217 4549 aut
2234 4492 2674 4565 capiamus,aut
2700 4492 3166 4565 propulsemus.»
3190 4492 3411 4548 Horum
3433 4487 3741 4549 Adelelmus

2116 4582 2410 4650 credulus,
2436 4582 2607 4638 dictis
2641 4582 2947 4637 suadentis
2979 4582 3148 4636 favet.
3172 4579 3376 4636 Scelus
3395 4596 3533 4654 ergo
3557 4581 3738 4634 attem-

2116 4675 2407 4744 ptaturus,
2443 4670 2649 4727 urbem
2681 4674 3035 4726 nocturnus.
3049 4686 3183 4725 cum
3213 4668 3553 4743 ingentibus
3580 4660 3739 4735 copiis

2116 4760 2281 4834 petit.
2304 4759 2561 4816 Clericus
2593 4759 2737 4815 nulli
2769 4759 2827 4817 in
2855 4759 3000 4815 urbe
3031 4757 3182 4815 male
3211 4756 3509 4825 credulus,
3540 4752 3738 4811 facinus

2116 4851 2469 4922 patrandum
2521 4849 2582 4904 in
2637 4848 2763 4904 loco
2820 4846 3248 4919 opperiebatur.
3281 4847 3405 4911 Quo
3433 4841 3739 4904 Adelelmus

2116 4939 2417 5004 accedens,
2450 4939 2522 4994 ab
2552 4954 2618 4994 eo
2649 4953 2783 4992 cum
2816 4936 2941 4992 suis
2970 4940 3246 5008 exceptus
3276 4940 3384 4992 est.
3408 4930 3738 5005 Densatqu

2116 5027 2175 5083 in
2197 5043 2381 5084 unum
2404 5026 2565 5083 tubis
2587 5043 2653 5082 ac
2674 5025 2950 5091 clamore,
2973 5029 3148 5098 atque
3168 5042 3470 5082 armorum
3492 5018 3736 5093 strepitu,

2114 5116 2175 5174 in
2198 5116 2386 5173 noctis
2407 5115 2656 5188 caligine
2675 5113 2882 5170 urbem
2903 5114 3233 5170 exturbant.
3258 5114 3420 5171 Unde
3444 5115 3594 5170 cives
3611 5102 3736 5165 exci-

2114 5206 2239 5273 tati,
2273 5223 2407 5261 cum
2441 5221 2569 5261 sese
2598 5204 2731 5260 dolo
2763 5219 3038 5276 pervasos
3082 5203 3490 5272 advertissent,
3522 5202 3651 5273 fuga
3675 5191 3734 5249 ab

2113 5294 2382 5351 hostibus
2413 5293 2597 5367 erepti
2628 5296 2786 5349 sunt.
2811 5291 3020 5348 Nullus
3043 5297 3270 5366 captus,
3295 5309 3363 5349 eo
3386 5292 3540 5365 quod
3561 5287 3733 5359 hostes

1705 5381 1943 5440 νΑΗΙΑε
1991 5382 2405 5440 LECTIONES.

424 5456 494 5495 ’σε
523 5456 582 5525 d.
610 5472 728 5536 ges.
766 5456 950 5536 iam
976 5459 1211 5536 εοηίεςιη
1275 5459 1345 5536 '0'.
1371 5466 1570 5536 evqctat
1598 5462 1652 5536 ι.
1826 5481 1963 5536 τερ.
1997 5464 2114 5536 cod,
2193 5464 2257 5536 ’ξι
2290 5463 2307 5518 ί
2338 5464 2481 5520 abso.
2658 5462 2757 5528 Bo.
2995 5462 3139 5536 ιω,
3188 5462 3364 5536 ρςιειτί
3412 5480 3485 5521 ex
3536 5456 3731 5536 conject.

355 5530 424 5608 Ψ
452 5528 965 5608 c._rationabiliter
994 5526 1294 5608 convictus
1322 5530 1374 5586 4.
1417 5532 1520 5608 .²“
1548 5534 1682 5608 ctio,
1724 5526 1926 5608 comi:
1969 5535 2127 5608 cieri,
2177 5534 2310 5608 vio,_
2342 5540 2535 5608 peten,
2567 5538 2644 5608 to
2691 5526 2761 5591 ea:
2799 5531 3024 5608 conject.
3101 5526 3169 5570 ³η
3194 5532 3302 5591 Ubi
3334 5552 3469 5592 cum
3501 5550 3595 5608 rex
3622 5526 3733 5608 arpi

356 5600 585 5689 tuende
615 5600 947 5689 necessaria
971 5600 1286 5689 ordinaret.
1315 5618 1382 5689 ac
1413 5578 2205 5689 inprmdiétivtirjanni‘l‘abem
2239 5578 2536 5680 Eiia’éiﬁi‘d
2566 5578 2870 5681 Hugobem
2893 5578 3257 5681 disponeret.
3278 5578 3733 5689 acvdeuepisoopio

356 5688 408 5753 β.
438 5672 507 5731 Ν.
540 5690 591 5732 c.
624 5690 675 5733 e.
710 5673 766 5733 d.
800 5671 1168 5750 deliberaret,
1200 5677 1307 5734 etc.
1344 5675 1393 5732 1.

1497 5676 1537 5710 ¹⁶
1566 5693 1624 5755 p.
1657 5675 1742 5732 illi
1776 5677 1951 5735 etiam
1986 5694 2035 5735 s.
2068 5695 2126 5755 p.
2162 5678 2212 5735 1.
