3838 6238
348 392 430 464 51
1458 391 1776 454 RICHERI
1821 391 1888 453 S.
1933 386 2237 451 REMIGII
2279 387 2655 452 MONACHI.
3024 406 3031 411 '
3671 388 3737 449 52

355 530 715 589 Ludovicum
746 527 966 603 dirigit,
982 525 1081 601 qui
1113 526 1164 584 ei
1196 545 1229 583 a
1251 527 1397 583 duce
1422 525 1741 582 Galliarum
1758 524 2006 595 aliisque
2037 522 2085 590 Α
2120 538 2232 593 que
2255 523 2640 594 jurejurando
2677 539 2737 579 se
2768 524 3003 579 acturos
3022 521 3388 578 confirment.
3404 520 3563 588 Quod
3589 522 3635 577 si
3660 540 3739 578 no-

353 620 721 695 principibus
752 618 1008 674 reditum
1041 617 1426 683 suadeant,ac
1458 614 1765 671 deitineris
1789 612 2001 668 securi-

352 713 473 766 tate
506 708 683 764 ﬁdem
716 705 1062 764 sacramenti
1087 707 1223 778 jure
1253 704 1488 770 faciant,
1521 702 1853 776 principum
1902 702 2004 756 ad-

356 801 603 854 ventum
633 812 823 868 usque
852 796 923 851 ad
956 794 1116 866 ipsas
1148 794 1384 848 litoreas
1402 808 1607 848 arenas
1638 790 2001 846 denuntient.

357 886 464 951 Qui
489 903 622 942 mox
650 884 899 957 digressi
930 883 1223 939 Morinum
1252 883 1321 916 ²²⁵
1347 882 1454 951 (83)
1488 881 1860 936 devenerunt.
1892 879 2005 934 Cu-

351 975 454 1049 jus
477 975 536 1030 in
559 977 732 1046 portu
756 988 929 1027 naves
951 969 1375 1044 ingressi,velis
1389 969 2004 1041 tumentibusprospe-

358 1063 462 1132 ris,
496 1062 703 1130 ventis,
739 1060 951 1133 raptim
978 1060 1049 1115 ad
1084 1063 1295 1114 terram
1328 1056 1524 1113 devexi
1557 1061 1715 1112 sunt.
1749 1056 2009 1113 Adelsta-

361 1170 477 1209 nus
506 1168 603 1208 rex
632 1150 690 1205 in
721 1150 923 1204 urbem
957 1166 1084 1220 qua:
1116 1147 1333 1202 dicitur
1355 1146 1598 1201 Eurvich
1632 1148 1765 1215 (8i),
1798 1162 2007 1217 regno-

362 1258 495 1299 rum
527 1239 760 1313 negotia
790 1255 923 1293 cum
956 1240 1164 1309 nepote
1198 1236 1486 1291 Ludovico
1520 1236 1673 1306 apud
1719 1252 1858 1290 suos
1888 1235 2005 1289 dis-

362 1331 634 1403 ponebat.
652 1327 775 1382 Huc
801 1325 974 1398 legati
1007 1324 1399 1389 devenientes,
1416 1340 1611 1396 regem
1644 1324 1883 1389 adeunt,
1898 1340 1962 1377 ac
1976 1340 2010 1377 a

361 1419 510 1473 duce
533 1413 1025 1488 magnatihusque
1046 1411 1345 1469 Gallorum
1370 1411 1640 1466 decenter
1654 1410 2005 1465 salutantur.

431 1508 485 1562 3.
517 1505 739 1574 Legatio
760 1504 827 1538 ²²⁶
856 1503 1138 1558 Gallorum
1157 1500 1225 1535 ²²⁶
1254 1500 1325 1555 ad
1356 1500 1719 1555 Adelstanum
1736 1500 1804 1534 ²²⁶
1834 1516 2011 1571 regem

358 1612 461 1668 pro
491 1593 753 1648 Ludovico
782 1592 869 1645 "5.
887 1623 953 1630 —
968 1588 1340 1661 Legationem
1355 1587 1532 1645 etiam
1546 1587 2005 1661 promulgantes:

365 1706 394 1735 «
428 1680 624 1747 Ducis,
659 1679 959 1753 inquiunt,
996 1676 1405 1745 benivolentia,
1427 1681 1599 1749 atque
1629 1677 1891 1732 omnium
1911 1676 2010 1749 qui

362 1769 426 1826 in
458 1768 661 1825 Galliis
690 1767 944 1840 potiores
975 1765 1264 1833 sunt,huc
1294 1782 1395 1837 per
1426 1766 1614 1820 undas
1637 1764 1816 1837 ignoti
1832 1766 2012 1822 maris

367 1847 1017 1915 devenimus:tantaest
1046 1853 2012 1927 omniumvoluntas,omniumque

366 1963 707 2005 consensus.
726 1945 875 2001 Diva:
907 1943 1199 2000 memoria":
1213 1945 1279 1978 ²²⁷
1293 1943 1475 1999 Rodul
1486 1945 1538 2000 i'o
1552 1942 1677 1999 orbi
1692 1944 2013 2012 subtracto,

366 2036 485 2092 dux
516 2033 865 2091 Ludovicum
897 2034 1208 2089 succedere
1238 2030 1738 2104 procuravit‘,cum
1770 2031 1825 2086 id
1844 2032 2015 2087 multi

365 2122 531 2180 inviti
562 2123 1045 2187 concederent,eo
1073 2121 1228 2194 quod
1247 2121 1317 2175 de
1339 2120 1521 2192 patris
1542 2119 1807 2192 captione
1825 2120 2012 2176 filium

364 2213 475 2270 ado
498 2215 839 2285 suspectum
869 2209 1173 2265 haberent.
1198 2211 1468 2264 Attamen
1500 2208 1634 2264 duci
1667 2207 2011 2277 elaboranti,

360 2301 423 2358 id
435 2301 508 2357 ab
521 2300 795 2356 omnibus
800 2298 1231 2371 jocundissime
1244 2313 1589 2353 concessum
1604 2300 1710 2352 est.
1728 2297 2013 2353 Ludovico

363 2405 500 2464 ergo
514 2406 718 2445 omnes
731 2390 875 2443 bene
888 2404 989 2459 per
1000 2387 1199 2441 omnia
1211 2386 1556 2457 optant.Nec
1571 2384 1682 2441 sibi
1695 2386 2013 2457 quicquam

366 2479 563 2550 majus
593 2480 695 2533 aut
720 2475 912 2532 carius
933 2478 1021 2530 est
1040 2474 1169 2545 ejus
1192 2472 1399 2529 salute.
1415 2472 1798 2545 Illumitaque
1810 2490 2013 2530 omnes

366 2565 531 2622 reddi
564 2568 787 2637 petunt,
823 2579 997 2635 quem
1041 2563 1098 2617 in
1132 2560 1334 2619 Galliis
1381 2560 1606 2617 utiliter
1646 2578 1888 2633 regnare
1919 2579 2015 2617 cu-

368 2653 557 2728 piunt.
591 2653 850 2725 Tempus
880 2650 1157 2707 constitui
1188 2649 1410 2715 volunt,
1444 2667 1557 2722 quo
1597 2654 1909 2723 regnatura
1940 2652 2012 2707 ad

368 2743 501 2816 ipsa
531 2741 710 2797 maris
757 2740 928 2795 litora
956 2740 1073 2817 dux
1093 2755 1228 2795 cum
1261 2736 1623 2811 principibus
1661 2743 1950 2796 occurrat.
1984 2762 2013 2790 »

369 2830 721 2888 Adelstanus
741 2845 841 2886 rex
870 2845 935 2884 ac
957 2828 1005 2884 si
1033 2827 1535 2896 barbaris(85)non
1567 2828 1712 2884 satis
1744 2830 2010 2897 credens,

369 2921 443 2977 ab
472 2919 557 2976 eis
588 2920 763 2976 ﬁdem
794 2935 898 2992 per
916 2921 1283 2974 sacramenta
1312 2933 1488 2989 super
1507 2917 1617 2973 hoc
1630 2917 1855 2989 quierit,
1870 2921 1927 2973 et
1940 2918 2012 2974 ad

366 3012 566 3065 votum
622 3007 851 3080 accipit.
884 3008 1142 3078 Tempus
1193 3022 1426 3077 quoque
1457 3004 1731 3077 colloquii
1761 3005 2014 3061 habendi

367 3098 668 3154 statuitur.
684 3096 878 3170 Legati
893 3097 966 3151 ab
997 3112 1129 3167 rege
1163 3094 1453 3150 munerati
1477 3097 1651 3166 atque
1666 3094 2013 3169 digressi,in

367 3185 588 3243 Gallias
618 3185 766 3240 mari
798 3200 1064 3240 remenso
1096 3184 1449 3249 redeunt,ab
1483 3199 1615 3255 rege
1644 3172 2012 3257 gratiasduci

2112 610 2239 679 liut,
2258 628 2384 667 sese
2417 612 2467 667 ci
2481 613 2755 667 daturum
2771 629 3013 668 suorum
3028 611 3266 683 aliquod
3284 628 3590 684 regnorum
3609 630 3622 679 ;
3639 630 3736 684 quo

2063 760 2071 767 .
2112 705 2421 757 contentus
2442 706 2498 761 et
2529 701 2653 759 suis
2684 699 3235 773 gaudeat,etalienis
3259 717 3373 756 non
3395 699 3737 756 sollicitatur.

2113 793 2238 844 Dux
2269 806 2401 845 cum
2436 789 2677 862 reliquis
2701 788 3020 846 Galliarum
3049 790 3426 861 magnatibus
3457 788 3512 844 id
3542 791 3742 845 sesel‘a-

2114 881 2347 933 cturum
2378 878 2607 942 asserit,
2625 878 2674 933 si
2689 895 2786 934 rex
2797 882 3029 934 creatus
3049 894 3083 933 a
3103 877 3228 933 suis
3252 876 3512 934 consiliis
3528 895 3641 933 non
3652 879 3743 933 ab-

2115 966 2303 1024 sistat.
2322 966 3183 1039 Prosecutusquejurisjurandi
3198 970 3630 1023 sacramentum
3645 985 3741 1023 non

2115 1055 2343 1111 abnuit.
2359 1056 2608 1127 Legatus
2636 1055 2835 1127 itaque
2854 1056 3106 1123 rediens,
3124 1054 3245 1128 regi
3267 1055 3628 1126 praestolanti
3641 1056 3743 1112 haec

2117 1144 2316 1200 omnia
2345 1145 2537 1200 refert.
2567 1145 2729 1201 Unde
2750 1148 2807 1200 et
2836 1162 3081 1200 securus
3114 1149 3381 1216 nepotem
3413 1160 3546 1199 cum
3577 1143 3741 1217 iisqui

2117 1233 2270 1304 apud
2305 1250 2368 1288 se
2398 1234 2653 1305 potiores
2682 1232 3070 1298 crant,multa
3099 1231 3421 1305 insignium
3445 1232 3744 1290 ambitione

2118 1322 2366 1377 navibus
2396 1320 2614 1393 dirigit.
2630 1320 2901 1391 Velisque
2919 1338 3062 1376 aura
3073 1321 3380 1376 commoda
3392 1322 3743 1396 turgentibus

2118 1409 2361 1483 pelagus
2376 1410 2644 1482 ingressi,
2666 1427 2767 1482 per
2789 1409 3053 1482 quietum
3071 1409 3488 1482 spumantibus
3501 1410 3743 1466 remisad

2116 1502 2335 1555 terram
2360 1499 2644 1555 feruntur.
2661 1498 2932 1555 Firmatis
2961 1515 3095 1553 vero
3114 1503 3275 1572 tergo
3298 1515 3485 1554 arenae
3518 1500 3745 1556 navibus

2118 1587 2443 1643 Ludovicus
2473 1587 2786 1660 egreditur,
2802 1604 2869 1643 ac
2900 1587 3108 1642 ducem
3138 1603 3273 1642 cum
3305 1586 3550 1659 reliquis
3573 1606 3748 1644 occur~

2119 1676 2383 1732 rentibus
2414 1676 2728 1748 excipiens,
2736 1677 2871 1747 jure
2901 1676 3251 1732 sacramenti
3287 1676 3395 1731 sibi
3429 1678 3746 1750 adcopulat.

2120 1766 2245 1820 Dux
2266 1766 2401 1820 inde
2427 1764 3363 1837 accelerans,equuminsignibus
3394 1766 3573 1839 regiis
3604 1768 3748 1823 ador-

2121 1858 2324 1909 natum
2358 1852 3246 1919 adducit.Ouemcumascensui
3276 1856 3477 1926 aptare
3504 1853 3747 1923 vellet,et

2121 1941 2216 1998 ille
2235 1942 2547 2015 impatiens
2562 1942 2619 1997 in
2632 1942 2861 1997 diversa
2876 1958 3005 1998 sese
3018 1941 3265 2008 tolleret,
3279 1942 3610 2000 Ludovicus
3624 1944 3743 2017 agili

2122 2030 2414 2086 exilitione
2445 2029 2940 2102 prosiliens,equo
2970 2030 3253 2102 strepenti
3285 2029 3752 2105 neglectastapha

2122 2119 2463 2192 repentinus
2494 2118 2727 2174 insedit.
2764 2119 2925 2184 Quod
2959 2118 3137 2175 etiam
3174 2118 3285 2176 fuit
3330 2121 3611 2177 omnibus
3639 2139 3749 2194 gra-

2120 2212 2269 2277 tum,
2289 2225 2351 2263 ac
2384 2207 2579 2264 multa;
2593 2206 3001 2280 gratulationis
3032 2207 3379 2279 provocatio.
3405 2209 3589 2281 Cujus
3610 2228 3752 2266 arma

2122 2298 2237 2352 dux
2267 2296 2615 2369 suscipiens,
2632 2295 2884 2369 armiger
2896 2296 3278 2368 praecedebat,
3292 2297 3476 2353 donec
3482 2300 3752 2370 jussus”

2123 2386 2498 2458 magnatibus
2540 2383 2860 2441 Galliarum
2913 2384 3178 2440 eontulit.
3231 2385 3455 2451 Quibus
3503 2388 3752 2445 militan-

2124 2475 2279 2531 tibus
2310 2491 2444 2529 cum
2476 2472 2664 2529 multa
2693 2472 3013 2530 ambitione
3044 2477 3101 2529 et
3123 2474 3749 2547 obsequioLaudunum

2121 2563 2409 2618 deductus
2425 2561 2649 2617 est.Ubi
2665 2561 2840 2617 etiam
2859 2567 2916 2616 et
2941 2562 3221 2634 regnandi
3245 2563 3386 2634 jura
3406 2565 3749 2636 quindennis

2122 2650 2435 2723 accipiens,
2467 2650 2743 2707 omnibus
2775 2649 3101 2707 faventibus
3131 2668 3234 2723 per
3261 2652 3547 2708 domuum
3566 2660 3751 2711 metro-

2122 2740 2448 2813 politanum
2480 2739 2790 2795 Artoldum
2821 2755 2957 2794 cum
2988 2738 3280 2812 episcopis
3309 2743 3381 2795 2O
3402 2759 3501 2798 rex
3540 2750 3752 2800 creatus

2122 2834 2212 2885 est
2240 2829 2389 2901 (Jun.
2425 2829 2537 2896 19).
2573 2828 2711 2883 Inde
2744 2843 2977 2900 quoque
3006 2828 3311 2897 deductus,
3344 2829 3403 2885 in
3435 2830 3646 2889 vicinis
3675 2850 3753 2888 ur-

2122 2918 2298 2973 bibus
2327 2916 2692 2990 gratulanter
2710 2916 3015 2988 excipitur.
3033 2915 3294 2973 Universi
3316 2917 3367 2973 ei
3383 2918 3753 2992 applaudunt,

2122 3007 2339 3063 Omnes
2367 3005 2641 3062 letantur.
2658 3006 2845 3061 Tanta
2859 3006 3124 3062 omnium
3146 3005 3255 3061 fuit
3282 3011 3339 3062 et
3355 3009 3564 3065 eadem
3582 3027 3750 3068 mens.

2190 3099 2244 3153 5.
2268 3098 2382 3152 Rex
2423 3096 2490 3130 ’3‘
2516 3111 2645 3152 cum
2691 3094 2825 3150 (luce
2869 3095 3248 3164 Burgundiam
3276 3096 3346 3130 '3‘
3379 3100 3520 3168 petit
3571 3100 3659 3165 ³³⁸,
3702 3116 3754 3154 ac

2124 3188 2314 3243 urbem
2343 3188 2694 3257 Lingonicam
2729 3185 2795 3219 ³³⁸
2825 3184 2962 3240 bello
2992 3187 3185 3257 repetit
3213 3185 3280 3219 ’3‘
3303 3189 3563 3259 capitque
3593 3191 3675 3244 ιιι,
3702 3220 3754 3230 -

367 3274 702 3342 referentes,
716 3289 782 3328 ac
812 3289 915 3345 pro
939 3271 1091 3345 regis
1121 3272 1354 3328 creandi
1378 3271 1751 3328 advocatione
1765 3272 2013 3329 multam
2045 3259 2087 3326 C
2126 3277 2241 3333 Nec
2272 3274 2469 3330 minus
2496 3278 2552 3329 et
2573 3273 2968 3347 Burgundiam
2990 3277 3202 3345 petere,
3218 3275 3472 3331 acurbes
3486 3279 3753 3351 sedesque

366 3364 498 3435 ejus
511 3360 1537 3433 amicitiampollicentes.Duxitaque
1548 3377 1683 3417 cum
1697 3361 2019 3418 Galliarum

372 3450 742 3525 principibus
773 3450 1057 3505 domuum
1107 3466 1302 3523 regem
1345 3449 1661 3521 excepturi,
1696 3451 2017 3508 Bononiam

368 3540 632 3607 veniunt,
666 3556 732 3596 ac
762 3556 933 3596 secus
963 3539 1122 3612 ipsas
1153 3538 1389 3594 litoreas
1424 3556 1630 3595 arenas
1660 3538 2019 3608 collecti,tu-

370 3628 673 3704 guriorum
705 3627 973 3684 incendio
1002 3625 1357 3700 presentiam
1390 3644 1560 3682 suam
1587 3628 1673 3695 πε,
1710 3628 1782 3683 iis
1826 3628 1923 3700 qui
1956 3627 2016 3683 in

368 3717 549 3775 altero
581 3716 748 3772 litore
798 3720 964 3771 erant
993 3715 1471 3771 ostendebant'”.
1508 3715 1591 3769 Ibi
1641 3715 1797 3771 enim
1844 3716 2016 3772 Adel-

368 3810 579 3862 stanus
605 3821 704 3859 rex
734 3820 868 3858 cum
902 3803 1061 3875 regio
1073 3802 1335 3874 equitatu
1350 3806 1621 3874 nepotem
1637 3803 2014 3875 przestolanti-

365 3894 480 3951 bus
504 3891 688 3949 Gallis
720 3891 1013 3947 missurus
1044 3891 1265 3946 aderat.
1298 3890 1478 3962 Cujus
1507 3891 1575 3925 ’³ο
1596 3891 1772 3961 jussu
1805 3892 2016 3949 domus

365 3981 592 4055 aliquot
618 3996 914 4037 succensae
946 3995 1073 4035 sese
1115 3979 1419 4035 advenisse
1455 3983 1617 4035 trans
1663 3979 1869 4052 positis
1916 3982 2014 4037 de-

366 4069 795 4127 monstrabant.

435 4160 488 4215 4.
524 4162 682 4230 Hugo
696 4157 759 4191 ²³¹
790 4164 841 4212 et
872 4157 1077 4228 reliqui
1105 4156 1415 4212 Galliarum
1444 4157 1506 4191 ²³¹
1535 4159 1814 4230 principes
1843 4159 2017 4215 Ludo-

365 4249 549 4304 vicum
594 4248 655 4281 ²³¹
708 4246 777 4301 ab
821 4246 991 4302 exilio
1039 4246 1103 4280 ³³⁸
1154 4253 1409 4301 revocant
1456 4247 1519 4281 ³³⁸
1570 4248 1793 4320 ejusque
1852 4250 2012 4320 ﬁunt,

365 4353 596 4410 eumque
626 4334 690 4370 ²⁸¹
722 4351 905 4404 regem
933 4342 1138 4390 creant.
1171 4366 1237 4373 —
1270 4334 1387 4389 Rex
1415 4350 1551 4407 ergo
1582 4335 1840 4392 Odonem
1888 4336 2016 4409 epi-

366 4443 609 4500 scopum
642 4426 729 4493 ’3',
745 4428 878 4498 post
898 4423 1010 4496 (86)
1043 4422 1655 4479 Canthorbricensium
1689 4424 2018 4498 metropoli-

366 4520 595 4580 tanum,
621 4513 804 4570 Gallis
836 4530 904 4569 ex
944 4512 1185 4568 adverso
1222 4512 1454 4586 positis,
1488 4510 1745 4586 legatum
1793 4513 2012 4587 dirigit,

367 4620 593 4675 magnae
634 4601 926 4675 aaquitatis
954 4618 1021 4657 ac
1051 4601 1393 4673 eloquentiae
1425 4601 1634 4669 virum,
1659 4602 2014 4659 Ludovicum

368 4706 497 4767 sese
527 4687 775 4745 libenter
805 4690 1127 4745 missurum
1153 4690 1462 4756 mandans,
1496 4688 1545 4745 si
1579 4693 1741 4745 tanto
1773 4689 2013 4746 illumin

366 4775 569 4833 Galliis
596 4776 815 4832 honore
836 4780 1132 4849 proveant,
1147 4777 1394 4849 quantoi
1404 4794 1504 4849 pse
1525 4777 1696 4833 asuis
1707 4784 2016 4849 provectus

367 4868 625 4934 est,cum
656 4864 740 4919 illi
766 4863 941 4920 etiam
976 4882 1091 4920 non
1115 4866 1313 4920 minus
1347 4865 1403 4919 id
1438 4865 1624 4921 facere
1655 4865 1883 4923 valeant
1905 4884 1917 4921 :
1939 4866 2023 4922 id-

2129 3365 2318 3437 regias
2347 3363 2599 3419 lustrare
2630 3380 2663 3418 a
2695 3362 2842 3418 duce
2872 3366 3163 3417 monetur.
3198 3363 3319 3418 Rex
3348 3363 3609 3423 hortanti
3644 3384 3757 3423 con-

2128 3454 2408 3521 sentiens,
2426 3451 2823 3524 Burgundiam
2838 3451 2983 3506 duce
2995 3450 3670 3526 comitanteingreditur.
3683 3457 3753 3511 Ad

2128 3556 2303 3612 quem
2338 3537 2569 3594 urbium
2604 3537 2898 3610 principes
2910 3537 3236 3611 benigniter
3248 3540 3632 3612 conﬂuentes,
3648 3561 3754 3598 ma-

2125 3629 2335 3702 gniﬁce
2366 3631 2734 3699 exceperunt.
2753 3628 2832 3681 Ac
2853 3627 3224 3700 rogatiﬁdem
3230 3629 3366 3701 jure
3398 3637 3755 3688 sacramenta

2126 3717 2431 3772 dederunt.
2452 3717 2853 3788 Ilugotantum
2869 3714 3098 3771 Rodulﬁ
3123 3716 3277 3790 regis
3298 3718 3474 3775 frater
3503 3719 3757 3795 Lingoni-

2125 3822 2253 3861 cam
2286 3806 2491 3860 urbem
2522 3803 2852 3876 possidens,
2885 3804 3003 3878 regi
3026 3821 3328 3863 occurrere
3366 3807 3621 3879 distulit,
3645 3810 3756 3882 qui-

2124 3897 2505 3949 occurrerunt
2533 3892 2853 3948 admodum
2879 3892 3065 3949 iratus
3093 3895 3225 3966 (87).
3243 3894 3363 3951 Rex
3378 3897 3519 3951 dum
3550 3916 3655 3970 per
3668 3898 3756 3953 ali-

2124 3986 2268 4054 quot
2296 3981 2652 4037 ebdomadas
2683 3997 2791 4036 sua
2820 3979 3360 4048 lustraret,inimici
3382 3983 3659 4042 invidiam
3676 3985 3759 4041 ad-

2122 4069 2311 4125 vertit.
2329 4070 2663 4142 Proponens
2683 4068 2879 4141 itaque
2910 4086 2982 4125 an
2991 4075 3044 4125 te
3057 4070 3386 4127 discessum
3401 4072 3624 4130 nullam
3639 4091 3766 4147 pra:-

2123 4159 2295 4214 terire
2326 4159 2550 4225 urbem,
2567 4157 2790 4230 legatos
2819 4159 3047 4232 Hugoni
3066 4160 3287 4233 dirigit,
3304 4160 3761 4234 quiapertinatia

2123 4265 2257 4304 eum
2310 4252 2593 4315 revocent,
2627 4264 2692 4302 ac
2743 4248 2791 4302 ei
2826 4248 2895 4303 de
2927 4248 3038 4303 ﬁde
3069 4247 3182 4303 sibi
3216 4251 3504 4306 servanda
3533 4268 3761 4323 persua-

2124 4338 2319 4392 deant.
2355 4334 2461 4402 Qui
2493 4335 2649 4407 apud
2679 4352 2812 4391 eum
2847 4340 3205 4408 perorantes,
3239 4337 3386 4393 nihil
3416 4340 3602 4411 pacis,
3633 4337 3763 4395 nihil

2125 4423 2267 4497 regii
2300 4423 2540 4479 honoris
2571 4428 2940 4496 acceperunt.
2964 4423 3128 4480 Unde
3169 4428 3226 4480 et
3273 4426 3546 4498 digressi,
3579 4429 3767 4484 audita

2124 4512 2244 4585 regi
2277 4511 2732 4584 referunt.Hugo
2763 4513 3093 4585 praeterjus
3122 4529 3185 4568 se
3211 4512 3411 4587 egisse
3442 4514 3761 4581 dinoscens,

2047 4625 2092 4689 Β
2122 4601 2254 4657 urbi
2280 4600 2479 4673 copias
2508 4600 2763 4671 deputat.
2789 4601 2915 4689 Ipse
2958 4599 3015 4655 in
3038 4606 3234 4673 partes
3264 4604 3430 4676 regni
3463 4605 3762 4661 exteriores

2125 4706 2313 4762 usque
2344 4689 2414 4744 ad
2446 4693 2680 4760 tempus
2710 4688 3006 4745 secedens.
3030 4690 3147 4745 Rex
3174 4707 3307 4746 vero
3328 4691 3764 4763 pertinaciindi-

2128 4795 2336 4851 gnans,
2372 4776 2689 4832 exercitum
2715 4775 2847 4832 urbi
2877 4776 3152 4850 applicat,
3183 4796 3218 4836 a
3248 4784 3412 4851 parte
3441 4798 3559 4854 qua
3588 4779 3764 4854 plani-

2130 4866 2278 4922 ciem
2310 4866 2560 4937 praefert,
2576 4882 2834 4938 pugnam
2867 4865 3077 4922 acriter
3106 4865 3400 4940 ingerens.
3418 4868 3767 4926 Alteraenim

1718 4999 1960 5056 VARl/E
1998 4999 2413 5056 LECTIONES.

440 5094 508 5129 ³³³
550 5094 876 5169 bonoqiam
905 5094 951 5147 l.
1015 5094 1105 5169 Δ²²⁶λ
1127 5093 1388 5169 io,_r_un_i,
1415 5112 1629 5169 anum,
1652 5095 1860 5169 douico
1907 5114 1980 5152 ea:
2008 5098 2147 5169 conj.

2225 5098 2292 5131 ἠ
2325 5096 2391 5151 Ι).
2424 5096 2501 5151 Μ.
2543 5096 2659 5152 cod.
2735 5097 2802 5131 ²²⁸
2847 5113 2896 5151 8.
2945 5096 3122 5153 etiam
3172 5098 3244 5154 iis
3278 5099 3325 5153 1.
3403 5101 3474 5135 ²²⁹
3504 5100 3763 5156 ostende—

369 5167 476 5250 bat.
499 5182 546 5250 (ί.
709 5164 768 5250 C.
803 5163 1052 5250 etiamui.
1164 5166 1419 5250 vf’fﬂHu,
1454 5165 1582 5230 Gal,
1608 5166 1669 5250 L,
1701 5168 1774 5222 ab
1789 5185 1854 5250 ἐξ,
1888 5184 1975 5235 ca,
1998 5163 2350 5250 eumque‘ea‘:
2377 5168 2520 5239 conj.
2565 5168 2667 5250 If"
2695 5183 2834 5250 ergo
2864 5167 3121 5241 legatum
3143 5167 3762 5250 Gdonem_abbat_eml_.

367 5238 435 5271 ³³⁸
464 5235 811 5291 Lberiberto
843 5235 1042 5291 comiti
1072 5234 1230 5291 dedit
1257 5235 1355 5291 ille
1425 5254 1497 5292 uo
1546 5254 1615 5292 ue
1645 5239 1871 5294 tamdiu
1904 5234 2496 5312 armigeravit.donec
2527 5242 2584 5294 et
2614 5238 2739 5312 ipse
2761 5234 2974 5310 jussu's
3004 5239 3234 5297 arnulfo
3266 5242 3465 5297 comiti
3489 5242 3765 5298 redderet.

369 5308 462 5363 Sic
492 5322 727 5363 auoaue
758 5304 1132 5363 magnatibus
1162 5305 1217 5363 4.
1290 5307 1358 5341 ³³⁸
1384 5254 1589 5363 R033.
1627 5326 1716 5363 ne.
1756 5310 1840 5363 Li.
1874 5315 2056 5363 renet.
2090 5327 2158 5363 ca
2185 5327 2256 5363 ea:
2285 5310 2424 5363 coni.

1478 5351 1491 5377 θ

369 5308 462 5364 Sic
492 5322 727 5379 quoque
758 5304 1132 5379 magnatibus
1162 5305 1217 5375 4,
1290 5307 1358 5341 ³³⁸

1574 5351 1589 5378 ,
1626 5326 1716 5381 pe,
1756 5310 1840 5374 Li,
1874 5310 2158 5384 repctfca
2185 5327 2256 5366 ea:
2285 5310 2424 5381 conj.

1932 5426 2161 5483 NOTJE.

441 5520 530 5591 (83
560 5519 857 5591 Boulogne.

439 5588 551 5660 (84)
596 5588 892 5665 E_ver_vich,
934 5589 1283 5665 Eboracum,
1323 5588 1502 5658 Yorck,
1536 5590 2011 5665 archiepiscopus

368 5662 692 5719 Cantuariae
722 5661 912 5719 factus
941 5663 1049 5717 est.

2193 5521 2306 5595 (85)
2338 5521 2397 5595 Id
2433 5525 2524 5577 cst
2546 5522 2896 5595 peregrinis,
2927 5521 3159 5578 exteris.

2195 5594 2308 5663 (86)
2339 5593 2505 5648 Anno
2536 5593 2660 5649 933.

2192 5662 2308 5735 (87)
2341 5664 2402 5719 ld
2435 5667 2521 5720 est
2552 5664 2738 5721 iratus
2769 5664 2977 5737 (Hugo)
3010 5663 3095 5747 iis
3112 5662 3213 5735 qui
3253 5667 3654 5721 occurrerunt.
