3838 6238
343 366 421 429 59
1444 352 1764 414 RICHERI
1809 351 1874 411 s.
1922 322 2225 413 semen
2273 350 2649 416 MONACHI.
2726 376 2740 387 -
3694 354 3780 417 eo

341 497 657 558 nivoleutia
688 493 982 568 excipiens
1010 489 1069 548 in
1109 506 1326 565 pagum
1377 487 1831 544 Ambianensem

2256 526 2267 539 .
2315 486 2454 554 Rege
2482 488 2550 522 ²⁷⁶
2595 489 2912 547 adveniente
2942 490 3008 526 ²τ⁶
3060 490 3265 547 obsidio
3309 492 3542 547 solvitur
3568 491 3663 545 π’.
3708 521 3772 532 ~—

338 587 763 648 occurrendum
796 582 1200 648 constituit,eo
1222 580 1373 652 quod
1407 577 1487 633 ibi
1522 575 1851 649 specialiter
1872 572 1984 628 uti-

335 677 415 734 lia
443 676 710 749 quaedam
745 690 846 745 per
874 671 1005 727 illos
1028 668 1470 725 determinanda
1492 667 1555 700 ’τί
1577 665 1781 719 forent.
1807 663 1987 734 Lega-

338 767 417 822 tis
450 766 650 837 itaque
678 760 968 827 abductis,
1002 776 1101 814 rex
1132 758 1205 813 ad
1238 757 1429 812 locum
1464 753 1798 810 condictum
1841 757 1987 806 tem-

339 872 478 929 pore
508 856 726 909 statuto
749 849 997 906 devenit.
1023 846 1447 902 Cuietiamdux
1462 840 1989 917 prazdictusobvius

336 943 515 1001 venit.
566 944 971 1013 Exceptusque
1020 954 1053 991 a
1101 952 1233 1008 rege
1285 936 1572 1001 decenter,
1631 930 1989 1003 provinciam

339 1049 517 1106 quam
550 1031 600 1087 ei
638 1035 801 1102 pater
833 1026 1075 1083 Karolus
1110 1043 1205 1079 rex
1236 1022 1579 1089 contulerat,
1614 1021 1685 1075 ab
1717 1037 1782 1074 eo
1813 1018 1989 1074 etiam

337 1120 580 1192 accepit.
615 1118 778 1173 Unde
808 1122 865 1171 et
896 1116 1046 1185 regis
1071 1114 1455 1175 factus,tanto
1487 1110 1842 1164 eiconsensu
1862 1106 1989 1160 alli-

336 1215 507 1285 gatus
537 1211 643 1271 est,
675 1207 876 1276 utjam
902 1204 1147 1275 jamque
1179 1205 1281 1255 aut.
1312 1216 1438 1255 sese
1472 1197 1848 1263 moriturum,
1893 1199 1994 1251 aut

342 1298 461 1371 regi
495 1294 721 1368 imperii
756 1308 1052 1349 summam
1089 1290 1499 1346 restituturum
1532 1289 1899 1359 proponeret.

406 1388 496 1442 2t.
531 1383 782 1439 Artoldus
836 1381 1077 1451 archiep.
1130 1381 1442 1435 Causostem
1490 1377 1853 1431 munitionem
1899 1390 1995 1429 ea:-

332 1482 543 1548 pugnat
569 1481 620 1526 (τι
648 1474 813 1543 cupit.
848 1502 914 1509 -—
946 1468 1248 1538 llujusque
1271 1466 1351 1520 rei
1372 1464 1605 1537 negotio
1623 1462 1844 1518 utiliter
1865 1478 1997 1534 pcr—

336 1568 487 1630 acto,
521 1579 621 1618 rex
652 1562 709 1616 in
745 1556 1146 1633 Burgundiam
1162 1554 1425 1611 secessit.
1464 1555 1523 1609 In
1544 1553 1714 1623 cujus
1732 1550 2001 1607 absentia

336 1651 607 1709 Artoldus
639 1646 1148 1719 metropolitanus,
1182 1660 1255 1699 ne
1288 1660 1407 1698 sua)
1442 1642 1524 1697 rei
1554 1640 2000 1715 putareturino-

335 1741 450 1815 pia,
484 1740 705 1811 absque
738 1736 913 1807 regiis
932 1732 1472 1806 copiisCausostem
1487 1731 1879 1786 munitionem
1894 1747 1998 1802 ap-

2138 590 2273 646 amq
2287 593 2354 630 ue
2369 576 2724 633 ebdomadas
2738 584 2963 650 septem
2977 580 3482 653 obpugnaverant,
3505 598 3643 637 cum
3670 598 3774 636 rex

2095 663 2276 733 hujus
2308 665 2386 719 rei
2413 666 2632 721 accitus
2654 668 2880 735 nuntio,
2905 669 2963 724 in
2982 668 3302 741 Campania
3324 670 3592 725 Remensi
3615 674 3771 725 tem-

2097 752 2360 823 pestivus
2392 753 2574 809 affuit.
2610 756 2676 810 Et
2699 754 2833 810 licet
2862 773 2997 811 cum
3019 757 3243 829 paucis,
3276 757 3525 813 ﬂuvium
3557 762 3769 813 tamen

2099 842 2358 897 Axonam
2394 848 2672 914 permeat,
2706 848 2762 900 et
2792 844 2875 900 sic
2908 844 2964 899 in
3000 845 3199 901 hostes
3221 846 3425 901 fertur.
3461 846 3582 910 Quo
3602 864 3773 901 com-

2100 934 2261 1001 perte
2294 931 2607 999 tiranni’",
2643 934 2794 1006 regis
2823 950 3057 1005 quoque
3080 933 3347 989 animum
3372 933 3681 1007 simulque
3713 942 3773 990 et

2100 1018 2432 1091 aequitatem
2466 1022 2909 1093 perpendentes,
2942 1023 3015 1077 ab
3064 1022 3370 1078 obsidione
3418 1024 3764 1080 discedunt.

2103 1110 2222 1164 Rex
2250 1125 2382 1166 vero
2412 1109 2736 1182 ingressus,
2770 1112 2957 1167 victus
2989 1111 3321 1167 necessaria
3351 1112 3481 1168 suis
3514 1114 3767 1185 paravit,

2102 1216 2167 1254 ac
2198 1216 2441 1272 qumque
2471 1201 2777 1255 commoda
2806 1200 3113 1256 ordinavit.
3139 1202 3354 1273 Sicque
3368 1201 3489 1256 alia
3512 1202 3768 1274 disposi-

2105 1291 2294 1355 turus,
2330 1289 2726 1361 Burgundiam
2752 1289 2978 1361 repetit.
3001 1290 3063 1344 In
3080 1291 3250 1361 cujus
3277 1289 3569 1361 discessu,
3592 1291 3768 1346 \Yido

2107 1378 2455 1433 Suessorum
2471 1377 3235 1450 episcopusadesertoribus
3259 1395 3500 1446 suasus,
3523 1396 3588 1435 eo
3605 1381 3767 1452 quod

2107 1470 2165 1520 et
2195 1465 2320 1538 ipse
2351 1482 2552 1522 eorum
2588 1471 2781 1538 partes
2823 1467 3072 1523 latenter
3100 1471 3383 1535 tueretur,
3421 1468 3633 1524 Remos
3669 1486 3768 1524 ve-

2109 1554 2295 1621 niens,
2333 1554 2618 1610 Heriberti
2640 1555 2826 1610 ﬁlium
2852 1559 3179 1628 Hugonem,
3205 1555 3769 1627 presbiterumordi-

2109 1643 2289 1715 navit,
2313 1643 2475 1698 Unde
2506 1648 2561 1698 et
2590 1661 2723 1699 eum
2753 1649 2915 1715 pater
2943 1643 3287 1700 sacerdotali
3319 1644 3608 1717 dignitate
3637 1662 3768 1700 am-

2109 1732 2288 1804 pliare
2316 1733 2579 1804 cupiens,
2614 1737 2676 1787 ut
2696 1732 2971 1788 Artoldus
2990 1732 3367 1804 pontificatus
3380 1732 3546 1805 apice
3563 1733 3765 1807 legali-

334 1825 1060 1905 petit,eiqueobsidionem
1074 1821 1533 1894 circumquaque
1547 1820 1996 1885 adhibet.Quam
2028 1852 2075 1917 Β
2111 1826 2198 1876 ter
2228 1821 2573 1893 privaretur,
2604 1821 2892 1878 instanter
2920 1822 3236 1893 quaerebat.
3268 1821 3453 1893 Cujus
3478 1823 3561 1878 rei
3595 1822 3767 1878 ratio-

330 1919 612 1977 continua
642 1912 1082 1988 oppugnatione
1101 1910 1511 1981 mexagitans,
1529 1909 1736 1982 quinto
1752 1909 1995 1963 tandem

333 2009 427 2065 die
457 2004 804 2079 ingreditur,
838 2002 1130 2075 capitque.
1163 1999 1297 2056 Illos
1320 1997 1795 2072 quoquequisibi
1819 1996 1999 2054 surri-

332 2098 585 2171 puerant
617 2089 1080 2165 comprehendit.
1115 2089 1226 2145 Sed
1262 2092 1461 2160 utpote
1489 2087 1578 2142 vir
1606 2088 1820 2156 bonus,
1856 2085 1997 2141 nul-

332 2187 567 2258 liusque
590 2183 719 2238 vita:
751 2179 1020 2248 aemulus,
1035 2178 1383 2250 indempnes
1397 2177 1556 2232 abire
1571 2176 1859 2249 permisit.
1878 2175 1995 2248 Op-

332 2276 534 2350 pidum
568 2272 743 2327 etiam
770 2268 1040 2325 funditus
1073 2265 1324 2331 subruit,
1347 2267 1550 2337 sicque
1574 2265 1645 2320 ad
1679 2281 1787 2319 sua
1804 2262 1996 2319 rediit.

402 2368 493 2421 22.
527 2362 844 2418 Hei-ibertas
875 2365 928 2413 et
972 2359 1120 2427 [Iugo
1151 2357 1338 2411 Remos
1378 2354 1624 2409 obsident
1670 2362 1721 2408 et
1766 2354 1999 2423 capiunt

328 2451 733 2527 praesulequ
760 2447 990 2519 pellunt.
1026 2476 1092 2485 —
1114 2444 1456 2499 Heribertus
1490 2441 1866 2497 malorum”73
1900 2458 1994 2496 oc-

334 2540 630 2598 casionem
663 2539 892 2599 nactus,
926 2533 1045 2589 acsi
1066 2548 1309 2589 suorum
1324 2530 1605 2603 Oppidum
1625 2530 2000 2585 dirutumdo-

333 2631 485 2694 lens,
516 2626 670 2699 apud
686 2629 991 2697 Hugonem
1015 2622 1224 2676 ducem
1241 2620 1495 2692 qualiter
1507 2620 1718 2676 Remos
1739 2619 1994 2685 invadat,

334 2723 509 2790 atque
523 2715 864 2788 episcopum
879 2714 1195 2783 expungat,
1208 2708 1724 2765 vehementissime
1736 2708 1877 2781 agit.
1894 2709 1997 2764 Cui

336 2824 472 2864 mox
503 2805 668 2877 Hugo
701 2805 902 2875 utpote
928 2800 1159 2856 tiranno
1174 2799 1442 2854 tirannus
1455 2797 1845 2865 consentiens,
1870 2815 1997 2854 sese

335 2893 762 2952 auxiliaturum
822 2888 1146 2963 pollicetur.
1196 2886 1448 2944 Colleeto
1505 2886 1703 2958 itaque
1759 2887 1995 2960 agmine

336 2984 509 3042 ambo
540 2982 600 3037 in
627 2981 833 3037 urbem
868 2980 1154 3043 feruntur,
1189 2976 1377 3032 multa
1407 2991 1535 3032 eam
1585 2976 1805 3031 circum
1838 2976 1994 3032 obsi-

335 3074 508 3130 dione
536 3070 843 3127 vallantes.
880 3067 1097 3124 Urbani
1119 3065 1420 3121 Heriberto
1433 3065 1712 3129 faventes,
1747 3082 1813 3121 eo
1838 3066 1993 3137 quod

335 3162 493 3236 regio
515 3162 691 3232 jussu
724 3158 853 3229 ejus
886 3155 1075 3211 ﬁlium
1106 3158 1241 3209 ante
1272 3153 1580 3209 Artoldum
1612 3153 1987 3227 delegissent,

336 3216 488 3307 bello
515 3216 1574 3317 cedunﬁpraasulemquerelinquunt,
1598 3216 1853 3314 atquEad
1868 3216 1988 3298 sua:
2018 3216 2062 3284 C

336 3356 517 3414 paenae
548 3334 855 3393 cumulum
887 3334 1212 3389 desertores
1244 3332 1315 3386 ad
1349 3331 1616 3387 tirannos
1658 3335 1988 3387 transeunt.

336 3427 569 3501 Apertis
598 3442 731 3481 vero
760 3422 942 3497 portis
974 3426 1134 3478 sexta
1160 3419 1483 3477 obsidionis
1508 3419 1619 3488 die,
1644 3419 1908 3476 tirannos
1931 3421 1989 3476 in

339 3518 545 3573 urbem
588 3513 907 3586 excipiunt.
957 3508 1236 3567 Artoldus
1282 3509 1508 3583 pulsus,
1545 3510 1615 3565 ad
1658 3510 1989 3565 cmnobium

337 3606 524 3663 sancti
576 3601 824 3676 Remigii
862 3600 1451 3674 proficiscitur,suam
1481 3598 1560 3654 ibi
1594 3599 1709 3654 Deo
1748 3615 1991 3671 conspe-

336 3695 479 3751 ctori
511 3693 777 3750 omnium
810 3688 1242 3762 querimoniam
1294 3687 1565 3742 fundens.
1618 3687 1726 3743 Ubi
1760 3689 1828 3722 '7‘
1858 3706 1991 3743 mox

337 3783 748 3855 episcoporum
788 3777 1086 3850 aliquibus
1117 3793 1182 3831 ac
1204 3775 1557 3847 quibusdam
1611 3777 1989 3847 magnatibus

341 3871 618 3943 stipatus,
649 3867 965 3939 rogabatur
985 3869 1049 3919 ut
1071 3862 1491 3919 Avenniacensi
1517 3863 1751 3918 abbatia
1781 3865 1992 3921 sancti-

339 3975 452 4031 que
483 3956 673 4012 Basoli
705 3955 881 4011 rebus
908 3955 1239 4019 contentus,
1259 3950 1536 4023 episcopii
1560 3951 1842 4023 dignitate
1863 3969 1990 4010 sese

339 4046 657 4104 abdicaret.
672 4045 862 4115 Atque
876 4040 1080 4097 multis
1095 4040 1389 4095 minarum
1410 4039 1731 4095 terroribus
1750 4042 1991 4098 affectus

338 4134 656 4200 consentit,
683 4134 921 4204 juratus
953 4129 1132 4186 etiam
1164 4133 1231 4184 ut
1262 4129 1444 4184 fertur
1474 4129 1901 4202 repudiavit”;
1935 4135 1993 4187 et

338 4224 575 4281 tandem
608 4220 858 4278 canibus
889 4217 1282 4283 satisfaciens,
1316 4218 1387 4273 ad
1412 4221 1683 4274 sanctum
1716 4219 1988 4275 Basolum

337 4314 417 4370 ibi
452 4315 791 4368 moraturus
823 4307 1132 4364 abscessit.

406 4406 496 4459 23.
532 4406 694 4471 Hugo
722 4416 787 4455 ac
814 4398 1130 4455 Heribertus
1173 4398 1229 4452 in
1278 4397 1425 4465 regis
1471 4397 1721 4452 absentia
1766 4389 1989 4453 Laudu-

337 4510 472 4549 num
514 4493 862 4564 impugnant.
892 4517 963 4529 —-
992 4487 1232 4558 llugone
1272 4501 1409 4557 ergo
1455 4484 1721 4552 diacono,
1772 4486 1989 4542 tiranni

2107 1926 2240 1965 nem
2294 1927 2427 1965 cnm
2479 1914 2718 1982 Hugone
2764 1911 2913 1966 duce
2964 1909 3231 1978 contulit,
3289 1926 3357 1966 ac
3387 1911 3447 1965 in
3489 1911 3762 1967 effectum

2105 1999 2286 2072 redigi
2318 2000 2637 2055 admodum
2667 1999 2851 2071 petiit.

2175 2090 2265 2144 25.
2318 2088 2491 2157 (941.)
2531 2090 2783 2145 Artoldus
2812 2089 2879 2123 ’τε
2904 2106 2939 2144 a
2970 2090 3526 2162 comprovincialibus
3554 2091 3623 2125 ’π
3650 2092 3768 2163 epi-

2104 2180 2279 2249 scopis
2307 2179 2374 2213 ²⁷⁸
2430 2179 2754 2251 repudiatur
2798 2186 2853 2234 et
2879 2179 2946 2213 ³³⁸
2982 2195 3087 2251 pro
3124 2195 3184 2234 eo
3215 2180 3369 2248 Hugo
3417 2179 3668 2249 eligitur.
3705 2210 3771 2219 —

2105 2267 2399 2339 Disposita
2411 2285 2546 2341 ergo
2565 2268 2858 2323 rationum
2878 2268 3450 2331 summa.Remensis
3470 2269 3767 2324 dioceseos

2105 2356 2410 2429 episcopos
2439 2360 2778 2425 convocant,
2811 2356 2911 2428 qui
2945 2355 3097 2410 inter
3125 2356 3435 2413 Artoldum
3470 2362 3530 2413 et
3561 2359 3757 2430 [luge-

2107 2462 2263 2508 nem,
2303 2446 2759 2501 controversiam
2809 2445 3222 2511 determinent,
3273 2445 3757 2518 objectorumque

2108 2534 2282 2589 ﬁnem
2314 2534 2695 2590 constituant.
2727 2533 2967 2589 Collecti
3000 2550 3136 2606 ergo
3167 2535 3321 2607 apud
3352 2535 3559 2591 urbem
3591 2536 3766 2591 Sues-

2105 2624 2389 2691 sonicam,
2424 2623 2481 2678 in
2512 2622 2755 2679 basilica
2786 2626 3125 2678 sanctorum
3160 2623 3470 2679 martirum
3513 2624 3763 2697 Crispini

2104 2715 2160 2767 et
2190 2711 2564 2783 Crispiniani,
2599 2711 2811 2766 civium
2846 2711 3219 2767 Remensium
3271 2711 3571 2784 querelam
3616 2710 3762 2768 exci-

2105 2800 2295 2872 piunt,
2329 2800 2648 2855 dicentium
2680 2799 3152 2856 sesediutissime
3174 2804 3408 2872 pastore
3422 2800 3759 2857 destitutos:

2104 2888 2197 2945 cui
2228 2889 2559 2945 subdantur
2588 2888 3077 2960 etobsequantur,
3095 2887 3444 2961 suppliciter
3465 2894 3756 2962 expetere.

2103 2977 2404 3034 Artoldum
2428 2978 2555 3049 jam
2585 2993 2647 3033 se
2677 2976 2849 3046 nolle,
2877 2994 2943 3033 eo
2976 2978 3127 3050 quod
3152 2983 3521 3035 sacramento
3542 2980 3761 3053 episco-

2103 3067 2267 3140 pium
2319 3066 2738 3139 repudiaverit;
2800 3071 2860 3122 at
2908 3067 3234 3139 Hugonem,
3285 3069 3441 3140 quod
3492 3069 3756 3124 omnium

2103 3155 2319 3211 unione
2367 3155 2606 3223 electus,
2640 3155 2914 3211 omnibus
2963 3155 3408 3228 acceptissimus
3460 3157 3554 3213 sit.
3604 3160 3757 3224 Quo-

2101 3262 2230 3301 rum
2267 3242 2665 3317 querimoniis
2686 3243 2940 3316 episcopi
2955 3248 3302 3313 annuentes,
3326 3246 3655 3303 sacerdotio
3676 3248 3757 3301 di-

2100 3351 2283 3409 gnum
2314 3338 2618 3406 Hugonem
2649 3337 2941 3399 asserunt,
2964 3349 3029 3389 eo
3043 3333 3200 3405 quod
3215 3350 3331 3389 non
3353 3334 3546 3390 solum
3563 3335 3758 3391 carnis

2100 3422 2396 3490 nobilitas,
2431 3426 2520 3477 set
2548 3425 2604 3477 et
2633 3421 2813 3477 animi
2838 3438 3028 3478 mores
3060 3422 3256 3494 pudici
3270 3422 3594 3495 plurimum
3622 3442 3755 3480 eum

2099 3511 2598 3568 commendarent.
2636 3512 2847 3567 Ratum
2880 3511 3060 3567 etiam
3088 3511 3232 3580 fore,
3263 3513 3312 3568 si
3346 3512 3495 3569 tanti
3518 3513 3758 3570 honoris

2100 3602 2356 3669 culmen,
2391 3617 2650 3674 persona
2699 3598 3005 3655 nobilitate
3060 3601 3399 3657 adornetur.
3452 3606 3752 3675 Bugonem

2101 3691 2296 3763 itaque
2331 3707 2477 3762 pene
2501 3688 2768 3745 omnium
2799 3688 3130 3745 eonibentia
3150 3690 3446 3760 attollunt,
3462 3708 3527 3746 ac
3544 3692 3754 3749 Remos

2099 3780 2442 3849 deductum,
2476 3778 2535 3832 in
2568 3777 2830 3834 coenobio
2852 3777 3274 3834 monachorum
3288 3780 3477 3835 sancti
3504 3780 3752 3853 Remigii

2100 3866 2618 3940 metropolitanum
2652 3864 3062 3939 sollempniter
3090 3873 3458 3937 consecrant,
3492 3873 3672 3941 atque
3696 3871 3751 3925 in

2099 3957 2241 4013 urbe
2274 3957 2546 4012 decenter
2577 3958 2902 4027 exceptum,
2937 3954 3124 4011 multo
3163 3957 3447 4029 obsequio
3494 3975 3562 4014 ac
3592 3975 3749 4015 reve-

2099 4045 2285 4100 rentia
2315 4044 2621 4099 honorant.
2657 4044 2777 4100 Rex
2803 4042 2863 4098 in
2896 4043 3163 4116 partibus
3194 4045 3542 4118 Burgundia
3573 4046 3751 4103 viato-

2099 4150 2232 4189 rum
2290 4131 2497 4201 relatu,
2547 4137 2841 4206 patratum
2892 4133 3191 4206 negotium
3241 4134 3573 4202 advertens,
3618 4153 3748 4191 mox

2101 4223 2453 4277 Laudunum
2486 4220 3013 4278 rediit.Arnoldum
3028 4238 3260 4294 quoque
3288 4224 3498 4295 acejus
3511 4224 3747 4280 fratrem

2101 4310 2453 4367 Landricum
2486 4309 3244 4382 proditionisinsimulatos,
3269 4328 3374 4368 nec
3385 4315 3581 4368 tamen
3595 4314 3749 4385 peni-

2097 4404 2195 4455 tus
2225 4398 2518 4454 convictos
2548 4414 2683 4453 cum
2716 4398 2776 4453 in
2808 4397 2917 4454 hac
2948 4414 3008 4454 re
3030 4398 3458 4471 promptissimi
3488 4400 3748 4458 videren-

2098 4492 2215 4556 tur,
2245 4487 2319 4543 ab
2351 4486 2495 4542 urbe
2524 4485 2766 4558 expulit.

340 4582 479 4648 filio,
516 4581 711 4636 Remis
738 4577 959 4643 relicto,
984 4573 1343 4648 jampridem
1373 4573 1549 4629 etiam
1581 4574 1654 4629 ad
1687 4573 1985 4649 episcOpa-
2016 4583 2064 4648 ι)
2164 4580 2254 4633 26.
2282 4579 2396 4633 Rea:
2423 4578 2482 4632 in
2521 4577 2773 4648 partibus
2824 4577 3164 4648 Burgundiae
3210 4580 3517 4635 exercitum
3565 4589 3750 4636 contra

339 4674 469 4725 tum
509 4666 672 4723 urbis
716 4664 903 4739 ipsius
952 4667 1205 4731 evocato,
1257 4661 1383 4734 ipse
1432 4661 1771 4718 Heribertus
1816 4668 1992 4736 atque

345 4762 533 4829 Hugo,
564 4752 917 4810 Laudunum
933 4770 1067 4808 cum
1080 4750 1265 4823 copiis
1282 4751 1729 4823 aggrediuntur,
1743 4752 1995 4811 obsidio-

342 4862 477 4902 nem
508 4843 769 4914 undique
804 4829 1172 4906 adhibentes,
1193 4839 1397 4893 urbem
1434 4837 1721 4895 militibus
1746 4858 1992 4898 vacuam

343 4934 475 4999 rati,
506 4948 573 4988 eo
604 4930 759 5004 quod
787 4929 955 4985 rexin
970 4927 1234 5001 partibus
1251 4926 1599 4998 Burgundiae
1611 4928 1993 4987 exterioribus

344 5021 459 5079 alia
488 5023 737 5076 curaret.
770 5020 840 5075 Et
866 5034 984 5089 qua
1013 5017 1283 5088 poterant
1302 5018 1732 5087 oppugnantes,
1766 5016 1993 5091 ingredi

344 5109 729 5168 conabantur.
760 5108 833 5163 At
862 5105 1081 5161 montis
1112 5094 1429 5159 eminentia
1457 5104 1859 5177 superioribus
1890 5108 1995 5165 im-

344 5214 536 5272 pares,
569 5213 685 5252 non
719 5192 899 5251 semel
930 5194 1133 5249 cedere
1163 5191 1344 5246 coacti
1377 5196 1533 5248 sunt.
1570 5194 1875 5253 Instabant
1904 5202 1990 5254 ta-

346 5305 502 5355 men,
538 5283 605 5342 ac
635 5284 756 5358 regi
787 5283 1121 5357 ingressum
1152 5279 1461 5353 praeripere
1491 5284 1872 5342 conabantur.

2099 4669 2320 4723 tiranno
2367 4665 2601 4734 colligit.
2633 4696 2703 4705 —
2748 4665 2868 4720 Rex
2914 4681 3050 4721 cum
3101 4666 3181 4722 rei
3232 4666 3510 4725 militaris
3559 4669 3750 4740 impia

2100 4760 2302 4812 contra
2325 4754 2592 4811 tirannos
2623 4752 2773 4809 nihil
2819 4753 3011 4809 moliri
3064 4753 3299 4821 valeret,
3351 4756 3747 4830 Burgundiam

2100 4843 2356 4918 repetiit,
2388 4846 2454 4898 ut
2482 4841 2797 4898 exercitum
2829 4842 2966 4898 inde
2991 4847 3268 4912 sumeret,
3311 4845 3629 4919 Remisque
3659 4846 3747 4901 in-

2101 4934 2359 4989 duceret.
2392 4931 2723 4987 Admodum
2754 4930 2970 4988 etenim
2993 4931 3050 4988 id
3084 4934 3488 5005 attemptabat,
3514 4938 3580 4991 ut
3601 4934 3747 4991 Heri-

2101 5024 2330 5080 bertum
2361 5021 2433 5077 ab
2459 5021 2602 5077 urbe
2632 5037 2874 5094 pervasa
2901 5020 3159 5093 pelleret.
3195 5021 3346 5079 Dum
3378 5039 3515 5096 ergo
3542 5024 3602 5080 in
3633 5024 3745 5081 col-

2099 5110 2350 5185 ligendis
2383 5108 2667 5165 militibus
2698 5125 2925 5166 moram
2956 5109 3188 5177 faceret,
3222 5109 3441 5167 tiranni
3469 5114 3538 5148 ’7’
3567 5113 3744 5170 multo

2099 5200 2364 5272 equitatu
2397 5199 2748 5254 Laudunum
2781 5202 3084 5271 appetunt,
3134 5203 3310 5271 atque
3358 5200 3744 5272 circumdant,

2101 5304 2265 5362 spem
2296 5286 2646 5360 proditionis
2666 5286 2727 5342 in
2753 5287 3107 5360 quibusdam
3128 5286 3431 5345 habentes.
3458 5290 3588 5348 Haec
3610 5293 3745 5349 dum

1705 5436 1946 5495 VARIIE
1985 5437 2400 5497 LECTIONES.

418 5564 485 5601 ’τί
513 5560 972 5621 determinandaa
1001 5575 1049 5615 c.
1106 5559 1193 5634 3"
1222 5558 1651 5634 egpugnatione
1682 5563 1731 5617 1.
1808 5565 1876 5599 ’73
1905 5565 2044 5622 mali
2078 5567 2129 5622 1.
2206 5563 2275 5599 ²⁷⁴
2303 5561 2401 5634 qui
2437 5563 2520 5634 1.”
2564 5562 2923 5633 mrepudivit
2953 5564 3067 5620 cod.
3143 5565 3213 5600 ³⁷⁸
3234 5564 3301 5631 R,
3337 5564 3417 5631 ni,
3469 5583 3497 5621 ε
3538 5567 3746 5626 abscisa

349 5637 414 5671 ’⁷⁷
442 5635 778 5693 Hei-ibertas
808 5636 867 5691 et
893 5635 1061 5705 Hugo
1095 5632 1145 5687 1.
1222 5630 1291 5664 τῖε
1318 5630 1397 5696 Α.
1416 5646 1468 5698 c,
1500 5646 1554 5703 e,
1586 5636 1643 5687 et
1668 5649 1739 5689 ex
1759 5637 1903 5706 conj.
1978 5638 2048 5686 βπ
2078 5638 2241 5708 Hugo
2273 5630 2339 5691 ac
2369 5630 2718 5691 Heribertus
2742 5635 2791 5691 1.
