3838 6238
83 390 146 453 61
959 389 1503 455 HISTORIARUM
1545 390 1755 455 LIBRI
1794 388 2196 463 OUATUOR.
2226 391 2477 454 -LIB.
2521 391 2602 454 Il.
2757 416 2770 427 ο
3402 391 3483 458 62

90 529 343 599 aguntur,
378 525 454 582 ad
489 523 653 598 regis
705 541 872 581 aures
913 525 1248 597 tempestive
1298 525 1585 583 feruntur.
1620 526 1725 592 Qui
1760 526 1812 594 Α
1840 524 2010 582 donis
2039 526 2384 598 dignissime
2403 528 2470 562 ²⁸⁶
2491 525 3017 583 accumulat.Unde
3048 532 3105 583 et
3132 528 3350 585 factum
3371 533 3479 596 est,

90 614 325 687 sumptis
355 632 510 686 quos
533 614 947 686 undecumque
966 613 1238 687 colligere
1254 615 1320 665 28°
1341 613 1606 681 valuit,in
1636 633 1733 688 pa-

89 720 216 778 gum
236 703 591 761 Porcensem
618 702 867 758 devenit.
883 702 985 759 Ubi
1008 719 1143 759 cum
1166 720 1287 759 rem
1310 703 1625 760 militarem
1647 722 1731 760 or-

88 793 322 857 dinaret,
354 808 425 847 ac
456 791 741 847 hostibus
772 791 983 847 bellum
1018 791 1229 847 inferre
1260 793 1730 864 pararet,tiranni

92 881 343 936 Lauduni
375 881 443 916 ²⁸¹
476 879 786 936 obsidione
818 880 1033 948 relicta,
1070 881 1127 936 in
1160 898 1352 954 regem
1392 883 1633 949 vadunt,
1666 899 1732 938 ac

89 970 444 1041 insperatum
474 968 821 1025 invadentes
868 970 995 1041 ejus
1046 969 1386 1039 exercitum,
1420 971 1733 1027 nonnullos

92 1062 367 1124 sternunt,
386 1057 653 1131 reliquos
683 1074 815 1114 vero
845 1057 901 1113 in
930 1059 1129 1131 fugam
1151 1064 1386 1133 cogunt.
1418 1060 1535 1115 Rex
1556 1077 1591 1115 a
1611 1060 1736 1117 suis

92 1146 451 1215 eductus,vix
474 1164 616 1202 cum
641 1146 871 1203 duobus
896 1147 1354 1213 comitibus,vim
1379 1148 1585 1204 mortis
1610 1166 1736 1205 eva-

95 1234 402 1309 sit,oppido
436 1237 597 1308 quod
625 1235 792 1291 Altus
823 1253 992 1292 mons
1022 1237 1240 1292 dicitur
1268 1254 1396 1294 sese
1427 1239 1733 1312 recipiens.

95 1323 312 1379 Tiranni
346 1341 455 1396 spe
494 1322 845 1396 proditionis
892 1324 1175 1396 frustrati,
1208 1326 1569 1383 obsidionem
1620 1326 1735 1383 sol-

93 1418 240 1477 vunt,
262 1418 443 1485 atque
471 1414 531 1469 in
566 1430 676 1469 sua
704 1414 1057 1469 concedunt.

153 1504 234 1556 27.
268 1502 444 1573 (942.)
472 1503 706 1558 Tiranni
732 1518 766 1559 ιι
791 1519 939 1574 papa
961 1510 1356 1569 mimentur,ne
1379 1521 1559 1573 regem
1577 1522 1739 1561 suum

88 1598 494 1663 persequantur.
509 1622 578 1630 —
600 1590 824 1647 Interea
845 1607 879 1645 a
898 1591 1115 1646 domno
1135 1591 1431 1664 Stephano
1454 1611 1604 1666 papa
1624 1595 1736 1666 (90)

90 1678 171 1733 vir
195 1677 386 1734 clarus
420 1678 659 1734 nomine
694 1683 979 1735 Damasus
1014 1679 1245 1752 legatus
1276 1680 1335 1735 in
1385 1681 1602 1737 Gallias
1649 1681 1736 1736 di-

92 1772 271 1823 rectus
292 1771 406 1836 est,
431 1767 764 1840 apostolicae
787 1767 947 1824 sedis
977 1767 1204 1824 litteras
1237 1769 1505 1837 atterens,
1522 1769 1739 1842 jussio-

1841 619 1905 670 ut
1934 613 2029 669 alii
2060 614 2195 670 hinc
2217 616 2698 682 formidantes,ad
2721 632 2916 689 regem
2934 616 3333 689 tempestivius
3356 634 3484 674 sese

1839 703 2209 760 contulerint.
2246 704 2556 760 Wilelmus
2611 704 2806 778 itaque
2862 705 3284 777 Aquitanorum
3343 707 3482 774 dux,

1841 791 2354 865 Brittanorumque
2384 793 2625 863 Alanus,
2649 793 2867 865 piratas
2898 793 3116 866 regiam
3139 810 3260 849 rem
3283 810 3485 850 curare

1841 879 2286 953 comperientes,
2319 898 2621 938 accessum
2657 886 2978 953 maturant,
3008 899 3204 955 regem
3247 883 3484 950 adeunt,

1840 974 2013 1042 atque
2070 970 2182 1027 ﬁde
2240 970 2390 1042 pacti
2440 970 2716 1026 miliciam
2755 973 2979 1042 jurant.
3005 971 3106 1026 His
3153 972 3347 1044 itaque
3390 989 3489 1028 rex

1842 1056 2120 1125 collectis,
2162 1058 2453 1130 praedictis
2483 1059 2730 1114 tirannis
2752 1060 2818 1094 ³⁸⁷
2849 1076 3020 1115 secus
3058 1059 3298 1115 ﬂuvium
3330 1060 3490 1116 Isara

1841 1146 2149 1203 locuturus
2181 1147 2459 1219 procedit.
2492 1147 2732 1203 Tiranni
2764 1148 2990 1221 regium
3021 1150 3349 1220 equitatum
3390 1167 3488 1205 su-

1844 1241 2107 1306 spectum
2132 1236 2432 1306 habentes,
2458 1242 2879 1309 praevenerunt,
2912 1242 3088 1309 atque
3118 1243 3325 1309 pontes
3354 1256 3492 1311 pras-

1844 1322 2247 1396 cipitaverunt,
2266 1342 2439 1382 naves
2460 1326 2919 1398 circumquaque
2950 1325 3009 1381 in
3035 1326 3196 1382 aliud
3227 1326 3366 1382 litus
3394 1328 3491 1382 ab-

1845 1412 2145 1475 ducentes.
2163 1415 2373 1486 Sicque
2396 1430 2529 1469 cum
2549 1414 2674 1471 suis
2693 1414 2751 1470 in
2772 1414 3012 1470 adverso
3038 1415 3300 1471 fluminis
3321 1416 3491 1472 litore

1845 1507 2256 1565 consederunt.
2291 1504 2530 1559 Duabus
2560 1507 2788 1558 tantum
2838 1503 3126 1559 naviculis
3175 1503 3313 1559 hinc
3355 1504 3490 1560 inde

1846 1594 2291 1659 eursitantibus,
2327 1609 2429 1665 per
2456 1592 2848 1648 internuntios
2897 1593 3286 1648 controversia
3341 1593 3491 1649 inter

1844 1686 1977 1741 illos
2008 1683 2226 1756 agitata
2254 1686 2362 1737 est.
2392 1681 2653 1737 Tandem
2685 1682 2795 1738 sub
2826 1697 2966 1755 pace
2992 1686 3297 1754 sequestra
3342 1682 3492 1738 obsi-

1846 1776 1987 1831 dum
2011 1774 2145 1845 jure
2176 1790 2210 1828 a
2238 1787 2365 1828 sese
2397 1770 2727 1827 discedunt.

94 1872 215 1911 nem
243 1856 631 1930 apostolicam
662 1857 1050 1927 continentes,
1086 1860 1151 1913 ut
1178 1857 1472 1930 principes
1504 1859 1735 1932 provin-
1766 1894 1814 1960 B
1914 1864 2004 1918 29.
2038 1862 2337 1918 Ludovicus
2357 1869 2409 1915 et
2430 1860 2547 1916 Otto
2566 1876 2712 1934 reges
2734 1862 2793 1915 in
2813 1862 3127 1916 amiciciam
3142 1863 3489 1927 conveniunt,

95 1944 301 2001 ciarum
333 1947 405 1980 ³⁸³
436 1962 635 2018 regem
685 1962 860 2000 suum
912 1945 1269 2002 Ludovicum
1318 1947 1572 2020 recipere
1618 1966 1732 2003 non
1766 1944 1814 1960 ¹’
1845 1970 1908 2009 ac
1937 1968 2029 2008 uer
2086 1950 2328 2006 Ottonem
2376 1950 2639 2017 Hugo.—
2672 1949 2792 2004 Rex
2831 1949 3198 2021 principibus
3242 1948 3300 2004 in
3351 1967 3492 2022 pace

96 2033 403 2102 dill'errent,
439 2050 545 2089 nec
576 2032 769 2106 gladio
801 2033 954 2089 ultra
982 2033 1181 2090 hostili
1211 2051 1346 2091 eum
1378 2035 1733 2092 insectaren-

97 2127 197 2177 tur.
226 2123 295 2177 Et
322 2121 384 2177 ni
418 2127 672 2191 cessent,
702 2123 1094 2179 anathematis
1124 2122 1240 2180 telo
1270 2142 1475 2181 omnes
1518 2143 1645 2183 esse
1676 2126 1737 2181 ﬁ-

95 2211 318 2284 gendos.
335 2212 462 2276 Quo
482 2210 743 2284 episcopi
759 2212 990 2284 cognito
1013 2212 1329 2269 Remorum
1353 2214 1735 2284 dioceseos,in

99 2316 265 2354 unum
298 2316 436 2355 mox
457 2299 664 2367 coacti,
698 2300 769 2355 de
797 2300 1172 2357 anathemate
1202 2300 1262 2356 in
1295 2319 1422 2358 sese
1469 2303 1737 2360 habendo

99 2387 199 2443 nisi
225 2388 576 2461 resipiscant
614 2388 988 2445 vehementer
1004 2390 1073 2423 ³⁸³
1102 2395 1478 2461 pertractant.
1504 2393 1736 2448 Mitten-

102 2478 226 2532 dum
257 2477 415 2533 enim
446 2478 522 2533 ad
552 2477 927 2534 Heribertum
956 2478 1298 2551 disponunt,
1323 2484 1379 2536 et
1405 2481 1476 2536 ab
1507 2498 1573 2537 eo
1603 2499 1739 2554 sup-

101 2566 312 2639 pliciter
328 2566 964 2640 petendum,quatinus
990 2568 1115 2640 ipse
1136 2568 1342 2625 ducem
1368 2570 1740 2642 adeat,atque

104 2656 241 2727 apud
269 2673 405 2712 eum
440 2673 547 2729 pro
598 2656 753 2729 regis
802 2657 1132 2729 receptione
1179 2662 1334 2730 agat,
1367 2659 1740 2715 ostendentes

106 2743 482 2800 anathematis
510 2743 862 2815 periculum,
896 2748 953 2800 et
980 2748 1202 2816 quanta
1230 2745 1304 2801 iis
1331 2746 1613 2801 debeatur
1630 2745 1741 2801 rui-

106 2833 266 2899 nam,
281 2833 381 2905 qui
406 2831 786 2888 dominorum
808 2836 1238 2905 contemptores
1259 2850 1325 2888 ac
1346 2837 1744 2905 persecutores

105 2936 219 2976 esse
246 2938 361 2977 non
392 2920 738 2976 formidant.
772 2924 906 2988 Quae
956 2921 1157 2977 suasio
1204 2920 1434 2977 nullum
1473 2922 1743 2979 effectum

110 3007 299 3065 habuit
316 3011 407 3065 '35.
426 3011 481 3066 Α
510 3009 787 3082 ρι’ωᾶίοιο
837 3010 1013 3066 etiam
1040 3027 1192 3083 papa
1221 3027 1356 3066 mox
1385 3010 1502 3066 alia
1531 3011 1743 3084 legatio

111 3096 312 3153 directa
339 3103 455 3164 est,
486 3114 593 3170 per
642 3098 948 3154 Remensis
995 3097 1249 3155 ecclesiae
1296 3098 1541 3172 legatos,
1570 3099 1673 3172 qui
1712 3118 1746 3155 a

112 3202 245 3259 papa
271 3188 479 3244 eodem
511 3186 872 3243 sacerdotale
903 3186 1146 3259 pallium
1172 3187 1398 3260 llugoni
1418 3188 1747 3261 metropoli-

1844 2039 2125 2106 dimissis,
2159 2055 2292 2094 cum
2324 2037 2529 2109 paucis
2579 2037 2690 2093 iter
2740 2037 2797 2091 in
2850 2036 3143 2109 Belgicam
3174 2042 3489 2111 retorquet,

1843 2128 2040 2186 Ottoni
2070 2128 2240 2204 cujus
2267 2142 2527 2182 sororem
2558 2126 2868 2197 conjugem
2907 2126 3016 2181 sibi
3065 2126 3384 2195 addixerat,
3418 2128 3491 2183 ad

1841 2217 2200 2290 loquendum
2231 2214 2564 2271 obveniens.
2597 2214 2852 2278 Quorum
2882 2214 3127 2270 consilio
3158 2214 3345 2270 multa
3363 2232 3493 2271 con-

1844 2305 2041 2363 cordia
2058 2303 2638 2372 ﬁrmato,amicitiam
2662 2306 2893 2358 mutute
2911 2302 3349 2359 conditionibus
3373 2307 3490 2358 sta-

1844 2398 2132 2452 tuunt.Ac
2166 2395 2277 2449 ﬁne
2311 2392 2522 2463 negotii
2556 2392 2725 2458 facto,
2760 2409 2859 2447 rex
2903 2392 3251 2447 Laudunum
3298 2391 3489 2448 rediit.

1846 2486 1977 2541 Otto
2007 2501 2139 2540 vero
2156 2484 2461 2555 Hugonem
2492 2480 2552 2535 in
2583 2480 2738 2551 regis
2768 2480 3019 2552 gratiam
3051 2480 3324 2536 reducere
3346 2485 3496 2537 sata-

1847 2575 2038 2646 gebat.
2072 2574 2254 2637 Quem
2286 2568 2488 2625 multis
2517 2569 2829 2624 verborum
2852 2567 3109 2624 stimulis
3132 2567 3498 2624 familiariter

1849 2679 1914 2717 ac
1943 2659 2052 2717 levi
2083 2660 2273 2715 furore
2304 2659 2763 2731 redarguens,eo
2784 2657 2937 2729 quod
2974 2658 3093 2730 regi
3125 2674 3231 2713 suo
3262 2661 3496 2713 contra—

1848 2750 1980 2818 iret,
2013 2749 2437 2818 dominumque
2470 2745 2740 2802 insectari
2773 2761 2889 2801 non
2923 2745 3280 2812 formidaret,
3314 2746 3387 2801 ad
3417 2762 3499 2801 re-

1850 2856 1981 2913 gem
2002 2837 2189 2893 redire
2210 2836 2416 2893 effecit.
2432 2835 2501 2889 Et
2522 2838 2782 2907 tempore
2802 2835 3497 2907 oportuno,prudentium

1848 2926 2242 3001 legationibus
2273 2922 2746 2997 pramissis,regi
2778 2922 2986 2978 ducem
3019 2922 3499 2995 reducit,sibique

1852 3014 2141 3073 conciliat.

1922 3105 2010 3160 30.
2040 3104 2365 3174 Principum
2396 3101 2548 3172 apud
2572 3116 2750 3170 regem
2772 3110 3152 3167 conventus,ac
3187 3102 3422 3157 Wilelmi
3442 3102 3503 3157 in

1853 3209 2040 3249 eorum
2063 3192 2312 3247 contione
2336 3190 2710 3245 tumultuatio.
2745 3221 2813 3229 —
2844 3190 3003 3245 Duce
3030 3206 3167 3263 ergo
3202 3190 3261 3246 in
3310 3189 3503 3263 pristi-

112 3278 231 3331 lano
251 3275 536 3342 detulere,
568 3275 831 3332 dicentes
882 3275 1213 3348 apostolicae
1252 3276 1544 3348 jussionis
1593 3278 1744 3333 hanc
1774 3264 1817 3330 C
1858 3298 1993 3337 nam
2024 3280 2274 3352 gratiam
2307 3282 2589 3346 revocato,
2623 3295 2756 3333 cum
2785 3277 2910 3350 ipse
2957 3278 3170 3334 virtute
3224 3282 3281 3334 et
3323 3278 3504 3351 copiis

112 3363 1013 3431 essesententiam,utGalliarum
1036 3365 1555 3438 principes,regem
1567 3384 1744 3422 suum

111 3454 357 3526 persequi
379 3458 652 3528 parcant,
676 3457 731 3508 et
760 3453 1001 3527 insuper
1032 3453 1202 3515 illum
1234 3454 1542 3527 magniﬁce
1571 3455 1745 3513 attol-

114 3539 236 3607 lant.
264 3543 430 3606 Quod
464 3542 579 3598 nisi
609 3543 767 3597 intra
797 3543 1206 3614 praescriptum
1258 3543 1413 3598 diem
1461 3544 1742 3611 ofﬁciant,

113 3627 350 3685 horribili
381 3630 762 3705 anathemate
781 3630 961 3701 hujus
982 3630 1252 3687 factionis
1275 3636 1542 3687 auctores
1564 3648 1629 3687 ac
1655 3649 1747 3687 co-

115 3723 423 3791 operatores
443 3719 566 3775 sive
588 3719 844 3774 fautores
863 3718 1208 3791 gravissime
1228 3736 1357 3776 esse
1388 3720 1743 3776 multandos.

118 3806 165 3861 Si
186 3824 306 3864 vero
322 3807 662 3881 apostolica;
673 3807 930 3879 jussioni
950 3812 1251 3881 gratanter
1274 3809 1749 3882 obmdiant,lega—

120 3897 197 3950 tos
212 3896 457 3952 Romam
478 3895 760 3969 dirigant,
791 3896 891 3968 qui
913 3913 1084 3952 suam
1120 3896 1581 3953 benevolentiam
1611 3914 1750 3970 erga

120 3999 289 4056 regem
317 4002 501 4041 suum
534 4001 698 4057 papae
730 3984 998 4040 referant.
1032 3986 1103 4041 Et
1133 4001 1238 4041 nec
1266 3986 1352 4042 sic
1401 3985 1637 4057 quidem
1679 3986 1748 4041 ti-

120 4074 297 4131 rannis
324 4075 652 4147 quicquam
674 4090 1023 4144 persuasum
1051 4075 1213 4130 est.A
1232 4074 1450 4146 quibus
1472 4090 1607 4131 cum
1631 4075 1749 4148 regi

123 4158 460 4219 incessanter
514 4166 875 4234 quaereretur
929 4162 1118 4231 ruina,
1150 4162 1211 4218 in
1260 4162 1616 4220 contrarium
1657 4181 1750 4220 res

124 4264 300 4306 eorum
327 4256 455 4308 tota
485 4249 719 4323 relapsa
750 4256 857 4307 est.

179 4341 260 4395 28.
288 4345 405 4397 Rea:
440 4356 545 4411 per
592 4340 877 4416 Rptgerum
915 4342 1165 4397 comitem
1216 4342 1534 4398 Wilelmum
1563 4341 1753 4398 ducem

122 4426 215 4481 sibi
236 4430 517 4487 conciliat.
550 4459 608 4470 -
628 4428 856 4483 Etenim
881 4445 979 4484 rex
1003 4429 1292 4485 bonorum
1323 4447 1467 4485 usus
1485 4431 1749 4497 consilio,

124 4512 436 4587 Botgarium
464 4515 657 4572 virum
688 4515 911 4572 clarum
940 4517 1215 4575 Wilelmo
1237 4522 1573 4591 pyratarum
1597 4520 1753 4592 prin-

1854 3369 2243 3437 antecelleret,
2278 3366 2373 3423 alii
2407 3371 2832 3438 consequenter
2860 3367 3081 3423 reducti
3114 3372 3272 3423 sunt.
3298 3366 3505 3422 Omni-

1856 3460 1965 3514 bus
1996 3458 2196 3529 itaque
2215 3459 2286 3512 ad
2320 3473 2515 3528 regem
2541 3456 2874 3523 reversis,in
2902 3457 3040 3512 fisco
3062 3456 3219 3528 regio
3241 3456 3505 3511 Atiniaco

1855 3545 2221 3619 principibus
2247 3545 2320 3599 ab
2353 3559 2484 3615 rege
2516 3547 2649 3615 post
2696 3543 2822 3598 dies
2864 3542 3105 3615 triginta
3145 3543 3503 3615 colloquium

1855 3634 2191 3690 habendum
2223 3631 2521 3687 indicitur.
2556 3632 2626 3686 Et
2655 3631 2747 3686 die
2778 3631 3102 3686 constituta
3131 3648 3229 3686 rex
3259 3630 3338 3686 ibi
3370 3648 3505 3686 cum

1856 3721 2287 3795 provinciarum
2336 3720 2697 3792 principibus
2748 3718 2934 3786 all‘uit,
2963 3721 3199 3791 Ilugone
3239 3718 3508 3775 videlicet

1857 3813 2239 3883 cognomento
2269 3809 2499 3882 Magno,
2529 3808 2769 3863 Arnulfo
2819 3808 3203 3875 Morinorum,
3236 3807 3507 3863 Wilelmo

1858 3898 2180 3971 piratarum
2214 3897 2557 3965 ducibus,ac
2589 3896 2890 3952 Heriberto
2920 3895 3305 3952 tiranno.Nec
3325 3896 3511 3952 defuit

1858 3986 2120 4043 Saxoniae
2150 4001 2247 4040 rex
2278 3984 2429 4040 Otto.
2461 3983 2786 4039 Ludovicus
2834 4000 2932 4039 rex
2977 4000 3110 4039 cum
3161 3984 3220 4039 in
3251 3982 3509 4040 conclavi

1858 4092 1986 4133 sese
2014 4091 2148 4130 cum
2175 4074 2383 4130 Ottone
2408 4088 2548 4147 rege
2566 4073 2634 4107 ³³⁸
2658 4089 2724 4127 ac
2757 4071 3121 4145 principibus
3172 4072 3507 4145 recepisset,

1859 4163 2103 4221 consilio
2135 4164 2421 4218 incertum
2448 4179 2522 4217 an
2555 4161 2817 4228 fortuitu,
2850 4160 3014 4217 solus
3041 4160 3353 4219 Wilelmus
3393 4162 3513 4217 dux

1861 4252 2158 4310 admissus
2190 4268 2305 4307 non
2327 4254 2436 4306 est.
2470 4248 2712 4306 Diucius
2739 4267 2878 4322 ergo
2920 4250 3117 4306 altoris
3145 4253 3510 4322 exspectans,

1860 4358 1995 4399 cum
2029 4357 2143 4397 non
2175 4343 2499 4405 vocaretur,
2532 4355 2655 4393 rem
2686 4338 2883 4394 animo
2914 4338 3060 4393 irato
3092 4339 3331 4395 ferebat.
3359 4340 3511 4394 Tan-

1861 4431 1994 4487 dem
2025 4429 2084 4485 in
2117 4429 2263 4484 iram
2292 4445 2498 4483 versus
2519 4430 2718 4498 utpote
2739 4443 2919 4482 manu
2941 4430 2997 4481 et
3016 4425 3253 4481 audatia
3270 4426 3512 4494 nimius,

1862 4520 2086 4577 foribus
2116 4517 2335 4573 clausis
2364 4516 2482 4572 vim
2514 4515 2733 4583 intulit,
2760 4532 2827 4570 ac
2856 4518 3176 4570 retrorsum
3197 4515 3511 4570 vibrabun-

126 4602 217 4675 cipi
245 4623 344 4678 pro
375 4624 441 4663 se
470 4605 1066 4696 locuturumdirexit.
1102 4607 1209 4673 Qui
1258 4609 1411 4681 apud
1461 4625 1597 4664 eum
1650 4626 1753 4681 pro
1785 4632 1833 4696 Β
1863 4611 1974 4665 dus
1996 4609 2065 4696 ’3?
2093 4605 2749 4696 adegit.1ngressusque
2772 4602 2989 4696 lectum
3023 4603 3514 4696 conspicatur-ge-

127 4706 237 4763 rege
264 4696 483 4767 optime
532 4695 775 4752 functus
821 4694 1132 4768 legatione,
1167 4696 1247 4751 ibi
1274 4698 1446 4753 rebus
1477 4697 1755 4754 humanis
1785 4690 1824 4696 —
1863 4695 2171 4755 statorium
2192 4695 2278 4749 '90.
2296 4698 2359 4748 In
2391 4709 2507 4765 quo
2535 4690 2712 4749 etiam
2761 4707 2797 4747 a
2844 4695 3009 4763 parte
3055 4691 3353 4749 cervicalia
3384 4693 3514 4749 Otto

127 4783 363 4839 excessit.
389 4786 544 4839 Ante
592 4788 793 4839 tamen
840 4783 1090 4857 principi
1135 4801 1323 4858 usque
1372 4786 1444 4841 ad
1485 4786 1754 4843 effectum

130 4870 307 4927 suasit.
320 4872 468 4929 Nam
487 4889 606 4927 non
631 4871 818 4929 multo
840 4876 972 4946 post
991 4889 1234 4929 suorum
1255 4872 1540 4946 legatione
1562 4891 1755 4947 regem

133 4954 353 5016 ﬁdeliter
382 4961 652 5029 accersit,
666 4966 1091 5034 exceptumque
1122 4962 1389 5029 Rodomi,
1420 4961 1757 5035 ingentibus

1864 4786 2123 4853 editiore,
2141 4800 2239 4840 rex
2264 4799 2400 4839 vero
2420 4780 2480 4836 in
2502 4784 2667 4852 parte
2695 4784 2953 4837 extrema
2992 4780 3274 4838 humilior
3304 4781 3515 4838 reside-

1865 4875 1984 4931 bat.
2020 4874 2084 4929 In
2110 4888 2362 4945 quorum
2383 4873 2693 4943 prospectu
2715 4869 2881 4943 Hugo
2908 4873 2966 4926 et
2982 4870 3265 4928 Mnulfus
3284 4872 3515 4927 duabus

1867 4962 2187 5019 residentes
2236 4959 2418 5027 sellis,
2472 4957 2703 5015 consilii
2757 4958 3022 5015 ordinem
3079 4961 3512 5033 exspectabant.

1459 5149 1701 5205 VARI/E
1740 5148 2156 5206 LECTIONES.

192 5288 252 5324 ’⁸ο
277 5289 478 5364 collige
506 5291 635 5364 eod.
713 5289 1124 5364 “Atﬁemorum
1157 5292 1208 5364 1.

140 5372 186 5408 n.
212 5375 256 5413 e.
284 5360 522 5418 haberet
555 5363 607 5417 1.
749 5361 818 5397 ³⁸⁸
846 5360 1276 5418 humanissime
1308 5364 1358 5418 1.

139 5425 195 5461 ³³⁸
220 5445 269 5502 g.
299 5431 707 5504 pulvinaribus
739 5449 806 5489 ac
835 5432 1044 5489 ceteris
1074 5436 1326 5489 stratum
1360 5435 1410 5489 1.

1319 5293 1386 5327 ³⁸⁸
1412 5308 1728 5398 regporum
1760 5292 1812 5347 1.
1888 5293 1957 5327 ⁸⁸³
1986 5289 2205 5346 utiliter
2238 5290 2287 5344 1.
2366 5289 2434 5322 ²⁸⁴

1319 5364 1328 5398 Ι
1544 5364 1563 5397 τ
1594 5362 1821 5398 Una-nni
1855 5367 1906 5398 οι
1938 5361 2236 5398 Uos-Huaan
2259 5361 2434 5398 nlneen

1544 5364 1563 5397 τ
1594 5362 1824 5435 Hugoni
1855 5367 1911 5419 et
1938 5361 2236 5418 Heriberto
2257 5361 2456 5432 glossa.

2465 5305 2522 5361 q,
2557 5288 2687 5345 labe
2717 5288 3051 5346 afﬁciantur
3078 5290 3130 5361 4.
3166 5359 3180 5361 ᾼ
3207 5288 3345 5361 “5s.
3379 5304 3514 5361 cum

2598 5361 2664 5395 ²⁸⁸
2688 5376 2822 5416 cum
2852 5360 2901 5415 l.
3058 5357 3128 5395 ³⁸⁸
3156 5357 3412 5415 fervidus
3461 5358 3513 5413 1.

1704 5567 1935 5623 NOT/E.

199 5669 299 5743 (90)
328 5672 621 5747 Stephano
651 5672 803 5730 VIII.
