3838 6238
301 352 379 417 83
1005 374 1016 384 ·
1402 345 1724 408 RIGHERI
1765 344 1830 406 S.
1875 338 2179 404 RBMIGII
2226 333 2601 401 MONACHI.
3674 318 3742 389 61

304 490 612 548 Wilelmus
644 486 796 561 regis
826 484 1100 557 injuriam
1135 501 1248 537 non
1283 499 1491 554 passus
1524 498 1536 536 :
1573 505 1599 530 «
1624 482 1705 534 An
1757 476 1946 551 inquit
1976 478 2025 542 Α
2058 474 2361 529 advenisse
2389 471 2771 543 contingeret.
2806 468 3212 542 Cumquejam
3274 464 3613 537 navigaret
3653 480 3743 535 per

301 582 400 638 his
425 581 707 636 interesse
737 593 852 632 non
879 574 1090 630 debui?
1113 572 1510 627 Desertorisne
1532 571 1810 625 dedecore
1835 569 1945 624 ali-

302 671 538 745 quando
556 666 754 724 sordui
768 665 796 720 ?
812 688 837 713 n
861 664 1255 734 Fervidusque
1266 661 1668 733 propinquans
1689 675 1699 713 :
1718 683 1743 707 ‹‹
1762 660 1838 714 Su
1851 673 1946 729 rge

301 760 499 833 inquit
555 747 863 830 paululum
923 752 1105 808 rex!»
1138 753 1258 817 Quo
1319 767 1449 806 mox
1495 752 1790 820 surgente,
1823 747 1945 818 ipse

304 849 539 906 resedit.
571 846 838 916 Dixitque
871 843 1144 898 indecens
1186 855 1314 895 esse
1345 855 1535 910 regem
1588 836 1941 891 inferiorem.

302 938 483 994 alium
503 953 636 992 vero
659 932 977 1006 quemlibet
1000 930 1356 1001 superiorem
1375 927 1945 997 videri.Quapr0pter

301 1033 564 1100 oportere
581 1024 847 1079 Ottonem
883 1021 1015 1074 inde
1037 1017 1529 1088 amoliri,regique
1562 1015 1782 1070 cedere.
1809 1014 1942 1068 Otto

301 1116 520 1189 pudore
551 1113 790 1168 affectus
822 1108 1111 1179 surgit,ac
1146 1106 1260 1177 regi
1285 1105 1452 1158 cedit.
1483 1105 1602 1158 Rex
1622 1103 1820 1174 itaque
1851 1119 1944 1157 su-

300 1203 512 1275 perior,
535 1205 592 1253 at
621 1196 924 1254 Wilelmus
957 1193 1192 1248 inferior
1220 1193 1628 1247 consederunt.

368 1290 455 1344 3|.
491 1290 612 1344 Otto
643 1286 910 1356 injuriam
938 1285 1038 1338 sub
1065 1284 1238 1353 specie
1287 1281 1414 1350 ﬁdei
1465 1281 1730 1336 habendw
1775 1281 1938 1335 dissi-

295 1379 488 1445 mulat,
519 1378 742 1446 ejusque
768 1375 1094 1444 conquestio.
1129 1402 1197 1410 ο-
1227 1371 1358 1426 Otto
1392 1369 1623 1441 penitus
1662 1369 1939 1442 injuriam

295 1465 696 1531 dissimulnns,
733 1463 938 1518 baculo
970 1461 1205 1515 innixus
1245 1464 1429 1530 empto
1480 1458 1710 1532 negotio
1766 1460 1938 1514 linem

294 1557 431 1610 dare
457 1553 665 1608 stando
699 1549 1021 1621 satagebat.
1054 1550 1130 1602 Ac
1163 1545 1486 1601 rationibus
1517 1544 1937 1611 determinatis,

294 1659 392 1699 rex
422 1658 553 1697 cum
585 1637 1020 1695 consultoribus
1051 1651 1300 1707 surgens
1329 1634 1642 1706 egreditur.
1677 1635 1808 1688 Otto
1852 1633 1938 1687 in-

287 1731 509 1804 juriam
540 1731 602 1764 ²⁹¹
637 1726 914 1784 Willelmi
963 1723 1474 1779 vehementissime
1532 1722 1939 1790 dissimulans,

2055 562 2316 636 pelagus,
2335 578 2435 632 per
2465 562 2800 632 conjuratos
2827 559 3011 614 multo
3037 558 3302 614 clamore
3340 560 3740 618 revocaretur,

2055 653 2171 708 acsi
2197 649 2417 722 aliquid
2441 650 2800 722 praecipuum
2824 647 3111 704 oblivione
3129 644 3635 720 prsitermissum
3658 659 3744 697 au-

2052 739 2602 796 diturus.Navicula
2622 755 2758 811 ergo
2781 739 3057 792 advectus
3089 753 3223 791 cum
3259 731 3666 808 paueis,aliis
3690 732 3738 786 in

2052 829 2255 902 pelago
2287 827 2783 900 exspectantibus,
2818 825 3104 898 eenjurati
3128 824 3360 898 gladiis
3388 821 3639 878 eductis
3666 821 3744 874 in-

2052 923 2288 974 cautum
2317 917 2701 972 adorirentur.
2723 915 2782 971 Si
2805 933 2936 971 vero
2959 919 3228 987 equester
3243 913 3608 976 adveniret,
3626 915 3743 982 post

2051 1007 2276 1064 consilii
2311 1008 2486 1061 finem
2530 1005 2770 1060 Arnull‘o
2801 1005 3086 1077 digresso,
3117 1003 3348 1074 illoque
3407 1001 3741 1065 recedente,

2051 1097 2341 1168 conjurati
2376 1095 2690 1150 identidem
2715 1111 2848 1149 eum
2882 1095 3561 1165 repeterent,magnum
3588 1089 3743 1161 quid-

2052 1187 2184 1241 dam
2205 1201 2330 1240 sese
2348 1185 2551 1239 aiferre
2577 1181 3317 1252 simulantes,quibusdam
3348 1180 3555 1234 etiam
3584 1176 3742 1232 seriis

2051 1275 2302 1330 accitum
2335 1273 2684 1340 detinerent,
2707 1272 2886 1326 donec
2920 1270 3151 1326 cunctis
3182 1268 3630 1341 praeeuntibus
3661 1285 3741 1320 cx-

2049 1370 2273 1419 trcmus
2309 1367 2624 1417 retrorsum
2677 1361 2987 1414 incederet.
3022 1361 3201 1425 Quem
3253 1356 3480 1412 adorsi
3535 1355 3742 1430 gladiis

2051 1471 2166 1509 non
2199 1453 2394 1507 minus
2426 1446 3468 1519 transverberarent.Insurgentium
3497 1461 3638 1499 vero
3670 1444 3740 1516 pi-

2050 1546 2308 1598 ratarum
2339 1539 2455 1595 vim
2482 1539 2810 1604 evaderent,
2830 1537 2876 1592 si
2909 1537 3078 1609 equis
3107 1535 3427 1592 velocibus
3483 1533 3644 1606 rapti
3675 1533 3739 1586 ad

2051 1630 2354 1686 dominum
2409 1645 2542 1682 cum
2603 1625 2788 1698 copiis
2847 1621 3280 1698 praestolantem
3350 1623 3737 1693 transfugere

2047 1718 2450 1790 tempestivius
2482 1715 2890 1774 accclerarent.
2927 1714 3147 1768 Piratas
3175 1713 3364 1768 etiam
3406 1717 3565 1767 tunc
3600 1709 3733 1764 nihil

293 1821 445 1893 apud
480 1835 612 1874 eum
647 1819 717 1872 de
745 1815 874 1871 fidei
909 1813 1237 1869 constantia
1285 1813 1437 1867 inter
1483 1829 1609 1868 sese
1657 1813 1940 1867 servanda
1969 1849 2017 1913 B
2050 1809 2206 1864 aliud
2241 1824 2417 1878 quam
2458 1810 2558 1860 aut
2603 1806 2803 1876 fugam
2851 1803 3297 1868 acceleraturos,
3335 1806 3456 1857 aut
3512 1797 3734 1855 domini

331 1909 344 1913 -
430 1909 440 1913 _
831 1904 864 1913 ,Α
920 1909 927 1913 .
985 1903 1028 1913 -.
1094 1903 1108 1913 .
1234 1906 1241 1913 .
1520 1907 1529 1913 .
1693 1902 1715 1913 ..
1785 1903 1794 1913 .
2271 1897 2280 1906 .
2421 1912 2424 1913 ν
2485 1911 2534 1913 ,_
2590 1899 2816 1913 “.4”-
2894 1893 3098 1913 mu---
3161 1892 3387 1913 ρηιημ
3461 1893 3617 1913 η--.
3675 1891 3730 1913 ..ι

293 1909 612 1982 plurimum
644 1904 956 1961 consultat.
985 1903 1146 1958 Unde
1195 1906 1252 1958 et
1296 1907 1641 1974 conceptum
1689 1902 1934 1968 facinus,

289 1998 467 2055 variis
493 1998 800 2052 verborum
822 1993 1117 2050 coloribus
1147 1991 1393 2048 obvelat.
1422 1991 1644 2057 Quibus
1666 1992 1936 2064 peractis,

292 2097 390 2142 rex
445 2101 575 2140 cum
626 2082 895 2140 Wilelmo
945 2081 1017 2136 ad
1069 2097 1176 2136 sua
1209 2083 1446 2146 remeat,
1480 2080 1609 2135 Otto
1639 2097 1770 2152 vero
1804 2097 1937 2134 cum

293 2177 618 2247 llugone-et
638 2170 879 2227 Arnulfo
910 2168 1222 2225 consilium
1253 2169 1576 2235 conferens,
1609 2169 1679 2224 de
1723 2169 1940 2240 injuria

290 2264 544 2336 irrogata
573 2262 728 2333 apud
775 2259 908 2314 illos
955 2257 1209 2329 amplius
1255 2258 1750 2328 conquerebatur;
1785 2257 1939 2311 ultra

291 2369 525 2426 equum
557 2356 614 2406 et
635 2351 736 2421 jus
767 2365 893 2404 sese
943 2353 1203 2418 spretum
1257 2363 1610 2410 memorans,
1646 2363 1712 2401 ac
1742 2363 1936 2402 coram

291 2441 497 2498 amicis
528 2457 564 2496 a
608 2439 846 2494 sedibus
895 2440 1179 2492 amotum.
1212 2436 1446 2490 Amicos
1499 2452 1635 2508 ergo
1685 2437 1935 2508 compati

291 2523 574 2592 oportere,
609 2522 667 2573 et
695 2516 868 2572 amici
907 2515 1182 2584 injuriam
1215 2533 1383 2571 suam
1417 2517 1624 2572 debere
1645 2516 1934 2571 arbitrari.

289 2610 374 2665 Ab
407 2607 492 2663 eis
521 2623 754 2678 quoque
785 2607 1006 2661 tantam
1040 2604 1412 2660 insolentiam
1443 2621 1817 2676 summopere
1847 2621 1936 2660 re-

290 2696 624 2772 pellendam
655 2695 864 2760 aiebat,
889 2711 1024 2750 cum
1056 2709 1124 2750 ea
1153 2694 1379 2750 facilius
1410 2695 1482 2750 ad
1509 2711 1610 2750 eos
1641 2694 1937 2766 pervenire

288 2785 496 2842 valeat.
531 2784 676 2842 Nam
705 2783 806 2855 qui
837 2782 946 2839 sibi
979 2783 1096 2854 regi
1131 2799 1244 2838 non
1273 2781 1542 2851 indulsit,
1578 2783 1776 2837 minus
1817 2781 1934 2837 illis

290 2874 686 2931 indulturum.
720 2876 852 2939 Quae
885 2871 1090 2940 oratio,
1125 2871 1442 2944 plurimam
1474 2871 1753 2928 invidiam
1776 2888 1938 2943 para-

286 2966 386 3033 vit,
420 2981 485 3020 ac
514 2961 734 3019 amicos
763 2962 822 3017 in
854 2961 1055 3017 odium
1091 2959 1345 3016 Wilelmi
1388 2961 1669 3027 incitavit,
1703 2978 1836 3016 cum
1879 2965 1937 3016 et

289 3054 399 3126 ipsi
431 3051 697 3125 quamvis
727 3049 975 3106 latenter
1002 3049 1052 3105 ei
1086 3049 1404 3105 admodum
1435 3049 1775 3105 inviderent.
1805 3050 1936 3105 Otto

294 3159 393 3198 rex
414 3143 485 3198 ad
517 3156 626 3196 sua
646 3139 836 3196 rediit.

2049 1897 2354 1969 exsequias
2403 1899 2839 1967 procuraturos.
2894 1893 3101 1964 Sicque
3161 1892 3394 1946 factum
3455 1893 3642 1954 esset,
3675 1891 3731 1940 ut

2049 1985 2289 2040 Arnulfo
2334 1984 2638 2056 ignorante
2681 2000 2746 2037 eo
2797 1983 2954 2054 quod
3003 1982 3217 2036 absens
3263 1985 3462 2047 esset,
3499 1983 3728 2033 tantum

2050 2076 2278 2129 facinus
2312 2078 2604 2145 patratum
2630 2071 2941 2126 videretur.

2117 2166 2206 2220 33.
2237 2163 2406 2232 (943.)
2446 2161 2684 2217 Wilelmi
2711 2161 2866 2215 ducis
2896 2161 3221 2231 interfectio.
3247 2190 3316 2198 —
3353 2157 3577 2230 Legati
3628 2155 3727 2209 ita-

2049 2270 2162 2324 que
2192 2251 2415 2319 directi,
2438 2249 2795 2321 colloquium
2828 2253 3036 2320 petunt
3065 2252 3121 2304 et
3145 2247 3724 2318 obtinent.Tempus

2048 2345 2180 2414 post
2213 2339 2335 2394 dies
2367 2341 2436 2393 30
2466 2340 2656 2393 datur.
2691 2339 2878 2393 Locus
2909 2353 3140 2410 quoque
3170 2336 3230 2391 in
3263 2353 3427 2409 pago
3486 2334 3721 2390 Ambia-

2049 2431 2216 2487 nensi
2240 2446 2410 2485 secus
2432 2428 2675 2483 fluvium
2696 2425 3132 2494 Summam,ubi
3156 2431 3244 2482 est
3264 2425 3481 2481 insula
3499 2421 3718 2480 Pinchi-

2049 2537 2156 2576 nea
2185 2518 2541 2574 conceditur.
2566 2517 2925 2589 Negotioque
2942 2521 3195 2588 peracto,
3220 2514 3404 2587 legati
3446 2514 3712 2569 redeunt.

2047 2611 2332 2680 Tempore
2357 2622 2492 2679 ergo
2523 2603 3158 2670 constituto,Arnulfus
3193 2608 3372 2670 terra,
3402 2601 3716 2660 VVilelmus

2046 2715 2198 2770 aqua
2231 2697 2289 2751 in
2311 2695 2504 2752 locum
2535 2694 2889 2750 destinatum
2915 2693 3288 2750 conveniunt.
3315 2694 3400 2748 Ac
3431 2693 3509 2749 de
3529 2687 3718 2746 amici-

2047 2788 2136 2844 cia
2162 2785 2438 2851 multum,
2473 2784 2798 2857 plurimum
2830 2784 2900 2839 de
2943 2783 3056 2838 fide
3088 2782 3391 2853 utrimque
3427 2777 3714 2837 servanda

2045 2874 2316 2932 collocuti
2349 2878 2505 2942 sunt,
2538 2877 2713 2945 atque
2746 2876 2878 2945 post
2910 2869 3224 2927 nonnullos
3254 2885 3579 2926 sermones
3601 2885 3633 2922 a
3661 2881 3716 2920 se

2046 2962 2538 3021 soluti.Arnulfus
2562 2961 2818 3018 reditum
2850 2961 3137 3017 simulans
3170 2954 3711 3032 aliqua’ntisperdi-

2045 3054 2325 3127 greditur.
2354 3051 2662 3107 Wilelmus
2683 3067 2815 3106 vero
2846 3051 2917 3106 ad
2951 3049 3201 3105 classem
3233 3049 3432 3105 rediit.
3469 3044 3710 3104 Navicu-

2045 3143 2274 3215 Iamque
2295 3141 2597 3214 ingressus
2619 3142 2759 3196 dum
2785 3156 2886 3212 per
2901 3138 3143 3212 pelagus
3166 3137 3498 3211 navigaret,
3525 3153 3561 3191 a
3578 3148 3706 3190 con-

325 3246 336 3258 '
359 3233 448 3299 32,
485 3230 820 3286 Detiberatio
848 3229 1089 3298 [lagonis
1110 3236 1162 3283 et
1191 3229 1405 3298 Amulﬁ
1433 3227 1498 3284 de
1534 3236 1703 3284 morte
1739 3229 1932 3284 Wilel-
1965 3215 2007 3283 C
2025 3232 2255 3305 ‘juratis
2278 3230 2464 3286 multo
2487 3229 2732 3302 strepitu
2755 3230 2824 3264 ²⁹²
2853 3228 3224 3295 inclamatus,
3247 3239 3494 3299 proram
3519 3225 3709 3281 obver-

289 3322 387 3376 mi.
422 3350 488 3360 —
518 3319 684 3389 Hugo
715 3321 772 3373 et
799 3317 1081 3372 Arnulfus
1111 3317 1252 3388 quid
1287 3316 1495 3372 facturi
1546 3317 1812 3373 Wilelmo
1850 3335 1936 3374 es-

291 3412 424 3466 sent
452 3405 942 3462 deliberabant.Si
977 3422 1110 3461 eum
1142 3404 1336 3477 gladio
1361 3406 1628 3461 occidant
1649 3408 1719 3462 ad
1739 3408 1938 3462 omnia

291 3515 419 3554 sese
467 3495 590 3552 ﬁeri
641 3495 1024 3567 expeditiores
1073 3495 1326 3551 aiebant.
1381 3496 1595 3567 Regem
1647 3495 1822 3551 etiam
1865 3497 1934 3552 ad

291 3587 704 3661 quodcumque
731 3585 926 3640 volent
949 3585 1173 3640 facilius
1205 3585 1538 3652 inflexuros,
1572 3585 1620 3640 si
1661 3585 1712 3640 is
1743 3585 1934 3641 solum

291 3680 508 3749 pereat,
537 3691 649 3746 quo
684 3691 781 3729 rex
813 3674 995 3729 fretus
1027 3675 1098 3728 ad
1131 3690 1378 3745 quaeque
1408 3673 1560 3728 ﬂecti
1591 3678 1857 3746 nequeat.
1877 3674 1937 3730 Si

292 3769 487 3820 autem
520 3779 634 3817 non
665 3762 1294 3827 occidant,diseordias
1324 3766 1497 3833 atque
1523 3762 1653 3817 lites
1685 3763 1810 3818 sine
1833 3765 1938 3818 du-

293 3852 389 3909 bio
409 3853 886 3922 proventuras,ac
918 3850 1009 3903 his
1040 3849 1344 3905 occasione
1364 3850 1938 3918 emersa,multorum

295 3946 550 4012 stragem
583 3939 946 3993 futuram.At
968 3937 1175 3993 horum
1200 3942 1517 4009 utrumque
1549 3939 1938 4009 perniciosum

294 4029 769 4091 censebant,cum
800 4027 858 4080 in
881 4025 1166 4082 occisione
1189 4025 1490 4082 homicidii
1510 4031 1704 4083 rectus
1737 4029 1944 4083 redun-

295 4119 482 4185 daret,
513 4116 651 4171 etin
697 4115 1084 4171 reservatione
1111 4115 1359 4170 tirannis
1392 4116 1589 4171 futura
1617 4123 1938 4189 appareret.

296 4207 380 4263 De
406 4205 696 4261 occisione
739 4204 975 4259 tandem
1024 4205 1311 4276 persuasi,
1346 4209 1676 4277 patraturos
1717 4206 1943 4261 facinus

297 4294 776 4361 accersiunt,vim
809 4293 1026 4366 negotii
1059 4293 1624 4366 explicantes,atque
1645 4295 1703 4350 in
1734 4295 1943 4351 Wilel-

298 4399 462 4440 mum
493 4383 802 4454 conjurare
834 4382 1074 4438 faciunt.
1103 4383 1285 4455 Cujus
1317 4383 1734 4440 interfectionis
1765 4384 1944 4441 series

296 4491 432 4529 mox
461 4473 614 4546 apud
647 4473 987 4544 oonjuratos
1017 4471 1103 4528 ita
1132 4473 1484 4545 disponitur,
1523 4478 1587 4527 ut
1615 4474 1686 4528 ab
1711 4473 1945 4529 Arnulfo

295 4561 469 4633 legati
502 4559 895 4627 mitterentur,
910 4561 1012 4633 qui
1037 4579 1142 4633 pro
1171 4561 1461 4633 colloquio
1492 4561 1678 4617 multa
1700 4563 1946 4624 necessi-
1974 4585 2020 4649 D

296 4655 414 4706 tate
437 4649 504 4704 in
535 4651 797 4720 proximo
829 4649 1094 4705 habendo
1116 4651 1270 4722 apud
1288 4650 1622 4706 Wilelmum
1647 4651 1850 4706 idonee
1870 4651 1946 4706 le-

298 4736 531 4812 gatione
553 4737 953 4809 fungerentur.
979 4739 1057 4793 De
1077 4743 1338 4809 tempore
1361 4740 1946 4810 quaererent,quando

300 4825 412 4883 sibi
443 4825 871 4880 obveniendum
913 4827 1311 4881 foret.Locum
1337 4842 1468 4880 vero
1501 4842 1671 4881 secus
1703 4827 1945 4881 fluvium

299 4915 606 4971 Summam
640 4917 916 4986 peterent.
949 4917 1073 4979 Quo
1102 4915 1225 4986 ipse
1249 4932 1282 4969 a
1311 4919 1464 4969 terra
1494 4932 1602 4970 sua
1647 4916 1841 4987 egredi
1887 4919 1946 4971 et

299 5002 679 5060 collocuturis
702 5001 972 5057 obvenire
1004 5001 1485 5074 dignaretur.Qui
1518 5007 1827 5075 postquam
1851 5006 1948 5059 ad-

299 5091 603 5159 veniret,et
635 5092 706 5146 ab
740 5090 944 5146 amicis
967 5095 1240 5162 exceptus
1263 5095 1433 5158 esset,
1449 5093 1520 5147 de
1541 5092 1800 5147 amicitia
1819 5093 1945 5164 plu-

302 5181 811 5247 rimum,multum
844 5179 1018 5234 etiam
1051 5180 1122 5235 de
1146 5181 1256 5235 fide
1293 5183 1782 5253 proponerent.Et
1812 5183 1949 5254 quia

301 5274 442 5325 tunc
473 5269 596 5324 suis
629 5268 879 5340 stipatus
911 5267 1142 5339 pervadi
1177 5285 1291 5323 non
1325 5275 1538 5341 posset,
1575 5271 1723 5326 ictus
1754 5271 1946 5327 differ-

303 5359 724 5427 rentur,doncc
756 5356 950 5413 navim
982 5361 1286 5430 repeteret,
1321 5357 1369 5412 si
1396 5359 1542 5414 forte
1575 5359 1779 5433 navigo
1813 5377 1947 5416 eum

2045 3322 2132 3377 tit.
2150 3321 2581 3392 Remigansque
2603 3320 2674 3374 ad
2699 3317 3009 3390 litus,quid
3031 3316 3244 3372 vellent
3268 3315 3701 3374 sciscitaturus,

2047 3410 2214 3467 redit.
2231 3409 2319 3465 Illi
2345 3427 2477 3465 mox
2500 3409 2782 3481 quiddam
2806 3407 3266 3479 praeocissimum
3285 3423 3348 3461 se
3369 3405 3601 3462 deferre
3622 3417 3702 3456 as-

2047 3499 2430 3570 serunt,quod
2446 3515 2478 3553 a
2491 3497 2725 3554 domino
2744 3514 2849 3554 suo
2863 3495 3149 3552 oblivione
3163 3512 3227 3552 su
3238 3510 3558 3568 ppressum
3578 3489 3698 3545 fuit.

2047 3589 2174 3644 Dux
2204 3585 2467 3642 navicula
2497 3586 2653 3642 litori
2702 3584 2929 3657 apulsa,
2961 3583 3091 3640 illos
3141 3584 3374 3655 excipit,
3405 3601 3441 3638 a
3493 3578 3702 3653 quibus

2048 3676 2223 3732 etiam
2276 3692 2408 3730 mox
2458 3675 2672 3748 gladiis
2701 3672 2926 3728 eductis
2951 3673 3018 3707 ³³³
3046 3671 3428 3728 interimitur.
3468 3666 3704 3726 Duobus

2050 3781 2280 3837 quoque
2314 3764 2633 3836 puberibus
2665 3763 2765 3834 qui
2797 3777 2930 3816 cum
2964 3779 3028 3817 eo
3070 3762 3321 3816 inermes
3354 3761 3625 3820 aderant,
3655 3753 3704 3807 et

2052 3860 2229 3910 nauta
2261 3852 2559 3916 sauciatis,
2594 3869 2627 3907 a
2667 3850 2934 3906 navicula
2979 3848 3290 3906 facinerosi
3341 3847 3616 3910 exiliunt,
3647 3855 3708 3896 ac

2051 3949 2182 4017 post
2212 3943 2513 3998 conscium
2539 3940 2843 3996 dominum
2867 3941 2926 3995 in
2951 3941 3150 4012 fugam
3175 3939 3467 3994 feruntur.
3485 3933 3595 4001 Qui
3619 3947 3707 3985 au-

2051 4039 2169 4089 tem
2193 4033 2319 4102 jam
2352 4049 2452 4103 per
2480 4030 2722 4102 pelagus
2750 4029 3124 4102 navigabant,
3159 4027 3420 4083 conversi
3455 4025 3598 4081 litus
3630 4035 3705 4075 re-

2054 4121 2257 4176 lictum
2283 4123 2646 4191 repetunt,ac
2668 4117 2974 4173 dominum
2991 4117 3701 4188 interemptum,duosque

2053 4210 2301 4282 puberes
2333 4212 2389 4263 et
2421 4211 2660 4262 nautam
2693 4207 2985 4263 sauciatos
3012 4205 3698 4276 inveniunt.Sumptum—

2054 4315 2166 4371 que
2194 4296 2417 4352 domini
2449 4313 2660 4369 corpus
2681 4294 3045 4352 lamentabili
3077 4293 3356 4366 obsequio
3390 4291 3695 4366 sepulturae

2056 4388 2385 4460 deportant.
3312 4401 3321 4412 ι

2124 4478 2212 4530 34.
2246 4477 2358 4530 Rere
2385 4473 2508 4548 ﬁlio
2547 4475 2784 4530 Wilelmi
2815 4471 3082 4528 Richardo
3109 4480 3316 4528 terram
3357 4472 3540 4543 patris
3579 4479 3695 4522 con-

2055 4565 2216 4621 dedit.
2250 4597 2317 4604 —
2348 4565 2461 4620 Nec
2493 4563 2678 4619 multo
2711 4567 2841 4635 post
2863 4566 2920 4617 et
2949 4563 3077 4633 ejus
3100 4560 3286 4616 tilium
3309 4561 3379 4615 de
3403 4560 3697 4614 Brittanna

2052 4653 2399 4720 concubina,
2419 4651 2654 4707 nomine
2685 4650 3064 4716 Richardum,
3080 4650 3200 4722 regi
3235 4636 3695 4717 dedu~cunt,gesti

2054 4742 2270 4814 negotii
2321 4741 2583 4797 ordinem
2626 4741 2971 4813 pandentes.
3007 4740 3124 4795 Rex
3168 4736 3555 4794 adoleScentis
3592 4727 3694 4787 ele-

2055 4832 2312 4904 gantiam
2342 4832 2668 4897 advertens,
2685 4827 3000 4884 liberaliter
3019 4828 3260 4900 ‘excipit,
3286 4826 3638 4898 provinciam
3656 4833 3696 4871 ’ἃ

2055 4925 2217 4990 patre
2246 4919 2471 4989 pridem
2506 4931 2863 4990 possessam,
2887 4917 2937 4972 ei
2971 4915 3245 4988 largiens.
3282 4914 3538 4970 Potiores
3569 4922 3693 4980 quo-

2057 5024 2167 5079 que
2199 5007 2297 5078 qui
2331 5024 2464 5061 cum
2500 5005 2928 5062 adolescentulo
2960 5009 3466 5076 accesserant,per
3499 5010 3692 5058 manus

2056 5101 2114 5152 et
2136 5099 2568 5151 sacramentum
2602 5095 2754 5167 regis
2787 5096 2952 5149 fiunt.
2989 5093 3286 5164 Multaque
3318 5092 3473 5165 regis
3499 5091 3688 5147 libera-

2054 5184 2216 5240 litate
2241 5184 2569 5256 jocundati,
2605 5184 2882 5239 recedunt
2931 5183 3258 5239 Rodomum
3281 5183 3368 5236 ’9‘.
3414 5180 3528 5235 Alii
3573 5188 3689 5231 vero

2056 5274 2550 5329 Nortmannorum
2585 5271 2942 5328 Riebardum
2974 5273 3046 5327 ad
3080 5287 3274 5343 regem
3305 5271 3582 5328 transisse
3612 5264 3688 5319 in-

2057 5362 2388 5434 dignantes,
2423 5362 2496 5416 ad
2525 5362 2828 5433 Hugonem
2862 5362 3071 5418 ducem
3101 5359 3452 5416 concedunt.

1653 5512 1893 5568 VARI/i3
1933 5513 2238 5571 LEGTION
2244 5513 2350 5568 ES.

373 5628 436 5663 ²¹δ¹
470 5625 920 5684 benivolentiam
953 5627 1004 5682 l.
1118 5627 1184 5662 ²⁹²
1210 5625 1461 5684 clamore
1493 5629 1542 5682 1.
1593 5650 1600 5656 ·

1655 5628 1722 5664 ²⁹³
1753 5627 1973 5686 strictis
2002 5631 2055 5686 4.

2170 5629 2238 5664 ²⁹⁴
2267 5629 2583 5685 rodomunt
2611 5645 2656 5684 c.
