3838 6238
62 352 129 412 65
947 346 1489 413 HISTORIARUM
1531 345 1757 411 LIBRI.
1787 348 2189 423 QUATUUR.
2223 385 2298 396 —
2332 350 2476 412 LIB.
2524 350 2603 413 II.
3416 348 3495 415 68

127 484 208 537 35.
243 483 358 537 Rex
389 500 425 538 a
455 486 589 540 suis
624 482 922 539 Rodomum
950 484 1264 551 accersitur,
1289 499 1354 538 ac
1379 499 1502 537 cum
1531 484 1734 555 piratis
1761 483 1815 550 Α
1845 482 1916 537 de
1947 484 2317 555 quorundam
2359 483 2691 540 calamitate
2740 484 2927 541 multa
2971 486 3326 559 disponeret,
3361 502 3494 543 cum

64 573 294 628 dimicat.
327 604 400 613 ——
431 572 550 636 Qui
585 577 795 629 autem
830 571 978 645 regis
1025 576 1221 644 partes
1254 572 1591 639 tuebantur,
1627 588 1731 644 per

67 660 275 732 legatos
314 677 459 716 eum
512 660 897 726 accersitum,
928 660 1173 716 Rodomi
1222 661 1496 716 decenter
1541 660 1726 716 snsci-

61 750 235 822 piunt.
275 749 387 806 Ubi
451 766 595 805 cum
660 749 717 805 ei
776 749 1098 817 referretur,
1151 767 1345 822 regem
1404 749 1726 823 piratarum

64 838 274 893 Setrich
307 855 454 893 cum
487 837 688 894 classe
719 838 952 912 copiosa
982 837 1224 893 ﬂuvium
1266 838 1601 911 Sequanam
1635 839 1724 893 in-

61 942 419 1000 gressum,ac
443 928 582 999 ejus
613 928 826 983 ducem
857 927 1264 983 Thurmodum
1296 932 1726 999 consequenter

66 1014 358 1071 navalibus
392 1015 592 1087 capiis
624 1015 947 1080 advenisse,
982 1021 1049 1070 ut
1096 1016 1318 1088 absque
1369 1016 1523 1086 regis
1573 1017 1725 1071 dono

67 1104 245 1159 omnia
272 1104 633 1177 pervadunt,
666 1108 842 1176 atque
886 1104 1143 1161 defuncti
1196 1104 1363 1160 ducis
1411 1104 1599 1160 filium
1652 1105 1725 1161 ad

68 1192 452 1248 idololatriam
474 1192 1095 1265 suadeant,ritumque
1117 1192 1395 1267 gentilem
1418 1193 1723 1260 inducant,

69 1298 155 1336 rex
199 1281 406 1355 copias
460 1282 625 1338 unde
682 1281 1093 1354 congrediatur
1151 1280 1390 1355 colligit.
1424 1282 1726 1353 Deumque

66 1370 520 1441 propitiaturum
556 1368 1198 1445 conﬁsus,alienigenis
1229 1387 1362 1425 cum
1395 1372 1501 1426 800
1531 1388 1727 1426 occur-

67 1459 149 1513 rit.
180 1459 248 1514 Et
295 1459 445 1532 quia
500 1475 638 1514 cum
689 1459 894 1531 paucis
954 1464 1099 1526 erat,
1132 1460 1204 1514 ad
1238 1459 1438 1515 hostes
1488 1458 1722 1515 conclu-

64 1548 272 1603 dendos
313 1548 481 1604 acies
533 1547 595 1603 in
641 1547 871 1603 diversa
918 1548 1228 1621 disponere
1273 1548 1553 1619 nequivit.
1588 1548 1725 1603 Suis

64 1636 246 1709 itaque
276 1637 570 1712 stipatus,
603 1637 813 1693 erectis
854 1636 1040 1710 signis
1090 1654 1155 1692 ac
1202 1636 1445 1692 densato
1493 1637 1725 1710 agmine

63 1727 329 1796 procedit.
365 1726 642 1783 Gentiles
674 1742 907 1798 quoque
937 1726 1141 1781 ordine
1184 1725 1439 1799 pedestri
1488 1725 1725 1781 incede-

65 1815 213 1917 ban‘t.
246 1815 853 1893 Propinquantesque
901 1814 1090 1887 patrio
1131 1832 1294 1871 more
1310 1815 1384 1916 .in
1416 1814 1605 1887 primo
1638 1820 1724 1869 tu-
1756 1852 1801 1917 B

65 1902 241 1958 multa
304 1921 491 1959 enses
543 1903 795 1975 jaciunt.
838 1905 1097 1969 Quorum
1159 1903 1446 1960 densitate
1498 1904 1724 1975 equites

66 1990 282 2047 territos
313 2009 385 2047 ac
420 1992 727 2048 sauciatos
760 1992 891 2059 rati,
926 2008 1060 2048 cum
1106 1992 1310 2065 clipeis
1350 1997 1407 2048 et
1435 1992 1565 2048 telis
1597 2010 1724 2064 pro-

66 2085 354 2136 secantur.
382 2083 463 2136 At
487 2080 689 2154 regius
709 2081 1268 2153 equitatus,ensium
1292 2082 1447 2136 nube
1472 2080 1723 2153 dilapsa,

68 2167 377 2240 clipeorum
413 2168 752 2241 objectione
780 2168 893 2224 tuti
938 2170 999 2225 in
1049 2168 1273 2247 pedites
1326 2170 1611 2225 feruntur.
1645 2172 1725 2225 Ac

70 2256 280 2312 densati
305 2259 379 2294 ’⁸⁸
410 2258 578 2313 acies
611 2259 925 2313 sternendo
955 2262 1133 2330 atque
1166 2258 1554 2313 interimendo
1578 2259 1724 2313 indi-

70 2346 162 2399 visi
193 2352 517 2418 penetrant
549 2346 1069 2420 egrediunturque.
1098 2349 1440 2420 Rursusque
1472 2347 1723 2419 regressi

70 2439 385 2506 penetrant,
422 2453 494 2492 ac
528 2435 934 2508 disrumpunt.
969 2437 1185 2509 Regem
1220 2453 1452 2508 quoque
1498 2435 1721 2491 Setrich

72 2538 190 2577 cum
218 2524 505 2579 violentia
547 2522 685 2579 belli
736 2524 795 2578 in
845 2524 1045 2597 fugam
1089 2529 1337 2596 cogeret,
1370 2524 1430 2578 in
1481 2524 1722 2579 dumeto

72 2620 193 2666 mox
216 2612 718 2684 repertus,tribus
744 2612 960 2668 lanceis
984 2630 1017 2665 a
1038 2612 1376 2684 palantibus
1405 2613 1724 2668 transfixus

74 2706 170 2754 est.
191 2701 586 2757 Thurmodus
614 2718 748 2757 vero
779 2718 914 2757 cum
946 2701 1139 2757 adhuc
1162 2701 1220 2756 in
1246 2700 1563 2756 certamine
1588 2701 1723 2756 totis

75 2787 278 2844 viribus
311 2795 616 2863 ageretur,
635 2790 708 2844 ab
743 2789 1025 2844 Ludovico
1057 2789 1191 2862 equi
1224 2789 1563 2861 impetentis
1591 2806 1725 2863 pec-

77 2882 184 2933 tore
213 2884 303 2933 est
332 2878 820 2949 dejectus.0uem
842 2895 977 2934 cum
1002 2895 1099 2934 rex
1131 2878 1353 2950 impetu
1386 2879 1723 2950 prteteriret,

78 2983 169 3022 nec
196 2984 331 3023 eum
363 2968 791 3033 dinosceret,et
821 2967 892 3022 ab
922 2967 1196 3023 hostibus
1226 2966 1530 3039 impetitus
1561 2966 1619 3022 in
1650 2965 1729 3022 lo-

80 3071 136 3109 c0
181 3042 387 3125 staret,
432 3056 894 3128 comminusque
946 3055 1308 3130 conﬂigeret,
1350 3055 1728 3111 Thurmodus

81 3144 189 3199 suis
240 3146 530 3218 stipatus,
564 3160 760 3217 regem
793 3161 826 3200 a
855 3149 1016 3217 tergo
1064 3143 1303 3217 appetit,
1337 3144 1645 3217 factusque
1674 3145 1724 3201 ei

1836 571 1991 627 inter
2017 573 2106 641 υτ,
2151 590 2291 629 suos
2344 573 2404 628 in
2462 578 2621 630 veste
2679 574 2959 647 praeciosa
3021 577 3268 642 sederet,
3321 580 3496 649 atque

1837 661 1992 734 apud
2052 660 2186 717 illos
2242 665 2483 718 extensa
2535 679 2714 718 manu
2772 663 3490 736 concionaretur,majore

1836 749 2139 823 apoplexia
2166 751 2241 806 ob
2283 751 2745 823 superﬂuitatem
2799 752 3114 807 humerum
3166 755 3395 827 captus,
3424 752 3492 808 in

1836 836 1966 908 ipsa
1995 855 2192 893 rerum
2240 838 2607 894 ordinatione
2650 839 2987 895 constrictis
3038 839 3316 896 manibus
3365 857 3497 896 ner-

1835 925 2040 998 visque
2091 926 2427 992 contractis,
2462 944 2561 983 ore
2613 927 2789 983 etiam
2846 928 2906 983 in
2967 945 3169 983 aurem
3226 928 3496 996 distorto,

1836 1031 1969 1069 cum
2000 1013 2185 1071 multo
2230 1015 2470 1070 horrore
2523 1021 2580 1072 et
2624 1015 3070 1089 horripilatione
3120 1034 3316 1074 coram
3368 1010 3496 1074 suis

1835 1103 2204 1159 inconsultus
2252 1103 2581 1178 exspiravit.
2617 1105 3058 1179 Susceptusque
3092 1122 3126 1161 a
3155 1107 3301 1174 suis,
3337 1108 3493 1179 apud

1835 1196 2104 1247 sanctum
2137 1191 2482 1258 Quintinum
2517 1192 2785 1265 sepultus
2818 1199 2926 1250 est.
2952 1196 3076 1260 Quo
3104 1194 3495 1267 sepulto,ejus

1833 1281 1937 1336 ﬁlii
1972 1298 2105 1336 mox
2144 1297 2339 1355 regem
2391 1281 2693 1351 adeuntes,
2727 1283 2799 1338 ab
2848 1299 2915 1340 eo
2967 1284 3223 1356 benigne
3270 1285 3493 1358 excepti

1834 1372 1991 1425 sunt.
2029 1370 2213 1426 Patris
2243 1369 2594 1441 injuriarum
2625 1370 2769 1426 nihil
2818 1370 2930 1427 sibi
2979 1372 3293 1427 reducens.
3328 1373 3493 1430 Exci-

1834 1456 1994 1528 pitur
2025 1460 2080 1511 et
2129 1456 2293 1527 Hugo
2344 1456 2679 1530 cpiscopus,
2710 1475 2778 1513 ea
2810 1462 3005 1514 tamen
3040 1459 3395 1527 conditione,
3430 1466 3495 1517 ut

1833 1548 2096 1616 tempore
2125 1561 2381 1617 congruo
2413 1545 2746 1600 ratiocinari
2778 1563 2884 1620 pro
2917 1562 2978 1602 se
3009 1547 3080 1602 de
3110 1548 3492 1621 episcopatus

1834 1632 2143 1704 adeptione
2186 1650 2299 1688 non
2352 1632 2601 1703 differat.
2635 1634 2782 1690 Cum
2832 1635 3052 1707 quibus
3104 1653 3349 1709 quoque
3397 1653 3496 1692 rex

1832 1721 2187 1776 Ambianum
2220 1721 2521 1794 digressus
2545 1722 2766 1779 est.Ubi
2799 1740 2933 1780 cum
2951 1742 3066 1779 non
3100 1725 3227 1781 sine
3249 1742 3494 1781 suorum

1835 1809 2157 1881 potioribus
2189 1828 2431 1884 quasque
2461 1812 2753 1884 praecipua
2805 1812 3115 1887 disponere
3163 1813 3356 1883 vellet,
3392 1814 3490 1870 Er-

1834 1897 2062 1953 luinum
2096 1899 2340 1954 Rodomi
2377 1905 2704 1956 morantem
2737 1917 2841 1972 per
2868 1900 3125 1975 legatum
3151 1903 3419 1958 accersit.

1902 1989 1990 2042 38.
2027 1988 2344 2058 Congressio
2400 1989 2614 2059 Amutﬁ
2660 1997 2713 2045 et
2752 1990 2994 2045 Erluim'.
3030 2022 3099 2031 —
3131 1991 3293 2055 Quod
3354 2008 3492 2049 cum

1834 2076 2237 2132 malivolorum
2272 2076 2549 2133 relatione
2579 2077 2860 2134 Arnulfus
2911 2079 3320 2153 comperisset,
3354 2079 3494 2137 insi-

1832 2165 1960 2219 dias
1991 2166 2770 2239 prmtendit,obvenientique
2803 2182 2936 2239 rege
2958 2167 3264 2240 ignorante
3287 2168 3491 2224 cohor-

1833 2256 1949 2308 tem
1984 2253 2225 2309 inducit.
2258 2253 2420 2317 Quod
2454 2253 2732 2310 Erluinus
2764 2271 2895 2309 mox
2925 2256 3259 2325 dinoscens,
3295 2257 3489 2329 signis

1833 2341 2058 2397 collatis
2088 2341 2479 2414 congreditur.
2499 2343 2864 2415 Congressus
2898 2343 3195 2417 utrimque
3220 2362 3335 2401 non
3373 2362 3494 2401 mo-

1833 2432 2018 2486 dicus.
2052 2430 2329 2486 Arnulfus
2361 2430 2484 2486 suis
2536 2432 2706 2499 fusis,
2739 2432 3101 2505 profugiens,
3135 2433 3228 2488 vix
3277 2451 3483 2507 urgen-

1832 2524 1948 2575 tem
1980 2519 2179 2575 evasit.
2213 2519 2491 2576 Erluinus
2520 2520 2762 2576 victoria
2793 2522 3037 2594 potitus,
3070 2521 3215 2578 alios
3259 2527 3483 2595 enecat,

1833 2608 1979 2664 alios
2012 2609 2188 2680 capit,
2222 2608 2365 2664 alios
2392 2608 2451 2664 in
2486 2604 2683 2682 fugam
2716 2610 2889 2682 cogit.
2918 2615 2981 2665 In
3014 2627 3129 2683 quo
3160 2610 3336 2666 etiam
3369 2628 3488 2667 cer-

1832 2697 2071 2765 tamine,
2108 2698 2539 2753 interfectorem
2593 2697 2845 2754 Wilelmi
2896 2698 2996 2771 qui
3050 2716 3185 2755 cum
3241 2701 3491 2758 Arnulfo

1834 2786 1945 2841 sibi
1977 2786 2093 2841 vim
2123 2787 2190 2822 ³⁸⁸
2219 2785 2499 2843 intulerat
2530 2787 2769 2843 militari
2810 2788 3193 2844 insectatione
3225 2806 3493 2862 compre-

1834 2873 2057 2929 hendit.
2093 2875 2271 2946 Cujus
2303 2891 2514 2930 manus
2546 2876 3002 2943 obtruncans,in
3031 2860 3495 2933 ultionemami-

1836 2963 1888 3018 ci
1920 2963 2250 3027 Rodomum
2279 2963 2462 3019 misit.
2495 2969 2577 3019 Ac
2608 2981 2876 3020 cesorum
2909 2964 3124 3037 ereptis
3169 2966 3489 3038 manubiis,

1837 3052 1909 3108 ad
1945 3069 2138 3127 regem
2170 3052 2477 3109 concessit.

1907 3142 1996 3198 39.
2031 3144 2153 3208 Quo
2183 3146 2442 3215 tempore
2472 3142 2637 3216 Hugo
2668 3144 2786 3199 dux
2816 3143 2874 3198 in
2905 3159 3121 3217 magna
3152 3144 3341 3217 gratia
3369 3144 3490 3218 regi

81 3233 277 3303 dexter,
302 3217 411 3306 per
441 3234 641 3289 lorica:
674 3233 964 3290 manicam
997 3250 1143 3306 pene
1174 3250 1363 3308 usque
1396 3234 1467 3289 ad
1500 3233 1723 3289 sinistri
1755 3217 1797 3282 C
1836 3230 2227 3303 habitus,ejus
2261 3230 2441 3287 filiam
2473 3248 2541 3287 ex
2571 3246 2736 3288 sacro
2766 3231 2994 3288 lavacro
3023 3233 3305 3306 suscepit.
3329 3217 3491 3290 Unde

79 3320 259 3378 lateris
281 3322 741 3395 ypocundriam,
772 3322 976 3378 lancea
1007 3322 1253 3379 sauciat.
1278 3323 1395 3379 Rex
1426 3321 1614 3378 multa
1642 3340 1729 3379 ce-

83 3410 142 3465 de
169 3412 237 3467 ab
284 3428 352 3469 eo
400 3412 636 3484 impetu
694 3411 995 3484 paulisper
1050 3411 1331 3477 dimotus,
1365 3412 1725 3468 sauciantem

83 3500 315 3572 respicit.
352 3502 607 3573 lctuque
639 3500 697 3567 in
729 3502 994 3556 dextram
1025 3500 1726 3573 obliquato,provocantis

78 3596 232 3661 caput
260 3607 400 3647 eum
434 3591 688 3648 humero
721 3589 959 3647 sinistro
992 3590 1325 3646 obtruncat.
1358 3591 1550 3646 Tanta
1578 3606 1725 3661 quo-

78 3693 175 3747 que
193 3681 345 3736 caede
375 3678 636 3753 gentiles
667 3679 780 3736 fusi
812 3684 973 3748 sunt,
999 3684 1063 3735 ut
1091 3695 1290 3735 eorum
1325 3694 1530 3734 novem
1563 3678 1725 3735 milia

79 3766 134 3802 εκ
160 3784 287 3824 cesa
316 3769 399 3824 ibi
436 3769 818 3826 referrentur.
845 3769 1075 3841 Reliqui
1105 3768 1623 3841 vero,paucissimi
1645 3772 1726 3823 ta-

82 3871 214 3925 men,
246 3857 445 3914 navali
477 3857 752 3931 profugio
783 3859 961 3930 erepti
995 3862 1153 3923 sunt,
1188 3859 1309 3914 Rex
1341 3875 1375 3913 a
1408 3862 1519 3913 Deo
1550 3857 1723 3913 victo-

82 3942 155 3999 ria
175 3948 393 4017 potitus
426 3951 538 4013 est,
562 3960 806 4002 suorum
834 3950 1031 4002 tamen
1063 3946 1267 4019 paucis
1300 3945 1724 4011 fusis,nonnul-

83 4030 142 4086 lis
169 4051 295 4090 vero
327 4034 640 4091 sauciatis.
675 4034 811 4090 Post
858 4052 1109 4109 quorum
1151 4052 1352 4090 curam
1388 4035 1576 4091 redire
1606 4033 1723 4089 dis-

85 4136 304 4191 ponens,
338 4124 682 4179 Rodomum
713 4122 953 4179 Erluino
976 4123 1431 4196 commisit.Ipse
1445 4123 1724 4196 Compen-

84 4209 229 4265 dium
258 4213 519 4269 rediens.

142 4299 222 4354 36.
254 4302 514 4358 Artotdus
544 4301 985 4373 archiepiscopus
1016 4302 1264 4356 tirannos
1291 4299 1540 4367 dimittit,
1573 4308 1623 4355 et
1651 4299 1721 4354 ad

85 4404 240 4455 regem
289 4393 518 4446 transit.
553 4422 621 4430 —
651 4391 773 4454 Quo
832 4406 967 4444 eum
1028 4390 1331 4445 advenisse
1386 4388 1717 4456 dinoscens,

84 4477 337 4535 Artoldus
368 4479 476 4552 qui
509 4478 570 4534 in
602 4478 864 4534 coenobio
895 4479 1084 4534 sancti
1130 4477 1320 4534 Basoli
1370 4476 1720 4533 confessoris

86 4564 306 4624 ab‘urbe
334 4568 552 4641 pulsus
583 4567 1086 4635 morabatur,mox
1114 4566 1394 4640 quicquid
1427 4584 1459 4621 a
1488 4566 1720 4621 tiranno
1752 4586 1796 4651 Β

88 4653 179 4707 sibi
209 4656 477 4713 relictum
511 4660 637 4712 erat
668 4656 1046 4727 abjiciens,ad
1079 4672 1274 4728 regem
1297 4671 1424 4712 sese
1446 4654 1714 4722 contulit,

90 4742 310 4801 malleus
338 4746 497 4819 apud
528 4761 667 4800 eum
699 4762 874 4817 parvo
912 4749 1223 4800 contentus
1271 4744 1508 4810 morari,
1541 4759 1718 4816 quam

88 4828 430 4891 insociabilis
464 4834 685 4890 tiranni
717 4833 1017 4889 beneﬁciis
1048 4834 1314 4889 detineri.
1350 4834 1469 4889 Rex
1514 4836 1722 4888 metro-

92 4918 392 4988 politanum
435 4939 554 4996 quo
599 4923 728 4994 ipse
775 4939 875 4978 rex
924 4926 1301 4978 consecratus
1346 4922 1456 4977 fuit
1501 4921 1719 4992 injuste

93 5010 497 5083 praecipitatum
529 5010 837 5079 dolens,ne
863 5011 1092 5066 diﬁldat
1116 5011 1402 5082 hortatur,
1417 5026 1717 5066 summum

93 5100 459 5157 sacerdotium
490 5117 623 5157 sese
653 5099 704 5155 ei
739 5099 1104 5155 redditurum
1135 5098 1433 5170 pollicens.

149 5186 227 5244 37.
258 5190 513 5247 Intentus
542 5190 911 5245 Heriberti.—
942 5189 1044 5244 His
1073 5188 1155 5243 ita
1182 5205 1309 5244 sese
1339 5187 1716 5255 habentibus,

95 5286 206 5331 cum
232 5276 572 5335 Hel-ibertas
603 5294 850 5350 quaeque
878 5276 1200 5351 pernitiosa
1229 5279 1628 5349 pertractant,
1653 5292 1720 5331 ac

1835 3322 1893 3373 et
1920 3334 2056 3373 eum
2091 3336 2186 3374 rex
2200 3319 2543 3374 “omnium
2566 3318 2884 3375 Galliarum
2918 3321 3125 3375 ducem
3158 3321 3485 3378 constituit.

1835 3408 1958 3473 Quo
2006 3407 2152 3462 duce
2201 3424 2299 3462 rex
2344 3407 2673 3479 equitatum
2733 3424 2972 3481 parans,
3006 3425 3140 3464 cum
3191 3409 3485 3482 Gerberga

1835 3494 2036 3569 regina
2065 3494 2122 3549 in
2154 3494 2527 3567 Aquitaniam
2561 3495 2953 3567 proficiscitur
2979 3496 3152 3565 (944).
3178 3499 3256 3552 Ac
3278 3499 3485 3554 urbem

1835 3584 2199 3639 Nivernicam
2230 3582 2888 3649 deveniens,Gothorum
2919 3585 3128 3640 ducem
3160 3584 3486 3659 Ragemun-

1834 3673 1976 3728 dum
2008 3671 2553 3744 Aquitanorumque
2586 3671 2908 3744 praecipuos
2940 3671 3062 3728 illic
3093 3673 3293 3729 obvios
3322 3690 3507 3730 exce-.

1833 3761 2109 3834 pit.Apud
2140 3777 2288 3833 quos
2321 3760 2390 3815 de
2412 3760 2843 3832 provinciarum
2867 3778 3005 3817 cura
3029 3766 3485 3834 pertractans,ut

1831 3849 2065 3906 illorum
2096 3848 2294 3905 omnia
2323 3848 2416 3905 sui
2440 3848 2596 3921 juris
2638 3849 3001 3917 viderentur,
3033 3850 3105 3906 ab
3135 3849 3219 3907 eis
3250 3852 3484 3923 provin-

1831 3940 1950 3996 cias
1979 3938 2213 4011 recepit.
2243 3939 2357 3994 Nec
2388 3936 2620 3994 distulit
2659 3955 2860 3994 earum
2911 3939 3482 3996 administrationem

1831 4029 1916 4085 eis
1974 4028 2225 4084 credere.
2278 4026 2585 4082 Commisit
2636 4027 2832 4099 itaque
2881 4044 2946 4083 ac
2996 4045 3103 4084 suo
3152 4028 3305 4085 dono
3353 4028 3486 4085 illos

1830 4116 2147 4190 principari
2175 4114 2497 4184 constituit,
2534 4115 2694 4190 regia
2724 4115 3019 4173 hilaritate
3046 4117 3265 4174 hilares
3295 4119 3485 4174 redire

1830 4205 2211 4279 permittens;
2240 4221 2305 4260 ac
2338 4222 2472 4261 cum
2504 4205 2651 4260 duce
2682 4204 2798 4261 iter
2828 4204 2954 4278 ipse
3007 4205 3068 4261 in
3114 4204 3362 4263 Galliam
3394 4223 3483 4262 re-

1830 4300 2131 4368 torquens,
2163 4294 2425 4349 Lauduni
2460 4310 2588 4349 sese
2618 4292 2853 4365 recepit.

1900 4386 1988 4439 40.
2020 4383 2283 4454 Arnulfus
2311 4390 2362 4438 et
2391 4382 2659 4437 Erluinus
2691 4383 2836 4451 regis
2864 4384 3264 4439 suasionemin
3291 4384 3481 4439 amici-

1828 4476 1973 4529 ciam
1995 4470 2508 4528 redeuntm.—Ubi
2534 4486 2781 4525 suorum
2802 4470 3130 4543 praacipuos
3151 4474 3360 4542 praeter
3379 4471 3484 4526 du-

1828 4580 1953 4619 cem
1972 4559 2432 4633 colligens,apud
2451 4575 2549 4614 eos
2566 4558 2775 4632 agebat
2792 4558 3070 4630 quatinus
3092 4557 3197 4613 viri
3220 4556 3479 4616 illustres

1825 4649 2105 4708 Arnulfus
2135 4653 2307 4720 atque
2335 4646 2633 4715 Erluinus,
2668 4647 2953 4702 factarum
3000 4647 3353 4717 injuriarum
3398 4648 3482 4703 in-

1830 4755 2118 4795 memores
2150 4739 2446 4805 ﬁerent,ac
2472 4736 2531 4790 in
2559 4734 2945 4791 benivolentia
2975 4737 3317 4805 unirentur;
3353 4737 3480 4793 suis

1829 4829 2002 4885 rebus
2034 4826 2460 4900 prosperiorem
2488 4829 2758 4881 eventum
2791 4825 2987 4881 deberi
3024 4829 3207 4893 ratus,
3231 4842 3477 4882 suorum

1828 4916 2156 4973 concordia.
2191 4913 2533 4971 Convocatis
2563 4914 2761 4986 itaque
2806 4914 2877 4969 de
2922 4914 3191 4970 amicicia
3237 4914 3476 4983 suadet;

1828 5024 1956 5063 sese
1985 5007 2140 5062 inter
2168 5021 2268 5061 eos
2290 5002 2827 5076 judicem,penitus
2860 5001 3194 5075 aequitatem
3242 5002 3480 5075 utrique

1828 5096 1977 5169 parti
2009 5095 2300 5150 facturum
2331 5091 2981 5165 pollicens.Concedunt
3000 5091 3198 5164 itaque
3216 5092 3485 5164 acjussis

1829 5184 2005 5258 regiis
2061 5186 2285 5257 parent.
2346 5181 2625 5253 Datisque
2689 5180 2957 5249 vadibus,
3015 5179 3294 5252 equitatis
3343 5182 3481 5254 jura

1828 5277 2197 5331 exsecuntur.
2231 5271 2350 5327 Rex
2380 5286 2516 5327 cum
2567 5270 2837 5342 utrisque
2884 5269 3121 5337 faveret,
3153 5268 3481 5341 quamlibet

1422 5428 1666 5485 VARIJE
1703 5425 2121 5488 LECTIONES.

152 5568 210 5607 ”‘
235 5574 563 5647 conglobati
598 5574 651 5632 1.
729 5572 796 5612 ³⁸⁸
824 5571 918 5647 IV.
947 5573 1264 5647 prwposito.
1294 5571 1363 5630 V.
1396 5581 1446 5631 et
1474 5574 1537 5631 in
1563 5571 1819 5646 margine
1845 5568 2029 5629 eadem
2058 5584 2229 5626 manu
2259 5566 2351 5626 IX.
2427 5567 2496 5605 ³⁸⁸
2524 5566 2678 5643 apud
2712 5565 2762 5625 1.
2835 5564 2903 5604 ’³⁸
2925 5561 3194 5640 copiast.
3272 5561 3343 5599 ’θ’
3374 5574 3479 5620 rex

100 5635 325 5704 Francia:
345 5635 565 5707 ducem
600 5649 654 5704 1.
731 5647 799 5684 ³⁰⁰
828 5635 1041 5720 asi,'de
1066 5635 1301 5705 abscisa.
