3838 6238
339 323 423 380 67
1443 316 1757 380 RICHERI
1803 317 1869 377 S.
1915 313 2221 378 REMIGII
2262 315 2642 379 MONACHI.
3653 313 3733 373 68

340 453 576 524 utrique
595 449 1005 506 liberalitatem
1031 448 1294 504 conferre
1315 447 1836 512 meditabatur.Qui
1859 465 1989 504 cum
2023 448 2077 516 Α
2106 448 2235 504 bem
2269 449 2371 516 ita,
2406 449 2452 504 si
2484 449 2553 484 30‘
2580 466 2708 505 eam
2732 465 2866 505 cum
2901 448 3141 522 reliquis
3169 450 3485 521 expugnet,
3515 462 3731 502 accom-

338 541 649 597 Arnulfum
698 540 769 595 de
820 538 1361 611 recompensatione
1412 553 1605 593 rerum
1654 541 1984 609 ereptarum

340 635 567 694 nutare,
602 645 668 684 ac
720 626 1028 683 Erluinum
1080 626 1400 682 instantius
1459 627 1680 682 amissa
1730 631 1986 698 repetere

338 719 681 785 adverteret,
699 714 1009 772 Arnulfum
1041 731 1271 787 quoque
1300 715 1523 784 majora
1552 715 1980 782 restituturum,

338 824 404 875 eo
435 806 588 879 quod
621 805 744 877 ipse
775 802 1057 878 ampliore
1088 820 1282 859 rerum
1324 803 1627 876 dispendio
1678 803 1984 858 Erluinum

341 894 616 959 effecerit,
647 891 909 948 Erluinor
939 891 1291 947 Ambianum
1336 891 1395 946 in
1444 891 1983 963 recompensatione

339 985 691 1040 amissorum
737 998 840 1053 pro
882 979 1125 1036 Arnulfo
1171 979 1477 1037 concessit.
1523 980 1733 1052 Sicque
1760 980 1982 1036 factum

339 1078 446 1141 est,
479 1077 543 1128 ut
571 1070 809 1127 Erluino
829 1086 948 1130 sua
988 1070 1454 1135 restituerentur,
1486 1073 1542 1124 et
1587 1068 1826 1125 Arnulfo
1876 1086 1984 1124 sua

341 1179 455 1219 non
486 1161 911 1217 minuerentur.
946 1157 1117 1231 Regis
1144 1158 1342 1230 itaque
1372 1156 1662 1213 industria
1690 1157 1748 1213 in
1776 1156 1985 1212 amici-

338 1252 487 1308 ciam
517 1247 784 1318 revocati,
813 1247 972 1321 regia
1000 1246 1232 1320 negotia
1260 1247 1468 1303 exinde
1498 1247 1803 1302 curabant.

407 1341 494 1394 41.
533 1337 850 1407 Prodigiosa
905 1335 1291 1391 demonstratio
1338 1335 1402 1368 ³⁰¹
1456 1334 1629 1389 cladis
1686 1335 1983 1390 Britanno-

336 1446 459 1484 rum
482 1429 569 1481 θοι.
602 1457 668 1466 -
701 1428 822 1491 Quo
880 1427 1142 1495 tempore
1202 1423 1496 1479 ferebatur
1551 1421 1755 1477 Parisii
1812 1423 1983 1478 turbo

335 1521 572 1590 repente
601 1518 858 1577 exortus,
891 1516 1052 1567 tanta
1082 1511 1135 1566 vi
1167 1509 1612 1578 discucurrisse,
1646 1515 1710 1566 ut
1736 1510 1985 1583 parietes

336 1605 525 1662 multa
551 1603 813 1676 lapidum
849 1602 999 1656 mole
1039 1600 1289 1668 fundati,
1320 1599 1379 1655 iu
1429 1604 1629 1655 monte
1676 1600 1983 1656 Martirum

339 1694 605 1750 funditus
635 1691 816 1748 eversi
848 1688 1084 1746 fuerint.
1116 1689 1405 1745 Demones
1442 1705 1674 1761 quoque
1722 1689 1985 1762 equitum

339 1782 530 1856 specie
557 1781 735 1848 visos,
760 1777 1066 1835 basilicam
1098 1778 1395 1851 quandam
1429 1794 1541 1833 non
1566 1777 1767 1850 procul
1787 1778 1981 1847 sitam,
2014 1816 2062 1881 Β

338 1869 884 1939 evertisse,ejusque
913 1868 1106 1923 trabes
1136 1866 1476 1923 memoratis
1506 1867 1832 1940 parietibus
1862 1871 1981 1921 tam

336 1958 524 2017 valide
544 1957 953 2022 incussisse,ut
974 1972 1073 2011 eos
1095 1955 1468 2024 subruerint;
1492 1954 1772 2011 cvulsisse
1803 1956 1978 2011 etiam

337 2048 601 2121 ejusdem
635 2044 849 2101 montis
881 2045 1094 2113 vineta,
1130 2060 1196 2100 ac
1228 2048 1355 2099 sata
1384 2044 1877 2101 devastasse.Mox
1899 2043 1981 2099 vi-

337 2155 401 2195 so
433 2134 717 2210 prodigio,
749 2132 1184 2190 Brittannorum
1217 2132 1501 2205 pernicies
1528 2134 1841 2189 subsecuta
1869 2136 1978 2189 est.

336 2226 441 2292 Qui
473 2221 796 2295 Berengarii
830 2227 1008 2294 atque
1036 2220 1202 2277 Alani
1255 2222 1586 2294 principum
1634 2222 1981 2278 dissidentia

334 2314 654 2379 discordes,
688 2328 721 2367 a
751 2310 1130 2366 Nortmannis
1168 2326 1302 2364 cum
1334 2310 1549 2381 quibus
1583 2314 1816 2382 pactum
1849 2326 1978 2382 ege-

336 2408 487 2471 rant,
521 2400 768 2473 pervasi,
802 2398 1103 2470 multaque
1136 2394 1274 2453 cede
1323 2397 1503 2453 attriti
1553 2403 1710 2455 sunt.
1744 2399 1977 2453 Necnon

335 2496 394 2547 et
423 2490 624 2547 civitas
654 2488 1000 2547 Namtarum
1032 2486 1145 2554 (91)
1166 2490 1334 2557 capta
1354 2486 1569 2557 est.Cuj
1582 2503 1648 2541 us
1670 2486 1979 2559 episcopus

336 2596 471 2635 cum
532 2574 1066 2649 supervenientium
1116 2574 1374 2629 hostium
1424 2579 1584 2630 metu
1633 2576 1890 2641 territus,
1919 2575 1978 2631 in

337 2666 661 2724 aacclesiam
691 2664 891 2736 fugere
920 2666 1240 2735 cogeretur,
1274 2680 1514 2719 suorum
1560 2663 1845 2720 densitate
1874 2682 1979 2736 op-

336 2772 577 2830 pressus
608 2770 675 2809 ac
706 2753 1026 2808 suffocatus
1055 2755 1162 2808 est.
1198 2751 1482 2807 Brittanni
1514 2752 1572 2807 in
1600 2751 1726 2824 ipso
1757 2752 1979 2825 impetu

334 2845 561 2900 viribus
592 2841 929 2914 resumptis,
964 2840 1163 2896 hostes
1191 2841 1263 2897 ab
1298 2841 1441 2896 urbe
1460 2841 1785 2897 vehementi
1808 2858 1981 2897 cona-

336 2933 494 2990 mine
526 2929 923 3004 reppulerunt.
942 2928 1197 3001 lllosque
1222 2927 1417 2985 adorsi
1447 2929 1606 3002 gravi
1638 2931 1793 2985 caede
1822 2930 1981 2986 fude-

336 3027 491 3078 runt.
520 3022 592 3076 At
648 3017 937 3075 Brittanni
990 3017 1355 3090 prosperiore
1412 3018 1658 3074 fortunae
1703 3035 1978 3075 successu

335 3109 662 3177 confortati,
697 3108 870 3164 tertia
923 3105 1127 3162 itidem
1184 3106 1279 3162 die
1331 3106 1577 3163 classem
1637 3108 1980 3179 pervadunt,

2094 539 2314 594 modat.
2366 539 2493 594 Dux
2539 539 2761 594 donum
2813 538 3039 611 regium
3089 535 3406 610 excipiens,
3440 535 3737 608 suppetias

2095 632 2282 698 parat,
2315 626 2552 699 regique
2582 626 3027 683 subvenit.Cum
3052 626 3177 683 suis
3197 625 3396 697 itaque
3420 640 3487 680 ac
3508 623 3739 696 quibus-

2093 717 2228 770 dam
2261 715 2693 788 Cisalpinorum
2723 716 3060 789 potentibus
3089 719 3251 769 trans
3282 714 3616 785 Sequanam
3638 712 3738 766 ﬂu-

2092 804 2251 859 vium
2283 804 2395 860 iter
2425 804 2909 875 faciens,Baiocas
2939 801 3219 875 pervenit.
3252 804 3438 868 Quam
3472 817 3737 874 egressus

2093 892 2282 948 multa
2310 891 2613 949 obsidione
2642 892 2874 964 premit.
2890 896 3048 947 Inter
3075 890 3198 947 hmc
3228 907 3263 946 a
3294 889 3471 961 regiis
3501 889 3738 961 stipato-

2092 983 2256 1039 ribus
2285 982 2551 1055 persuasi
2581 982 2950 1047 Nortmanni,
2982 981 3056 1036 ad
3087 997 3283 1053 regem
3321 980 3584 1035 redeunt.
3620 983 3737 1033 Dux

2093 1076 2290 1127 autem
2321 1070 2665 1127 Baiocenses
2696 1070 3084 1143 urgebat.Rex
3112 1069 3247 1125 duci
3279 1066 3639 1125 obsidionem
3662 1068 3739 1102 ³³⁸⁵⁵

2093 1158 2312 1216 solvere
2343 1176 2446 1232 per
2473 1158 2695 1232 legatos
2717 1159 2910 1231 jubet.
2934 1157 3037 1213 Ille
3068 1161 3264 1213 autem
3290 1160 3494 1228 utpote
3514 1157 3586 1211 ab
3606 1172 3734 1229 rege

2093 1247 2582 1320 datum,amplius
2614 1247 3061 1320 oppugnat.Rex
3082 1262 3314 1319 quoque
3344 1245 3556 1301 iterum
3583 1261 3741 1299 man-

2092 1337 2212 1405 dat,
2247 1337 2402 1409 quod
2436 1334 2549 1392 nisi
2582 1336 2695 1391 cito
2728 1335 3013 1402 discedat,
3040 1350 3169 1390 sese
3192 1333 3259 1406 in
3291 1350 3428 1390 eum
3475 1350 3609 1388 cum
3638 1349 3739 1389 co-

2093 1425 2205 1498 piis
2237 1424 2612 1481 iturum.Dux
2642 1423 2819 1497 regiis
2840 1424 3029 1495 jussis
3059 1423 3348 1479 contraire
3378 1439 3498 1478 non
3517 1420 3735 1489 volens,

2093 1515 2165 1570 ab
2196 1513 2498 1569 obsidione
2527 1518 2764 1569 coactus
2812 1512 3078 1568 discedit.
3115 1512 3232 1567 Rex
3279 1512 3486 1567 urbem
3536 1527 3740 1566 conse-

2094 1608 2342 1675 quenter
2371 1601 2715 1676 ingreditur.
2749 1601 2929 1672 Cujus
2961 1601 3032 1656 ad
3062 1617 3124 1656 se
3163 1600 3390 1656 civibus
3439 1599 3735 1668 revocatis,

2092 1692 2341 1748 Ebrocas
2379 1690 2523 1764 petit
2571 1707 2639 1748 ac
2687 1689 2848 1747 nullo
2897 1690 3204 1746 resistente
3249 1688 3594 1762 ingreditur.
3624 1688 3739 1744 Nec

2093 1781 2293 1837 minus
2321 1785 2379 1837 et
2407 1781 2481 1836 ab
2511 1779 2935 1839 Ebrocensibus
2966 1779 3221 1851 acceptis
3249 1778 3576 1846 obsidibus,
3603 1776 3738 1834 reli-

2093 1887 2209 1943 qua
2239 1870 2463 1942 absque
2492 1868 2916 1925 contraditione
2946 1868 3203 1924 obtinuit
3230 1867 3399 1939 (945).

2162 1960 2249 2014 43.
2282 1959 2407 2013 Dux
2435 1959 2503 1993 ³⁰⁶
2531 1975 2656 2014 suos
2688 1960 2748 2013 in
2775 1958 2844 1992 ³⁰⁶
2874 1958 3017 2027 regis
3066 1957 3338 2029 injuriam
3362 1956 3432 1992 ³⁰⁶
3463 1955 3734 2012 hortatur.

2091 2078 2156 2088 —
2194 2048 2315 2102 Dux
2343 2047 2498 2119 apud
2527 2063 2665 2102 suos
2697 2045 2847 2101 hanc
2872 2044 3153 2118 injuriam
3185 2044 3495 2117 sepissime
3524 2061 3740 2101 memo-

2091 2153 2248 2202 rans,
2281 2136 2351 2190 de
2380 2135 2533 2208 regis
2564 2134 2818 2208 pernicie
2848 2134 3273 2207 pertractabat;
3298 2133 3499 2190 fideles
3521 2138 3578 2189 et
3596 2133 3739 2189 ami-

2090 2243 2191 2281 cos
2220 2224 2558 2291 hortans,ut
2588 2224 2696 2279 hoc
2728 2222 2918 2279 ultum
2940 2223 3010 2279 iri
3032 2222 3544 2289 accelereuLQuod
3563 2222 3737 2278 etiam

2091 2312 2293 2369 multis
2328 2312 2712 2385 querimoniis
2742 2312 3277 2385 ampliﬁcans,suos
3303 2311 3362 2366 in
3393 2328 3593 2385 regem
3615 2328 3737 2384 pro-

2087 2405 2275 2457 vocat.
2309 2400 2641 2455 Bernardus
2672 2400 2870 2471 itaque
2897 2399 3222 2455 Silletensis
3252 2398 3346 2468 (92
3365 2403 3542 2471 atque
3565 2399 3736 2454 Teut-

2089 2489 2299 2545 boldus
2328 2488 2652 2544 'l‘uronicus
2673 2488 3049 2560 conquerenti
3068 2487 3728 2552 satisfacientes,Monti-

2087 2578 2321 2633 niacum
2355 2577 2509 2649 regis
2538 2577 2822 2649 Oppidum
2856 2576 2913 2631 in
2945 2575 3090 2648 ipsis
3120 2575 3354 2633 Pascha:
3376 2576 3586 2633 diebus
3609 2594 3731 2648 per-

2086 2665 2629 2738 vadentes,capiunt
2657 2664 3475 2738 diruuntque.Compendium
3506 2681 3733 2737 quoque

2088 2754 2256 2828 regie
2283 2754 2438 2810 sedis
2468 2754 2662 2810 aulam
2695 2752 2981 2826 repentini
3030 2756 3358 2825 penetrant,
3392 2771 3461 2809 ac
3493 2769 3737 2827 qumque

2089 2843 2309 2918 regalia
2340 2842 2597 2915 insignia
2634 2842 2979 2913 diripientes
3027 2846 3353 2914 asportant.
3386 2842 3502 2898 Nec
3548 2841 3733 2897 multo

2089 2937 2222 3007 post
2251 2937 2308 2989 et
2336 2933 2489 2988 idem
2522 2932 2853 2987 Bernardus
2894 2931 3047 3004 regis
3092 2934 3395 2986 venatores
3447 2944 3735 3001 canesque

2089 3023 2349 3096 capiens,
2375 3038 2508 3078 cum
2538 3020 2706 3093 equis
2738 3037 2804 3077 ac
2833 3019 3137 3077 venabulis
3170 3018 3434 3076 abduxit.

2163 3114 2250 3168 44.
2282 3113 2394 3168 Rex
2422 3113 2613 3167 urbem
2636 3111 2703 3146 ³⁰⁷
2735 3115 3025 3166 Remorum
3052 3109 3327 3165 obsidione
3357 3109 3427 3143 ³9⁷
3448 3108 3734 3181 premit“.

336 3198 928 3273 congrediunturque.
964 3201 1026 3251 In
1057 3199 1217 3268 parte
1248 3200 1495 3268 utraque
1526 3196 1818 3252 innumeri
1842 3197 1976 3253 fusi.
2010 3178 2053 3245 (ἶ
2092 3233 2157 3243 -
2192 3202 2309 3256 Rex
2340 3200 2625 3256 Rhodomi
2656 3198 2796 3255 talia
2824 3199 3212 3271 comperiens,
3242 3178 3735 3253 Nortmannorum

338 3288 623 3345 Brittanni
650 3303 784 3341 vero
815 3285 1279 3341 adversariorum
1330 3284 1527 3357 copias
1558 3303 1672 3341 non
1704 3286 1889 3358 passi,
1920 3287 1979 3342 in

337 3379 537 3452 fugam
569 3377 855 3432 feruntur.
890 3373 1236 3429 Nortmanni
1277 3374 1761 3430 autem‘victoria
1789 3375 1978 3447 potiti,

337 3466 770 3523 Brittannorum
805 3463 951 3520 alios
981 3462 1175 3537 gladio
1207 3462 1654 3531 occidunt,alios
1687 3464 1745 3518 in
1768 3465 1982 3521 ﬂuctus

335 3559 571 3628 cogunt,
605 3554 753 3611 alios
806 3569 941 3609 vero
973 3570 1007 3615 a
1038 3551 1334 3608 Brittania:
1384 3552 1603 3608 finibus
1651 3552 1979 3620 eliminaut,

335 3650 544 3719 praeter
571 3644 678 3700 hos
710 3642 809 3716 qui
842 3640 1141 3699 servitutis
1165 3642 1311 3714 jugo
1361 3641 1534 3697 subdi
1587 3659 1701 3698 non
1748 3659 1980 3700 recusa-

332 3750 484 3789 vere.

408 3823 495 3876 42.
557 3822 668 3876 Rex
721 3821 790 3854 ³⁰²
845 3826 1048 3874 terram
1103 3819 1567 3875 Nortmannorum
1614 3819 1683 3854 ³⁰¹
1736 3820 1985 3891 pervadit

336 3911 587 3981 capitque
616 3909 686 3943 ³⁰²
711 3938 779 3957 -φ-
810 3907 931 3970 Quo
956 3907 1028 3961 ad
1077 3907 1232 3979 regis
1278 3924 1450 3963 aures
1496 3906 1739 3979 perlato,
1770 3907 1981 3964 Aruul-

338 3999 462 4054 fum
490 4014 555 4052 ac
586 3993 893 4052 Erluiuum
923 3994 1188 4060 comites,
1222 3994 1517 4067 simulque
1547 3999 1604 4051 et
1633 3988 1981 4069 Burgundiaa

338 4085 643 4158 episcopos
674 4083 917 4155 aliquot,
949 4100 1047 4139 rex
1078 4077 1737 4140 accersit.Przesenserat
1764 4085 1981 4141 etenim

2089 3289 2407 3345 exercitum
2437 3286 2660 3359 colligit
2688 3287 3014 3359 copiosum,
3049 3304 3116 3343 ac
3147 3286 3408 3353 collecto,
3445 3285 3614 3350 redit,
3641 3301 3739 3357 pa-

2090 3396 2231 3452 gum
2261 3377 2797 3433 Veromandensem
2830 3373 3545 3449 ingrediens,penitusque
3565 3373 3739 3445 depo-

2089 3465 2552 3540 pulans.Accitis
2582 3482 2819 3538 quoque
2849 3464 3116 3534 Arnulfo,
3151 3462 3413 3550 E.rluino,
3448 3461 3737 3519 Bernardo

2091 3556 2226 3625 alio,
2259 3555 2619 3611 'l‘heodorico
2666 3553 3003 3622 comitibus,
3057 3553 3116 3609 in
3166 3552 3372 3608 urbem
3424 3551 3737 3607 Remorum

2090 3646 2292 3701 fertur.
2325 3645 2587 3716 Eamque
2618 3643 2906 3716 disposita
2935 3642 3393 3714 circumquaque
3437 3639 3736 3696 obsidione

2091 3732 2293 3807 cingit,
2326 3749 2393 3789 eo
2426 3731 2580 3805 quod
2612 3731 2776 3803 Hugo
2798 3730 3062 3801 ejusdem
3088 3729 3252 3785 urbis
3272 3727 3586 3801 episcopus
3607 3725 3741 3800 quia

2090 3822 2258 3878 ducis
2284 3821 2554 3896 partibus
2611 3819 2860 3888 favebat,
2894 3819 3015 3892 regi
3074 3817 3409 3892 ingressum
3467 3817 3733 3891 negabat.

2090 3910 2285 3967 Primo
2315 3926 2452 3983 ergo
2482 3909 2728 3981 impetu,
2763 3907 3016 3981 graviter
3057 3906 3404 3963 dimicatum
3452 3908 3560 3961 est.
3594 3904 3734 3960 Nam

2091 3998 2410 4072 sagittariis
2440 3997 2577 4053 hinc
2608 3996 2742 4052 inde
2772 3995 3202 4069 dispositis,qui
3235 3995 3295 4051 in
3319 3992 3489 4049 muro
3514 3993 3737 4050 resiste.

2090 4089 2234 4144 bant
2263 4086 2591 4143 missilibus
2622 4085 3214 4151 sauciantur.Quibus
3237 4083 3449 4140 amotis
3468 4081 3571 4137 alii
3600 4083 3738 4137 inta-

338 4190 540 4239 eorum
573 4170 953 4228 nonnullos‘a
982 4171 1097 4227 fide
1126 4171 1427 4235 defecisse,
1462 4172 1809 4245 Hugonique
1857 4191 1982 4230 ces-

337 4263 506 4321 sisse.
538 4265 617 4318 Ac
647 4279 782 4318 cum
811 4260 1063 4317 exercitu
1095 4260 1153 4316 in
1184 4277 1283 4316 eos
1313 4261 1515 4316 fertur.
1538 4261 1817 4319 Arnulfus
1848 4280 1981 4319 cum

2092 4177 2166 4232 cti
2197 4174 2702 4237 succeduntyices
2731 4190 2942 4247 pugnae
2971 4173 3325 4247 ingerentes.
3358 4171 3466 4227 Sed
3496 4173 3555 4226 et
3584 4173 3735 4225 extra

2090 4264 2226 4321 telis
2264 4281 2330 4319 ac
2372 4262 2669 4335 lapidibus
2712 4263 2910 4331 .iactis,
2938 4260 3204 4318 nonnulli
3255 4260 3617 4326 afficiuntur,
3652 4273 3735 4312 ce-

339 4353 463 4417 suis
492 4368 693 4425 regem
713 4351 1066 4423 praecedens,
1099 4351 1515 4419 Nortmannos,
1548 4352 1648 4423 qui
1686 4353 1983 4408 custodias
2094 4352 2530 4425 duntque.Sepe
2558 4351 2849 4407 tumultus
2880 4354 3393 4424 reparantur,sepe
3423 4348 3495 4404 ad
3520 4351 3734 4421 portas,

337 4438 973 4509 observabant,utiliter
1001 4455 1352 4513 congressus
1383 4440 1538 4512 apud
1563 4441 1811 4496 Arcas308
1832 4441 1985 4498 fudit
2093 4459 2230 4515 sepe
2260 4440 2334 4497 ad
2365 4457 2602 4496 murum
2635 4440 2968 4496 comminus
2988 4437 3286 4512 congressi
3313 4436 3523 4492 Animo
3546 4434 3738 4491 utrim-

337 4548 405 4588 ac
426 4531 544 4604 regi
568 4531 864 4586 incessum
885 4528 1319 4602 expedivit.Rex
1337 4528 1709 4585 Rhodomum
1726 4530 1985 4600 veniens,
2018 4546 2065 4611 Ι)
2096 4548 2208 4604 que
2240 4530 2477 4597 feroces,
2510 4528 2672 4584 nullo
2704 4529 2875 4586 modo
2906 4528 3108 4585 cedere
3138 4529 3382 4601 parant;
3414 4536 3733 4597 numquam

339 4621 411 4675 ab
442 4618 516 4674 iis
547 4618 647 4689 qui
674 4617 809 4673 ﬁdei
842 4622 1163 4674 servatores
1214 4619 1374 4674 fuere
1422 4622 1696 4690 exceptus
1743 4624 1850 4675 est.
1884 4621 1989 4678 De-
2098 4619 2210 4675 sibi
2240 4634 2429 4683 usque
2459 4618 2532 4673 ad
2563 4617 3011 4674 internetionem
3060 4616 3303 4683 cessuri,
3335 4615 3451 4671 nisi
3498 4614 3734 4669 interce-

341 4710 592 4763 sertores
639 4722 770 4761 vero
819 4723 979 4761 mare
1019 4710 1301 4778 petentes,
1333 4705 1559 4762 amoliti
1604 4712 1760 4762 sunt.
1796 4708 1987 4764 Muni-
2098 4707 2361 4764 dentium
2412 4705 2947 4779 supplicationibus
2998 4705 3227 4762 obsidio
3274 4704 3469 4761 soluta
3524 4703 3734 4758 disces-

341 4794 494 4868 cipia
517 4810 651 4849 vero
692 4794 876 4866 copiis
923 4794 1155 4850 munita
1199 4794 1507 4866 reliquere.
1538 4794 1657 4849 Rex
1698 4796 1984 4853 malorum
2098 4798 2293 4853 sisset.

340 4883 557 4939 nimias
597 4898 726 4938 esse
774 4882 974 4952 copias
1027 4882 1428 4949 considerans,
1462 4882 1534 4937 ab
1565 4881 1807 4955 Hugone
1839 4886 1987 4942 duce
2168 4886 2252 4941 45.
2288 4886 2414 4941 Dux
2441 4886 2560 4955 regi
2580 4884 2649 4920 ³⁰⁸
2675 4900 2773 4958 per
2811 4884 3032 4953 legatos,
3062 4882 3252 4940 suadet
3278 4883 3346 4919 ³0⁸
3370 4889 3433 4938 ut
3459 4882 3527 4937 ab
3555 4880 3622 4915 ³⁰⁸
3649 4876 3733 4933 ob-

341 4970 643 5044 suppetias
673 4969 1085 5042 congrediendi
1118 4987 1219 5041 per
1249 4968 1473 5042 legatos
1514 4969 1793 5041 postulat.
1829 4972 1893 5027 Et
1924 4979 1989 5030 ut
2092 4974 2305 5030 sidione
2330 4974 2398 5007 ³0³
2428 4973 2686 5029 discedat.
2721 5004 2788 5014 —
2817 4972 2945 5028 Dux
2994 4988 3251 5043 namque
3299 4971 3361 5026 in
3413 4971 3543 5041 ipsa
3588 4962 3731 5024 obsi-

342 5062 467 5134 ipse
494 5076 629 5115 cum
658 5057 1087 5115 sufﬁcientibus
1108 5057 1292 5130 copiis
1310 5057 1874 5127 veniat,Baiocarum
1897 5080 1988 5118 ur-
2095 5063 2267 5118 dione
2288 5078 2392 5135 per
2411 5061 2632 5135 legatos
2652 5061 2843 5134 petiit,
2874 5066 2942 5116 ut
2964 5059 3336 5134 Ragenaldus
3356 5075 3553 5115 comes
3590 5068 3734 5112 sum-

1689 5164 1930 5224 VARIIE
1970 5168 2389 5227 LECTIONES.

412 5256 477 5292 θοι
512 5254 603 5324 de,
634 5254 700 5326 ti,
736 5259 795 5310 ta
819 5255 1051 5310 abscisa.
1084 5325 1094 5326 ί
1128 5253 1197 5288 ³⁰²
1220 5253 1288 5322 R,
1311 5252 1389 5326 _N,
1419 5270 1466 5326 r,
1497 5269 1547 5308 c.
1571 5253 1808 5326 abscisa.
1884 5258 1953 5294 ³⁰³
1982 5259 2192 5317 archas
2220 5273 2361 5316 corr.
2399 5274 2584 5322 arcas.
2659 5258 2728 5294 30‘
2749 5263 2814 5315 ut
2841 5275 2983 5317 corr.
3017 5260 3088 5316 si.
3164 5258 3233 5294 ³⁰⁶
3261 5257 3334 5314 ab
3359 5254 3658 5313 obsidione
3685 5249 3729 5304 1ο

340 5328 408 5364 ³⁰⁶
438 5327 506 5395 D,
532 5327 572 5393 i,
607 5326 648 5394 i,
676 5324 909 5384 abscisa.
986 5326 1054 5361 3°”
1082 5325 1236 5393 hem,
1272 5324 1420 5394 obsi,
1452 5324 1498 5380 it
1523 5325 1754 5384 abscisa.
1830 5329 1898 5365 30°
1924 5330 2036 5405 egi,
2069 5348 2162 5401 su,
2195 5330 2395 5403 ab,‘ue
2424 5330 2653 5388 abscisa.

1928 5438 2154 5496 NOTE.

411 5525 525 5601 (91)
553 5521 1195 5601 1Y9ntes._lf‘_lodoardus.
1215 5520 1521 5580 Doleneem
1554 5521 1895 5601 episcopum
1927 5527 2111 5588 fuisse
2139 5526 2334 5587 refert.

415 5526 499 5596 (91
553 5527 777 5582 Nautes.
810 5526 1171 5580 Flodoardus
1215 5526 1252 5578 Ι]

415 5526 527 5676 (923
559 5596 621 5657 Id
649 5605 749 5668 est,
782 5592 1252 5655 Silvanectensis.
