3838 6238
65 339 131 398 69
940 331 1479 398 HISTORIARUM
1524 330 1731 395 LIBRI
1775 329 2170 405 QUA'I‘UOR.
2203 368 2280 377 —
2309 330 2456 393 LIB.
2504 332 2581 394 ll.
3387 330 3464 393 70

66 468 164 541 ptis
192 487 224 523 a
252 486 382 525 sese
411 467 730 525 obsidibus
762 468 1061 525 locuturus
1091 466 1201 523 sibi
1219 471 1504 523 occurrat.
1539 466 1700 532 Quod
1813 463 2043 520 locitate
2064 480 2166 537 per
2194 465 2359 520 devia
2382 463 2974 537 raptus,Rhodomum
2995 462 3157 520 solus
3180 464 3458 537 pervenit.

69 563 117 613 et
146 557 257 612 fieri
290 558 365 612 ab
398 574 536 631 rege
571 574 922 614 concessum
952 561 1061 612 est.
1087 557 1349 612 Directus
1381 555 1577 627 itaque
1596 557 1704 610 sub

66 645 318 701 obsidum
344 646 486 717 jure
514 649 589 701 ad
630 647 840 701 ducem
861 644 1033 712 venit,
1061 646 1226 717 Apud
1256 662 1427 716 quem
1461 644 1577 699 dux
1607 643 1702 698 diu

73 733 407 802 deliberans,
440 735 689 790 tandem
713 734 854 808 agit,
879 737 940 788 ut
962 750 1059 788 rex
1080 734 1153 787 ab
1170 734 1440 806 episcopo
1462 738 1517 789 et
1542 733 1707 788 urba-

66 822 144 878 nis
169 822 401 879 obsides
421 823 747 896 aecipiens,
773 824 843 879 ab
867 822 1025 877 urbis
1057 821 1489 895 oppugnatione
1522 822 1707 877 disce-

1817 554 2149 625 Urbemque
2180 555 2501 627 ingressus,
2535 571 2568 609 a
2599 553 2841 621 civibus,
2876 554 3112 625 ecquod
3148 570 3280 608 cum
3304 555 3466 624 Bajo-

1815 643 2089 698 censibus
2122 642 2549 715 conpirassent,
2600 646 2807 713 captus
2839 657 2905 696 ac
2964 646 3157 697 tentus
3211 648 3295 698 est
3330 644 3459 707 (Jul.

1817 734 1903 787 13.

1889 733 1976 875 4)8.
2010 822 2123 877 Rex
2143 821 2211 854 ³¹³
2231 838 2264 875 (ι
2295 820 2649 876 Norlmannis
2679 821 2747 855 ³³³
2769 835 2867 892 per
2894 820 3103 877 obsides
3132 822 3199 855 ³¹³
3228 820 3462 877 dimitti-

66 913 171 978 dat,
201 912 486 985 quatinus
503 928 884 985 quocumque
912 916 967 967 et
987 911 1220 984 quando
1252 928 1349 966 rex
1371 910 1525 979 velit,
1552 911 1706 965 idem
1817 917 1927 977 tur,
1956 917 2010 964 et
2060 912 2260 964 iterum
2285 909 2354 944 3’3
2383 909 2504 964 dolo
2534 926 2568 963 a
2595 909 2663 943 ³¹³
2716 909 2849 964 duce
2904 911 3139 981 capitur.
3175 940 3242 950 —
3298 910 3462 983 Hugo

68 1000 359 1075 episcopus
394 1002 690 1056 rationem
726 998 1709 1073 redditurusaccedat.Ragenaldus

72 1088 219 1144 ducis
241 1090 513 1145 animum
549 1090 671 1163 regi
708 1089 1024 1163 perferens,
1058 1105 1123 1145 ac
1156 1088 1465 1143 consilium
1501 1105 1710 1161 appro-

74 1179 280 1242 bans,id
298 1179 425 1234 fieri
442 1178 1187 1250 suadebat.0bsidibusque
1199 1176 1450 1250 sumptis
1467 1177 1709 1245 idoneis,

78 1283 160 1321 rex
178 1267 549 1323 obsidionem
570 1266 799 1322 decima
826 1266 1033 1339 quinta
1050 1266 1141 1321 die
1159 1264 1347 1333 solvit,
1365 1270 1713 1337 tempusque

77 1356 354 1411 audienda!
386 1355 642 1411 rationis
662 1356 733 1390 ³⁰⁹
755 1360 886 1427 post
901 1355 1027 1411 dies
1048 1356 1116 1409 40
1137 1372 1203 1409 su
1218 1355 1253 1408 b
1282 1353 1411 1426 ipsa
1431 1354 1716 1409 Kalenda-

76 1460 187 1498 rum
219 1444 516 1499 Juliarum
551 1445 646 1498 die
678 1444 1000 1499 constituit.
1033 1442 1176 1498 Aliis
1206 1459 1342 1515 ergo
1368 1442 1601 1497 interim
1621 1460 1716 1497 cu-

75 1535 220 1597 ratis.
253 1534 378 1588 dies
409 1533 672 1588 habendi
706 1532 983 1604 colloquii
1014 1532 1263 1587 advenit.
1292 1532 1356 1586 Et
1376 1532 1491 1585 dux
1522 1532 1593 1585 de
1624 1550 1717 1586 su-

75 1622 277 1692 periore
310 1622 552 1694 negotio
585 1621 911 1686 locuturus,
936 1620 1140 1675 obvius
1164 1620 1278 1692 regi
1308 1619 1492 1675 affuit.
1518 1621 1716 1675 Decla-

76 1709 231 1765 matis
250 1715 449 1765 autem
483 1726 690 1765 eorum
724 1710 941 1780 causis,
972 1709 1066 1764 vix
1099 1708 1209 1764 sibi
1252 1708 1714 1764 consentiebant.

78 1798 530 1872 Rationibusque
553 1817 669 1855 non
689 1799 833 1855 satis
854 1797 1078 1854 utiliter
1093 1797 1716 1870 procedentibus,nihil

78 1887 190 1959 paci
220 1889 603 1943 commodum
636 1892 743 1954 est,
778 1891 985 1960 praeter
1005 1885 1160 1959 quod
1191 1885 1300 1943 sub
1324 1902 1463 1957 pace
1486 1902 1721 1957 seques-

78 1979 156 2030 tra
185 1994 367 2049 usque
395 1978 471 2033 ad
508 1977 771 2031 medium
802 1975 1049 2049 Augusti
1081 1974 1365 2030 rationem
1417 1973 1716 2030 distulere.

140 2066 219 2141 46.
249 2066 445 2121 Obitus
512 2066 840 2121 Theotilom's
896 2065 964 2099 ³¹⁰
1027 2064 1421 2119 Turonensz'um
1476 2064 1545 2098 ³¹⁰
1600 2066 1718 2136 epi-

80 2157 225 2225 scopi.
255 2157 457 2223 —Quo
490 2158 756 2227 tempore
780 2170 915 2209 cum
940 2154 1120 2208 beato:
1144 2151 1435 2207 memoriae
1458 2151 1721 2207 Theotilo

84 2243 360 2299 Turonicaa
383 2243 557 2299 urbis
579 2242 794 2315 praesul
817 2243 888 2297 de
912 2241 1241 2297 renovanda
1263 2240 1411 2295 inter
1429 2240 1721 2312 principes

86 2348 209 2403 pace
234 2331 755 2388 vehementissime
785 2334 1052 2396 certaret,
1085 2333 1261 2401 atque
1285 2328 1378 2384 his
1404 2330 1720 2384 admodum

86 2424 380 2492 occupatus
402 2420 649 2487 studiis,
674 2419 956 2474 Lauduno
980 2417 1321 2482 discederet,
1341 2416 1725 2489 peripleumo-

89 2509 172 2563 nia
198 2508 249 2564 in
281 2510 411 2582 ipso
443 2509 655 2564 itinere
686 2506 1015 2579 corripitur.
1041 2508 1174 2572 Quae
1192 2521 1324 2560 eum
1344 2504 1726 2578 pulmonibus

88 2601 357 2652 tumorem
394 2615 461 2653 ac
488 2598 774 2652 fervorem
830 2596 1138 2660 incuteret,
1197 2594 1290 2649 die
1348 2599 1556 2666 quarta
1605 2594 1724 2650 nati

89 2686 254 2740 morbi
286 2686 394 2742 hac
427 2686 551 2740 vita
583 2683 875 2757 migravit.
908 2687 1168 2754 Cumque
1219 2681 1411 2736 adhuc
1442 2682 1499 2737 in
1541 2685 1727 2739 noctis

88 2777 353 2847 tempesta
383 2774 664 2848 spiritum
700 2773 941 2833 efﬂaret,
978 2788 1111 2825 mox
1132 2770 1375 2826 luminis
1395 2770 1603 2843 globus
1625 2788 1728 2844 per

90 2880 206 2918 aera
232 2868 295 2919 ut
324 2864 517 2919 fertur
545 2862 833 2928 emicans,
855 2859 1235 2933 vigilantibus
1253 2859 1412 2914 visus
1432 2859 1727 2931 est.Cujus

90 2950 291 3008 lumine
321 2953 393 3008 ad
426 2952 624 3008 noctis
661 2948 1037 3022 depellendus
1068 2947 1346 3020 caligines
1373 2948 1729 3005 sufficienter

93 3042 188 3111 usi,
216 3042 311 3113 qui
352 3042 483 3113 ejus
515 3056 733 3113 corpus
761 3037 1026 3094 examine
1083 3036 1443 3104 deferebant,
1493 3054 1596 3109 per
1626 3038 1729 3093 150

94 3129 323 3186 miliaria
353 3130 475 3200 (93)
507 3146 701 3201 usque
733 3128 938 3183 urbem
978 3125 1327 3181 Turonicam
1370 3124 1548 3196 hujus
1580 3125 1727 3182 lucis

1820 998 1938 1053 dux
1969 1014 2164 1070 regem
2200 996 2488 1052 Rhodomi
2520 1001 2755 1068 captum
2806 998 3190 1069 comperiens,
3224 998 3465 1070 Bajocas

1820 1086 2048 1142 devenit
2072 1104 2084 1153 ;
2118 1102 2218 1157 pro
2243 1085 2395 1158 regis
2412 1085 2683 1157 captione
2709 1087 2926 1160 gratias
2949 1087 3380 1155 redditurus,ac
3403 1092 3468 1143 ut

1821 1174 1931 1230 sibi
1955 1178 2162 1247 captus
2183 1174 2626 1229 commitaturm
2641 1173 3463 1232 ratiocinaturus.Nortmanni

1820 1279 1954 1318 vero
1966 1262 2222 1334 3“justis
2235 1262 2671 1318 conditionibus
2697 1262 2753 1317 id
2779 1264 3069 1335 agendum
3090 1266 3462 1337 respondent,

1822 1356 1887 1406 ut
1918 1352 1963 1405 si
1999 1352 2112 1406 dux
2147 1350 2618 1424 regemexcipiat,
2640 1351 2748 1423 ipsi
2771 1351 2923 1423 regis
2946 1350 3096 1406 ﬁlios
3115 1355 3465 1422 omnes,sub

1815 1442 1949 1511 jure
1998 1438 2268 1494 obsidum
2319 1439 2629 1511 accipiant,
2665 1456 2769 1494 nec
2807 1441 2915 1493 sub
2955 1440 3069 1495 alia
3114 1440 3239 1513 lege
3271 1459 3467 1516 regem

1825 1545 1951 1584 sese
1983 1528 2353 1583 dimissuros.
2388 1528 2510 1582 Dux
2542 1528 2867 1600 captionem
2908 1529 3315 1598 dissimulans,
3348 1531 3468 1586 acsi

1826 1618 1981 1689 regis
2011 1633 2192 1671 causa
2223 1634 2344 1671 rem
2377 1617 2774 1685 ordinaturus,
2809 1617 2877 1671 ad
2914 1618 3175 1689 reginam
3226 1619 3467 1675 Gerber-

1827 1723 1983 1779 gam,
2016 1722 2118 1777 pro
2152 1705 2288 1760 filiis
2320 1705 2473 1777 regis
2520 1705 2739 1778 legatos
2784 1706 2982 1760 mittit.
3016 1708 3087 1761 At
3119 1707 3321 1780 regina
3348 1724 3469 1764 rem

1826 1792 2216 1849 necessariam
2246 1809 2625 1866 cognoscens,
2644 1794 2755 1850 sub
2785 1799 3153 1851 sacramento
3186 1795 3471 1853 minorem

1827 1882 2046 1954 dirigit,
2080 1883 2362 1952 majorem
2410 1883 2641 1937 mittere
2685 1882 2871 1938 evinci
2923 1900 3037 1939 non
3078 1884 3296 1940 valens.
3325 1886 3472 1942 Nam

1829 1973 1945 2027 duo
1974 1975 2203 2026 tantum
2237 1974 2423 2025 erant.
2459 1971 2680 2026 Minore
2710 1987 2846 2043 ergo
2900 1972 3102 2028 obside
3161 1973 3353 2031 oblato
3383 1976 3474 2044 3'5,

1830 2057 2209 2114 Nortmannis
2260 2074 2376 2113 non
2425 2058 2569 2113 satis
2615 2058 2778 2123 fuit;
2822 2060 3103 2130 majorem
3154 2062 3474 2119 adtnodum

1830 2151 2092 2219 petentes
2108 2147 2194 2200 δι”.
2211 2145 2320 2201 Sed
2350 2146 2488 2217 quia
2508 2145 2580 2202 iis
2602 2145 2816 2217 quibus
2838 2147 3062 2203 fidelior
3082 2166 3247 2205 mens
3264 2151 3474 2218 inerat,

1830 2235 2020 2291 visum
2061 2238 2150 2290 est
2192 2235 2361 2307 regiae
2408 2234 2609 2307 stirpis
2644 2235 3011 2291 nobilitatem
3043 2254 3212 2309 posse
3239 2240 3476 2311 penitus

1831 2324 2084 2391 absumi,
2121 2323 2167 2378 si
2199 2324 2595 2379 desertoribus
2626 2340 2830 2379 omnes
2862 2325 2965 2380 filii
2997 2342 3130 2381 eum
3182 2334 3345 2399 patre
3385 2333 3473 2385 te-

1834 2418 2102 2479 neantur,
2137 2412 2193 2466 id
2216 2428 2343 2468 sese
2374 2428 2488 2467 non
2525 2412 2776 2469 facturos
2800 2415 3256 2485 responderunt;
3291 2417 3476 2473 mino-

1836 2518 1955 2556 rem
1988 2504 2217 2556 tantum
2249 2502 2582 2566 daturos,et
2609 2518 2712 2573 pro
2734 2503 2952 2572 majore
2966 2504 3476 2578 exseipsisquem-

1835 2607 2087 2662 cumque
2119 2595 2318 2661 petant
2348 2589 2717 2645 dimissuros.
2751 2590 3056 2646 Widonem
3080 2608 3214 2665 ergo
3237 2595 3478 2651 Suesso-

1836 2696 1965 2734 rum
1998 2679 2360 2751 episcopum,
2394 2696 2566 2750 quem
2601 2679 2750 2734 inter
2776 2696 2979 2736 omnes
3002 2682 3374 2753 potissimum
3396 2684 3479 2738 vi-

1836 2769 2069 2836 debant,
2103 2772 2398 2840 expetunt,
2426 2784 2491 2823 ac
2533 2784 2637 2840 pro
2695 2767 2901 2824 obside
2959 2786 3095 2824 cum
3151 2771 3305 2845 regis
3362 2771 3480 2827 tilio

1837 2855 2142 2928 recipiunt.
2179 2857 2295 2911 Rex
2324 2856 2521 2928 itaque
2544 2856 2846 2925 dimissus,
2882 2874 3017 2913 cum
3049 2875 3083 2913 a
3111 2858 3257 2915 duce
3282 2859 3342 2914 in
3375 2877 3484 2915 sua

1836 2944 2043 3000 deduci
2077 2948 2336 3015 putatur,
2370 2945 2443 2999 ab
2476 2945 2677 3000 eodem
2737 2946 3008 3001 detentus
3043 2950 3152 3013 est,
3199 2964 3266 3003 ac
3304 2950 3482 3004 Teut-

1835 3032 2008 3087 boldo
2037 3033 2323 3088 Turonico
2372 3033 2794 3089 custodiendus
2845 3022 3179 3106 deputatur.
3215 3035 3378 3093 Unde
3426 3041 3484 3093 et

1839 3121 2281 3177 manifestatum
2321 3121 2446 3189 fuit,
2482 3121 2653 3193 regias
2702 3121 2867 3176 linea:
2913 3123 3111 3192 decus,
3141 3122 3200 3179 in
3243 3125 3481 3180 absum-

92 3217 371 3287 solamine,
406 3236 627 3290 corpus
659 3215 1066 3271 beatissimum
1099 3213 1377 3278 detulere,
1403 3214 1460 3268 in
1484 3214 1727 3271 basilica
1758 3201 1800 3267 C
1841 3210 2035 3282 ptione
2067 3209 2248 3282 patris
2279 3214 2335 3263 et
2365 3209 2616 3265 filiorum
2650 3210 2887 3282 penitus
2917 3210 3145 3267 abolere
3188 3212 3483 3270 tirannum

103 3310 268 3362 sancti
317 3307 546 3363 Juliani
578 3305 866 3371 martiris,
925 3303 1079 3375 quod
1138 3302 1292 3357 idem
1351 3303 1439 3357 vir
1495 3308 1733 3360 sanctus
1838 3298 2111 3355 voluisse.
2146 3298 2225 3353 Re
2250 3303 2444 3353 autem
2475 3297 2534 3352 in
2568 3299 2925 3357 contrarium
2958 3301 3155 3368 ducta,
3181 3319 3334 3357 unus
3365 3308 3488 3359 tan-

96 3412 304 3452 summa
332 3396 702 3452 instruxerat
733 3390 1033 3467 religiene,
1070 3390 1258 3446 multa
1287 3392 1607 3448 reverentia
1634 3394 1731 3449 de-

98 3492 372 3554 ponentes.

154 3574 231 3629 47.
258 3576 452 3648 Captio
474 3577 626 3644 regis
653 3572 721 3608 ³¹¹
754 3590 789 3627 a
835 3573 1189 3629 Nortmannis
1215 3570 1302 3627 3“.
1335 3602 1404 3610 -—
1458 3572 1579 3637 Quo
1638 3587 1731 3627 se-

96 3661 253 3731 pulto,
285 3682 417 3720 cum
446 3664 644 3721 adhuc
671 3663 824 3717 inter
851 3677 1045 3734 regem
1069 3660 1397 3732 ducemque
1429 3676 1540 3732 pax
1569 3659 1732 3715 nulla

99 3753 393 3824 composita
422 3757 603 3819 esset,
630 3754 807 3822 atque
836 3767 936 3804 rex
958 3748 1121 3805 dolos
1144 3747 1562 3805 simulaturum
1591 3766 1729 3804 non-

101 3839 219 3895 dum
244 3842 650 3915 perpenderet,
682 3838 924 3895 Erluino
976 3836 1218 3908 suisque
1265 3835 1394 3892 aliis
1453 3837 1727 3910 sumptis,

102 3925 427 3986 Rhodonem
462 3928 674 3997 rediit;
711 3926 793 3981 nil
824 3926 1043 3981 veritus
1069 3942 1205 3980 cum
1235 3925 1438 3997 paucis
1468 3925 1587 3981 illic
1618 3926 1730 3982 im-

103 4018 308 4087 morari,
341 4036 480 4075 cum
512 4019 672 4073 idem
706 4014 1094 4072 consueverit.
1127 4013 1306 4069 Dolus
1336 4014 1492 4086 apud
1520 4016 1728 4071 ducem

102 4118 129 4156 a
154 4096 460 4180 transfugis
481 4110 747 4179 paratus,
782 4102 882 4175 qui
905 4107 1039 4159 ante
1061 4100 1330 4170 latuerat,
1355 4106 1480 4158 orta
1500 4106 1732 4175 oportu-

104 4190 259 4249 nitate
285 4211 349 4251 ex
383 4194 625 4251 raritate
659 4191 938 4257 militum,
973 4190 1030 4245 in
1050 4193 1314 4262 apertum
1335 4191 1548 4263 erupit.
1582 4192 1728 4248 Nam

102 4278 220 4335 dum
250 4281 632 4356 tempestivus
664 4279 983 4345 adveniret,
1017 4279 1089 4334 ab
1122 4277 1411 4351 Hagroldo
1442 4280 1539 4351 qui
1570 4281 1730 4351 Bajo-

103 4369 346 4427 censibus
378 4374 647 4445 przeerat,
673 4385 778 4441 per
807 4367 1157 4440 legationem
1181 4367 1508 4423 suasoriam
1541 4385 1729 4425 accer-

104 4454 247 4512 situs.
288 4460 531 4532 Bajocas
562 4475 697 4515 eum
724 4456 928 4530 paucis
957 4456 1029 4511 ad
1061 4455 1495 4524 accersientem,
1529 4462 1729 4530 utpote

1841 3393 1965 3443 tum
1995 3388 2061 3421 ³¹⁸
2085 3387 2238 3459 regis
2262 3386 2418 3442 filius
2449 3404 2483 3440 a
2512 3387 2779 3459 captione
2810 3390 3119 3459 superfuit.

1912 3478 1998 3532 49.
2033 3476 2199 3537 (946.)
2233 3476 2349 3531 Otto
2379 3476 2466 3541 3”,
2499 3483 2551 3531 et
2578 3475 2892 3532 Edmundus
2921 3494 3071 3546 reges
3100 3479 3488 3549 3",Gcrmano-

1837 3583 1964 3621 rum
1992 3566 2061 3599 3"
2088 3568 2139 3619 el
2166 3564 2465 3634 Anglorum
2482 3565 2544 3631 η,
2572 3564 2631 3618 in
2647 3563 2837 3619 ducem
2847 3581 2949 3636 pro
2970 3567 3038 3602 3”
3050 3584 3172 3640 rege
3184 3580 3481 3627 moventur.

1839 3686 1907 3694 —
1936 3654 2117 3724 Cujus
2150 3652 2229 3706 rei
2263 3651 2529 3707 ordinem
2560 3652 2627 3687 ³²⁰
2645 3653 2844 3729 regina
2861 3670 2995 3709 mox
3011 3655 3485 3730 perlegatosora-

1840 3748 1994 3799 tores
2025 3741 2330 3797 Edmundo
2360 3740 2683 3813 Anglorum
2716 3741 3483 3815 OttoniqueTransrhenen-

1839 3832 1993 3888 sium
2025 3830 2260 3904 regibus
2275 3829 2513 3898 indicat,
2531 3846 2598 3885 ae
2611 3846 2789 3902 super
2802 3830 2911 3887 hoc
2924 3834 3330 3905 gravissimam
3345 3854 3486 3910 que-

1839 3921 2150 3977 rimoniam
2166 3918 2377 3975 litteris
2392 3918 2653 3974 habitam
2668 3920 3008 3977 mittit.0tto
3022 3922 3175 3995 regis
3187 3942 3253 3980 ac
3271 3927 3488 3983 sororis

1839 4027 2040 4067 casum
2073 4009 2299 4074 dolens,
2332 4024 2435 4080 pro
2466 4008 2833 4066 restitutione
2873 4011 3045 4083 regis,
3093 4013 3317 4085 llugoni
3354 4032 3487 4071 mox

1838 4099 2188 4174 legationem
2212 4096 2460 4169 delegat,
2478 4095 2734 4169 plurima
2756 4098 3081 4170 postulans,
3099 4100 3295 4173 aliqua
3312 4104 3486 4160 etiam

1836 4186 2756 4258 intentans.Edmundusquoque
2772 4203 2870 4242 rex
2901 4187 3205 4244 desobrini
3235 4190 3488 4250 miseriis

1837 4279 1980 4334 adeo
2013 4278 2395 4349 conquestus,
2428 4274 2617 4329 eidem
2649 4274 2784 4355 duci
2833 4274 3080 4331 multam
3125 4278 3304 4334 animi
3336 4281 3487 4337 indi-

1837 4365 2170 4440 gnationem
2183 4379 2427 4419 suorum
2443 4361 2729 4433 legatione
2749 4363 3141 4433 demonstrat;
3164 4366 3486 4438 plurimum

1836 4456 1886 4513 si
1919 4472 2033 4510 non
2066 4453 2273 4509 reddat
2302 4450 2682 4506 contraillum
2703 4467 2832 4506 sese
2846 4452 3484 4530 facturumintendens,

106 4544 163 4597 ad
190 4546 411 4618 ﬁdelem
444 4564 622 4620 quem
657 4547 718 4601 in
761 4543 923 4602 nullo
959 4548 1300 4617 suspectum
1330 4544 1615 4601 habuerat
1641 4548 1728 4616 3",
1762 4567 1807 4631 D
1840 4544 2080 4615 insuper
2109 4545 2165 4596 et
2196 4539 2395 4631 hostes
2426 4537 2476 4593 ei
2511 4542 2666 4631 terra
2692 4539 2954 4631 marique
2984 4539 3384 4614 inducturum,
3420 4564 3487 4604 ac

106 4647 317 4692 securus
347 4637 618 4693 accessit.
652 4633 957 4694 Barbarus
976 4650 1110 4690 vero
1168 4633 1425 4690 militum
1472 4634 1731 4707 inopiam

106 4718 347 4793 intuitus,
365 4742 501 4781 cum
530 4722 913 4780 multitudine
936 4724 1294 4778 armatorum
1318 4738 1513 4795 regem
1533 4723 1731 4780 incau-

106 4812 209 4866 tum
222 4814 666 4888 aggreditur.Cu
664 4815 769 4886 jus
789 4811 1107 4869 satellitum
1121 4811 1268 4867 alios
1288 4812 1735 4879 saucians,alios

109 4896 442 4971 interimens,
466 4920 665 4977 regem
690 4901 752 4957 in
785 4901 984 4975 fugam
1006 4900 1181 4973 cogit.
1207 4900 1274 4955 Et
1294 4900 1442 4956 forte
1463 4902 1731 4972 cepisset,

110 4987 199 5043 nisi
228 4992 293 5047 ab
324 4994 455 5065 ejus
483 4992 777 5065 armigero
808 4990 1116 5046 resistente
1147 4987 1227 5043 ibi
1249 5005 1381 5044 mox
1405 4989 1729 5059 interfecto,

111 5072 499 5155 aliquantisper
530 5081 807 5136 detentus
837 5082 1010 5135 esset.
1034 5078 1160 5143 Qua
1188 5093 1352 5132 mora
1373 5093 1471 5133 rex
1490 5079 1625 5150 equi
1646 5097 1734 5136 ve-

1844 4639 2059 4689 terram
2091 4631 2218 4702 ejus
2248 4626 2482 4701 penitus
2512 4626 3200 4699 depopulaturum.Quod
3235 4635 3282 4689 si
3306 4637 3487 4709 quoli-

1841 4724 1939 4779 bet
1965 4720 2273 4776 claudatur
2300 4714 3018 4787 municipio,obsidionem
3049 4721 3371 4780 vehementi
3390 4743 3484 4782 co-

1843 4811 2080 4867 namine
2126 4805 2569 4873 adhibiturum;
2604 4809 2779 4878 atque
2830 4806 3086 4879 amplius
3134 4811 3298 4883 duce,
3342 4832 3403 4871 se
3452 4833 3487 4871 a

1842 4899 2022 4957 Gallis
2084 4899 2461 4966 accepturum
2514 4894 2836 4966 suppetias.
2888 4896 2959 4951 Et
3002 4898 3114 4953 nisi
3183 4917 3377 4975 regem
3423 4903 3483 4958 in

1843 4988 2106 5064 proximo
2157 4984 2381 5047 reddat,
2405 4998 2538 5037 eum
2588 4987 2744 5038 terra
2792 4984 3062 5058 marique
3112 4988 3168 5043 in
3220 4992 3484 5061 proximo

1842 5075 2252 5154 appetendum.

1424 5193 1668 5251 VARUE
1719 5192 2132 5254 LECTIONES.

164 5280 223 5319 πθ
247 5284 321 5340 ati
350 5286 543 5343 deleta.
575 5283 647 5322 ³¹⁰
668 5284 763 5354 he,
798 5283 848 5340 si
877 5283 1107 5340 abscisa.
1139 5282 1204 5355 Ψ
1237 5298 1318 5353 re,
1349 5287 1403 5338 rt
1432 5283 1668 5341 abscisa.
1699 5287 1768 5322 ³¹²
1793 5286 2046 5343 habebat
2078 5283 2129 5338 1.
2159 5280 2228 5355 ³ίὲ
2259 5279 2469 5355 It,_tr_n,
2500 5278 2595 5355 ob,
2619 5295 2698 5355 in,
2731 5280 2796 5347 it,
2829 5281 2900 5336 ad
2931 5298 3002 5338 ex
3030 5284 3257 5355 conject.
3290 5284 3359 5320 ³¹⁴
3376 5287 3477 5341 sic.

111 5347 228 5430 ἓν,
258 5357 385 5413 duci
416 5373 535 5414 non
564 5356 711 5414 satis
741 5347 984 5430 creduli,
1001 5356 1130 5430 iam
1154 5347 1476 5430 ἀειβεὶαίῗίξ
1507 5355 1641 5412 dato
1672 5359 1722 5426 1,
1757 5359 1822 5395 ⁵1⁷
1850 5357 2177 5430 quaerentes
2209 5353 2260 5407 1.
2292 5351 2359 5387 ³¹⁸
2390 5351 2470 5406 ita
2506 5368 2535 5407 c
2570 5352 2639 5391 3"
2659 5349 2724 5421 Ο,
2756 5366 2814 5424 g,
2849 5368 2907 5422 n,
2942 5370 2990 5423 r,
3024 5370 3096 5426 pr
3124 5347 3227 5413 ’ω
3253 5356 3477 5428 conject.

111 5418 165 5456 ³³³
188 5429 319 5499 Qua
341 5436 665 5503 sequuntur,
688 5429 901 5501 passim
927 5418 981 5483 α’
997 5418 1287 5483 Trithemz'o
1311 5443 1344 5483 a
1372 5425 1481 5483 946
1508 5418 1781 5504 exscripta
1810 5418 1956 5488 sunt.

1651 5526 1882 5588 NOTIE.

168 5608 264 5683 (93)
294 5613 651 5679 Flodoardus
682 5617 937 5677 ducenta
964 5616 1080 5676 fere
1108 5614 1298 5674 millia
1329 5615 1555 5679 scribit.
