3838 6238
34 380 105 455 8i
935 390 1482 456 HISTORIARUM
1527 388 1738 456 LIBRI
1779 388 2179 466 QUATUOB.
2210 424 2291 440 —
2318 392 2467 457 LIB.
2514 391 2594 457 II.
3381 391 3463 459 82

44 504 397 599 pavit'.Unde
421 541 564 581 eum
596 542 633 582 a
653 524 906 599 cognatis
929 530 985 582 et
1005 526 1210 583 amicis
1231 528 1377 583 meis
1398 526 1703 599 indignan-
1731 527 1786 595 Α
1882 529 1969 582 76.
2009 527 2192 583 Oratio
2223 530 2292 564 ³⁸⁸
2340 529 2547 585 Ollom's
2579 528 2649 563 ²⁶⁰
2696 527 2840 600 regis
2888 544 2989 603 pro
3044 525 3245 587 eodem.
3278 562 3346 573 —
3374 531 3459 588 Ad

40 615 192 671 tibus
243 633 383 671 esse
433 616 844 689 impetendum
901 617 1240 685 adverteret,
1276 616 1602 673 libertatem
1633 617 1702 652 ³⁸⁵

44 705 360 777 spopondit
382 703 435 759 si
457 703 812 760 Laudunum
836 703 1134 776 acciperet.
1161 705 1277 760 Hoc
1302 709 1529 760 tantum
1551 704 1706 761 elau-

44 793 235 858 debar,
259 793 377 861 hoc
402 792 530 849 solo
553 809 693 848 cum
717 809 886 849 uxore
909 798 965 847 et
994 793 1150 849 natis
1176 793 1518 865 recipiebar.
1553 793 1703 859 Quid

45 881 331 937 facerem?
351 881 567 937 Castro
595 881 777 936 vitam
809 882 1092 953 prmposui
1121 899 1133 937 :
1170 899 1273 954 pro
1306 887 1495 937 castro
1528 881 1703 937 liber-

43 975 213 1026 tatem
239 970 462 1025 merui.
483 971 554 1025 Et
571 987 644 1025 en
661 969 931 1026 omnibus
949 971 1231 1042 privatus,
1254 971 1517 1027 omnium
1532 986 1701 1043 opem

45 1059 317 1129 deposco!
351 1058 457 1113 His
480 1059 531 1114 si
556 1059 675 1113 dux
706 1058 988 1114 contraire
1020 1059 1250 1126 audeat,
1277 1058 1446 1114 nobis
1472 1064 1701 1114 tantum

46 1147 428 1221 singulariter
456 1147 955 1220 congrediendum
987 1148 1087 1203 sit.
1124 1169 1152 1197 ››

107 1238 195 1291 74.
228 1237 427 1292 Oratio
454 1237 526 1271 ³⁸⁸
556 1236 793 1292 Rotberti
820 1237 887 1271 ³⁸⁸
914 1253 1013 1308 pro
1062 1236 1349 1292 Ludovico.
1379 1270 1446 1278 —
1479 1236 1703 1303 Quibus

45 1324 228 1396 palam
244 1323 990 1397 promulgatis,Rotbertus
1005 1324 1492 1396 metropolitanus
1505 1326 1703 1380 subin-

46 1413 182 1468 fert:
215 1436 243 1462 ‹ι
269 1411 1121 1484 Quoniam,inquiens,domni
1147 1418 1321 1485 atque
1342 1415 1701 1469 serenissimi

45 1501 187 1574 regis
216 1502 370 1556 satis
408 1500 662 1556 breviter
691 1518 756 1557 ac
776 1501 1031 1557 dilucide
1064 1502 1374 1575 digestam,
1401 1503 1621 1575 optime
1641 1509 1705 1558 ut

44 1590 289 1645 arbitror
318 1590 808 1662 conquestionem
834 1590 1224 1664 percepimus,
1246 1607 1612 1662 consequens
1627 1591 1705 1646 vi-

45 1679 223 1746 detur,
259 1682 326 1733 ut
356 1679 495 1750 ejus
526 1695 765 1734 causam
796 1677 855 1733 in
888 1683 1178 1751 quantum
1214 1680 1297 1735 fas
1323 1684 1413 1735 est
1434 1680 1704 1736 determi-

43 1785 263 1837 nemus.
290 1767 431 1823 Dux
450 1783 586 1840 ergo
607 1768 746 1838 quia
760 1767 959 1823 omnia
977 1786 1120 1839 pene
1142 1768 1473 1841 regnijura,
1492 1768 1551 1824 in
1576 1785 1703 1825 sese

43 1857 378 1926 transfudit,
406 1856 578 1929 eique
604 1855 828 1912 viribus
860 1852 1031 1912 reniti
1063 1874 1180 1912 non
1210 1857 1702 1926 valemus,mitius

43 1945 142 2000 hoc
172 1945 660 2017 attemptaudum
694 1945 965 2012 arbitror,
1001 1949 1066 2000 ut
1097 1944 1197 2017 qui
1229 1946 1412 2001 Deum
1448 1963 1560 2001 non
1587 1963 1704 2001 me-

43 2034 167 2104 tuit,
186 2038 243 2089 et
263 2033 577 2088 hominem
602 2050 718 2088 non
741 2038 1053 2103 reveretur,
1080 2033 1265 2089 multa
1294 2034 1516 2091 ratione
1549 2035 1702 2090 mul-

44 2128 207 2195 taque
222 2139 433 2178 rerum
448 2121 934 2189 consideratione,
951 2123 1023 2178 ad
1038 2137 1306 2178 normam
1328 2123 1443 2179 Deo
1460 2124 1702 2195 juvante

46 2212 373 2267 reducatur.
404 2209 594 2283 Igitur
607 2211 779 2278 juxta
801 2216 1035 2281 patrum
1058 2211 1306 2276 decreta,
1332 2215 1389 2267 et
1408 2228 1700 2268 canonum

48 2299 347 2373 regulam,i
358 2317 395 2354 n
404 2298 615 2372 primis
630 2298 702 2354 ad
716 2299 1175 2356 satisfactionem
1196 2300 1445 2356 fraterne
1459 2318 1701 2357 monen-

48 2390 148 2445 dus
176 2394 285 2455 est,
318 2387 645 2459 verbisque
698 2387 980 2444 suasoriis
1026 2388 1098 2443 ad
1152 2388 1208 2443 id
1268 2388 1700 2445 modestissime

49 2478 427 2533 revocandus.
454 2477 616 2542 Quod
642 2476 691 2529 si
715 2480 847 2548 post
877 2474 1153 2546 blandam
1184 2476 1565 2533 revocationis
1582 2495 1702 2533 am-

50 2566 427 2623 monitionem
444 2565 789 2637 resipiscere
808 2564 1060 2621 noluerit
1070 2566 1158 2632 ⁸⁸⁷,
1174 2565 1439 2622 omnium
1453 2567 1699 2623 anathe-

50 2659 192 2712 mate
223 2656 497 2722 feriatur,
532 2654 644 2709 hoc
674 2653 956 2709 habentes
1005 2653 1298 2727 praesidio,
1332 2656 1486 2727 quod
1509 2657 1633 2727 jam
1668 2673 1702 2711 a

50 2744 250 2800 domno
280 2760 444 2817 papa
475 2746 775 2798 correctus
813 2741 910 2813 sit,
930 2743 1257 2815 jussusque
1289 2759 1323 2797 a
1352 2742 1575 2798 domini
1609 2744 1699 2799 sui

50 2831 429 2889 insectatione
458 2831 778 2904 quiescere.
813 2853 841 2879 »

110 2923 193 2975 75.
221 2922 522 2993 Responsio
540 2920 610 2956 ³⁸³
633 2921 853 2976 Marini
871 2920 939 2954 ⁸⁸⁸
963 2921 1130 2989 legati
1142 2920 1319 2991 pro”
1337 2921 1521 2976 eodem
1538 2921 1702 2975 ³⁸⁸.-

54 3010 221 3082 Atque
240 3010 338 3066 his
362 3011 623 3065 domnus
640 3007 900 3064 Marinus
915 3008 1249 3079 subjunxit:
1269 3032 1296 3059 «
1315 3010 1699 3075 Reminiscor,

54 3098 641 3169 iuquiens,domnum
665 3113 876 3170 papam
903 3101 1037 3153 ante
1058 3097 1215 3152 hunc
1232 3114 1453 3153 annum
1470 3097 1703 3153 anathe-

54 3188 201 3243 main
216 3204 349 3244 reos
363 3187 603 3243 misisse
622 3186 721 3258 qui
736 3186 891 3241 hunc
911 3186 1218 3241 dominum
1234 3190 1291 3242 et
1306 3202 1497 3259 regem
1515 3187 1698 3241 Fran-

1812 616 1933 671 hcce
1956 634 2052 673 rex
2072 617 2202 672 Otto
2233 635 2245 671 :
2272 641 2299 667 «
2324 618 2527 682 Multa,
2554 616 2763 691 inquit,
2782 624 2921 674 sunt
2943 623 3136 692 patres
3160 620 3459 690 beneficia,

1813 721 1941 776 qua:
1974 722 2007 760 a
2035 705 2199 760 vobis
2249 707 2464 762 domno
2509 722 2574 762 ac
2608 708 2986 764 serenissimo
3018 708 3137 780 regi
3174 709 3463 765 Ludovico

1814 792 2038 849 utiliter
2057 794 2418 850 accomodari
2440 794 2735 850 valebunt.
2757 795 2984 852 Etenim
3004 797 3052 851 si
3074 798 3201 868 ejus
3223 798 3467 856 insecta-

1813 885 1967 937 tores
2014 882 2196 937 armis
2244 883 2457 938 divinis
2507 883 2879 956 adoriamini,
2912 890 3338 957 consequenter
3368 891 3468 943 aut

1814 968 1970 1025 facili
1992 969 2248 1026 tumultu
2272 970 2480 1027 devicti
2504 971 2939 1040 labaseent,aut
2956 974 3003 1029 si
3024 973 3161 1046 quid
3180 974 3463 1048 impeten-

1802 1059 1952 1114 ‘dum
1970 1059 2348 1132 relinquetur,
2368 1059 2598 1115 facilius
2616 1060 2831 1116 nostris
2844 1062 3025 1117 armis
3048 1062 3461 1119 infirmabitur.

1810 1147 1929 1204 Vos
1958 1165 2095 1221 ergo
2111 1149 2356 1221 jubente
2387 1149 2586 1205 domui
2619 1166 2778 1221 papae
2809 1149 3017 1222 legato,
3036 1150 3210 1207 vestri
3240 1151 3465 1209 ordinis

1812 1236 2205 1293 instrumenta
2235 1237 2467 1302 exerite,
2494 1255 2557 1292 ac
2580 1239 2724 1293 tanti
2748 1239 2904 1311 regis
2928 1239 3308 1309 adversarios,
3332 1258 3465 1297 ana-

1814 1326 2090 1381 thematis
2122 1324 2315 1398 gladio
2348 1327 2828 1383 transverberate.
2855 1328 3069 1383 Contra
3098 1345 3226 1401 qum
3259 1329 3308 1385 si
3339 1347 3461 1386 cer-

1814 1415 1995 1470 vicem
2029 1420 2230 1487 postea
2260 1414 2480 1482 erigere
2517 1417 2861 1481 audeant,et
2882 1416 3190 1472 dominicis
3222 1417 3460 1474 interdi-

1814 1504 1926 1558 ctis
1960 1502 2229 1558 resistere
2261 1521 2376 1558 non
2409 1504 2745 1567 formidant,
2781 1509 3048 1560 nostrum
3080 1506 3288 1561 exinde
3326 1507 3458 1574 erit,

1814 1593 2029 1664 quibus
2062 1591 2442 1647 commissum
2462 1592 2624 1646 estin
2643 1592 2752 1647 hac
2779 1593 2981 1647 mundi
3007 1598 3168 1665 parte
3198 1598 3460 1650 sanctam

1813 1679 1913 1736 Dei
1945 1679 2267 1736 accelesiam
2300 1678 2627 1747 tueri,utin
2646 1678 2792 1736 tales
2822 1697 2986 1736 arma
3018 1681 3464 1747 sumamus,hu-

1804 1769 2067 1840 jusmodi
2100 1768 2478 1824 debellemus.
2506 1769 2570 1823 Et
2593 1769 2638 1824 si
2673 1769 2990 1823 necessitas
3022 1769 3461 1842 adurgeat,stri-

1813 1858 1923 1913 ctis
1947 1857 2159 1930 gladiis
2195 1874 2380 1929 usque
2407 1858 2479 1912 ad
2510 1856 3001 1912 immanissimam
3024 1858 3239 1913 caedem
3271 1858 3461 1930 perdi-

1813 1946 2182 2002 tissimorum
2233 1945 2540 2001 hominum
2587 1946 2977 2010 deseviamus,
3006 1946 3207 2002 habita
3238 1947 3297 2001 in
3330 1946 3463 2004 illos

1804 2034 2154 2107 justissima
2183 2033 2605 2105 indignationis
2634 2050 2833 2101 causa,
2853 2035 3007 2105 quod
3042 2034 3245 2090 illicita
3265 2051 3464 2107 aggre-

1812 2122 2071 2189 diantur,
2104 2127 2164 2177 et
2192 2138 2295 2194 pro
2325 2121 2545 2177 illicitis
2574 2121 2905 2190 ammoniti,
2925 2138 3040 2177 non
3072 2122 3457 2195 corrigantur.

1810 2212 1927 2266 Vos
1957 2212 2155 2282 itaque
2183 2214 2411 2266 tantum
2444 2209 2653 2265 vestris
2687 2209 2941 2266 insistite
2966 2227 2980 2278 ;
3012 2214 3069 2266 et
3098 2215 3231 2282 post
3260 2212 3458 2267 mode-

1811 2300 1984 2356 stiam
2011 2304 2263 2355 vestram
2293 2298 2479 2354 virtus
2509 2304 2710 2355 nostra
2739 2303 3038 2371 sequetur.
3076 2320 3102 2349 ››

1878 2391 1968 2443 77.
2005 2389 2249 2460 Epistola
2295 2405 2330 2443 a
2375 2387 2567 2443 sinodo
2594 2388 2664 2424 37°
2691 2388 2762 2443 ad
2791 2389 3064 2458 Hugonem
3094 2388 3343 2457 delegata
3368 2389 3457 2445 37°.

1808 2509 1879 2518 —
1910 2477 2133 2543 Quibus
2172 2476 2366 2543 dictis,
2400 2493 2534 2532 mox
2564 2477 2755 2532 sinodi
2787 2477 3021 2533 decreto
3050 2476 3298 2548 epistola
3324 2477 3459 2533 des~

1811 2564 1997 2637 cripta
2042 2568 2133 2620 est
2189 2563 2501 2637 palamque
2556 2564 2817 2632 recitata,
2850 2565 3002 2621 hanc
3030 2566 3339 2621 verborum
3370 2582 3459 2621 se-

1800 2653 1955 2709 riem
1988 2658 2193 2709 tenens
2227 2654 2340 2725 (99)
2371 2670 2385 2709 :
2421 2677 2447 2703 (ι
2484 2654 2698 2710 Sancta
2730 2652 2977 2710 sinodus
3008 2654 3067 2709 in
3098 2654 3316 2727 palatio
3346 2656 3462 2710 Αιιι

1809 2741 2061 2814 gleheim
2079 2742 2189 2799 sub
2207 2742 2445 2797 domuis
2460 2747 2634 2814 atque
2656 2742 2993 2798 orthodoxis
3012 2743 3249 2815 regibus
3271 2743 3459 2799 Ludo-

1808 2830 1935 2886 vico
1954 2835 2012 2886 et
2031 2831 2239 2887 Ottone
2270 2830 2490 2886 utiliter
2511 2831 2731 2898 habita,
2762 2831 2992 2904 Hugoni
3023 2832 3180 2886 duci.
3212 2830 3458 2895 Quantis

1811 2918 2004 2986 malis,
2021 2924 2361 2992 quantaque
2383 2919 2785 2991 persecutione
2806 2918 3100 2976 vexaveris
3120 2918 3281 2975 illam
3298 2935 3462 2975 vene-

1812 3007 2055 3063 rabilem
2090 3009 2405 3063 Remorum
2436 3007 2824 3080 metropolim,
2844 3011 3063 3080 quanta
3083 3024 3316 3081 quoque
3332 3023 3461 3067 cru-

1812 3095 2047 3152 delitate
2080 3096 2470 3153 debacchatus
2503 3096 2584 3154 sis
2614 3096 2671 3151 in
2697 3096 3003 3152 dominum
3037 3100 3205 3152 tuum
3238 3112 3455 3169 regem,

1811 3201 1912 3240 ora
1939 3184 2203 3240 omnium
2235 3184 2533 3253 locuntur,
2564 3186 2716 3258 apud
2762 3201 2967 3242 omnes
2997 3184 3268 3258 agitatur.
3294 3186 3456 3253 Quod

58 3292 235 3333 corum
255 3277 743 3343 insectabantur;
772 3274 1078 3347 epistolam
1105 3292 1340 3347 quoque
1370 3276 1695 3331 suasoriam
1729 3256 1771 3325 Ο
1811 3289 1987 3345 quam
2020 3272 2390 3340 sceleratum,
2423 3278 2479 3329 et
2509 3291 2686 3347 quam
2720 3273 3101 3346 pernitiosum
3131 3273 3228 3343 sit,
3252 3273 3457 3333 divina:

58 3368 112 3419 ut
129 3366 195 3420 ab
215 3383 282 3421 eo
303 3382 424 3421 non
450 3363 749 3430 deﬁciant,
774 3363 943 3420 bonis
964 3363 1328 3435 quibuslibet
1348 3363 1695 3437 delegatam,

59 3458 211 3525 atque
239 3452 732 3527 conquestionem
782 3451 854 3507 de
902 3453 1108 3507 eadem
1143 3468 1202 3507 re
1228 3452 1440 3507 litteris
1471 3469 1700 3525 expres-

60 3542 268 3608 sam,iis
300 3541 524 3615 quibus
558 3539 758 3595 sanior
786 3556 951 3595 mens
981 3544 1105 3595 erat
1133 3539 1458 3613 delegatam
1494 3539 1693 3596 fuisse.

58 3627 199 3685 Unde
227 3635 283 3686 et
313 3631 532 3703 opinor
551 3628 887 3700 justissime
919 3628 1314 3699 dictum,cum
1338 3633 1473 3686 ante
1494 3644 1528 3682 a
1548 3646 1700 3701 papa

58 3724 271 3775 vocatus
301 3725 485 3792 atque
526 3721 824 3774 correctus
846 3716 943 3785 sit,
969 3733 1125 3772 nunc
1174 3733 1408 3789 quoque
1438 3717 1696 3772 caritatis

63 3808 223 3876 gratia
252 3808 623 3865 revocandus
645 3811 753 3875 est,
778 3810 834 3861 et
852 3803 1307 3879 diligentissima
1339 3805 1613 3861 suasione
1633 3810 1699 3861 ut

65 3910 92 3945 a
117 3896 275 3953 malis
320 3897 596 3970 quiescat
645 3895 1151 3963 commonendus;
1185 3898 1243 3950 et
1272 3898 1404 3967 post
1431 3895 1695 3949 omnium

66 3985 416 4041 anathemate
450 3984 887 4057 dampnandus.
913 3985 983 4039 Et
1009 4000 1123 4039 non
1146 3982 1337 4038 solum
1366 3972 1695 4048 ille,verum

67 4085 243 4129 omnes
273 4075 372 4146 qui
408 4074 463 4129 ei
496 4074 557 4128 in
585 4071 759 4128 malis
784 4073 993 4141 favere
1043 4072 1373 4143 faventque.
1407 4072 1517 4127 Sed
1546 4070 1695 4126 hanc

63 4157 227 4215 solum
250 4180 282 4217 a
302 4161 481 4218 nobis
503 4159 750 4234 accipiet
780 4178 969 4234 opem.
994 4159 1293 4232 Numquid
1319 4176 1450 4215 vero
1479 4160 1551 4215 ab
1582 4159 1695 4215 alio

62 4248 351 4321 quicquam
409 4251 543 4322 opis
603 4248 897 4322 accipiet?
926 4250 1068 4321 Ejus
1115 4247 1453 4321 conquestio
1486 4248 1544 4303 in
1589 4265 1696 4303 sua

63 4334 320 4407 clausula,
354 4355 533 4412 opem
575 4337 841 4394 omnium
870 4337 1145 4411 postulat.
1171 4338 1281 4393 Sed
1313 4336 1363 4393 si
1390 4354 1423 4391 a
1444 4336 1612 4391 nobis
1642 4336 1691 4392 ei

63 4429 420 4495 succurritur,
450 4446 483 4483 a
503 4428 722 4483 domno
746 4427 951 4483 Ottone
981 4443 1115 4499 rege
1147 4426 1286 4498 quid
1310 4423 1595 4497 accipiet?
1626 4426 1695 4480 Et

66 4510 348 4573 decretalis
408 4520 619 4573 sancta
678 4514 1027 4582 acclamant,
1074 4518 1390 4587 postquam
1446 4512 1694 4568 tirannis

1810 3366 1985 3433 atque
2014 3361 2284 3417 humana:
2306 3361 2463 3434 leges
2495 3361 2896 3433 copiosissime
2922 3362 3194 3434 produnt.
3221 3361 3383 3420 Unde
3403 3365 3463 3419 et

1806 3450 1912 3505 tibi
1934 3450 2372 3522 compatientes,
2394 3451 2465 3506 ab
2488 3449 2705 3505 talibus
2727 3453 2782 3505 te
2804 3450 3103 3521 quiescere
3125 3466 3455 3511 monemus.

1807 3539 1878 3593 Et
1898 3538 1970 3593 ad
1993 3536 2297 3593 dominum
2321 3543 2511 3605 tuum,
2532 3536 2718 3592 multa
2735 3537 3207 3594 mansuetudinis
3223 3530 3459 3595 humili-

1806 3629 1924 3681 tate
1954 3626 2296 3698 quantotius
2325 3626 2530 3681 reverti
2565 3625 2889 3681 hortamur.
2924 3626 3086 3691 Quod
3116 3624 3167 3681 si
3195 3630 3457 3683 contem-

1806 3715 2014 3786 pseris,
2032 3713 2377 3786 priusquam
2402 3714 2459 3768 in
2482 3714 2711 3770 diversa
2732 3713 3458 3781 referamur,auathemate

1807 3803 1933 3859 sine
1964 3802 2140 3859 dubio
2172 3808 2227 3858 te
2259 3801 2744 3876 perstringemus,
2769 3803 2952 3859 donec
2982 3807 3085 3859 aut
3109 3801 3455 3868 satisfacias,

1807 3895 1908 3946 aut
1921 3891 2165 3947 Romam
2183 3892 2337 3962 apud
2354 3892 2635 3946 domuum
2651 3907 2860 3963 papam
2878 3890 3330 3947 ratiocinaturus
3353 3908 3455 3964 pe-

1805 3984 1919 4036 tas.
1944 3980 2122 4051 Cujus
2146 3978 2495 4051 litterisjam
2520 3979 2610 4036 bis
2633 3980 2893 4035 monitus
2915 3996 2997 4047 es,
3014 3983 3071 4036 et
3087 3996 3120 4034 a
3142 3983 3306 4036 tanto
3325 3979 3460 4041 faci-

1813 4085 1952 4123 nore
1985 4067 2334 4140 prohibitus.
2362 4068 2523 4123 Unde
2550 4072 2607 4123 et
2637 4085 2743 4123 nos
2774 4071 2905 4139 post
2933 4066 3123 4134 illum,
3146 4067 3457 4139 terciojam

1803 4160 1860 4211 te
1878 4157 1950 4212 ad
1974 4156 2391 4212 correctionem
2414 4158 2892 4211 revocamusii‘.»
2907 4159 3042 4224 Quae
3066 4156 3246 4211 totius
3266 4156 3456 4212 sinodi

1804 4246 2146 4300 auctoritate
2168 4245 2457 4312 roborata,
2472 4245 2605 4299 duci
2621 4261 2724 4316 per
2738 4244 2959 4317 legatos
2973 4261 3105 4299 mox
3118 4244 3453 4301 directaest.

1871 4336 1961 4388 78.
1993 4337 2177 4391 Causa
2207 4334 2436 4388 Artoldi.
2464 4365 2532 4373 —
2562 4334 2698 4389 Post
2739 4332 2859 4388 hsze
2905 4348 3152 4404 surgens
3182 4332 3455 4388 Artoldus

1803 4421 2297 4494 archiepiscOpus,
2331 4437 2527 4476 rerum
2582 4421 2866 4486 ordinem,
2899 4420 2999 4475 sed
3031 4424 3086 4474 et
3118 4418 3304 4490 ipsius
3335 4418 3455 4477 litis

1800 4509 2037 4565 initium
2071 4527 2198 4581 quin
2230 4510 2559 4579 agitabatur
2584 4509 2738 4563 inter
2768 4524 2896 4563 sese
2921 4512 2977 4563 et
3007 4507 3312 4579 Hugonem
3342 4506 3453 4564 sibi

66 4604 345 4662 anathema
363 4604 807 4678 dampnationis
828 4605 899 4659 ab
919 4601 1208 4675 episcopis
1228 4602 1512 4673 injectum
1534 4605 1643 4671 est,
1661 4618 1695 4657 a
1724 4620 1769 4685 Ι)
1801 4600 2186 4671 subrogatum
2236 4599 2598 4670 episcopum,
2632 4595 3096 4685 luculentissima
3147 4595 3447 4652 disseruit.

63 4686 199 4749 bonis
229 4711 465 4768 quoque
498 4693 837 4768 potentibus
867 4692 984 4747 vim
1018 4692 1405 4755 inferendam,
1425 4693 1492 4745 ut
1514 4690 1561 4745 si
1586 4706 1689 4745 aec-

64 4775 369 4839 clesiasticis
386 4781 855 4839 correctionibus
867 4781 937 4835 ad
958 4796 1224 4836 normam
1248 4778 1433 4834 redire
1457 4776 1686 4843 nolunt,

66 4867 235 4926 saltem
265 4872 599 4945 potentium
621 4868 949 4925 vehementi
971 4867 1246 4924 violentia
1266 4867 1336 4922 ad
1361 4866 1581 4921 bonum
1598 4883 1686 4922 re-

68 4953 162 5011 dire
186 4966 481 5033 cogantur,
514 4964 582 5014 ut
609 4957 699 5014 vel
730 4956 934 5013 invitis
963 4957 1116 5011 bona
1144 4957 1512 5028 praestentur.
1550 4975 1578 5002 »

1800 4688 1949 4753 Quin
1974 4693 2027 4742 et
2052 4686 2359 4758 epistolam
2382 4686 2621 4758 profert,
2647 4686 2983 4757 nuperrime
3006 4702 3040 4739 a
3060 4683 3273 4740 domno
3302 4700 3452 4757 papa

1799 4776 1910 4832 sibi
1945 4777 2246 4841 directam,
2276 4793 2378 4847 per
2407 4791 2585 4848 quam
2617 4773 3016 4846 episcopatum
3048 4772 3163 4829 sibi
3196 4773 3451 4829 retinen-

1797 4866 1938 4920 dum
1964 4864 2352 4937 significabat.
2370 4867 2508 4919 Post
2524 4864 2693 4935 cujus
2720 4862 3279 4935 interpretationem,
3294 4862 3451 4935 Sige-

1795 4952 1928 5008 bold
1939 4970 2007 5009 us
2028 4952 2267 5025 quidam
2292 4951 2553 5025 pradicti
2571 4951 2832 5024 Hugonis
2854 4949 3304 5020 clericus,aliam
3318 4964 3451 5007 mox

1382 5096 1625 5152 νΑΗΙίΕ
1675 5094 2091 5152 LECTIONES.

121 5202 177 5237 ³⁸⁸
199 5207 446 5263 reditum
482 5210 533 5263 1.
609 5207 678 5242 ³⁸⁸
709 5205 805 5272 0r,
839 5204 986 5261 berti
1014 5205 1246 5260 abscisa.
1322 5204 1388 5238 ⁸⁸⁷
1422 5219 1477 5257 n.
1511 5202 1683 5257 tertia
1715 5200 1895 5273 hujus
1928 5201 2121 5256 sinodi
2154 5200 2245 5257 die
2275 5200 2383 5255 det.
2460 5201 2526 5236 ³⁸⁸
2575 5200 2706 5268 Res,
2768 5199 2883 5266 Ma,
2932 5214 3055 5271 pro,
3102 5214 3169 5253 eo
3214 5196 3445 5255 abscisa.

68 5268 117 5305 ³⁵⁸
140 5273 222 5344 0r,
247 5279 336 5334 nis
364 5280 603 5335 abscisa.
680 5278 749 5311 ³⁷⁰
782 5268 816 5333 a
836 5276 917 5345 si,
951 5276 1025 5331 ad
1061 5276 1369 5348 Hugonem
1401 5277 1497 5330 ata
1523 5273 1755 5328 abscisa.
1792 5268 1812 5273 ⁷
1834 5272 1898 5306 ³⁷¹
1932 5288 2345 5328 ammonemus
2377 5273 2427 5326 1.

1626 5403 1859 5461 NOTAE.

91 5517 220 5596 ,(99)
254 5522 569 5596 Ερίεῑοιειω
600 5540 731 5579 vere
753 5524 813 5579 in
835 5523 946 5579 bac
977 5524 1196 5596 synodo
1227 5523 1505 5596 scriptam
1537 5536 1684 5588 esse,

72 5583 177 5677 licet
201 5583 231 5646 a
258 5583 850 5677 Flodoardo‘mentio.
875 5583 1028 5677 ej‘us'
1053 5594 1215 5650 nulla
1254 5583 1405 5677 facta
1435 5593 1530 5658 sit,
1561 5583 1689 5677 acta

73 5655 217 5731 huius
246 5668 445 5738 synodi
478 5670 774 5724 testantur
799 5684 813 5735 ;
836 5655 1018 5738 igitur
1049 5682 1178 5722 eam
1208 5682 1241 5720 a
1274 5655 1539 5727 Richero,
1559 5665 1688 5717 acta

1799 5520 2004 5591 synodi
2051 5519 2458 5591 Laudunensis
2505 5518 2659 5591 apud
2705 5515 3092 5574 Flodoardum
3134 5508 3440 5573 evolverat,

1799 5590 1996 5645 fictam
2028 5607 2178 5657 esse,
2210 5590 2453 5663 minime
2482 5590 2670 5646 credo.
