3838 6238
90 355 158 418 89
901 349 1446 413 HISTORIARUM
1487 347 1693 412 LIBRI
1737 348 2140 422 QUATUOR.
2170 382 2249 396 —-
2277 347 2485 412 LIBRI
2529 349 2634 412 III.

3407 347 3492 411 90

94 487 383 555 conlocuti,
455 482 829 560 principibus
887 485 1173 556 praedictis
1223 484 1616 548 internuntiis,
1671 485 1727 539 in
1760 486 1811 551 Α
1843 484 2128 538 viatorum
2161 483 2342 538 relatu
2376 483 2680 555 comperit,
2715 483 3000 554 quosdam
3033 483 3132 556 qui
3165 483 3489 540 latrociniis

93 597 372 639 summam
417 577 796 632 concordiam
849 575 1265 646 benignissime
1313 575 1630 628 redierunt.
1667 577 1764 636 ht.

95 674 295 743 quanto
344 665 760 723 vehementius
810 670 941 720 ante
973 664 1031 718 in
1073 680 1199 719 sese
1251 664 1500 735 grassati
1549 663 1728 726 fuere,

94 764 238 815 tanto
271 755 539 828 amplius
571 754 776 809 exinde
803 753 1060 807 amicitia
1093 770 1152 808 se
1184 752 1610 822 coluere.llugo
1631 751 1734 806 ita-

95 865 191 920 que
218 848 332 901 dux
365 863 476 918 per
507 860 724 899 manus
754 846 808 897 et
829 846 1261 897 sacramentum
1286 840 1438 911 regis
1459 840 1729 908 efﬁcitur,

95 955 151 994 ac
180 935 384 992 turrim
408 933 814 990 Laudunieam
830 931 954 986 suis
986 929 1479 1000 evacuatam,regi
1515 929 1730 995 reddit;

98 1026 320 1081 multam
348 1023 572 1078 abinde
602 1021 778 1077 ﬁdem
811 1036 873 1075 se
901 1024 1267 1074 servaturum
1301 1018 1596 1090 pollicens.

157 1115 236 1170 98.
254 1114 426 1185 (951.)
460 1112 678 1167 Jussus
703 1125 837 1181 ergo
851 1109 922 1164 ab
941 1108 1160 1180 rege,in
1181 1107 1555 1178 Aquitaniam
1576 1123 1734 1162 exer-

100 1204 258 1259 citum
302 1201 427 1274 regi
461 1201 782 1272 parat.Quo
804 1198 864 1252 in
881 1197 1037 1252 brevi
1055 1195 1524 1258 collecto,causis
1542 1213 1735 1250 rerum

101 1291 446 1364 exigentibus
483 1289 558 1343 ad
593 1287 897 1343 interiores
930 1285 1283 1358 Burgundiae
1303 1290 1497 1356 partes
1521 1302 1616 1340 rex
1649 1302 1736 1339 se-

100 1399 216 1436 cum
245 1380 572 1436 exercitum
605 1375 822 1447 dirigit.
856 1377 999 1430 Cum
1030 1390 1166 1446 ergo
1198 1372 1254 1428 in
1287 1391 1426 1445 agro
1470 1373 1739 1427 Matisco-

100 1470 350 1525 nensium
385 1472 587 1522 castra
617 1466 837 1537 ﬁgeret,
869 1462 1092 1518 occurit
1112 1462 1161 1516 ei
1189 1462 1427 1516 Karolus
1457 1462 1738 1516 Constan-

98 1559 260 1621 tinus,
291 1557 540 1611 Vienna
584 1553 836 1608 civitatis
875 1552 1166 1624 princeps,
1198 1551 1443 1621 ejusque
1468 1548 1738 1616 efﬁcitur,

100 1647 254 1702 ﬁdem
288 1643 690 1717 jurejurando
715 1645 941 1713 pactus.
964 1639 1062 1694 llic
1093 1657 1161 1695 ex
1192 1638 1348 1710 regio
1379 1638 1616 1710 quidem
1644 1655 1741 1709 ge-

100 1752 221 1791 nere
242 1740 414 1789 natus
435 1736 588 1797 erat,
611 1731 712 1786 sed
736 1728 1104 1786 coucubinali
1130 1733 1437 1784 stemmate
1461 1745 1648 1799 usque
1669 1729 1740 1782 ad

1841 578 1893 627 et
1926 572 2389 626 discursionibus
2413 572 2765 643 provinciam
2783 572 3157 642 infestabant,
3179 573 3489 646 Angelber-

1840 667 1967 717 tum
1999 662 2219 717 scilicet
2252 667 2307 716 et
2347 663 2719 730 Gozbertum,
2748 662 3130 717 munitionem
3167 680 3293 734 quas
3326 665 3487 719 dice-

1840 752 2014 806 batur
2044 751 2253 806 Briona
2285 749 2658 818 cxstruxisse,
2683 767 2798 821 quo
2829 751 3006 804 etiam
3041 755 3173 822 post
3206 752 3490 824 flagitiosa

1841 841 2111 896 exercitia
2128 856 2256 895 sese
2280 839 2818 911 recipiebant.Hanc
2841 839 3019 910 igitur
3040 857 3136 894 rex
3155 857 3487 913 aggressus,

1843 930 2147 984 obsidione
2178 928 2540 995 circumdat;
2576 945 2888 1000 pugnaque
2918 929 3195 984 continua
3226 945 3292 984 ac
3341 931 3491 986 fame

1844 1019 2074 1084 atterit;
2109 1023 2166 1072 et
2195 1018 2431 1072 tandem
2472 1018 2647 1088 capit,
2682 1018 3097 1089 solotenusque
3128 1019 3326 1074 diruit.
3386 1024 3490 1075 La-

1845 1107 2149 1162 trunculos
2162 1124 2291 1162 vero
2311 1111 2538 1178 petente
2563 1105 2796 1161 Letoldo
2817 1107 2926 1160 sub
2953 1113 3315 1164 sacramento
3331 1109 3492 1164 abire

1846 1197 2149 1268 permittit.

1921 1287 2041 1340 lOl.
2079 1286 2230 1339 Inter
2264 1285 2384 1339 hinc
2417 1301 2549 1338 cum
2599 1302 2693 1339 rex
2742 1285 2798 1338 in
2850 1286 3115 1357 partibus
3149 1289 3491 1359 Burgundiae

1849 1374 2038 1429 adhuc
2066 1375 2439 1439 detineretur,
2495 1373 2757 1444 {Etghiva
2795 1380 2992 1428 mater
3039 1376 3167 1446 ejus
3201 1377 3400 1448 regina
3428 1396 3494 1432 eo

1849 1463 2152 1535 ignorante
2189 1461 2488 1516 Hcriberto
2539 1462 2735 1516 comiti
2771 1463 2988 1534 nupsit,
3039 1470 3095 1517 et
3118 1464 3317 1519 relicta
3350 1467 3490 1522 urbe

1853 1553 2135 1607 Lauduno
2165 1551 2236 1604 ab
2269 1568 2335 1605 eo
2367 1550 2617 1605 deducta
2641 1556 2748 1605 est.
2787 1552 2945 1615 Quod
3000 1569 3094 1607 rex
3124 1553 3498 1610 vehementer

1850 1639 2164 1711 indignans
2184 1641 2272 1705 ³⁸⁸,
2307 1639 2492 1693 redire
2526 1643 2801 1703 maturat,
2836 1644 2892 1694 et
2922 1657 3054 1695 cum
3089 1643 3498 1714 Gerberga,re—

1850 1729 1987 1801 gina
2019 1745 2194 1783 uxore
2227 1729 2576 1782 Laudunum
2602 1729 2945 1799 ingreditur.
2975 1730 3043 1784 Et
3073 1746 3106 1784 a
3128 1735 3314 1785 matre
3348 1733 3501 1786 aufe-

98 1825 354 1880 tritavum
369 1819 776 1885 sordebat,vir
795 1819 1215 1890 grandevus,et
1233 1815 1436 1872 multis
1459 1816 1741 1872 bellorum
1774 1851 1821 1916 Β
1853 1835 1986 1873 rens
2017 1817 2232 1889 praedia
2261 1821 2317 1872 et
2347 1818 2518 1882 mdes,
2552 1816 2740 1888 reglas
2770 1818 2931 1871 uxori
2947 1819 3016 1853 ³⁸⁸
3044 1817 3289 1891 delegat.

99 1909 675 1982 casibus-saepissime
716 1907 971 1970 attritus,
1005 1912 1064 1961 et
1111 1905 1208 1976 qui
1248 1906 1304 1959 in
1336 1905 1739 1977 superioribus

99 2002 402 2074 piratarum
428 1997 790 2054 tumultibus
812 1995 960 2050 felici
985 2011 1304 2067 congressu
1321 1994 1572 2065 insignis
1593 1993 1739 2048 mul-

103 2091 255 2146 teties
281 2088 519 2145 enituit.
553 2085 732 2142 Aﬁ‘uit
779 2084 956 2140 etiam
988 2083 1322 2154 Stephanus
1352 2088 1740 2138 Arvernorum

101 2179 314 2250 praesul,
348 2195 416 2233 ac
450 2176 579 2248 regi
611 2191 738 2231 sese
758 2172 1072 2229 commisit.
1089 2173 1321 2228 Necnon
1341 2177 1400 2227 et
1418 2189 1451 2226 a
1475 2171 1744 2226 Wilelmo

103 2267 508 2340 Aquitanorum
545 2263 805 2336 principe
848 2261 1019 2333 legati
1063 2261 1339 2315 industrii
1372 2262 1606 2325 struere,
1643 2277 1743 2332 pro

106 2373 198 2411 suo
225 2355 490 2428 principe
540 2370 611 2409 ex
658 2352 772 2406 ﬁde
819 2349 1089 2406 habenda
1131 2354 1500 2404 sacramenta
1529 2348 1739 2403 daturi.

109 2445 308 2510 Quibus
359 2448 688 2515 postquam
729 2440 902 2510 jussa
949 2437 1170 2509 regalia
1201 2438 1337 2492 data
1367 2443 1524 2502 sunt,
1557 2454 1654 2492 rex
1685 2437 1744 2491 in

107 2535 289 2589 urbem
310 2531 668 2588 Vesontium
692 2545 819 2600 quze
841 2524 1281 2596 estmetropolis
1307 2527 1744 2590 Genaunorum,

108 2622 188 2678 cui
217 2621 390 2678 etiam
413 2622 475 2674 in
507 2618 758 2689 Alpibus
802 2615 930 2670 sitae
958 2613 1121 2669 Aldis
1155 2613 1334 2670 Dubis
1383 2615 1743 2684 praeterfluit,

108 2711 410 2766 cum-duce
452 2706 774 2765 exercitum
826 2703 1079 2759 deducit.
1128 2705 1316 2774 Atque
1346 2702 1425 2757 ibi
1477 2703 1746 2758 Letoldus

107 2800 351 2870 ejusdem
368 2797 538 2855 urbis
555 2795 848 2868 princeps,
865 2793 936 2848 ad
951 2795 1079 2864 ejus
1093 2791 1366 2847 militiam
1384 2797 1748 2848 sacramento

107 2889 316 2944 transit.

165 2978 248 3032 99.
299 2977 534 3042 Quibus
572 2971 819 3028 feliciter
864 2975 1040 3042 atque
1091 2969 1314 3025 utiliter
1343 2969 1580 3034 habitis,
1614 2987 1746 3026 cum

111 3071 377 3122 autumno
393 3067 754 3126 maturaute,
774 3060 1193 3116 elementorum
1216 3059 1548 3114 immutatio
1567 3062 1749 3128 fieret,

111 3172 196 3212 rex
249 3155 502 3211 coloriae
547 3156 808 3215 vexatus,
851 3149 910 3204 in
958 3154 1189 3205 acutam
1240 3148 1458 3204 febrem
1513 3148 1746 3204 decidit.

1923 1907 2043 1963 402.
2082 1908 2306 1961 Interea
2335 1905 2626 1975 Gerberga
2669 1905 2889 1976 regina,
2922 1905 3186 1962 Lauduni
3235 1909 3500 1978 geminos

1852 1995 2018 2051 enixa
2056 2000 2163 2049 est.
2197 1996 2454 2059 Quorum
2503 1992 2649 2048 alter
2687 1994 2956 2060 Karolus,
3002 1994 3148 2050 alter
3195 1996 3500 2053 Heinricus

1851 2088 2088 2139 vocatus
2109 2088 2215 2138 est.
2237 2085 2308 2137 At
2328 2082 2631 2137 Heinricus
2655 2099 2783 2137 mox
2815 2087 2945 2153 post
2963 2084 3108 2138 sacri
3132 2085 3501 2156 baptismatis

1854 2175 2285 2246 perceptionen,
2318 2171 2376 2226 in
2419 2171 2566 2226 albis
2590 2171 2835 2226 decedit.
2871 2171 3117 2228 Karolus
3141 2177 3336 2228 autem
3366 2191 3499 2230 cum

1855 2261 2105 2316 naturali
2139 2260 2353 2315 virium
2388 2261 2591 2315 robore
2621 2261 2920 2315 educatur.

1929 2352 2049 2404 103.
2086 2349 2412 2404 Ludovicus
2434 2365 2566 2404 vero
2586 2366 2702 2415 rex,
2720 2350 2931 2403 Remos
2963 2350 3212 2416 rediens,
3235 2367 3365 2406 cum
3394 2353 3501 2407 ﬁu-

1855 2439 1944 2494 vio
2002 2440 2212 2492 Axonaa
2262 2437 2696 2510 propinquaret,
2757 2454 2859 2509 per
2902 2439 3251 2509 campestria
3298 2440 3502 2512 lupum

1857 2529 2059 2600 praeire
2094 2527 2399 2599 conspicit.
2434 2529 2613 2592 Quem
2635 2542 2786 2597 equo
2816 2527 3032 2581 emisso
3057 2527 3379 2595 insecutus,
3405 2547 3507 2601 per

1856 2618 2020 2673 devia
2053 2617 2323 2689 exagitat.
2349 2615 2432 2669 Ad
2459 2631 2660 2669 omnes
2695 2615 2824 2670 ferae
2843 2615 3257 2672 declinationes
3288 2634 3505 2689 equum

1858 2706 2171 2778 impatiens
2209 2703 2564 2759 obvertebat.
2632 2705 2746 2759 Nec
2794 2705 3093 2775 quiescere
3142 2707 3498 2777 paciebatur,

1857 2796 2040 2849 donec
2053 2791 2304 2864 equestri
2328 2791 2641 2846 certamine
2660 2791 2975 2863 fugientem
2999 2793 3508 2866 evinceret.Equns

1859 2899 1996 2955 ergo
2030 2899 2130 2953 per
2162 2880 2315 2936 invia
2359 2884 2616 2945 coactus,
2649 2881 2865 2952 cespite
2898 2881 3138 2936 offendit
3168 2887 3346 2954 atque
3377 2901 3506 2954 pro-

1859 2970 2094 3026 labitur.
2132 2971 2248 3025 Rex
2278 2984 2410 3022 vero
2442 2968 2784 3040 gravissime
2812 2969 3048 3024 attritus
3070 2976 3305 3039 casu,et
3335 2972 3509 3026 asuis

1859 3063 2157 3131 exceptus,
2211 3073 2344 3112 cum
2394 3056 2578 3111 multo
2620 3058 2884 3112 omnium
2918 3060 3240 3125 mererem,
3295 3060 3508 3115 Remos

1861 3147 2218 3219 deportatur.
2273 3144 2506 3199 Infestis
2547 3143 2747 3216 itaque
2780 3144 3080 3200 doloribus
3119 3150 3240 3201 toto
3269 3163 3512 3220 corpore

113 3249 236 3301 Cum
263 3261 401 3318 ergo
433 3239 783 3314 mgritudinc
813 3255 1073 3310 pressus,
1109 3237 1384 3294 militaria
1412 3253 1614 3292 curare
1632 3255 1746 3292 non
1779 3218 1823 3282 (ἶ
1860 3218 2194 3291 vexabatur.
2229 3234 2297 3288 Et
2328 3238 2459 3304 post
2487 3232 2776 3290 diutinam
2798 3233 3188 3290 valetudinem
3223 3218 3512 3308 corruptis

115 3339 308 3406 posset,
343 3334 472 3388 dux
500 3331 573 3386 ab
603 3346 670 3384 eo
701 3328 910 3398 jussus
939 3326 1255 3382 exercitum
1289 3325 1532 3380 reducit.
1569 3325 1753 3381 Letol-

116 3424 212 3480 dus
237 3441 369 3479 vero
405 3420 712 3494 princeps,
741 3418 801 3471 in
826 3418 954 3488 ipsa
983 3415 1134 3487 regis
1169 3413 1515 3486 aegritudine
1538 3413 1754 3470 ﬁdelis-

117 3513 243 3567 sime
257 3518 436 3584 atque
471 3505 905 3565 humanissime
924 3505 1044 3576 regi
1065 3503 1402 3559 famulatur.
1426 3505 1496 3556 At
1516 3503 1609 3557 die
1632 3520 1753 3558 cre-

117 3602 212 3656 tica
239 3606 369 3673 post
389 3597 577 3655 febris
599 3594 859 3661 initium,
885 3591 1188 3664 impariter
1208 3593 1492 3657 veniente,
1511 3593 1757 3647 ﬁrmiter

119 3694 165 3744 et
192 3689 498 3745 innecidive
531 3683 848 3742 convaluit.
881 3681 1332 3753 Transactisque
1362 3681 1571 3735 diebus
1604 3681 1753 3734 30³⁸⁷

119 3783 229 3848 post
247 3776 508 3851 corporis
530 3771 983 3845 reparationem,
1002 3787 1136 3825 cum
1153 3769 1388 3825 Letoldo
1409 3769 1670 3841 principe
1693 3767 1751 3823 in

123 3865 396 3922 Fraus-iam
433 3864 611 3921 redit.

175 3955 290 4012 ιω.
320 3956 388 4011 Et
417 3969 556 4010 cum
582 3951 713 4021 jam
748 3949 1095 4020 Burgundiaa
1130 3951 1392 4004 extrema
1418 3947 1748 4019 attingeret,

1868 3323 2113 3380 interius
2142 3322 2551 3377 visceribusob
2576 3321 2889 3377 humerum
2915 3324 3510 3395 superfluitatem,ele-

1865 3412 2106 3468 fanciasi
2138 3416 2318 3482 peste,
2351 3416 2471 3465 toto
2502 3409 2912 3465 miseraoiliter
2935 3427 3175 3483 corpore
3206 3414 3508 3484 perfundi-

1864 3507 1969 3557 ter.
2004 3503 2127 3566 Qua
2157 3499 2384 3554 diutius
2403 3498 2882 3565 confectus,anno
2914 3501 3073 3571 regni
3109 3501 3199 3555 sui
3227 3501 3291 3556 18
3317 3519 3350 3556 a
3369 3506 3510 3556 natu

1863 3595 2056 3646 autem
2090 3591 2159 3643 36
2189 3588 2341 3641 diem
2366 3587 2491 3640 vita:
2514 3586 2725 3640 clausit
2753 3591 3100 3654 extremum,
3121 3588 3506 3660 sepultusque

1863 3683 1950 3734 est
1978 3677 2037 3731 in
2071 3675 2332 3731 ccenobio
2375 3674 2793 3729 monachorum
2828 3676 3012 3730 sancti
3048 3677 3319 3748 Remigii,
3353 3677 3507 3748 quod

1862 3767 2041 3821 distat
2065 3767 2179 3820 fere
2197 3763 2354 3818 milia
2365 3762 2446 3817 rio
2470 3780 2584 3818 uno
2600 3763 2672 3818 ab
2688 3764 2850 3830 urbe,
2867 3780 3000 3818 cum
3025 3763 3228 3821 multis
3245 3765 3510 3820 omnium

1862 3853 2156 3910 lamentis.

1455 4089 1691 4145 VARI/E
1731 4085 2148 4144 LECTIONES.

179 4208 236 4240 ³⁸τ
265 4210 348 4265 Η
376 4227 521 4265 corr.
558 4205 722 4264 XXX.
800 4206 868 4240 ³⁸⁸
896 4203 935 4258 i.
969 4220 1104 4260 cum
1136 4203 1420 4276 gerberga
1447 4203 1642 4259 deleta.
1719 4203 1787 4238 ⁸⁸9
1817 4219 1875 4258 u.
1911 4200 2111 4257 omnia
2140 4201 2406 4256 delatum.
2484 4200 2553 4233 ³⁹⁰
2585 4197 2748 4254 luctu
2778 4216 2920 4254 corr.
2957 4217 3200 4254 merere.

1343 4493 1677 4582 LIBER
1737 4493 2271 4580 TERTIUS.

180 4826 225 4880 4.
258 4828 508 4884 Peractis
541 4830 741 4882 autem
775 4823 1059 4895 exequiis,
1093 4823 1384 4894 Gerberga
1414 4823 1633 4896 regina,
1668 4823 1751 4878 le-
1785 4827 1828 4890 Ι)
1862 4837 2069 4877 omnes
2114 4820 2172 4874 in
2204 4819 2407 4874 urbem
2442 4818 2755 4874 Remorum
2791 4817 2944 4890 apud
2976 4819 3326 4892 Gerbergam
3360 4819 3508 4891 regi-

127 4920 267 4984 galos
295 4917 496 4989 dirigit
529 4915 812 4971 fratribus
844 4912 992 4980 suis,
1015 4911 1212 4969 Ottoni
1237 4913 1380 4983 regi,
1402 4929 1468 4968 ac
1500 4912 1754 4968 Brunoni

127 5016 181 5054 ex
199 5002 434 5073 praesule
459 5003 595 5057 duci
624 5021 637 5069 ;
672 5018 897 5056 necnon
920 5005 976 5055 et
1007 4999 1232 5072 Hugoni
1259 4999 1575 5055 Galliarum
1597 4999 1752 5066 duci,

129 5096 302 5160 petens
332 5109 434 5164 per
462 5108 584 5161 eos,
621 5089 962 5145 Lotharium
997 5088 1180 5143 ﬁlium
1211 5105 1386 5142 suum
1419 5088 1474 5142 in
1509 5104 1753 5160 regnum

129 5180 254 5247 patri
281 5180 560 5236 defuncte
591 5178 923 5245 succedere,
953 5177 1285 5232 Adveniunt
1314 5175 1511 5249 itaque
1550 5177 1623 5232 ab
1656 5177 1752 5232 Ot-

129 5269 250 5345 tene:
269 5285 400 5341 rege
429 5284 634 5323 omnes
648 5284 718 5323 ex
740 5265 1126 5338 Belgieaduce
1149 5265 1414 5321 Brunone
1437 5265 1754 5338 principes,

131 5356 292 5418 sedfet
319 5373 390 5410 ex
421 5355 734 5412 Germania
780 5353 980 5426 aliqui.
1005 5355 1183 5411 Adest
1209 5354 1382 5409 etiam
1415 5354 1580 5427 Hugo
1620 5353 1755 5410 Gal-

129 5433 313 5498 liarum
328 5444 464 5498 dux.
488 5433 850 5499 Conveniunt
873 5460 1103 5515 quoque
1129 5443 1473 5514 Burgundiae
1493 5448 1545 5498 et
1575 5443 1754 5514 Aqui-

131 5532 278 5586 tanis:
309 5531 602 5604 simulque
623 5537 680 5588 et
701 5532 919 5589 Gothiae
952 5532 1266 5604 principes.
1291 5531 1556 5603 Episcopi
1577 5533 1753 5587 etiam

133 5636 156 5675 θ
179 5619 411 5676 diversis
450 5620 755 5692 regionum
805 5620 1051 5677 urbibus
1081 5618 1451 5676 conveniunt.
1485 5621 1666 5690 Atque
1696 5620 1752 5675 bi

1867 4926 2002 4965 nam
2033 4909 2157 4981 pari
2191 4907 2556 4964 votocollecti
2589 4910 2746 4963 sunt.
2764 4907 3042 4963 Omnium
3063 4910 3127 4964 ﬁt
3148 4925 3508 4974 consensus;

1863 4999 2139 5054 omnibus
2165 4998 2360 5054 animo
2383 4997 2552 5062 inest,
2570 4996 2905 5052 Lotharium
2924 4997 3073 5069 patri
3098 4998 3367 5054 defuncte
3384 5014 3512 5053 suc-

1862 5087 2084 5142 cedere.

1932 5180 1986 5230 2.
2023 5175 2434 5253 Universorum
2487 5173 2683 5246 itaque
2729 5191 3040 5244 consensu,
3093 5193 3127 5230 a
3157 5175 3373 5230 domno
3405 5177 3507 5229 Ar-

1861 5264 2018 5320 toldo
2071 5265 2385 5319 Remorum
2419 5261 3191 5338 'metropolitano,‘favente
3241 5263 3511 5317 Brunone

1864 5354 1992 5425 ejus
2017 5351 2320 5420 cvunculo,
2352 5351 2832 5425 principibusque
2851 5340 3215 5408 diversarum
3245 5351 3508 5422 gentium

1866 5442 2264 5508 laudantibus,
2301 5441 2609 5496 Lotharius
2659 5427 3012 5506 duodennis,
3047 5457 3143 5494 rex
3192 5443 3422 5492 creatur
3453 5438 3506 5490 in

1865 5529 2107 5587 basilica
2137 5527 2321 5583 sancti
2373 5528 2640 5600 Remigii,
2677 5527 2775 5582 ubi
2817 5532 3154 5609 pater..,suus
3185 5524 3509 5580 tumulatus

1864 5636 1998 5675 cum
2029 5617 2160 5674 aliis
2189 5617 2426 5688 regibus
2474 5616 2718 5688 sepultis
2765 5615 3118 5686 quiescebat.
3153 5613 3509 5685 Creatusque
