3838 6238
313 355 385 423 91
662 406 665 409 .
1028 294 1034 317 Ι
1408 349 1730 415 RICHERI
1774 350 1839 412 S.
1887 346 2191 413 REMIGII
2234 348 2615 414 MONACHI.

3630 352 3716 414 92

316 509 433 558 rex,
468 507 501 547 a
533 492 715 546 matre
743 486 1035 560 Gerberga
1065 484 1358 558 simulque
1373 485 1806 557 etprincipibus
1821 489 1958 540 Lau-
1989 484 2037 549 Α
2071 483 2296 556 repetit.
2350 485 2475 540 Dux
2504 501 2636 541 vero
2666 485 2870 541 Parisii
2911 488 3196 559 receptus,
3231 485 3288 542 in
3321 487 3710 558 egritudinem

318 582 545 637 dunum
557 580 646 647 39‘,
662 578 763 633 ubi
783 595 851 632 ex
867 577 1110 648 antiquo
1124 575 1282 649 regia
1293 591 1420 631 esse
1437 575 1605 630 sedes
1619 574 1962 640 dinoscitur,

316 688 534 744 magna
568 686 764 724 rerum
815 665 1135 722 ambitione
1178 664 1414 720 inclitus
1461 662 1786 719 deducitur.
1839 662 1965 716 Dux

319 758 595 816 continue
621 757 673 813 ei
702 755 1039 811 individuus
1061 753 1309 821 assidet;
1340 758 1398 808 et
1428 753 1498 807 ad
1530 750 1775 807 multam
1808 750 1962 821 regis

313 846 764 904 benivolentiam
798 844 1062 899 animum
1094 842 1420 907 intendens,
1454 844 1764 912 postquam
1796 839 1960 910 prin-

314 937 471 1009 cipes
493 936 553 991 in
584 934 1044 1002 suadiscessere,
1070 932 1308 1004 privatis
1327 947 1459 985 cum
1490 946 1622 1001 rege
1653 927 1960 999 colloquiis

315 1026 677 1082 eoutebatur.
702 1025 770 1079 Et
789 1027 851 1077 ut
872 1039 988 1076 sua:
1013 1018 1309 1075 fidelitatis
1329 1018 1602 1073 virtutem
1626 1016 1856 1089 penitus
1869 1016 1964 1071 de-

315 1117 686 1180 monstraret,
720 1128 913 1181 regem
965 1111 1209 1181 ejusque
1253 1111 1499 1163 matrem
1534 1123 1672 1162 suas
1701 1106 1875 1161 urbes
1905 1108 1961 1160 et

313 1203 525 1277 oppida
552 1202 611 1256 in
644 1205 764 1257 tota
794 1199 1063 1255 Neustria
1092 1198 1275 1253 visere
1307 1197 1472 1269 petit,
1508 1195 1869 1266 obtinetque.

380 1296 432 1348 3.
466 1291 782 1348 Deducitur
822 1305 958 1361 ergo
1008 1305 1041 1342 a
1071 1288 1218 1341 duce
1260 1302 1358 1340 rex
1384 1301 1518 1340 cum
1546 1288 1731 1338 matre
1762 1282 1960 1351 regina

310 1400 412 1455 per
468 1380 826 1443 Neustriam,
877 1395 942 1433 ac
974 1378 1045 1432 ab
1095 1393 1160 1431 eo
1211 1374 1625 1430 decentissime
1674 1362 1960 1444 excipitur

310 1470 511 1535 Parisi,
548 1467 899 1530 Aureliauis,
945 1464 1202 1533 Carnoti,
1251 1462 1523 1529 Turonis,
1566 1461 1753 1529 Bleso,
1797 1461 1957 1515 aliis-

306 1576 420 1633 que
451 1577 629 1632 quam
673 1556 966 1629 plurimus
997 1552 1284 1609 Neustriaa
1313 1551 1558 1607 urbibus
1588 1550 1953 1623 oppidisque.

307 1650 446 1705 Inde
478 1662 710 1719 quoque
741 1662 875 1700 cum
899 1643 1153 1698 exercitu
1182 1640 1239 1695 in
1264 1638 1635 1712 Aquitaniam
1671 1639 1950 1694 feruntur.

306 1739 376 1794 Et
397 1734 714 1809 praemissis
735 1732 966 1804 legatis,
991 1746 1124 1785 cum
1144 1727 1449 1786 Wilelmus
1469 1726 1738 1799 princeps
1763 1743 1958 1781 occur-

308 1843 432 1881 rere
462 1823 660 1890 nollet,
687 1821 965 1878 Pictavim
988 1818 1353 1884 adoriuntur,
1380 1815 1702 1889 principem
1727 1815 1805 1871 ibi
1829 1832 1956 1871 esse

307 1914 437 1969 rati.
470 1916 613 1967 Cum
637 1927 772 1983 ergo
794 1908 1081 1965 exercitus
1106 1905 1618 1962 vehementissime
1640 1903 1844 1959 urbem
1869 1908 1955 1959 at-

306 2006 538 2067 tereret,
571 2004 629 2055 et
670 1998 1001 2055 diutissime
1049 2012 1308 2068 pugnam
1358 1994 1603 2049 urbanis
1635 1993 1893 2058 inferret,
1925 2009 1959 2048 a

307 2090 663 2164 quibusdam
688 2087 862 2160 regiis
883 2089 1142 2142 castrum
1170 2088 1383 2140 sanctae
1406 2081 1782 2155 Radegundis
1826 2082 1957 2137 urbi

306 2180 670 2253 contiguum,
686 2174 1376 2246 clandestinairrcptione
1388 2176 1624 2244 captum
1644 2176 1817 2243 atque
1830 2187 1959 2226 suc-

304 2285 547 2325 censum
578 2270 687 2324 est.
731 2266 1040 2337 Comperto
1070 2280 1202 2319 vero
1235 2262 1560 2335 principem
1586 2254 1955 2325 nen‘adesse,

302 2359 540 2415 tandem
558 2359 689 2429 post
701 2356 953 2411 duorum
969 2352 1261 2408 mensium
1277 2350 1420 2416 dies,
1434 2350 1624 2405 victus
1636 2348 1960 2420 indigentia

306 2446 562 2502 exercitu
593 2444 855 2514 fatigato,
883 2442 956 2496 ab
988 2440 1335 2496 obsidionne
1356 2438 1696 2494 disceditur.

378 2536 430 2589 4.
461 2531 774 2587 Wilelmus
791 2547 923 2585 vero
953 2529 1241 2584 Arvernim
1266 2529 1410 2583 fines
1443 2526 1809 2599 perlustrans
1830 2542 1958 2597 quae

308 2627 396 2678 est
415 2618 739 2693 Aquitaniae
780 2618 1030 2691 pars,fab
1061 2616 1294 2688 oppidis
1320 2615 1537 2671 milites
1558 2614 1859 2681 educebat,
1885 2614 1957 2670 ad

308 2726 568 2784 pugnam
599 2706 914 2764 exercitum
943 2705 1242 2778 colligens.
1277 2704 1644 2776 Collectoque
1669 2702 1729 2758 in
1760 2719 1957 2775 regem

309 2801 511 2857 fertur.
544 2800 667 2864 Quo
711 2814 810 2852 rex
848 2799 1164 2869 comperto,
1208 2795 1354 2850 duce
1387 2794 1611 2849 favente
1640 2792 1957 2849 exercitum

311 2888 371 2944 in
405 2888 633 2943 hostem
664 2885 905 2941 reducit.
955 2884 1266 2957 Signisque
1296 2881 1527 2938 infectis
1557 2881 1955 2954 congreditur.

309 2976 602 3034 Acerrime
634 2974 974 3031 dimicatum
1002 2977 1108 3040 est,
1143 2971 1443 3028 nonnullis
1462 2971 1758 3043 utrimque
1790 2968 1955 3024 fusis.

309 3067 420 3123 Sed
452 3066 610 3138 regio
659 3064 921 3136 equitatu
937 3064 1005 3098 39’
1052 3061 1419 3134 praevalente,
1471 3059 1791 3131 Aquitanos
1822 3058 1959 3130 fuga

306 3155 578 3227 exagitat.
616 3152 804 3225 Regiaa
820 3168 955 3208 vero
987 3150 1140 3206 acies
1160 3148 1561 3221 promtissime
1591 3148 1954 3203 insecuntur.

2049 573 2306 646 .decidit,
2351 591 2466 646 qua
2504 574 2752 629 nimium
2802 576 3061 643 affectus,
3114 576 3245 631 vitae
3287 576 3462 631 ﬁnem
3495 579 3716 648 accepit

2072 664 2239 735 (956).
2293 662 2687 735 Sepultusque
2733 668 2822 719 est
2852 665 2913 719 in
2958 663 3202 720 basilica
3250 665 3438 720 sancti
3471 664 3717 720 Dionisii

2072 751 2348 807 martiris.

2139 842 2193 896 6.
2232 843 2457 897 Interea
2486 841 2693 897 Ottone
2722 858 2856 915 rege
2887 841 3143 898 Bulizlao
3176 843 3579 899 Sarmatarum
3594 844 3721 917 regi

2070 929 2287 985 bellum
2319 929 2625 997 inferente,
2652 931 3241 1003 Ragenerusquidam
3265 949 3447 1005 quem
3477 932 3601 987 Otto
3621 950 3723 987 rex

2068 1019 2140 1074 ob
2173 1019 2498 1074 custodiam
2531 1019 2589 1074 in
2617 1019 2844 1092 Belgica
2872 1020 3194 1086 dimiserat,
3228 1020 3420 1076 multa
3449 1038 3576 1093 quae
3602 1022 3717 1076 illi-

2070 1108 2187 1163 cita
2216 1113 2383 1164 erant
2430 1109 2839 1180 praesumebat.
2893 1113 3050 1164 Inter
3077 1126 3205 1181 qua:
3252 1110 3405 1165 aedes
3454 1110 3639 1182 regias
3664 1116 3721 1166 et

2068 1197 2285 1268 prazdia
2335 1196 2553 1269 regalia
2595 1198 2894 1270 Gerbergae
2944 1197 3153 1271 reginae
3199 1215 3327 1269 quae
3380 1198 3441 1253 in
3493 1198 3720 1270 Belgica

2071 1290 2256 1351 erant,
2291 1285 2578 1341 tirannica
2598 1287 2999 1342 temeritate397
3017 1286 3301 1359 pervadit.
3336 1286 3561 1360 Regina
3587 1305 3721 1342 vero

2067 1374 2222 1444 apud
2251 1390 2390 1428 suos
2418 1374 2489 1429 de
2527 1374 2855 1446 repetendis
2902 1374 3137 1446 prsidiis
3178 1377 3235 1430 et
3273 1373 3502 1430 aedibus
3547 1376 3720 1448 regiis

2067 1461 2337 1533 privatim
2360 1462 2689 1518 consultare
2720 1479 2835 1518 non
2868 1462 3118 1519 distulit.

2134 1553 2191 1605 7.
2236 1551 2390 1606 Inter
2419 1568 2568 1623 quos
2599 1568 2733 1606 cum
2766 1555 2932 1622 pater
2961 1568 3128 1607 meus
3150 1552 3330 1623 hujus
3362 1553 3444 1607 rei
3479 1553 3723 1625 disposi-

2065 1638 2210 1694 tioni
2240 1639 2533 1695 videretur
2560 1640 2828 1709 idoneus,
2876 1641 2949 1695 ab
2971 1658 3037 1695 eo
3072 1640 3129 1695 id
3161 1657 3539 1713 summopere
3569 1642 3723 1698 ordi-

2067 1729 2330 1784 nandum
2371 1729 2695 1800 petebatur.
2729 1729 2893 1795 Quod
2924 1728 3099 1785 etiam
3134 1729 3261 1802 ipse
3290 1729 3723 1802 disponendum

2067 1817 2435 1890 suscipiens:
2476 1839 2495 1866 ι
2552 1818 2756 1884 Sinite,
2810 1818 3025 1890 inquit,
3075 1835 3180 1890 per
3206 1819 3332 1874 dies
3375 1818 3603 1892 aliquot
3630 1837 3723 1875 me

2065 1906 2221 1962 istud
2248 1905 2565 1978 explorare.
2599 1908 2669 1961 Et
2693 1906 2743 1962 si
2773 1906 3012 1979 quidem
3032 1908 3251 1962 nostris
3280 1908 3507 1965 viribus
3538 1909 3595 1963 id
3619 1926 3721 1981 par

2066 1994 2261 2063 fuerit,
2290 1995 2490 2067 procul
2537 1994 2718 2051 dubio
2741 2013 2843 2068 per
2872 1996 2982 2052 hoc
3013 1982 3295 2069 temporis
3346 1997 3719 2053 intervallum

2066 2082 2618 2156 contemplabimur.
2639 2085 2723 2139 Ad
2738 2084 2853 2139 alia
2872 2084 3107 2140 interim
3131 2101 3233 2140 vos
3252 2084 3415 2157 ipsos
3443 2087 3715 2141 conferte.

2067 2172 2217 2228 Illud
2251 2177 2481 2228 tantum
2513 2189 2547 2227 a
2574 2173 2740 2228 vobis
2757 2174 2824 2208 3"
2855 2173 3216 2245 expediatur,
3248 2177 3316 2228 ut
3342 2174 3391 2230 si
3424 2191 3460 2229 a
3485 2179 3596 2230 Deo
3625 2192 3721 2230 no-

2067 2261 2178 2317 blis
2227 2262 2307 2316 rei
2360 2263 2625 2335 gerenda
2662 2261 3031 2333 oportunitas
3060 2263 3414 2331 conferatur,
3437 2265 3595 2336 apud
3622 2281 3720 2319 vos

2067 2350 2231 2406 nulla
2260 2368 2426 2407 mora
2456 2351 3011 2423 attemptandiopus
3032 2350 3338 2407 habeatur.
3359 2352 3455 2408 Sic
3487 2370 3715 2426 quoque

2067 2458 2101 2495 a
2131 2456 2257 2495 sese
2287 2439 2464 2496 soluti
2495 2443 2653 2495 sunt.

2138 2532 2190 2584 8.
2233 2530 2402 2585 Pater
2423 2546 2588 2597 meus
2621 2529 2817 2601 itaque
2849 2530 2920 2584 ad
2950 2529 3233 2602 oppidum
3257 2531 3519 2603 praedicti
3545 2532 3721 2605 Rege-

2066 2619 2188 2690 peri
2236 2619 2390 2690 quod
2438 2618 2656 2674 dicitur
2698 2618 2945 2673 Monam
2993 2619 3345 2675 castratiloci
3397 2621 3569 2691 (101),
3621 2620 3719 2675 ubi

2066 2707 2243 2763 etiam
2260 2723 2403 2762 uxor
2421 2707 2550 2777 ejus
2572 2723 2706 2762 cum
2723 2707 2952 2763 duobus
2972 2706 3113 2763 filiis
3139 2709 3334 2780 parvis
3355 2710 3714 2780 morabatur,

2067 2796 2354 2868 quosdam
2376 2813 2619 2852 suorum
2651 2814 2800 2868 quos
2822 2796 3024 2868 ipsein
3056 2796 3414 2853 militaribus
3434 2797 3723 2854 instruxe-

2068 2889 2157 2940 rat
2187 2884 2406 2957 dirigit,
2440 2886 2539 2957 qui
2561 2885 2668 2940 loci
2700 2885 3109 2941 habitudinem
3129 2886 3505 2958 militumque
3521 2904 3722 2942 nume-

2067 2990 2221 3039 rum,
2256 2989 2450 3029 rerum
2481 2973 2657 3028 etiam
2676 2973 2972 3029 fortunam
2995 2990 3062 3029 ae
3093 2973 3448 3030 famulorum
3471 2977 3711 3042 exitum,

2064 3060 2430 3133 vigilumque
2476 3061 2864 3135 diligentiam,
2929 3061 3268 3119 cautissime
3321 3064 3711 3120 considerent.

2068 3148 2396 3205 Procedunt
2416 3148 2612 3221 itaque
2630 3150 2744 3205 duo
2764 3153 2995 3205 tantum
3027 3150 3086 3205 in
3110 3149 3313 3207 habitu
3346 3153 3714 3225 paupertino,

306 3246 372 3299 In
397 3217 513 3315 qua
547 3242 686 3314 fuga
700 3217 977 3296 nonnulli
1016 3217 1437 3311 Aquitanorum
1476 3237 1785 3303 interfecti,
1819 3235 1951 3307 plu-
1985 3217 2028 3283 C
2065 3255 2133 3294 ac
2162 3256 2347 3311 usque
2368 3238 2441 3293 ad
2471 3217 2669 3311 oppidi
2696 3242 2923 3311 portam
2955 3240 3289 3296 deveniunt.
3322 3217 3715 3298 Exstrueban;

306 3330 441 3389 rimi
472 3334 669 3387 autem
701 3328 854 3401 capti
886 3328 1140 3383 fuerunt.
1168 3326 1479 3384 Wilelmus
1510 3343 1642 3382 vero
1665 3326 1831 3382 devia
1861 3341 1955 3380 se-

306 3425 499 3487 cutus,
527 3436 662 3475 cum
689 3418 920 3473 duobus
949 3417 1042 3472 vix
1072 3433 1174 3489 per
1202 3416 1452 3487 abrupta
1482 3415 1758 3487 profugit.

376 3512 430 3565 5.
469 3509 588 3564 Rex
634 3523 770 3580 ergo
833 3523 1109 3579 prospero
1171 3504 1308 3560 belli
1358 3521 1634 3561 successu
1684 3503 1955 3574 insignis,

306 3598 538 3657 acies”3
578 3599 791 3653 iterum
817 3595 1066 3651 Pictavis
1103 3594 1303 3649 inferri
1318 3594 1590 3665 jubetm.
1622 3592 1958 3648 Arbitraba-

306 3694 403 3744 tur
435 3686 671 3755 etenim,
706 3685 913 3741 urbem
942 3689 1082 3739 tunc
1115 3683 1392 3738 facillime
1421 3681 1549 3754 capi
1584 3698 1774 3753 posse,
1824 3698 1958 3736 cum

307 3777 594 3834 exercitus
628 3773 878 3829 recentis
909 3771 1045 3827 belli
1077 3770 1451 3827 animositate
1501 3770 1693 3825 adhuc
1725 3772 1958 3838 ferveat,

307 3869 364 3921 et
396 3862 606 3918 urbani
638 3861 823 3917 multo
846 3860 1223 3915 detineantur
1253 3862 1434 3924 metu,
1466 3859 1537 3913 ob
1571 3858 1852 3930 principis
1870 3857 1962 3913 sui

310 3954 531 4025 fugam,
587 3950 833 4021 ejusque
876 3947 1131 4002 militum
1182 3946 1472 4002 infelicem
1517 3950 1810 4001 eventum.
1842 3951 1963 4001 Dux

307 4045 507 4112 itaque
520 4038 672 4111 regis
687 4035 1233 4109 magnanimitatem
1248 4035 1432 4090 multo
1448 4034 1636 4089 favore
1648 4033 1962 4106 excipiens,

308 4127 627 4185 exercitum
657 4125 791 4181 licet
812 4124 1141 4196 fatigatum,
1167 4127 1223 4177 et
1249 4126 1445 4178 tamen
1471 4139 1579 4177 sua
1608 4122 1963 4196 benignitate

309 4220 570 4289 captum,
624 4213 756 4269 urbi
797 4211 1039 4268 reducit.
1091 4211 1306 4267 Urbani
1349 4228 1482 4266 vero
1530 4210 1666 4266 belli
1697 4228 1836 4266 casu
1869 4229 1964 4267 ex-

309 4306 559 4373 animes,
613 4301 791 4359 vitam
823 4302 1166 4373 deposcunt,
1201 4305 1258 4355 et
1288 4316 1391 4373 pro
1426 4298 1589 4355 urbis
1622 4298 1966 4356 illesione395

311 4394 665 4468 supplicant.
689 4393 832 4449 Cum
863 4394 1061 4446 autem
1084 4388 1373 4445 exercitus
1398 4389 1600 4444 urbem
1618 4389 1670 4443 vi
1703 4388 1874 4445 vellet
1894 4389 1967 4444 ir-

311 4500 606 4557 rumpere,
642 4485 700 4538 et
725 4479 913 4553 spolia
942 4483 1263 4552 asportare,
1299 4478 1417 4533 dux
1447 4477 1649 4533 habita
1679 4479 1835 4551 apud
1867 4495 1966 4535 eos

2062 3333 2160 3383 tur
2188 3332 2329 3383 tunc
2352 3327 2505 3383 muri
2536 3327 2783 3400 perloca
2814 3328 3140 3400 potioribus
3171 3328 3455 3386 aediﬁciis.
3478 3330 3643 3387 Unde
3664 3335 3717 3386 et

2064 3417 2328 3489 lapidum
2376 3417 2759 3488 caementique
2808 3417 3142 3489 portitores,
3173 3435 3324 3489 saepe
3357 3435 3460 3491 per
3490 3423 3716 3491 portam

2066 3506 2535 3579 egrediebantur,
2572 3506 3167 3578 regrediebanturquc
3198 3512 3484 3579 praesente
3514 3525 3713 3563 eorum

2067 3594 2169 3666 qui
2218 3594 2376 3666 operi
2426 3595 2871 3666 praestdebat‘“.
2920 3596 3152 3651 Adsunt
3199 3582 3617 3667 exploratores,
3665 3600 3718 3652 et

2069 3683 2140 3738 ad
2172 3682 2659 3754 comportandum
2673 3682 2897 3754 lapides
2917 3684 3169 3739 offerunt
3186 3701 3334 3739 sese.
3352 3685 3717 3757 Deputantur

2069 3770 2250 3843 operi.
2284 3771 2583 3843 Daturqae
2612 3771 2697 3827 eis
2736 3770 3044 3828 clitellaria
3090 3777 3306 3845 sporta.
3341 3775 3718 3846 Comportant

2070 3859 2267 3931 itaque
2296 3866 2642 3915 caementum
2661 3877 2727 3915 ac
2755 3860 3001 3933 lapides,
3033 3878 3099 3916 ac
3123 3878 3400 3918 nummos
3418 3864 3482 3898 ‘0‘
3516 3863 3717 3935 singu-

2071 3947 2179 4014 los,
2213 3947 2429 4021 singuli
2450 3946 2511 4003 in
2542 3948 2667 4004 dies
2697 3948 3009 4021 accipiunt.
3035 3951 3182 4005 Ante
3211 3949 3515 4006 dominam
3544 3951 3717 4007 etiam

2072 4053 2207 4092 cum
2237 4035 2470 4092 latomis
2499 4040 2556 4092 et
2579 4037 2961 4094 cementeriis
2986 4038 3077 4094 bis
3098 4038 3272 4094 cibati
3303 4044 3462 4107 sunt,
3493 4040 3718 4097 curiose

2072 4124 2273 4181 omnia
2319 4125 2802 4198 contemplantes.
2837 4124 3099 4182 Dominae
3132 4126 3309 4183 etiam
3363 4127 3716 4193 cubiculum,

2072 4215 2318 4286 ejusque
2367 4219 2642 4270 natorum
2689 4214 3117 4285 diverticulum,
3151 4216 3253 4271 sed
3281 4221 3338 4271 et
3365 4216 3715 4272 famulorum

2072 4319 2377 4376 egressum
2399 4307 2455 4359 et
2475 4320 2828 4376 regressum,
2854 4304 3088 4360 actionu
3101 4321 3279 4376 mque
3290 4309 3715 4377 tempestatem,

2073 4392 2171 4447 ubi
2206 4391 2384 4447 etiam
2428 4391 2708 4464 oppidum
2755 4392 2986 4448 insidiis
3037 4393 3226 4466 magis
3278 4397 3497 4464 pateat,
3538 4393 3717 4450 multa

2074 4479 2533 4536 consideratione
2581 4485 2911 4554 pernotant.
2958 4482 3026 4536 Et
3055 4482 3264 4538 diebus
3295 4487 3551 4554 quatuor
3578 4500 3717 4539 con-

313 4571 709 4637 dissuasione,
764 4571 1045 4625 intactam
1097 4584 1230 4640 rege
1272 4567 1519 4639 jubente
1557 4566 1814 4640 reliquit.
1848 4569 1967 4624 Rex
1995 4584 2042 4648 D
2076 4569 2452 4638 sumtis,dies
2474 4569 2898 4626 imminebat“)2
2917 4571 3232 4627 dominica.
3252 4571 3468 4644 Sicque
3488 4576 3717 4644 accepta

314 4664 513 4716 autem
547 4659 618 4714 ab
650 4657 893 4713 urbanis
943 4656 1178 4713 obsides
1228 4660 1371 4728 quot
1398 4654 1524 4711 vult
1554 4655 1725 4728 capit.
1758 4656 1967 4729 Sicque

314 4749 460 4803 duce
491 4745 932 4813 interveniente,
966 4745 1108 4800 urbs
1139 4744 1213 4799 ab
1244 4748 1473 4799 exerctu
1493 4745 1560 4779 ³⁹⁰
1588 4743 1836 4801 liberata
1856 4750 1964 4813 est,

312 4842 371 4892 et
399 4836 509 4892 sub
534 4850 676 4906 pace
701 4837 1005 4904 sequestra
1033 4830 1260 4888 obsidio
1291 4830 1551 4887 solvitur.
1572 4832 1967 4905 Prosperaque

314 4940 513 4982 rerum
537 4923 789 4990 fortuna,
810 4938 909 4977 rex
939 4937 1073 4978 cum
1094 4921 1243 4977 duce
1263 4923 1321 4975 et
1340 4920 1593 4976 exercitu
1616 4922 1966 4977 Laudunum

2075 4657 2292 4714 laboris
2322 4659 2589 4714 mercede
2609 4659 2697 4727 “’3,
2729 4659 2801 4715 ab
2852 4675 3025 4732 opere
3056 4658 3230 4715 soluti
3261 4665 3420 4716 sunt.
3460 4660 3717 4716 Redeunt

2076 4747 2255 4820 igitur
2302 4746 2577 4804 omnibus
2626 4746 2959 4820 exploratis,
3012 4765 3079 4803 ac
3109 4748 3257 4820 patri
3307 4765 3435 4805 meo
3466 4748 3607 4805 talia
3636 4766 3716 4805 reo

2076 4836 2289 4892 ferunt.

2144 4925 2200 4978 9.
2242 4922 2343 4980 Ille
2373 4925 2432 4979 in
2473 4924 2661 4981 multa
2689 4942 2792 4998 spe
2821 4926 3023 4983 omnia
3057 4942 3307 4999 ponens,
3355 4926 3558 5000 regina
3584 4944 3718 4984 con-

1669 5053 1910 5111 VARIZE
1951 5056 2369 5114 LECTIONES.

389 5172 457 5206 39‘
490 5170 810 5242 laudumuc.
854 5170 954 5242 _8°’
983 5169 1233 5242 exercitu
1267 5169 1729 5242 corrxequitatu.
1806 5173 1876 5207 393
1919 5172 2234 5229 exercitum
2287 5190 2429 5229 corr.
2463 5175 2637 5231 acies.
2712 5177 2782 5211 ⁸9⁸
2809 5177 2986 5233 infert
3011 5194 3153 5233 corr.
3185 5178 3389 5233 inferri
3415 5178 3589 5242 jubet
3657 5177 3719 5212 3"

319 5242 511 5322 salute
540 5240 1000 5322 cornuillesione.
1077 5241 1144 5274 3°“
1162 5240 1536 5322 praedonibus
1553 5258 1696 5322 corr.
1723 5243 1795 5322 ab
1819 5244 2096 5322 exercitu.
2174 5244 2241 5322 3°?
2261 5245 2601 5322 crudelitate
2620 5249 3127 5322 corr.temeritate._
3200 5250 3268 5284 3”
3279 5240 3438 5322 apud
3456 5266 3561 5322 vos
3581 5265 3717 5322 corr.

319 5313 566 5394 a_vob_is.
643 5313 722 5394 πθ.
743 5311 956 5394 mons],
990 5311 1184 5394 errore
1204 5315 1452 5394 auctoris
1493 5314 1595 5394 qui
1616 5313 2089 5394 Icastratiprimo
2120 5317 2396 5394 omiserat.
2452 5319 2541 5394 Α⁴⁰⁰
2569 5319 2827 5394 custode
2854 5336 2996 5375 corr.
3017 5320 3130 5394 qui
3165 5311 3335 5393 operi.
3354 5320 3718 5394 praesidebat.

317 5387 383 5421 θοι
411 5386 661 5458 primum
691 5384 727 5438 d
756 5384 1023 5454 scriptum
1051 5391 1168 5438 erat
1198 5382 1533 5454 (denariosi.
1609 5385 1680 5418 ⁴⁰²
1710 5382 1923 5441 aderat'
1941 5402 2083 5443 corr.
2120 5386 2487 5443 imminebat.
2563 5390 2633 5424 ⁴⁰³
2662 5389 2855 5463 operis
2878 5382 3069 5464 preeio
3102 5392 3152 5446 1.

1902 5512 2137 5569 ΝΟΤίΕ.

394 5628 545 5698 (101)
576 5627 745 5684 Mens
770 5624 1091 5693 Castriloci,
1127 5627 1344 5697 Bergeu
1375 5624 1495 5682 sive
1525 5627 1715 5694 Mons,
1738 5628 2057 5685 Hannonis
2087 5629 2282 5699 caput.
