3838 6238
114 355 186 418 93
961 353 1505 419 HISTORIARUM
1548 351 1759 416 LIBRI
1802 351 2203 425 OUATUOR.
2235 381 2315 400 -—
2342 353 2492 416 LIB.
2535 352 2646 417 III.
3430 354 3510 419 94

119 489 243 555 scis,
272 505 404 546 cum
436 489 686 546 duabus
716 488 1043 546 cohortibus
1074 488 1355 562 oppidum
1387 487 1529 557 adit,
1553 503 1618 542 ac
1651 487 1753 542 du-
1782 487 1835 553 Α
1865 484 2212 541 Laudunum
2245 486 2410 541 redit.
2434 487 2557 542 Huc
2587 502 2656 542 ex
2678 486 2923 543 diversis
2955 486 3290 561 regionibus
3320 490 3392 545 ad
3425 507 3511 546 re-

118 578 363 635 centibus
396 578 470 635 iis
500 596 663 650 quos
696 577 1067 651 praemiserat,
1082 594 1184 650 per
1204 577 1398 632 locum
1430 580 1757 647 competen-

120 672 224 722 tem
254 672 583 723 nocturnus
616 666 960 739 ingreditur.
1010 668 1212 722 Portas
1243 671 1300 721 et
1330 665 1519 720 exitus
1551 680 1754 719 omnes

116 753 375 827 pervadit,
430 771 496 810 ac
538 754 839 822 custodes,
892 771 961 811 ne
1008 753 1140 827 quis
1187 753 1444 825 effugiat,
1492 752 1751 823 deputat.

117 843 228 915 Ipse
256 844 326 898 ad
360 842 709 898 cubiculum
746 843 1014 911 dominae,
1050 842 1515 899 ferventissimus
1546 838 1751 895 tendit.

117 932 359 1004 Eumque
382 932 715 1005 ingressus,
731 938 978 987 matrem
1001 949 1137 987 cum
1161 932 1394 986 duobus
1418 929 1572 985 natis
1601 945 1755 983 como

117 1020 424 1091 prehendit.
458 1020 571 1075 Alii
605 1036 740 1076 vero
789 1021 1150 1077 ornamentis
1199 1019 1571 1092 asportandis
1612 1016 1753 1072 insi-

120 1109 349 1163 stebant.
370 1108 828 1180 Comprehendit
852 1113 908 1164 et
938 1108 1173 1178 milites,
1198 1108 1597 1180 oppidumque
1630 1122 1758 1161 suc-

120 1197 310 1252 cendit.
333 1200 461 1263 Quo
493 1198 823 1264 combusto,
842 1213 976 1254 cum
1008 1198 1248 1254 domina
1278 1201 1333 1252 et
1364 1196 1537 1264 natis,
1563 1194 1757 1250 militi-

122 1286 324 1357 busque
356 1285 830 1358 comprehensis,
863 1286 934 1342 ad
983 1286 1247 1359 reginam
1282 1285 1635 1358 Gerbcrgam
1667 1301 1757 1340 re-

119 1390 299 1431 versus
331 1379 442 1431 est.

182 1464 258 1517 10.
290 1464 456 1529 Quod
491 1464 831 1536 Ragenerus
881 1463 1267 1535 comperiens,
1301 1466 1463 1519 tanta
1505 1461 1758 1518 necessi-

117 1554 219 1606 tate
246 1552 481 1617 ductus,
508 1552 841 1607 Brunonem
876 1552 1115 1608 fratrem
1147 1551 1361 1625 regina:
1392 1551 1672 1625 postulat,
1696 1554 1761 1606 ut

117 1645 325 1695 mature
355 1639 724 1712 colloquium
755 1657 872 1713 quo
889 1640 1099 1712 jubeat
1124 1640 1322 1713 regina
1345 1640 1755 1708 constituatur,

116 1729 206 1783 ubi
234 1728 351 1801 ipse
386 1745 630 1786 uxorem
682 1732 738 1785 et
780 1733 951 1785 natos
996 1729 1257 1801 recipiat,
1291 1733 1348 1784 et
1376 1728 1578 1801 regina
1608 1729 1759 1784 mdes

104 1821 165 1871 et
191 1818 400 1890 prmdia
430 1822 717 1873 resumat.
737 1818 899 1881 Quod
922 1807 1109 1872 etiam
1142 1821 1359 1873 statuto
1393 1821 1653 1888 tempore
1685 1817 1761 1871 fa-

116 1911 257 1961 ctum
288 1912 395 1963 est.
424 1906 575 1962 Nam
610 1906 827 1963 habitis
859 1906 1156 1979 utrimque
1188 1905 1533 1972 rationibus,
1560 1905 1761 1977 regina

118 2010 147 2048 a
170 1995 394 2051 tiranno
428 1994 651 2069 praedia
682 1995 918 2067 recepit,
952 1999 1010 2050 et
1060 1994 1186 2067 ipse
1217 2011 1454 2051 uxorem
1482 1999 1540 2050 et
1569 1998 1757 2062 natos,

120 2083 436 2157 militesque
470 2084 707 2140 reduxit
733 2086 819 2139 ωδ.

182 2172 259 2227 ll.
290 2173 468 2243 (959.)
492 2173 596 2228 His
618 2173 700 2228 ita
720 2173 922 2246 gestis,
939 2173 1251 2228 Rotbertus
1271 2174 1582 2228 Trecarum
1608 2172 1762 2244 prin-

120 2278 258 2333 ceps,
280 2262 572 2318 Heriberti
598 2261 817 2318 tiranni
840 2261 1021 2331 filius,
1054 2260 1315 2332 Hugonis
1345 2278 1477 2317 vero
1508 2260 1759 2315 abdicati

121 2350 295 2416 frater,
310 2349 587 2407 Lothario
615 2349 736 2424 regi
770 2349 1050 2421 injuriam
1085 2349 1195 2404 hac
1226 2354 1347 2405 arte
1379 2348 1621 2404 molitus
1651 2353 1758 2403 est.

122 2437 366 2495 Castrum
398 2440 635 2512 regium
667 2439 822 2511 quod
873 2437 1077 2494 Divion
1109 2437 1341 2505 dicitur,
1376 2454 1544 2493 secus
1587 2438 1761 2493 Osca-

123 2544 230 2583 ram
252 2533 571 2585 torrentem
604 2526 1135 2593 conditum,mu1ta
1156 2526 1474 2598 cupiditate
1507 2526 1761 2591 sitiebat,

121 2632 178 2671 eo
204 2618 346 2689 quod
382 2635 490 2690 per
521 2633 658 2672 eum
689 2616 739 2672 si
762 2616 818 2671 id
844 2615 1058 2672 habere
1080 2619 1297 2688 posset,
1317 2614 1600 2687 optimam
1626 2615 1765 2669 Bur-

125 2706 334 2777 gundia:
367 2711 602 2778 partem
635 2706 709 2761 ad
742 2722 914 2761 suum
931 2706 1033 2777 jus
1054 2704 1303 2760 transire
1326 2720 1496 2777 posse
1527 2703 1767 2759 arbitra-

127 2793 299 2850 batur.
333 2793 508 2850 lllum
540 2795 739 2867 itaque
774 2793 875 2865 qui
924 2796 1114 2848 castro
1164 2808 1410 2864 prmesse
1439 2791 1763 2859 videbatur,

130 2882 190 2936 de
218 2883 543 2956 transfugio
575 2883 648 2938 ad
683 2898 813 2938 sese
851 2898 954 2953 per
995 2881 1217 2954 legatos
1264 2880 1599 2953 alloquitur,
1633 2880 1765 2953 plu-

134 2969 265 3027 rima
293 2972 617 3044 spondens.
648 2974 707 3025 et
746 2971 972 3041 majora
1018 2969 1127 3025 sub
1168 2970 1554 3041 jurejurando
1598 2968 1769 3042 polli-

135 3074 274 3116 cens.
301 3061 470 3133 Apud
504 3077 702 3134 regem
735 3076 970 3132 quoque
1000 3057 1248 3114 multam
1283 3075 1476 3114 rerum
1508 3057 1768 3131 inopiam

1863 590 1993 646 gem
2027 574 2319 646 principes
2350 576 2676 631 confluunt.
2699 576 2929 632 Adsunt
2958 593 3191 649 quoque
3216 579 3384 635 ducis
3417 580 3512 636 de~

1864 662 2046 717 functi
2080 661 2184 717 filii
2214 664 2351 728 duo,
2385 664 2549 736 Hugo
2581 669 2635 720 et
2678 664 2830 729 Otto,
2863 665 2962 737 qui
3009 665 3184 721 etiam
3216 667 3337 739 regi
3368 669 3508 725 fide-

1861 750 1978 806 lem
2039 750 2308 807 militiam
2366 769 2466 825 per
2504 753 2929 825 jusjurandum
2986 770 3184 810 coram
3238 757 3511 815 omnibus

1863 840 2172 911 spondent.
2216 842 2474 907 Quorum
2520 841 2867 914 benignitati
2917 860 3016 899 rex
3061 860 3177 899 non
3226 843 3510 917 imparem

1863 928 2275 986 liberalitatem
2308 931 2739 997 demonstrans,
2759 933 3056 1004 llugonem
3088 950 3192 1005 pro
3218 939 3382 1006 patre
3413 935 3516 991 du-

1863 1034 1990 1073 cem
2024 1019 2177 1084 facit,
2202 1024 2258 1074 et
2290 1020 2530 1091 insuper
2558 1024 2771 1076 terram
2807 1020 3169 1077 Pictavorum
3201 1024 3329 1095 ejus
3359 1024 3514 1096 prin-

1865 1105 2083 1177 cipatui
2117 1106 2350 1177 adjicit;
2385 1109 2659 1163 Ottonem
2690 1124 2824 1164 vero
2855 1108 3195 1181 Burgundia
3225 1112 3420 1168 donat.

1938 1195 2024 1249 14.
2058 1194 2119 1248 ln
2153 1212 2271 1266 qua
2300 1211 2495 1250 rerum
2545 1195 2955 1252 distributione
2997 1214 3132 1253 cum
3164 1199 3418 1258 domnus
3448 1219 3515 1258 ac

1866 1283 2217 1339 reverendus
2262 1284 2536 1340 Artoldus
2568 1285 3051 1357 metropolitanus
3098 1288 3420 1346 admodum
3455 1291 3511 1346 in

1866 1370 1958 1426 die
1989 1370 2332 1439 laborasset,
2366 1376 2424 1427 et
2464 1389 2577 1445 prae
2608 1373 2749 1429 solis
2779 1376 2845 1409 ⁸⁰⁶
2877 1375 3096 1431 fervore
3128 1380 3246 1432 toto
3277 1395 3516 1451 corpore

1866 1461 2158 1528 sudasset,
2193 1478 2325 1516 cum
2357 1465 2575 1517 vestem
2625 1462 2921 1534 abjiceret,
2955 1481 3058 1536 per
3106 1482 3277 1537 poros
3326 1467 3516 1524 calore

1867 1553 2119 1620 apertos,
2156 1549 2339 1622 frigus
2387 1550 2726 1606 autumnale
2755 1553 2821 1586 ⁴⁰⁶
2869 1551 3122 1624 irrepsit.
3154 1553 3417 1628 Natoque
3448 1573 3516 1612 ex

1868 1636 2097 1693 interno
2152 1638 2406 1710 frigdore
2454 1640 2642 1711 epatis
2693 1640 2915 1706 morbo,
2968 1641 3168 1697 nimiis
3216 1643 3516 1701 doloribus

1868 1726 2184 1792 confectus,
2219 1727 2404 1799 pridie
2456 1727 2698 1785 Kalend.
2740 1730 2970 1785 Octobr.
3004 1748 3037 1786 a
3066 1746 3173 1788 suo
3204 1733 3514 1805 praesulatu

1869 1816 2039 1873 annis
2069 1817 2134 1851 “’7
2164 1817 2235 1871 2O
2264 1817 2416 1871 diem
2448 1816 2574 1871 vita:
2606 1816 2819 1873 clausit
2848 1824 3194 1876 extremum.

1942 1905 2030 1961 45.
2067 1905 2237 1977 (962.)
2268 1905 2450 1976 Cujus
2480 1905 2729 1976 peractis
2760 1907 3073 1979 exsequiis,
3104 1908 3268 1981 Hugo
3300 1928 3517 1985 nuper-

1871 1994 2017 2048 rime
2048 1994 2165 2048 dux
2197 1994 2550 2049 Francorum
2580 1993 2653 2048 ab
2685 2010 2817 2066 rege
2839 1995 3047 2064 factus,
3072 2014 3264 2070 regem
3298 2000 3519 2073 suppli-

1870 2081 2014 2137 citcr
2042 2082 2183 2149 adit,
2205 2080 2463 2154 petitque
2486 2081 2877 2154 pontificalem
2910 2084 3257 2156 dignitatem
3289 2088 3338 2144 ei
3371 2090 3515 2162 (102)

1872 2169 2199 2238 restitui,eo
2222 2170 2376 2241 quod
2400 2170 2523 2241 ipse
2551 2175 2684 2226 ante
2714 2170 3016 2247 Artoldum
3047 2172 3237 2245 ipsam
3268 2177 3517 2249 adeptus

1871 2259 2065 2324 fuerit,
2100 2263 2157 2314 et
2188 2276 2303 2314 non
2338 2276 2444 2315 suo
2476 2260 2732 2315 facinore
2763 2262 2864 2315 sed
2904 2261 3132 2317 Rodulfi
3167 2263 3319 2336 regis
3366 2265 3518 2321 invi-

1872 2347 2303 2415 dia,Artoldum
2325 2348 2374 2403 ei
2400 2349 2820 2420 superductum
2845 2355 3147 2407 memorat.
3167 2352 3521 2411 Persistebat

1872 2437 2069 2508 itaque
2124 2440 2187 2492 ut
2236 2437 2591 2493 redderetur.
2626 2438 2695 2492 Et
2742 2438 2939 2493 statim
2988 2439 3216 2496 decreto
3242 2443 3308 2477 ⁴⁰⁸
3339 2443 3520 2517 regio,

1873 2525 2116 2581 sinodus
2132 2525 2537 2598 episcoporum
2564 2530 2694 2597 post
2711 2526 2835 2583 dies
2853 2528 2920 2581 40
2937 2527 3205 2585 habenda
3221 2530 3516 2588 indicitur.

1946 2615 2032 2668 16.
2079 2613 2384 2686 Colligitur
2412 2631 2547 2687 ergo
2587 2615 3012 2672 consummatis
3043 2616 3251 2676 diebus
3284 2620 3341 2675 in
3374 2637 3520 2694 pago

1874 2702 2155 2758 Meldensi
2187 2720 2354 2758 secus
2385 2704 2626 2759 fluvium
2660 2704 3004 2769 Matronam,
3034 2706 3093 2761 in
3126 2706 3251 2764 vico
3290 2708 3389 2780 qui
3417 2727 3521 2765 vo-

1876 2797 2132 2859 catur...,
2166 2808 2232 2847 ex
2264 2792 2535 2848 Remensi
2566 2809 2629 2848 ac
2662 2793 2984 2850 Senonensi
3015 2795 3347 2867 provinciis,
3373 2798 3526 2855 sino-

1878 2879 1989 2934 dus
2021 2880 2087 2934 13
2116 2879 2521 2950 episcoporum
2556 2879 2799 2951 praeside
2846 2880 3178 2939 Senonense
3226 2883 3520 2955 pontifice.

1878 2967 2035 3023 Inter
2063 2984 2210 3039 quos
2242 2968 2417 3022 etiam
2450 2968 2706 3024 fautores
2732 2967 2913 3040 aliqui
2945 2986 3047 3040 pro
3079 2976 3241 3041 parte
3264 2972 3523 3045 Hugonis

1877 3057 2244 3122 videbantur,
2271 3061 2329 3112 et
2358 3057 2610 3112 maxime
2630 3056 2712 3111 illi
2745 3057 2844 3129 qui
2874 3057 3006 3113 duci
3039 3061 3521 3130 consuescebant,

134 3163 400 3216 asserens,
435 3149 594 3221 apud
631 3164 760 3205 sese
790 3164 922 3203 vero
973 3146 1333 3202 sufficientes
1363 3163 1523 3219 opes,
1556 3146 1770 3219 oppida
1810 3218 1837 3221 μ
1880 3148 2081 3216 utpote
2110 3145 2640 3217 Aurelianensis,et
2668 3144 3528 3221 Parisiacus,Silletensis,quo-

134 3218 665 3309 nonnulla,aliaque
686 3234 1163 3293 desiderabilium
1186 3218 1442 3308 insignia
1459 3218 1766 3291 vehemcn-
1795 3218 1841 3289 α
1880 3250 2013 3306 que.
2047 3236 2235 3305 Atque
2264 3232 2322 3287 hi
2372 3234 2603 3305 publice
2652 3234 3081 3290 consultabant.
3120 3218 3526 3295 Renitentibus

134 3322 340 3381 tissime
378 3329 736 3399 protestans.
770 3326 931 3380 Tunc
972 3323 1210 3395 juvenis
1258 3340 1453 3378 rerum
1496 3322 1769 3395 cupidine

136 3419 338 3485 captus,
389 3432 497 3487 pro
548 3412 877 3485 transfugio
926 3412 1257 3468 mercedem
1306 3412 1530 3484 quaerit.
1564 3414 1637 3467 At
1684 3412 1767 3467 illi

133 3504 397 3559 mercedis
427 3519 645 3559 nomen
679 3501 935 3556 edicunt.
952 3500 1051 3556 Ille
1069 3517 1203 3556 vero
1225 3517 1293 3556 ex
1315 3500 1622 3573 promissis
1644 3502 1769 3573 jus-

129 3593 425 3661 jurandum
459 3589 746 3663 postulat,
770 3589 1064 3662 capitque.
1098 3590 1167 3644 Et
1196 3593 1456 3661 tempore
1487 3606 1765 3662 congruo,

135 3679 411 3736 tirannum
433 3697 573 3736 cum
599 3678 790 3733 multa
809 3677 1067 3733 militum
1094 3694 1296 3744 manu,
1313 3677 1466 3732 intra
1485 3677 1767 3750 oppidum

135 3768 343 3840 excipit,
382 3786 450 3825 ac
503 3784 635 3824 sese
682 3766 733 3823 ei
784 3766 1152 3833 commitens,
1186 3766 1359 3821 fidem
1413 3783 1514 3837 pro
1561 3766 1771 3822 militia

138 3858 520 3914 accommodat
583 3856 830 3912 Pervaso
861 3859 1056 3910 autem
1089 3853 1322 3927 oppido,
1359 3854 1501 3927 regii
1551 3854 1769 3910 milites

138 3946 535 4003 contumeliose
558 3944 880 4017 pelluntur.
898 3944 1265 4015 Deputantur
1284 3959 1418 3998 vero
1441 3943 1520 3998 ibi
1553 3943 1769 4000 milites

139 4033 348 4091 tiranni.

202 4124 278 4178 12.
308 4124 473 4196 (960.)
503 4122 733 4178 Perlata
761 4125 900 4177 sunt
947 4120 1069 4176 hzec
1114 4121 1188 4176 ad
1240 4136 1456 4193 regem.
1492 4121 1609 4177 Rex
1634 4137 1769 4177 vero

142 4210 368 4268 Brunoni
399 4210 693 4270 avunculo
725 4210 949 4283 legatos
978 4208 1199 4283 dirigit,
1233 4209 1431 4281 copias
1462 4210 1533 4266 ab
1564 4227 1630 4266 eo
1662 4228 1770 4283 po—

141 4298 360 4358 stulans.
376 4302 494 4357 Nec
523 4303 789 4356 moratur
809 4299 1095 4366 Bruno,et
1114 4315 1249 4354 cum
1275 4298 1506 4354 duobus
1529 4298 1769 4355 milibus

139 4394 471 4447 armatorum
503 4407 574 4445 ex
606 4387 858 4461 Belgica,
893 4391 1108 4443 terram
1134 4386 1349 4442 tiranni
1382 4392 1645 4459 occupat,
1682 4405 1772 4442 ur-

140 4474 361 4551 bemque
390 4478 770 4535 Trecasinam
804 4476 1108 4532 obsidione
1129 4476 1474 4531 circumdat.
1492 4478 1609 4532 Rex
1635 4493 1769 4532 vero

1876 3328 2073 3379 autem
2102 3322 2381 3378 Roricone
2402 3322 2795 3391 Laudunensi,
2810 3328 2867 3378 et
2888 3324 3159 3380 Gubuino
3181 3326 3249 3362 δον
3266 3325 3528 3382 Catalau-

1878 3412 2007 3467 nico
2066 3410 2376 3483 episcOpis,
2428 3415 2484 3465 et
2538 3410 3048 3468 vehementissime
3104 3416 3527 3486 asserentibus,

1878 3500 2031 3572 quod
2065 3516 2099 3553 a
2130 3498 2504 3554 multitudine
2532 3500 2939 3571 episcoporum
2962 3503 3524 3570 cxcommunicatus,

1877 3606 1912 3643 a
1942 3587 2164 3643 minore
2194 3603 2397 3642 eorum
2429 3604 2672 3642 numero
2703 3587 2922 3642 absolvi
2956 3606 3067 3643 non
3102 3594 3319 3660 posset,
3354 3591 3525 3647 relin-

1878 3675 2079 3748 quitur
2108 3675 2253 3730 ratio
2293 3675 2634 3741 differenda,
2668 3692 2855 3748 usque
2907 3677 2978 3733 ad
3010 3678 3525 3751 interrogationem

1877 3782 2040 3837 papae
2070 3762 2335 3819 Romani.

1951 3855 2038 3909 17.
2072 3853 2187 3909 Nec
2213 3852 2398 3908 multo
2428 3856 2579 3925 post,
2604 3856 2660 3908 et
2688 3852 2900 3927 legatio
2921 3854 3199 3927 dirigitur
3218 3855 3277 3911 in
3310 3857 3529 3914 Gallias

1875 3960 1909 3998 a
1940 3943 2155 3999 domno
2183 3941 2452 3997 Jobanne
2478 3958 2649 4014 papa,
2696 3941 2797 4014 qui
2822 3943 2949 4014 jam
2981 3945 3331 4000 succedebat
3359 3946 3527 4002 Octo-

1875 4032 2047 4088 viano
2072 4032 2158 4098 δίο,
2191 4030 2390 4087 domni
2419 4030 2651 4103 Agapiti
2684 4032 3009 4088 successori
3036 4051 3049 4101 ;
3084 4049 3353 4090 asserens
3384 4052 3529 4107 pra:-

1877 4119 2097 4175 dictum
2132 4119 2436 4192 llugonem
2469 4118 2825 4186 abdicatum,
2854 4123 2975 4175 tam
3009 4120 3215 4177 sinodo
3247 4123 3526 4192 Romana,

1877 4225 2055 4281 quam
2091 4207 2276 4281 Papia:
2312 4206 2644 4279 nuperrime
2678 4207 2900 4275 habita,
2930 4208 3002 4263 ab
3032 4208 3321 4281 episcopis
3352 4209 3529 4266 Italia;

1877 4296 2458 4362 anathematizatum,
2492 4295 2606 4351 nisi
2638 4296 2710 4350 ab
2739 4295 2813 4351 iis
2842 4313 2970 4368 qum
3002 4295 3204 4352 illicite
3236 4299 3532 4369 repetebat

1878 4386 2218 4459 quiesceret.
2248 4387 2369 4450 Qua
2399 4384 2687 4456 legatione
2708 4382 2984 4439 omnibus
3010 4383 3298 4449 intimata,
3328 4385 3532 4456 quaeri-

1878 4475 2086 4531 monia:
2120 4474 2265 4529 ratio
2297 4473 2682 4544 pessumdata
2725 4476 2832 4528 est.
2867 4472 3031 4543 Hugo
3064 4472 3263 4543 itaque
3293 4489 3327 4527 a
3356 4473 3530 4528 fratre

140 4580 252 4621 cum
282 4574 484 4634 matre,
518 4570 717 4639 erepto
759 4569 950 4621 castro
999 4564 1317 4621 exercitum
1347 4564 1590 4621 inducit.
1624 4569 1766 4621 Cum
1802 4592 1848 4654 υ
1877 4581 1985 4621 suo
2027 4563 2303 4618 Rotberto
2335 4564 2623 4654 receptus,
2656 4559 2840 4615 nimia
2889 4560 3176 4616 anxietate
3222 4560 3376 4617 intra
3405 4562 3530 4618 dies

141 4666 255 4727 ergo
281 4656 497 4730 duplici
531 4655 788 4711 exemita
829 4654 1101 4710 tirannus
1132 4657 1460 4727 urgeretur,
1493 4654 1681 4721 caedit,
1714 4659 1771 4710 et
1802 4648 1838 4654 ’
1877 4650 2266 4725 paucissimos
2298 4648 2472 4705 Meldi
2505 4649 2816 4704 defunctus
2848 4652 2958 4704 est.

142 4742 202 4797 ab
228 4761 351 4818 rege
380 4743 812 4818 indulgentiam
844 4742 1011 4815 petit.
1044 4742 1407 4815 Coactusque
1451 4743 1685 4800 obsides
1715 4747 1773 4799 et

144 4838 483 4890 sacramenta
511 4833 650 4902 dat;
685 4836 743 4888 et
773 4832 1015 4904 insuper
1044 4831 1244 4905 oppidi
1295 4832 1649 4904 proditorem
1686 4833 1770 4886 vi-

146 4923 255 4977 ctus
281 4923 475 4979 tradit.
490 4921 599 4987 Qui
632 4937 768 4977 mox
788 4919 1017 4993 prolata
1038 4921 1110 4977 ab
1143 4935 1276 4992 rege
1307 4921 1617 4989 sententia,
1638 4925 1772 4977 ante

148 5008 319 5080 oppidi
352 5016 603 5083 portam,
637 5026 837 5065 coram
870 5013 1036 5081 patre
1064 5008 1403 5065 decolletur.

209 5098 284 5153 13.
318 5100 490 5171 (961.)
522 5099 644 5155 Rex
689 5114 825 5153 vero
871 5097 1085 5170 oppido
1132 5096 1371 5169 potitus,
1405 5115 1537 5153 cum
1589 5102 1774 5154 matre

1950 4741 2038 4797 48.
2074 4740 2263 4795 Bruno
2292 4737 2489 4810 itaque
2520 4736 3007 4809 metropolitanus
3036 4741 3094 4793 et
3124 4738 3261 4808 dux,
3295 4738 3529 4795 cuidam

1880 4848 1948 4887 ex
1978 4828 2221 4901 collegio
2252 4826 2667 4883 canonicorum
2700 4824 3072 4882 Mcttensium
3106 4827 3340 4883 nomine
3370 4826 3530 4911 Odel-

1881 4920 2000 4976 rico
2029 4918 2183 4991 apud
2215 4933 2411 4989 regem
2443 4914 2821 4987 praesulatum
2853 4915 3167 4987 querebat.
3202 4917 3363 4983 Quod
3394 4933 3529 4973 cum

1883 5007 2253 5074 obtinuisset,
2299 5022 2495 5061 coram
2545 5004 2750 5060 adesse
2796 5003 2952 5059 facit.
2986 5004 3094 5070 Qui
3124 5005 3211 5060 vir
3242 5020 3529 5062 memora-

1883 5097 2189 5164 bilis,cum
2222 5097 2375 5150 esset
2409 5092 2624 5148 divitiis
2655 5096 2712 5147 et
2741 5092 3063 5160 nobilitate,
3088 5093 3531 5168 litterarumque

1483 5213 1723 5269 VARUS
1758 5211 2168 5269 LECTIONES.

207 5299 267 5332 ωδ
294 5300 586 5386 Ιιὶεεηξὶρηο
620 5300 926 5386 indicante,
957 5298 1357 5386 aliquamdeesse
1378 5301 1658 5386 gfdcgztur.
1693 5303 1760 5337 “’5
1789 5299 2007 5357 (astatis
2037 5316 2177 5356 corr.
2214 5296 2374 5355 solis.
2407 5298 2473 5333 ⁸0⁸
2507 5295 2735 5370 frigoris
2760 5311 2902 5351 corr.
2938 5297 3123 5370 frigus
3167 5297 3528 5353 autumnale.

150 5363 205 5400 “’7
230 5386 356 5426 ann.
386 5363 455 5407 m
477 5363 655 5445 jussu
688 5387 832 5426 corr.
865 5363 1116 5425 decreto.
1146 5370 1214 5404 “’9
1242 5373 1341 5425 sic.
1374 5373 1441 5407 ⁴¹⁰
1470 5375 1568 5428 sic.

208 5554 344 5628 (102)
374 5558 544 5615 Error
574 5556 869 5628 auctoris;
902 5554 1068 5628 Hugo
1098 5554 1383 5612 Heriberti
1415 5555 1571 5614 [ilius
1600 5469 2166 5628 arclliiglzijiopatum
2200 5555 2547 5610 Remensem
2577 5553 2909 5619 invaserat;
2941 5557 2999 5609 et
3027 5553 3178 5607 recte
3215 5547 3371 5605 infra
3400 5569 3527 5625 cap.

155 5622 532 5686 ITRot'bertus
564 5629 742 5685 frater
771 5622 900 5697 ejus
925 5622 1184 5683 vocatur.

3402 5878 3627 5953 ιβ’-⁸⁵-
