3838 6238
320 374 400 442 es
1242 371 1277 381 "
1363 366 1733 441 nionem
1779 376 1841 441 s.
1893 364 2626 441 REMIGII'MON'AGHI.
2846 366 2857 377 '
3653 356 3722 440 9‘6

322 514 567 575 scientia
597 514 741 571 adeo
772 511 985 580 clarus,
1005 530 1076 568 an
1102 529 1234 585 rege
1262 510 1541 583 largiente
1564 512 1960 584 episcopatum
1990 512 2045 579 Α
2077 529 2288 585 pressas
2308 530 2450 569 auro
2474 519 2531 567 et
2547 516 2786 586 argento
2806 511 3114 586 imagines,
3131 511 3373 587 singulis
3396 512 3449 567 in
3474 506 3722 585 singulis

324 598 621 677 suscipere
652 604 863 660 audeat
908 601 1257 657 sciscitatur.
1310 602 1535 656 Etenim
1567 605 1704 656 tunc
1736 606 1967 673 expete-

322 696 498 753 batur
527 711 561 750 a
590 694 845 766 quodam
876 690 1111 756 illustri,
1145 690 1235 745 cui
1270 707 1304 745 a
1333 691 1479 745 duce
1510 689 1791 745 auxilium
1824 691 1969 745 fere-

322 787 516 844 batur.
534 786 607 839 At
636 782 733 838 ille
764 785 960 853 utpote
988 781 1077 835 vir
1107 780 1539 852 magnanimus,
1560 779 1608 834 si
1642 796 1738 834 rex
1766 778 1971 851 largia-

322 880 440 941 tur,
472 890 601 930 sese
631 876 830 928 contra
861 886 1067 925 omnes
1096 873 1152 924 et
1180 872 1589 940 suscepturum
1622 872 1678 922 et
1704 868 1969 923 defensu-

326 980 458 1020 rum
489 958 980 1033 respondit.Quod
1013 958 1189 1013 etiam
1217 956 1460 1012 multam
1489 957 1599 1012 sibi
1630 955 1797 1012 ducis
1828 955 1969 1010 invi-

325 1053 481 1109 diam
514 1049 889 1123 comparavit.

398 1142 483 1197 19.
516 1139 834 1196 Ordinatur
864 1137 1057 1207 itaque
1082 1136 1136 1189 in
1163 1134 1403 1189 basilica
1424 1135 1608 1190 sancti
1632 1134 1876 1206 Remigii
1896 1134 1967 1189 ab

321 1230 610 1304 episcopis
633 1225 938 1283 Bernensis
964 1222 1301 1295 metropolis
1324 1222 1705 1288 diocesaneis,
1724 1224 1968 1278 Widone

322 1319 542 1376 scilicet
572 1314 940 1381 Suessonico,
968 1313 1249 1368 Roricone
1286 1311 1683 1372 Laudunensi,
1718 1311 1967 1367 Gibuino

318 1405 712 1472 Catalaunico,
728 1402 976 1459 Hadulfo
997 1400 1368 1456 Noviomensi
1390 1401 1475 1467 ⁴¹¹,
1491 1405 1666 1471 atque
1686 1399 1968 1456 Wicfrido

318 1494 671 1553 “Virdunensi
705 1495 875 1560 (063).
911 1492 1236 1562 Fuctusque
1276 1489 1510 1560 praesul,
1545 1506 1677 1543 mox
1710 1489 1969 1545 tirannos

320 1587 423 1659 qui
454 1602 573 1641 suae
604 1581 873 1638 eccclcsiae
898 1568 987 1635 res
1014 1583 1405 1650 pervaserant,
1428 1583 1492 1632 ut
1511 1578 1582 1631 ad
1615 1578 1973 1633 satisfacien-

324 1677 466 1731 dum
498 1673 758 1735 redeant,
765 1672 900 1741 jure
921 1665 1329 1722 azcclesiastico
1359 1667 1815 1738 advocat.Atque
1836 1666 1970 1722 inde

323 1781 429 1837 per
452 1767 572 1818 tres
601 1760 828 1816 dierum
858 1757 1261 1829 quadragenas
1292 1754 1577 1810 concessit
1606 1772 1734 1811 esse
1764 1772 1968 1812 consu-

321 1852 584 1908 lendum.

389 1942 479 1995 20.
520 1940 694 2010 (964.)
722 1934 964 1991 Evoluto
994 1949 1127 1988 vero
1158 1936 1439 2004 tempore,
1472 1931 1820 1989 Tetbaldum
1852 1934 1965 1987 Tu-

318 2029 585 2086 ronicum
605 2042 737 2081 cum
765 2024 896 2079 aliis
918 2039 1111 2078 rerum
1134 2020 1677 2077 ecclesiasticarum
1705 2038 1969 2094 pervaso-

319 2117 483 2174 ribus
513 2114 884 2170 anathemate
914 2110 1193 2165 damnat,
1208 2109 1341 2165 Post
1379 2125 1493 2163 non
1525 2108 1741 2163 multos
1771 2110 1966 2164 autem

317 2207 443 2263 dies
472 2201 794 2277 penitentia
820 2199 1003 2265 ducti,
1038 2198 1111 2253 ad
1151 2196 1459 2269 praesulem
1491 2196 1846 2252 satisfactun'
1877 2214 1967 2252 re~

316 2296 517 2359 deunt,
549 2297 725 2364 atque
755 2306 847 2345 res
892 2303 1167 2359 pervasas
1205 2284 1469 2357 legaliter
1514 2286 1767 2340 reddunt
1796 2286 1964 2353 (965).

315 2382 541 2454 Recipit
567 2381 766 2452 itaque
794 2378 1049 2432 domnus
1072 2373 1282 2447 praesul
1307 2374 1378 2428 ab
1407 2374 1705 2429 Heriberto
1728 2372 1967 2444 quidem

317 2473 681 2544 Sparnacum
726 2465 922 2520 vicum
972 2461 1325 2534 populosam
1379 2478 1446 2516 ac
1493 2460 1859 2533 opulentum,
1894 2462 1965 2517 ab

316 2557 595 2617 Tetbaldo
610 2571 745 2611 vero
761 2557 1017 2607 castrum
1040 2548 1430 2616 Codiciacum,
1446 2565 1661 2621 eosque
1683 2567 1717 2605 a
1734 2549 1965 2606 vinculo

317 2642 707 2706 anathematis
739 2639 1010 2697 absolvit.
1045 2640 1114 2694 Et
1142 2637 1408 2694 Tetbaldi
1442 2638 1683 2710 quidem
1717 2639 1963 2711 filio,qui

315 2754 444 2795 sese
481 2734 595 2792 sibi
635 2731 1031 2795 commiserat,
1084 2726 1495 2793 militaturum,
1549 2732 1809 2783 castrum
1854 2728 1965 2784 sub

315 2824 645 2883 conditione
675 2819 971 2877 servandae
1004 2816 1304 2873 ﬁdelitatis
1334 2816 1612 2872 concedit.

383 2915 474 2971 21.
525 2913 647 2977 Quo
704 2910 884 2966 etiam
941 2912 1206 2979 tempore
1260 2905 1543 2961 Arnulfus
1603 2905 1962 2961 Morinorum

314 3004 608 3078 princeps,
623 3001 733 3056 hac
762 2999 883 3053 vita
912 2994 1177 3052 decessit.
1195 2995 1377 3065 Cujus
1398 2999 1611 3049 terram
1634 2994 1961 3062 Lotharius,

316 3111 416 3150 rex
443 3092 768 3164 ingressus,
792 3086 914 3141 ﬁlio
945 3084 1202 3140 defuncti
1234 3082 1550 3138 liberaliter
1582 3082 1966 3150 reddit,cum-

316 3199 430 3256 que
456 3196 591 3236 cum
645 3175 931 3232 militibus
969 3173 1104 3244 jure
1151 3175 1650 3228 sacramentorum
1700 3171 1809 3226 sibi
1861 3188 1962 3227 an-

317 3270 498 3328 nectit
526 3269 593 3304 ⁴¹²
623 3265 791 3339 (403).
1074 3338 1077 3343 Α

387 3362 478 3415 22.
502 3358 677 3427 (969.)
706 3352 851 3409 Huic
872 3366 1106 3425 quoque
1127 3349 1342 3422 regalis
1371 3348 1692 3405 nobilitatis
1709 3351 1856 3419 (104)
1878 3349 1969 3405 vir

319 3447 625 3513 Adalbero,
645 3460 713 3500 ex
742 3440 1117 3498 Mettensium
1152 3437 1421 3494 similiter
1443 3437 1704 3510 collegio,
1729 3442 1967 3494 strenue

319 3555 387 3595 ac
416 3535 659 3593 feliciter
685 3530 989 3588 successit.
1021 3528 1127 3594 Qui
1170 3531 1388 3600 quanto
1418 3526 1542 3583 suis
1575 3526 1875 3599 profuerit,
1909 3531 1968 3583 et

320 3630 539 3701 quanta
568 3623 640 3679 ab
671 3619 897 3678 aemulis
928 3617 1061 3691 plus
1102 3617 1260 3688 justo
1292 3633 1504 3689 passus
1547 3616 1643 3683 sit,
1673 3633 1843 3689 opere
1875 3633 1963 3673 se-

317 3714 521 3789 quenti
548 3709 958 3767 declarabitur.
993 3706 1094 3761 Hic
1123 3705 1183 3760 in
1216 3705 1382 3760 initio
1413 3708 1545 3776 post
1591 3706 1680 3761 sui
1731 3723 1964 3777 promo-

316 3795 892 3867 tionem,structuris
924 3793 1194 3849 ecclesiae
1222 3810 1338 3847 suae
1370 3792 1691 3864 plurimum
1714 3794 1962 3847 studuit.

318 3888 589 3948 Fornices
610 3885 767 3941 enim
799 3882 897 3955 qui
919 3881 992 3935 ab
1016 3880 1285 3935 ecclesiae
1305 3879 1547 3935 introitu
1570 3897 1673 3953 per
1694 3886 1962 3951 quartam

317 3995 465 4052 pene
497 3974 678 4031 totius
709 3970 960 4051 basilica
988 3969 1056 4004 ⁴¹³
1081 3972 1329 4041 partem,
1364 3968 1642 4023 eminenti
1674 3972 1968 4026 structura

316 4063 805 4123 distendebantur
822 4060 909 4126 ⁸η,
925 4056 1159 4130 penitus
1182 4055 1377 4111 diruit.
1412 4056 1574 4112 Unde
1600 4061 1655 4112 et
1685 4057 1967 4130 ampliore

317 4150 707 4227 receptaculo,
741 4152 799 4205 et
827 4144 1093 4220 digniore
1121 4148 1396 4212 scemate,
1426 4149 1547 4200 tota
1584 4144 1842 4202 aacclesia
1869 4147 1965 4201 de-

317 4246 514 4301 corata
525 4239 863 4312 est.Corpus
880 4251 1113 4308 quoque
1131 4234 1313 4313 sancti
1330 4233 1530 4290 Kalisti
1554 4252 1717 4308 papae
1740 4240 1797 4291 et
1817 4252 1967 4291 mar-

313 4332 465 4400 tiris,
490 4328 688 4387 debito
718 4326 938 4383 honore
972 4323 1032 4380 in
1062 4323 1190 4397 ipso
1222 4322 1496 4380 ecclesiae
1525 4322 1816 4396 ingressu,
1841 4324 1967 4380 loco

314 4422 540 4481 scilicet
554 4417 797 4475 editiore
812 4416 879 4451 ⁴¹⁵
899 4413 1226 4483 collocavit;
1247 4412 1443 4485 ibique
1464 4411 1645 4469 altare
1667 4412 1964 4486 dedicans,

315 4511 634 4569 oratorium
658 4506 974 4564 fundendis
992 4503 1109 4560 Deo
1126 4502 1399 4577 precibus
1420 4501 1966 4558 commodissimum

316 4599 557 4673 aptavit.
603 4597 794 4652 Altare
843 4592 1202 4667 precipuum
1251 4591 1525 4647 crucibus
1578 4590 1770 4647 aureis
1819 4590 1967 4647 insi-

315 4688 549 4762 gniens,
571 4684 844 4740 cancellis
873 4681 1170 4753 utrimque
1201 4679 1563 4736 radientibus
1593 4679 1897 4735 obvelavit.

385 4777 477 4830 23.
505 4773 703 4828 Preter
720 4771 842 4826 haec
863 4771 1040 4825 etiam
1063 4769 1244 4825 altare
1265 4768 1648 4841 gestatorium
1670 4785 1785 4824 non
1812 4768 1972 4824 vilio-

317 4864 368 4920 ri
397 4863 463 4897 “°
512 4875 683 4932 opere
726 4858 968 4913 effluxit.
1020 4857 1209 4928 Super
1255 4856 1412 4927 quod
1462 4857 1763 4911 sacerdote
1814 4858 1968 4929 apud

316 4953 502 5009 Deum
533 4951 763 5020 agente,
792 4946 1034 5001 aderant
1062 4948 1319 5016 quatuor
1346 4942 1835 5015 evangelistamm
1866 4961 1969 5000 ex-

1993 3234 2043 3311 Β

2078 601 2309 675 angulis
2323 606 2566 657 stantes.
2581 603 2835 666 Quarum
2853 601 3321 675 uniuscujusque
3333 602 3435 658 αὶεη
3452 608 3720 670 extensa,

2079 692 2193 746 duo
2225 690 2407 747 latera
2452 691 2652 747 altaris
2703 692 2774 747 ad
2826 690 3085 748 medium
3130 691 3499 747 obvelahant.
3534 688 3722 747 Facies

2076 798 2209 837 vero
2240 797 2390 853 agno
2440 780 2818 837 immaculato
2869 798 3179 837 conversas
3226 781 3636 837 intendebant.
3666 783 3718 837 In

2079 887 2194 942 quo
2232 870 2407 926 etiam
2456 870 2742 926 ferculum
2794 869 3125 926 Salomonis
3154 868 3372 925 imitari
3403 868 3721 925 videbatur.

2078 958 2234 1014 Fecit
2262 976 2494 1031 quoque
2524 958 2942 1015 candelabrum
2975 959 3311 1031 septiﬁdum
3333 977 3347 1026 ;
3372 960 3432 1013 in
3457 976 3577 1032 quo
3599 975 3721 1014 cum

2078 1052 2300 1119 septem
2319 1048 2391 1102 ab
2409 1065 2524 1103 uno
2543 1052 2868 1119 surgerent,
2884 1047 3028 1102 illud
3054 1047 3383 1121 significare
3400 1048 3720 1111 videbatur,

2078 1134 2231 1208 quod
2265 1134 2337 1190 ab
2369 1151 2484 1190 uno
2532 1134 2753 1207 Spiritu
2784 1139 3008 1206 septem
3038 1134 3359 1207 gratiarum
3396 1135 3555 1190 dona
3585 1135 3723 1190 divi-

2078 1224 2310 1278 dantur.
2332 1224 2445 1279 Nec
2479 1223 2676 1279 minus
2695 1228 2752 1279 et
2777 1240 2970 1279 arcam
2994 1240 3165 1295 opere
3195 1222 3447 1295 eleganti
3471 1225 3541 1258 “7
3563 1225 3721 1280 deco-

2078 1312 2258 1378 ravit;
2297 1312 2354 1366 in
2387 1330 2502 1385 qua
2523 1313 2743 1384 virgam
2768 1316 2825 1367 et
2846 1329 3063 1368 manna
3086 1313 3141 1367 id
3166 1317 3256 1367 est
3277 1317 3621 1369 sanctorum
3645 1329 3720 1367 rc-

2078 1400 2292 1471 liquias
2323 1401 2570 1473 operuit.
2621 1401 2876 1456 Coronas
2925 1419 3158 1474 quoque
3203 1419 3319 1457 non
3362 1402 3615 1456 minima
3644 1403 3720 1456 in-

2078 1506 2260 1564 pensa
2281 1491 2627 1546 fabrefactas
2647 1489 2705 1545 in
2726 1489 2995 1546 iecclesia
3012 1490 3189 1546 decus
3208 1491 3721 1562 suspendit.0uam

2079 1578 2351 1635 fenestris
2382 1579 2641 1635 diversas
2672 1579 3104 1635 continentibus
3135 1578 3412 1642 historias
3444 1580 3722 1635 dilucida-

2078 1673 2222 1736 tam,
2258 1668 2559 1740 campanis
2590 1666 2992 1739 mugientibus
3026 1667 3144 1723 acsi
3196 1672 3497 1724 tonantem
3552 1669 3718 1724 dedit.

2147 1760 2236 1813 24.
2271 1757 2593 1813 Canonicos
2623 1756 2797 1812 etiam
2830 1755 2930 1830 qui
2962 1757 3019 1811 in
3050 1756 3301 1830 propriis
3331 1750 3617 1830 hospiciis
3643 1759 3722 1813 de-

1999 1881 2045 1946 B
2078 1850 2299 1918 gentes,
2334 1850 2563 1901 tantum
2610 1862 2718 1900 sua
2748 1845 3051 1913 curabant,
3093 1846 3230 1916 jure
3278 1845 3722 1901 communicatis

2075 1936 2262 1991 vivere
2296 1934 2590 1989 instruxit.
2617 1932 2779 1989 Unde
2809 1938 2866 1989 et
2884 1933 3210 1989 claustrum
3243 1934 3602 1991 monasterio
3632 1934 3718 1990 ad-

2076 2024 2243 2090 didit,
2278 2023 2335 2078 in
2371 2039 2485 2095 quo
2517 2021 2610 2077 die
2636 2024 2955 2090 morantes,
2985 2021 3410 2089 cohabitarent,
3428 2039 3652 2078 necnon
3674 2024 3722 2077 et

2076 2111 2506 2178 dormitorium,
2541 2111 2639 2166 ubi
2672 2114 2847 2166 noctu
2872 2111 2930 2165 in
2963 2109 3196 2166 silentio
3229 2111 3619 2182 quiescerent,
3643 2128 3717 2166 re-

2076 2201 2382 2256 fectorium
2415 2216 2666 2272 quoque,
2684 2198 2786 2254 ubi
2816 2200 2886 2255 de
2915 2199 3214 2255 communi
3247 2202 3624 2256 considentes
3644 2217 3717 2254 re-

2077 2292 2407 2346 ﬁcerentur.
2426 2289 2722 2360 Legesque
2755 2287 3046 2360 ascripsit,
3071 2292 3134 2343 ut
3164 2288 3447 2344 orationis
3469 2294 3717 2362 tempore

2077 2381 2135 2435 in
2169 2378 2412 2447 ecclesia
2453 2375 2599 2432 nihil
2653 2377 2765 2432 nisi
2816 2376 2985 2449 signo
3017 2381 3297 2451 peterent,
3332 2382 3548 2450 praeter
3578 2374 3714 2451 quod

2077 2466 2439 2525 necessitatis
2472 2467 2703 2521 afferret
2749 2464 3025 2538 inpulsio.
3060 2465 3267 2522 Cibum
3304 2484 3422 2522 una
3452 2464 3715 2539 taciturni

2075 2560 2379 2630 caperent;
2405 2559 2537 2627 post
2557 2544 2972 2626 prandium,'in
3002 2553 3325 2628 gratiarum
3355 2556 3587 2612 actione
3608 2555 3716 2610 lau-

2076 2648 2179 2703 des
2212 2651 2323 2701 Dco
2354 2645 2753 2700 decantarent.
2785 2642 3172 2714 Completorio
3203 2658 3336 2699 vero
3367 2644 3618 2717 expleto,
3648 2642 3715 2697 si—

2074 2735 2321 2792 lentium
2353 2750 2541 2806 usque
2574 2730 2780 2787 laudes
2811 2731 3134 2787 matutinas
3164 2731 3509 2789 nullatenus
3554 2732 3713 2788 viola-

2074 2827 2222 2880 rent.
2256 2823 2387 2879 Jam
2431 2822 2753 2893 horoscopo
2800 2818 3071 2893 pulsante
3119 2821 3372 2887 excitati,
3407 2824 3482 2877 ad
3530 2822 3715 2878 laudes

2074 2912 2485 2987 persolvendas
2544 2927 2673 2966 sese
2723 2909 3038 2982 praevenire
3095 2911 3540 2968 contenderent.
3585 2913 3714 2969 Ante

2073 3003 2277 3058 horam
2310 3000 2421 3057 diei
2452 2999 2726 3074 primam,
2747 2998 2987 3055 libertas
3015 2997 3348 3071 egrediendi
3381 3016 3417 3055 a
3449 2999 3711 3061 claustro,

2073 3090 2295 3147 nemini
2327 3104 2608 3145 concessa
2635 3091 2779 3155 erat,
2812 3092 3018 3158 praeter
3048 3086 3156 3143 hos
3200 3086 3301 3158 qui
3335 3087 3495 3144 curis
3527 3101 3711 3144 eorum

2072 3179 2445 3236 insistebant.
2481 3177 2547 3232 Et
2575 3193 2648 3232 ne
2679 3177 2810 3248 quis
2842 3191 2945 3248 per
2971 3174 3363 3249 ignorantiam
3408 3177 3711 3249 quicquam

2076 3269 2406 3325 faciendum
2439 3265 2811 3337 relinqueret,
2848 3263 3033 3320 sancti
3073 3265 3385 3336 Augustini
3432 3264 3709 3330 instituta,

2074 3358 2431 3429 Patrumque
2461 3355 2693 3410 decreta
2720 3351 2930 3409 cotidie
2960 3353 3044 3409 eis
3066 3354 3366 3409 recitanda
3394 3352 3627 3410 indixit.

2144 3447 2233 3501 25.
2255 3442 2674 3500 Monachorum
2699 3458 2933 3514 quoque
2953 3457 3164 3510 mores,
3181 3446 3402 3514 quanta
3417 3442 3712 3499 dilectione

2073 3530 2130 3592 et
2149 3531 2439 3589 industria
2460 3530 2724 3597 correxit,
2742 3534 2916 3603 atque
2940 3546 2973 3585 a
2994 3528 3176 3586 seculi
3202 3529 3407 3586 habitu
3436 3528 3708 3593 distinxit,

2074 3627 2167 3681 sat
2196 3622 2386 3678 dicere
2409 3637 2525 3675 non
2548 3623 2654 3675 est.
2671 3619 2795 3674 Non
2819 3616 3008 3674 solum
3030 3619 3188 3674 enim
3212 3618 3513 3692 religionis
3535 3617 3712 3691 digni,-

2073 3716 2189 3767 tate
2220 3727 2319 3767 eos
2360 3708 2621 3781 insignes
2669 3723 2949 3780 apparere
2999 3706 3247 3778 studuit,
3297 3702 3707 3764 verum'etiam

2074 3799 2243 3857 bonis
2273 3797 2658 3854 exterioribus
2690 3799 3099 3869 augmentatos
3140 3794 3302 3852 nullo
3334 3790 3508 3853 modo
3540 3790 3711 3852 minui

2074 3888 2332 3962 prudens
2381 3884 2594 3959 adegit.
2628 3885 2781 3948 Quos
2831 3900 2964 3940 cum
3012 3884 3195 3941 multo
3244 3884 3457 3941 coleret
3505 3897 3707 3947 amore,

2073 3977 2365 4050 praecipua
2410 3979 2606 4030 tamen
2638 3972 2789 4029 beati
2823 3972 3070 4046 Remigii
3106 3974 3459 4030 Francorum
3488 3968 3706 4047 patroni

2074 4064 2392 4121 monachos
2424 4063 2661 4119 caritate
2697 4061 3046 4130 extollebat;
3091 4063 3246 4118 unde
3295 4067 3352 4118 et
3398 4078 3603 4120 eorum
3632 4072 3710 4115 res

2074 4152 2324 4211 stabiliri
2369 4152 2427 4206 in
2481 4154 2780 4223 posterum
2827 4149 3087 4222 cupiens,
3142 4149 3389 4206 Romam
3439 4146 3711 4218 concessit

2075 4242 2192 4313 (974
2219 4241 2289 4313 ?).
2323 4241 2393 4294 Et
2424 4242 2622 4311 utpote
2659 4237 2751 4294 vir
2778 4237 2991 4293 nobilis
3040 4242 3099 4294 et
3143 4243 3444 4308 strenuus,
3474 4244 3533 4296 et
3577 4231 3711 4295 fama

2075 4329 2279 4387 celibis
2308 4328 2435 4383 vitae
2468 4325 2743 4383 omnibus
2783 4325 2997 4393 clarus,
3032 4344 3067 4382 a
3096 4327 3275 4383 beata:
3308 4328 3603 4385 memoria;
3631 4324 3713 4381 Jo-
3740 4389 3747 4399 ί

2076 4418 2269 4474 hanne
2301 4432 2475 4489 papa,
2511 4432 2645 4471 cum
2674 4413 2863 4485 multa
2894 4416 3217 4471 reverentia
3246 4420 3524 4489 exceptus
3555 4419 3655 4473 est.
3679 4410 3715 4464 Α

2081 4523 2197 4579 quo
2227 4505 2405 4561 etiam
2437 4507 2571 4576 post
2602 4506 2808 4558 mutua
2838 4501 3128 4575 colloquia
3149 4504 3381 4576 jussus,
3417 4505 3475 4559 in
3509 4504 3599 4561 die
3629 4516 3716 4556 na-

2002 4613 2048 4677 D
2078 4594 2206 4650 litia
2219 4593 2452 4650 Domini
2475 4590 2785 4648 duodecim
2807 4592 3273 4663 praedantibus
3295 4593 3585 4666 episcopis
3604 4582 3721 4677 mis-

2081 4699 2283 4739 sarum
2315 4678 2665 4753 sollempnia
2693 4678 3025 4736 celebravit.
3060 4677 3124 4735 In
3162 4683 3329 4736 tanta
3376 4682 3507 4753 ejus
3558 4674 3722 4755 gratia

2080 4771 2341 4839 habitus,
2370 4774 2435 4825 ut
2464 4769 2538 4825 ab
2569 4786 2634 4825 eo
2667 4771 2974 4841 rogaretur
3000 4771 3216 4841 petere,
3239 4769 3285 4824 si
3319 4770 3460 4842 quid
3494 4766 3714 4842 optaret.

2146 4860 2239 4914 26.
2275 4858 2425 4928 Quod
2450 4858 2905 4930 metropolitanus
2946 4856 3012 4892 ⁸³⁸
3056 4856 3321 4915 Adalbero
3351 4856 3419 4915 dc
3468 4858 3535 4894 ⁸³⁸
3580 4857 3715 4913 rebus

2078 4948 2146 4985 δι’
2175 4950 2352 5004 sancti
2380 4949 2617 5019 Remigii
2642 4963 2675 5003 a
2712 4961 2860 5018 papa
2889 4946 2957 4981 ¹ο¹⁸
2983 4945 3231 5003 Iohanne
3254 4948 3613 5019 privilegium
3636 4938 3709 5002 “‘i

1678 5058 1921 5116 VARUE
1958 5035 2362 5150 LEGTIONES.

389 5163 450 5197 ⁸¹¹
484 5162 551 5216 N.
585 5158 833 5231 aliisque
861 5155 1161 5231 nonnullis
1192 5155 1383 5211 deleta.
1418 5155 1485 5188 ⁴¹²
1510 5155 1638 5231 Haec
1669 5155 1796 5212 inde
1825 5174 1861 5212 (ι
1885 5162 2112 5231 paginae
2140 5164 2301 5219 initio
2344 5161 2560 5217 vocibus
2604 5162 2813 5216 scilicet
2840 5180 2859 5216 :
2888 5161 2959 5217 Et
3007 5160 3273 5217 Tetbaldi

3324 5142 3564 5233 quidem
3608 5144 3708 5233 cliq

318 5237 378 5291 in
410 5234 522 5305 loco
552 5248 676 5305 raso
704 5223 773 5285 αὖ
805 5228 1252 5305 ᾳᾳειῳῖθᾼδονζρςα
1283 5234 1431 5305 ξαηι,
1466 5226 1595 5305 aliis
1628 5223 2085 5305 quatuor_'li;zezs
2112 5235 2286 5289 erasis
2310 5234 2561 5305 jamque
2580 5232 2791 5305 vacuis.
2820 5235 2980 5305 ATum
3021 5223 3388 5305 prosequitur.
3421 5234 3490 5268 ⁴¹³
3520 5223 3709 5305 oratori

316 5322 458 5363 corr.
494 5302 770 5376 basilica.
816 5302 905 5376 “f_
934 5298 1381 5376 distendebatur
1407 5314 1455 5352 c.
1490 5298 1557 5376 f“
1605 5298 2007 5376 eminentiore‘,
2034 5298 2174 5361 corr.
2226 5298 2490 5360 editiore.
2523 5303 2592 5339 ⁴¹⁶
2623 5302 2834 5359 minori
2881 5298 3037 5360 corr:
3072 5298 3281 5360 viliori.
3314 5305 3382 5340 “7
3412 5323 3467 5362 e.
3496 5303 3709 5376 exigente

320 5391 583 5446 auroque
613 5373 809 5429 deleta.
842 5372 909 5406 ⁴¹⁸
941 5369 1296 5443 opolitanus,
1330 5369 1402 5422 de
1432 5368 1626 5435 rebus,
1660 5387 1754 5442 pa,
1786 5368 2247 5457 egiumiqabscisa.

1886 5474 2139 5559 ζΝοΤιΕ.

390 5587 538 5660 (ιοθ)
570 5586 673 5672 me
704 5579 2009 5672 Flodosréi.1893‘s’FPPES‘i‘EPienﬁbUS:reli-‘

325 5651 447 5730 qua
475 5651 677 5715 auctor
706 5654 940 5729 proprio
967 5654 1151 5711 Marte
1180 5651 1547 5724 conscripsit.

2157 5588 2306 5659 (104)
2336 5585 2517 5643 Filius
2545 5585 2842 5645 Godefridi
2872 5587 3383 5674 Arduennensium
3414 5584 3673 5645 comitis--
