3838 6238
115 264 204 321 105

940 256 1477 318 HISTORIARUM
1526 256 1726 315 LIBRI
1777 255 2173 326 QUATUOR.
2210 285 2285 297 —-
2317 253 2460 312 LIB.
2508 253 2612 311 lll.

3354 253 3473 333 ioc

109 407 303 464 speram
346 392 754 465 cognosceret.
787 388 920 444 lude
976 387 1150 444 etiam
1210 403 1349 442 suos
1405 383 1722 442 liberaliter
1752 386 1806 453 Α
1836 383 2018 448 bat,in
2043 400 2159 455 quo
2182 382 2377 439 divina
2397 386 2455 438 et
2477 381 2737 438 humana
2758 382 3239 451 consistunt,sine
3259 382 3475 454 quibus

112 480 367 535 instruxit.
400 481 599 550 Atque
627 476 751 533 haec
780 480 1016 533 actenus
1046 476 1118 531 de
1148 474 1525 530 astronomia.

163 568 237 622 5i.
264 566 539 638 Confectio
572 566 641 601 ⁸³⁶
671 564 827 620 abaci
854 565 939 618 ³⁵⁵.
974 596 1039 605 -
1075 564 1137 619 In
1167 561 1485 637 geometria
1515 579 1646 617 vero
1663 562 1723 595 ⁸⁵⁷

112 673 205 711 non
231 654 410 711 minor
440 654 503 710 in
536 654 795 710 docendo
844 652 1010 709 labor
1066 669 1357 725 expensus
1400 655 1509 706 est.
1544 650 1725 721 Cujus

95 742 512 809 'introductioni,
528 742 777 798 abacum
795 741 851 796 id
874 744 961 795 est
983 738 1243 796 tabulam
1258 736 1727 794 dimensionibus

106 837 273 904 aptam
302 848 471 903 opere
494 829 737 886 scutarii
759 828 961 885 effecit.
982 830 1162 899 Cujus
1180 826 1555 901 longitudini,
1577 825 1636 880 in
1657 828 1726 880 27

104 919 337 990 partibus
366 919 642 987 diductas,
668 936 869 973 novem
894 935 1135 973 numero
1161 921 1327 972 notas
1349 933 1583 971 omnem
1618 932 1726 969 nu-

110 1026 305 1064 merum
359 1008 764 1081 significantes
821 1006 1131 1081 disposuit.
1160 1006 1243 1061 Ad
1267 1022 1519 1078 quarum
1549 1002 1726 1060 etiam

109 1096 547 1165 similitudinem,
572 1095 734 1152 mille
764 1112 1004 1152 corneos
1033 1093 1223 1151 effecit
1248 1097 1592 1162 caracteres,
1624 1092 1725 1165 qui

109 1188 270 1257 pel-27
288 1185 449 1241 abaci
473 1188 673 1259 partes
696 1183 967 1251 mutuati,
1002 1184 1291 1256 cujusque
1322 1181 1551 1238 numeri
1584 1180 1729 1237 mul-

110 1272 500 1345 tiplicationem
545 1273 665 1328 sive
715 1273 1059 1329 divisionem
1118 1270 1531 1344 designarent;
1564 1275 1727 1326 tanto

105 1360 419 1434 compendio
437 1379 820 1418 numerorum
841 1360 1278 1417 multitudinem
1303 1359 1624 1416 dividentes
1642 1356 1729 1413 vel

104 1450 564 1522 multiplicantes,
598 1455 664 1506 ut
694 1468 809 1524 prae
850 1449 1036 1505 nimia
1085 1448 1503 1505 numerositate
1535 1446 1729 1519 potius

103 1538 320 1612 intelligi
335 1556 515 1613 quam
536 1540 729 1596 verbis
746 1539 1000 1595 valerent
1015 1537 1529 1604 ostendi.Quorum
1543 1534 1728 1591 scien-

101 1626 223 1681 tiam
244 1626 336 1700 qui
358 1629 434 1683 ad
450 1627 692 1701 plenum
717 1628 866 1685 scire
888 1623 1729 1699 desiderat,legatejuslibrum

101 1733 254 1786 quem
301 1716 510 1773 scribit
556 1716 629 1772 ad
661 1718 721 1771 C.
753 1715 1212 1789 grammaticum
1244 1716 1432 1784 (110);
1465 1713 1545 1768 ibi
1574 1711 1731 1769 enim

100 1804 203 1858 haec
232 1806 371 1859 satis
402 1804 932 1877 habundanterque
959 1808 1205 1860 tractata
1234 1802 1507 1861 inveniet.

158 1895 238 1948 55.
270 1893 441 1966 (969.)
487 1896 665 1949 Fama
712 1894 952 1950 Gerberti
1005 1910 1105 1965 per
1162 1892 1367 1949 Gallias
1418 1900 1468 1947 et
1519 1891 1737 1947 Italiam

100 1981 298 2053 diffusa.
330 2014 401 2022 —
436 1982 716 2038 Fervebat
765 1981 996 2051 studiis,
1032 1998 1431 2053 numerusque
1477 1979 1735 2051 discipu-

102 2070 273 2127 lorum
294 2071 353 2127 in
377 2071 507 2127 dies
531 2071 1147 2128 accrescebat.Nomen
1171 2070 1346 2127 etiam
1368 2068 1514 2126 tanti
1538 2068 1738 2124 docto-

106 2159 174 2214 ris
201 2160 496 2216 ferebatur
528 2177 642 2216 non
669 2159 860 2217 solum
894 2176 997 2232 per
1024 2158 1261 2227 Gallias,
1296 2158 1396 2214 sed
1428 2158 1604 2214 etiam
1638 2173 1741 2230 per

107 2248 408 2306 Germaniae
466 2248 716 2321 populos
769 2248 1147 2305 dilatabatur.
1211 2246 1587 2318 Transiitque
1639 2261 1741 2318 per

111 2337 283 2409 Alpes,
314 2355 383 2395 ac
417 2338 773 2407 diffunditur
801 2336 860 2393 in
885 2336 1332 2407 Italiam,usque
1363 2335 1736 2401 Thirrenum,

110 2427 552 2483 etAdriaticum.
578 2428 700 2493 Quo
722 2430 1001 2498 tempore,
1034 2425 1263 2481 Otricus
1288 2424 1346 2479 in
1370 2422 1618 2480 Saxonis.
1649 2422 1740 2477 in-

108 2515 275 2587 signis
298 2515 652 2573 habebatur.
676 2516 780 2572 Hic
801 2532 935 2570 cum
960 2512 1291 2587 philosophi
1312 2514 1528 2569 f'amam
1550 2511 1743 2568 audis-

108 2608 202 2672 set,
229 2604 677 2676 adverteretque
706 2604 860 2675 quod
894 2603 952 2663 in
982 2602 1142 2659 omni
1173 2602 1587 2675 disputatione,
1618 2603 1745 2656 rata

108 2709 285 2748 rerum
316 2693 608 2750 divisione
641 2697 916 2761 uteretur,
941 2693 1150 2765 agebat
1171 2691 1324 2764 apud
1350 2708 1507 2757 suos,
1545 2694 1607 2744 ut
1637 2687 1743 2743 ali-

108 2798 217 2853 qua:
247 2800 449 2838 rerum
481 2780 805 2838 divisarum
845 2782 1064 2853 figurae,
1097 2780 1169 2835 ab
1202 2779 1379 2836 scolis
1410 2776 1743 2851 philosophi

107 2871 204 2925 sibi
224 2871 616 2937 deferrentur,
637 2874 694 2925 et
716 2869 967 2926 maxime
989 2867 1394 2940 phiIOSOphiae,
1418 2884 1482 2924 eo
1507 2867 1659 2940 quod
1687 2865 1743 2921 in

109 2961 216 3013 rata
242 2959 374 3032 ejus
408 2959 1085 3031 divisione,perpendere
1118 2958 1240 3029 ipse
1265 2957 1494 3013 facilius
1526 2959 1743 3030 posset,

109 3062 171 3100 an
214 3055 367 3104 recte
412 3047 467 3103 is
514 3052 762 3122 saperet,
803 3048 902 3120 qui
962 3046 1361 3120 philosophari
1422 3045 1744 3110 videbatur,

1763 1758 1809 1823 Β

1835 473 2010 529 etiam
2044 470 2190 527 nulli
2224 470 2298 526 sit
2322 469 2876 543 philosophandum.
2903 470 3271 545 Tulititaque
3289 472 3359 527 ad
3384 488 3477 544 pa-

1837 559 2044 615 latium
2078 561 2325 632 figuram
2374 560 2639 626 eandem,
2673 563 2729 614 et
2760 575 2956 614 coram
2990 560 3195 614 Ottone
3226 564 3476 635 augusto

1835 648 1909 705 iis
1939 648 2039 721 qui
2071 647 2452 720 sapientiores
2484 646 2831 703 videbantur
2858 664 2986 703 eam
3017 647 3337 720 explicavit.
3368 650 3481 705 Au-

1835 741 2046 810 gustus
2070 753 2200 792 vero
2223 753 2355 791 cum
2371 741 2420 792 et
2448 735 2571 809 ipse
2592 734 2799 792 talium
2819 735 3292 793 studiosissimus
3311 736 3484 809 habe.-

1838 829 2014 890 retur,
2049 842 2122 880 an
2155 825 2468 881 Gerbertus
2498 824 2774 880 erraverit
2798 825 3214 881 admirabatur.
3248 824 3483 880 Viderat

1836 914 2052 970 etenim
2085 913 2273 981 illum,
2306 918 2363 970 et
2393 931 2506 969 non
2540 914 2719 970 semel
2753 914 3148 986 disputantem
3195 913 3479 970 audierat.

1838 1002 2000 1059 Unde
2032 1007 2088 1058 et
2118 1004 2188 1058 ab
2220 1019 2284 1059 eo
2316 1003 2600 1075 prmdictze
2641 1004 2824 1076 figure
2854 1004 3205 1061 solutionem
3237 1003 3360 1059 fieri
3395 1002 3481 1058 ni-

1837 1090 2022 1147 mium
2054 1092 2311 1164 optabat.
2336 1091 2450 1147 Nec
2481 1091 2665 1146 defuit
2695 1091 2774 1147 rei
2806 1091 3051 1148 occasio.

1907 1182 1996 1236 57.
2025 1181 2196 1251 (970.)
2229 1180 2374 1236 Nam
2404 1180 2770 1236 venerandus
2800 1180 3114 1237 Remorum
3142 1179 3481 1253 metropoli-

1836 1272 2013 1325 tanus
2041 1269 2349 1335 Adalbero,
2373 1272 2504 1341 post
2534 1270 2782 1326 eundem
2817 1287 3038 1325 annum
3068 1270 3312 1326 Romam
3344 1285 3479 1324 cum

1838 1357 2115 1414 Gerberto
2158 1357 2415 1431 petebat,
2469 1375 2535 1413 ac
2591 1357 2776 1413 Ticini
2807 1360 2955 1429 (111)
2985 1362 3302 1431 augustum
3345 1374 3480 1414 cum

1839 1446 2031 1503 Otrico
2055 1446 2324 1520 repperit.
2348 1449 2394 1501 Α
2415 1463 2529 1519 quo
2551 1447 2727 1502 etiam
2751 1448 3058 1521 magnifice
3078 1452 3353 1520 exceptus
3368 1450 3478 1516 est,

1840 1534 2170 1606 ductusque
2195 1551 2294 1606 per
2311 1534 2531 1591 Padum
2554 1535 2739 1592 classe
2764 1536 3117 1593 Ravennam.
3134 1538 3202 1592 Et
3224 1540 3484 1608 tempore

1841 1627 2149 1696 oportuno,
2184 1623 2552 1695 imperatoris
2593 1625 2793 1696 jussu,
2826 1642 3029 1681 omnes
3058 1625 3354 1697 sapientes
3384 1623 3484 1696 qui

1841 1716 2251 1780 convenerant,
2286 1712 2440 1768 intra
2496 1712 2781 1785 palatium
2842 1713 3066 1770 collecti
3123 1711 3490 1770 sunt.All‘uit

1846 1802 2159 1874 praedictus
2184 1802 2531 1859 reverendus
2550 1801 3032 1876 metropolitanus
3048 1820 3060 1871 ;
3075 1802 3240 1860 affuit
3258 1806 3314 1858 et
3332 1801 3488 1858 Adso

1845 1892 2026 1946 abbas
2047 1889 2375 1956 Dervensis,
2401 1891 2500 1963 qui
2524 1908 2657 1947 cum
2692 1892 2816 1964 ipso
2848 1891 3291 1963 metropolitano
3313 1891 3489 1946 adve-

1847 1984 2010 2035 nerat
2035 1997 2048 2048 ;
2082 1979 2183 2035 sed
2214 1983 2271 2034 et
2300 1978 2529 2035 Otrieus
2557 1997 2812 2052 prissens
2839 1984 2983 2046 erat,
3014 1980 3116 2052 qui
3146 1996 3301 2036 anno
3322 1995 3491 2052 supe-

1847 2067 1997 2124 riore
2028 2066 2291 2123 Gerberti
2338 2068 2817 2139 reprehensor-em
2866 2085 2996 2126 sese
3043 2072 3486 2125 monstraverat.

1848 2157 2384 2228 Numerusquoque
2397 2156 2836 2213 scolasticorum
2851 2174 2965 2214 non
2980 2175 3191 2231 parvus
3202 2158 3493 2215 conﬂuxe-

1849 2249 1957 2311 rat,
1984 2245 2085 2316 qui
2108 2247 2172 2280 ‘5'
2196 2244 2598 2302 imminentem
2625 2246 3040 2319 disputationis
3059 2247 3219 2303 litem
3236 2263 3493 2304 summo-

1850 2351 1984 2407 pere
1998 2333 2503 2406 praastolabantur.
2518 2335 2820 2391 Haerebant
2844 2337 3080 2406 etenim,
3100 2354 3174 2394 an
3192 2336 3384 2394 Otrico
3400 2337 3489 2405 ⁸⁵³,

1850 2422 2145 2494 quispiam
2204 2423 2474 2479 resistere
2530 2424 2789 2480 auderet.
2822 2426 3055 2483 Necnon
3099 2429 3157 2482 et
3207 2431 3494 2499 angustus

1849 2511 1952 2583 huj
1963 2512 2191 2568 usmodi
2209 2516 2499 2568 certamen
2514 2512 2849 2571 habendum
2861 2514 3066 2571 callide
3081 2516 3492 2588 pertractabat.

1851 2599 2155 2656 Nitebatur
2175 2604 2369 2655 autem
2404 2602 2748 2658 Gerbertum
2780 2603 3083 2661 incautum
3114 2605 3307 2661 Otrico
3324 2620 3499 2677 Oppo-

1854 2706 2011 2755 nere,
2047 2693 2109 2743 ut
2138 2689 2186 2744 si
2220 2689 2491 2745 incautus
2534 2697 2922 2763 appeteretur,
2956 2695 3237 2765 majorem
3268 2697 3497 2753 contro-

1854 2777 2121 2834 versandi
2153 2778 2418 2835 animum
2450 2779 2507 2834 in
2540 2778 2896 2837 contrarium
2931 2786 3202 2838 moveret.
3236 2782 3497 2839 Otricum

1854 2883 2008 2934 vero,
2044 2866 2229 2923 multa
2258 2884 2598 2940 proponere,
2635 2868 2849 2925 nihilve
2880 2869 3101 2927 solvere
3130 2870 3495 2927 hortabatur.

1854 2957 2042 3028 Atque
2075 2955 2165 3010 his
2197 2956 2472 3012 omnibus
2503 2974 2569 3012 ex
2599 2958 2801 3013 ordine
2830 2960 2897 2994 ⁴⁶⁰
2927 2959 3499 3029 considentibus,au-

1855 3050 2069 3117 gustus
2100 3061 2301 3100 eorum
2336 3045 2587 3113 medius,
2618 3047 2701 3103 sic
2732 3064 2763 3103 e
2793 3047 3033 3104 sublimi
3065 3047 3237 3120 coepit
3269 3064 3282 3104 :

110 3140 292 3209 utpote
319 3137 382 3192 in
417 3153 486 3193 eo
516 3137 670 3208 quod
705 3136 1034 3193 divinarum
1065 3140 1121 3191 et
1150 3136 1544 3191 humanarum
1567 3134 1749 3190 scien-
1777 3123 1820 3193 Ο
1925 3137 2016 3190 58.
2050 3133 2313 3190 Allocutio
2364 3136 2586 3203 augusti
2641 3135 2846 3192 Ottonis
2878 3139 2938 3192 in
2966 3145 3228 3194 conventu
3273 3138 3499 3209 sapien-

108 3225 235 3281 tiam
272 3228 605 3299 profitetur.
639 3225 906 3281 Directus
955 3225 1153 3298 itaque
1200 3229 1289 3281 est
1334 3225 1565 3291 Remos,
1599 3224 1748 3279 Saxo

109 3315 357 3385 quidam,
380 3314 489 3387 qui
510 3315 584 3370 ad
605 3314 727 3370 haec
747 3314 1052 3371 videbatur
1068 3312 1396 3369 idoneusls
1416 3329 1552 3367 cum
1575 3310 1750 3368 scolis

108 3401 424 3472 interesset,
462 3406 519 3459 et
550 3406 720 3459 caute
749 3419 1033 3476 generum
1069 3401 1384 3458 divisiones
1413 3418 1447 3455 a
1476 3401 1751 3458 Gerberto

111 3490 414 3564 dispositas
447 3490 838 3565 colligeret,in
862 3508 930 3548 ea
950 3495 1145 3549 tamen
1170 3491 1421 3546 maxime
1448 3488 1749 3559 divisione,

111 3598 222 3651 quae
241 3579 684 3654 philosophiam
707 3580 781 3637 ad
802 3579 1042 3655 plenum
1067 3579 1298 3651 dividit,
1320 3578 1641 3651 plurimum
1666 3595 1753 3634 or-

113 3667 232 3724 dine
261 3672 492 3727 abusus
521 3672 632 3726 est.

169 3760 253 3814 56.
285 3761 500 3830 Figura
532 3756 774 3815 Gerberti
798 3757 1174 3830 philosophica
1210 3773 1312 3829 per
1351 3756 1633 3812 malivolos
1662 3754 1755 3811 de-

110 3856 347 3917 pravata,
410 3846 483 3903 ab
544 3846 724 3905 Otrico
781 3846 1215 3919 reprehenditur.
1265 3877 1333 3886 —-
1364 3845 1590 3901 Etenim
1621 3861 1755 3901 cum

115 3935 536 3993 mathematicas
566 3934 796 4008 pbisica
825 3952 933 4008 par
978 3939 1153 4008 atque
1200 3950 1388 3990 coaeva
1417 3950 1451 3990 a
1480 3933 1757 3989 Gerberto

116 4025 294 4093 posita
321 4025 561 4092 fuisset,
593 4024 666 4079 ab
699 4023 809 4080 hoc
840 4022 1264 4079 mathematicae
1296 4023 1499 4079 eadem
1533 4020 1762 4095 pbisica

119 4117 172 4166 ut
193 4114 389 4186 generi
423 4110 655 4186 species
686 4112 924 4169 subdita
967 4116 1095 4179 est;
1128 4111 1531 4183 incertumque
1563 4114 1759 4167 utrum

116 4199 397 4259 industria
426 4220 505 4261 an
537 4218 733 4258 errore
750 4200 809 4257 id
828 4201 1046 4257 factum
1064 4200 1159 4257 sit.
1178 4200 1385 4273 Sicque
1404 4217 1540 4256 cum
1561 4199 1761 4257 multi-

116 4286 239 4360 plici
265 4291 642 4348 diversarum
674 4305 869 4346 rerum
903 4288 1338 4358 distributione,
1361 4289 1553 4345 Otrico
1576 4290 1765 4361 figura

118 4376 294 4435 delata
313 4383 427 4436 est.
445 4378 635 4442 Quam
668 4377 794 4450 ipse
815 4376 1263 4450 diligentissime
1286 4376 1601 4444 revolvens,
1634 4376 1764 4433 Ger-

119 4464 338 4523 bertum
372 4466 532 4522 male
553 4465 823 4522 divisisse
851 4466 1006 4539 apud
1029 4482 1169 4527 suos
1201 4465 1763 4532 calumniabatur,eo

118 4556 257 4625 quod
297 4555 563 4611 duarum
593 4554 910 4628 aequalium
942 4554 1292 4628 specierum,
1326 4554 1492 4610 alteri
1523 4553 1764 4611 alteram

116 4641 499 4700 substitutam
533 4647 599 4698 ut
627 4642 826 4718 generi
859 4642 1114 4716 speciem
1146 4643 1335 4716 figura
1354 4642 1763 4699 mentiebatur.

116 4731 185 4786 Ac
207 4749 306 4804 per
328 4732 445 4788 hoc
479 4730 624 4787 nihil
656 4748 793 4787 eum
825 4728 1206 4803 philosophia:
1236 4731 1565 4804 percepisse
1594 4732 1768 4788 audeo

119 4822 230 4875 cter
257 4820 591 4877 astruebat.
616 4817 884 4891 llludque
907 4836 1041 4875 eum
1063 4819 1299 4892 penitus
1320 4820 1587 4893 ignorare
1617 4818 1767 4877 dice-

1857 3226 1998 3279 tium
2009 3239 2107 3295 pro
2122 3222 2497 3279 emendatione
2504 3225 2721 3294 ﬁgurae.
2732 3248 2828 3275 -‹‹
2846 3225 3217 3293 Humanam,i
3227 3226 3498 3297 nquiens,

1860 3316 1924 3367 ut
1954 3312 2204 3368 arbitror
2233 3311 2561 3381 scientiam,
2599 3314 2802 3370 crebra
2840 3315 3140 3371 meditatio
3171 3312 3259 3370 vel
3288 3313 3502 3370 exerci-

1860 3400 2003 3457 tatio
2062 3401 2247 3456 reddit
2306 3401 2626 3471 meliorem,
2678 3404 2949 3473 quotiens
3001 3420 3198 3461 rerum
3258 3402 3504 3459 materia

1861 3493 2255 3561 competenter
2300 3489 2585 3559 ordinata,
2627 3492 2998 3549 sermonibus
3045 3490 3374 3563 exquisitis,
3400 3507 3504 3562 per

1862 3576 2152 3650 quoslibet
2172 3577 2467 3649 sapientes
2490 3580 2743 3635 effertur.
2759 3580 2904 3636 Nam
2928 3597 3061 3637 cum
3083 3596 3186 3653 per
3205 3579 3389 3636 otium
3412 3595 3502 3634 se-

1862 3665 2106 3740 pissime
2127 3667 2501 3738 torpemus,si
2517 3668 2847 3740 aliquorum
2869 3668 3175 3742 pulsamur
3193 3666 3508 3741 questioni-

1865 3755 2074 3823 bus,ad
2090 3755 2400 3811 utillimam
2417 3773 2548 3812 mox
2568 3757 3009 3815 meditationem
3023 3756 3508 3815 incitamur.Hinc

1864 3844 2108 3901 scientia
2150 3861 2345 3901 rerum
2376 3863 2410 3901 a
2451 3846 2806 3903 doctissimis
2861 3847 3054 3904 elicita
3107 3851 3216 3904 est.
3252 3847 3394 3903 Hinc
3423 3850 3513 3902 est

1868 3934 2026 4005 quod
2055 3934 2128 3989 ab
2160 3932 2243 3990 eis
2276 3934 2521 4007 prolata,
2555 3935 2721 3992 libris
2771 3937 2986 3993 tradita
3032 3941 3192 4005 sunt,
3226 3935 3511 4007 nobisque

1869 4023 1940 4079 ad
1963 4022 2098 4078 boni
2131 4022 2395 4079 exercicii
2425 4023 2693 4096 gloriam,
2715 4024 3009 4082 derelicta.
3031 4025 3374 4081 Afﬁciamur
3403 4024 3512 4097 igi-

1869 4115 1964 4167 tur
1994 4115 2053 4169 et
2078 4128 2183 4168 nos
2210 4112 2504 4185 aliquibus
2532 4114 2796 4186 objectis,
2828 4116 3044 4187 quibus
3072 4118 3129 4171 et
3157 4114 3394 4171 animus
3423 4129 3514 4170 ex-

1870 4200 2171 4257 cellentior
2199 4202 2272 4258 ad
2304 4201 2701 4275 intelligentiae
2747 4204 2995 4259 certiora
3022 4203 3291 4259 ducatur.
3324 4203 3394 4258 Et
3423 4200 3514 4257 eia

1870 4288 2134 4361 inquam,
2159 4290 2286 4360 jam
2336 4307 2491 4345 nunc
2546 4290 2928 4361 revolvamus,
2960 4291 3205 4363 figuram
3248 4288 3411 4345 illam
3441 4289 3513 4343 de

1872 4376 2255 4450 philosophiae
2286 4378 2573 4450 partibus,
2608 4396 2735 4451 quis
2785 4378 2955 4435 nobis
3004 4394 3156 4434 anno
3215 4377 3513 4450 superiore

1795 4490 1842 4554 Β
1875 4470 2199 4522 monstrata
2225 4470 2332 4523 est.
2366 4467 2582 4523 Omnes
2637 4466 3083 4540 diligentissime
3139 4483 3271 4524 eam
3311 4467 3515 4522 adver-

1874 4558 2002 4611 tant
2027 4572 2042 4623 ;
2074 4554 2389 4627 dicantque
2414 4554 2630 4628 singuli
2661 4555 2802 4629 quid
2833 4556 2892 4611 in
2922 4573 3008 4624 ea,
3024 4561 3127 4613 aut
3156 4560 3357 4613 contra
3383 4572 3516 4612 eam

1875 4645 2149 4701 sentiant.
2211 4643 2270 4701 Si
2327 4644 2550 4702 nullius
2607 4647 2968 4703 extrinsecus
3022 4645 3265 4720 indiget,
3326 4650 3519 4702 vestra

1875 4732 2141 4789 omnium
2164 4733 2467 4789 roboretur
2481 4735 2920 4807 approbatione.
2946 4735 3006 4792 Si
3024 4752 3155 4792 vero
3176 4735 3520 4809 corrigenda

1873 4822 2188 4889 videbitur,
2218 4822 2573 4895 sapientium
2623 4824 2953 4892 sententiis,
2987 4829 3089 4882 aut
3136 4825 3517 4899 improbetur,

1468 4932 1709 4992 VARle
1755 4937 2062 4995 LECTION
2068 4940 2170 4996 ES.

178 5034 243 5069 ‘“
268 5032 467 5116 co_nfe,
499 5031 551 5087 ci
582 5031 816 5116 species.
892 5032 959 5068 ⁸⁵⁷
992 5048 1122 5116 vere
1165 5031 1283 5116 cui.
1318 5031 1464 5116 nihil
1515 5037 1649 5116 ante
1699 5034 1895 5116 Gallia:
1943 5037 2227 5116 scriptum
2276 5037 2592 5116 habebant,
2625 5047 2881 5116 quantus
2909 5042 3075 5116 labor
3102 5059 3392 5116 expensus
3423 5041 3518 5111 sit,

122 5118 300 5184 sermo
329 5104 532 5184 impar
576 5103 787 5184 dicere.
826 5104 1208 5184 nonusufﬁcit
1249 5103 1441 5159 deleta.
1516 5104 1716 5184 Ἦ.ᾳυί
1748 5106 1805 5163 id
1837 5103 2134 5181 negotium
2165 5103 2609 5184 perpenderent.
2641 5103 2698 5170 et
2722 5114 2795 5171 ob
2825 5114 2936 5172 hoc
2956 5112 3150 5176 deleta.
3174 5103 3193 5116 ³
3226 5115 3293 5150 ⁸⁵⁸
3320 5103 3522 5170 eorum

122 5172 461 5234 doctissimo
489 5189 635 5233 corr.
669 5173 861 5233 Otrico
934 5175 1003 5211 ⁴⁸⁰
1025 5174 1181 5247 jussi
1208 5191 1351 5232 corr.
1385 5192 1453 5231 ex
1482 5172 1704 5234 ordine.

1707 5281 1937 5341 N0'I‘.E.

184 5379 331 5452 (110)
361 5378 455 5435 Ad
502 5377 977 5446 Constantinum,
1035 5379 1107 5436 de
1161 5377 1446 5435 divisione
1498 5395 1774 5438 numero-

125 5465 269 5507 tum.

1883 5386 2168 5461 mogatus,
2188 5385 2423 5461 _Mar_tio_
2448 5387 2604 5461 inde
2660 5388 2993 5446 Ravennam
3024 5390 3226 5461 movit,
3258 5393 3433 5461 atque
3456 5387 3520 5461 d.

1882 5456 1953 5537 ἓξ),
1979 5454 2365 5537 Fer_rariqe,__d.
2398 5459 2488 5527 30,
2522 5461 2789 5537 ejusdem
2846 5460 3069 5520 mensis
3123 5454 3406 5519 Ravennae
3436 5458 3525 5516 di-

186 5523 337 5595 (111)
369 5520 504 5581 Otto
533 5537 631 5581 an.
664 5520 772 5579 970
803 5520 939 5579 inde
966 5538 1000 5581 a
1024 5536 1226 5580 mense
1270 5520 1534 5581 Januarii
1584 5521 1772 5583 Ticini
1878 5524 2139 5604 plomata
2165 5520 2366 5589 edidit.

445 5648 709 5712 Pauor.
758 5646 903 5713 CXX
915 5648 1127 5717 XVIII.

3170 5661 3207 5723 4
