3838 6238
378 355 492 418 107

1469 355 1780 416 RICHERI
1945 349 2246 414 liEMIGlI
2295 353 2674 415 MONACIII.

3650 356 3744 416 108

374 495 476 546 aut
496 490 568 544 ad
593 503 856 544 normam
881 488 1197 561 redigatur.
1221 488 1542 559 Coramque
1573 487 1867 542 deferatur
1884 486 2011 556 jam
2042 487 2096 551 Α
2125 501 2260 539 nere
2282 484 3109 559 habeantur,ma,joreinquam
3132 484 3741 554 admirationedignum

372 594 529 633 nunc
558 575 866 633 videnda.»
897 578 1062 633 Tunc
1088 577 1318 633 Otricus
1343 593 1471 632 eam
1503 576 1561 630 in
1596 579 1795 646 aperto
1827 574 2016 645 profe-

371 683 527 733 rens,
560 682 595 720 a
626 665 902 721 Gerberto
934 666 1017 721 sic
1050 666 1400 731 ordinatam,
1434 670 1490 719 et
1517 681 1552 718 a
1583 664 1708 718 suis
1738 661 2018 718 auditori-

372 755 482 810 bus
514 757 813 824 exceptam
845 754 1245 825 scriptamque
1274 752 1602 824 respondit;
1623 757 1679 806 et
1700 751 1783 805 sic
1805 751 2020 805 domno

371 846 622 914 augusto
705 841 1011 910 legendam
1090 841 1361 913 porrexit.
1422 840 1554 903 Quae
1618 838 1888 911 perlecta,
1949 838 2020 893 ad

373 930 715 985 Gerbertum
778 928 971 985 delata
1028 934 1136 985 est.
1180 929 1286 995 Qui
1345 928 1654 1001 diligenter
1703 944 1832 982 eam
1892 943 2020 997 per-

374 1026 635 1084 currens,
692 1018 749 1072 in
811 1023 973 1089 parte
1032 1018 1336 1089 approbat,
1398 1023 1454 1071 et
1512 1018 1570 1070 in
1631 1021 1794 1087 parte
1870 1016 2020 1069 vitu-

375 1113 557 1180 perat,
592 1105 885 1178 simulque
930 1122 1045 1161 non
1090 1107 1174 1161 sic
1205 1123 1333 1161 eam
1364 1122 1492 1161 sese
1523 1104 1827 1161 ordinasse
1859 1119 2022 1159 asse-

375 1196 513 1251 ruit.

444 1284 534 1338 59.
570 1285 784 1339 Divisio
814 1283 1121 1340 theoreticm
1139 1284 1201 1318 ⁴⁶¹
1229 1282 1592 1354 philosOphiw
1625 1283 1683 1337 in
1712 1282 1930 1351 species.
1953 1309 2023 1320 -—-

376 1373 633 1445 Rogatus
663 1377 860 1427 autem
893 1378 965 1427 ab
998 1376 1248 1444 augusto
1306 1370 1614 1440 corrigere,
1648 1370 1732 1423 ait
1763 1385 1776 1424 :
1811 1391 1838 1417 «
1870 1372 2021 1433 Quo-

376 1462 555 1524 niam,
582 1477 614 1515 o
653 1477 867 1532 magne
899 1478 1079 1516 caesar
1108 1465 1376 1531 auguste,
1402 1466 1457 1514 te
1487 1459 1580 1512 his
1612 1459 1886 1512 omnibus
1916 1472 2022 1528 po-

372 1549 579 1605 tiorem
609 1548 931 1610 video,tuis
953 1553 1019 1603 ut
1049 1565 1155 1620 par
1184 1554 1273 1603 est
1291 1547 1479 1618 jussis
1511 1546 1743 1618 parebo.
1776 1545 1890 1600 Nec
1906 1561 2025 1599 mo-

372 1637 527 1692 vebit
572 1653 665 1692 me
716 1636 1123 1693 malivolorum
1171 1636 1338 1698 livor,
1371 1651 1620 1707 quorum
1655 1633 1935 1689 instinctu
1962 1632 2018 1688 id

374 1726 592 1780 factum
625 1730 735 1789 est,
768 1730 833 1779 ut
874 1725 1202 1780 rectissima
1235 1722 1616 1795 philosophia:
1648 1722 1854 1776 divisio
1886 1738 2024 1793 pro-

374 1812 648 1869 babiliter
693 1813 1066 1885 dilucideque
1095 1830 1128 1867 a
1159 1829 1251 1868 me
1291 1828 1480 1882 nuper
1526 1811 1813 1875 ordinata,
1851 1809 2023 1864 unius
2056 1849 2100 1912 Β

372 1902 586 1975 speciei
621 1902 1024 1974 suppositione
1054 1900 1257 1956 vitiata
1286 1901 1363 1955 sit
1381 1902 1470 1953 ‘6’.
1496 1900 1634 1955 Dico
1666 1900 1864 1971 itaque
1895 1915 2022 1953 ma-

370 1990 769 2058 thematicam,
813 1990 1120 2063 phisicam,
1172 1996 1228 2045 et
1274 1988 1684 2061 theologicam,
1741 1994 2023 2059 satiuaavas

374 2080 561 2135 eidem
594 2079 792 2152 generi
826 2080 1088 2134 subesse.
1124 2079 1336 2133 Earum
1371 2082 1566 2132 autem
1596 2094 1801 2153 genus,
1833 2075 1918 2131 eis
1949 2091 2021 2128 a3-

374 2167 627 2239 qualiter
656 2166 1158 2240 participare.Nec
1188 2166 1310 2222 fieri
1345 2182 1730 2237 posse,unam
1754 2165 2024 2219 eandem-

375 2272 489 2328 que
517 2255 796 2328 speciem,
828 2272 948 2310 una
978 2256 1299 2327 eademque
1331 2254 1572 2322 ratione,
1588 2254 1776 2309 eidem
1810 2250 2023 2323 speciei

374 2350 434 2399 et
452 2361 652 2416 parem
672 2360 823 2414 esse,
850 2348 907 2398 et
926 2348 993 2398 ut
1022 2343 1355 2398 inferiorem
1387 2342 1505 2397 asci
1538 2341 1735 2413 generi
1767 2340 2021 2411 speciem

376 2434 697 2503 subjacere.
725 2433 792 2486 Et
821 2447 925 2502 ego
957 2432 1192 2501 quidem
1217 2432 1286 2485 de
1308 2430 1400 2485 his
1422 2432 1505 2485 ita
1525 2429 2022 2484 sentio.Czeterum

376 2520 426 2574 si
480 2519 614 2591 quis
675 2523 878 2574 contra
947 2519 1068 2573 haec
1146 2517 1481 2583 contendat,
1536 2518 1821 2572 rationem
1887 2516 2024 2570 inde

376 2608 626 2678 aﬂ'ectet,
660 2606 948 2678 faciatque
1004 2622 1111 2662 nos
1170 2605 1512 2678 intelligere,
1549 2606 1703 2677 quod
1755 2604 2022 2659 fortassis

376 2699 598 2751 natura:
630 2695 819 2768 ipsius
849 2695 1019 2761 ratio,
1047 2694 1268 2750 nemini
1300 2694 1491 2750 adhuc
1516 2693 1834 2750 contulisse
1864 2695 2023 2748 vide-

375 2789 491 2839 tur.
528 2805 557 2834 ››

443 2875 532 2927 60.
570 2872 939 2943 Philosophiae
1010 2872 1228 2928 divisio.
1289 2902 1359 2914 —-
1413 2872 1497 2926 Ad
1571 2870 1692 2926 haec
1769 2870 2020 2936 Otricus,

375 2961 656 3017 innuente
685 2964 960 3033 augusto,
992 2961 1075 3016 sic
1103 2962 1186 3016 ait
1215 2977 1228 3014 :
1265 2983 1291 3010 «
1321 2960 1606 3025 Quoniam
1640 2958 2021 3031 philosophim

371 3055 565 3121 partes
597 3048 819 3121 aliquot
849 3048 1098 3104 breviter
1128 3048 1397 3119 attigisti,
1428 3049 1500 3102 ad
1532 3047 1772 3118 plenum
1795 3049 2024 3118 oportet

373 3142 438 3193 ut
457 3143 514 3194 et
534 3138 779 3204 dividas,
805 3142 862 3191 et
884 3136 1229 3191 divisionem
1259 3138 1494 3191 enodes.
1520 3136 1730 3207 Sicque
1761 3136 1885 3191 ﬁeri
1918 3152 2019 3206 po-

2126 574 2375 640 videtur,
2400 575 2447 629 si
2472 576 2634 631 alteri
2670 576 2853 632 altera
2874 577 3180 634 subdatur.
3204 577 3312 633 Sed
3343 575 3474 631 dico
3505 575 3751 646 phisiolo-

2133 662 2289 734 giam
2323 663 2559 735 phisicze
2591 682 2777 735 genus
2808 682 2924 721 non
2956 681 3086 721 esse
3119 664 3614 736 quemadmodum
3636 680 3749 735 pro-

2130 751 2321 823 ponis.
2345 751 2689 824 nullamque
2709 770 2909 809 earum
2936 753 3324 809 differentiam
3356 752 3533 808 aliam
3563 768 3748 817 assero,

2130 839 2243 894 nisi
2277 855 2403 894 eam
2435 856 2613 911 quam
2658 841 2811 897 inter
2855 840 3285 913 philosophiam
3317 844 3375 896 et
3404 839 3752 912 philologiam

2131 943 2439 999 cognosco.
2474 928 2748 1000 Alioquin
2796 928 3115 1000 philologia
3166 927 3554 1000 philosophiae
3599 943 3754 1000 genus

2131 1016 2486 1071 conceditur.
2512 1039 2538 1065 »
2562 1018 2643 1071 Ad
2678 1017 2799 1072 haec
2830 1017 3273 1073 scolasticorum
3306 1016 3622 1071 multitudo
3652 1015 3751 1086 phi-

2132 1103 2408 1175 los0phia3
2421 1105 2766 1160 divisionem
2785 1106 3172 1176 interruptam
3188 1105 3755 1177 indignabatur,eam—

2131 1209 2245 1264 que
2294 1193 2477 1264 repeti
2529 1193 2683 1265 apud
2733 1198 3053 1265 augustum
3102 1193 3355 1265 petebat.
3389 1192 3621 1247 Otricus
3647 1207 3754 1246 vero

2131 1286 2264 1352 post
2306 1281 2613 1353 paululum
2672 1281 2828 1336 idem
2884 1282 3267 1353 repetendum
3326 1281 3578 1345 dicebat,
3616 1280 3755 1351 prius

2130 1374 2325 1424 tamen
2350 1369 2551 1423 habita
2582 1369 2800 1424 ratione
2831 1369 2903 1424 de
2933 1385 3111 1425 causa
3133 1368 3324 1441 ipsius
3353 1367 3750 1440 philosophiae;

2132 1457 2561 1527 intendensque
2594 1458 2651 1511 in
2676 1457 3043 1526 Gerbertum,
3069 1474 3195 1530 quae
3218 1460 3375 1512 esset
3403 1472 3582 1511 causa
3602 1454 3757 1527 philo-

2132 1545 2349 1616 sophia
2381 1545 2808 1601 sciscitabatur.

2200 1636 2290 1687 6‘2.
2326 1634 2461 1700 Quae
2510 1636 2580 1689 sit
2626 1649 2793 1689 causa
2843 1634 3052 1689 conditi
3094 1633 3311 1689 mundi.
3345 1664 3413 1674 —
3443 1632 3551 1698 Qui
3585 1649 3704 1687 cum
3727 1648 3758 1686 a

2132 1722 2430 1799 Gerberto,
2455 1726 2519 1776 ut
2539 1721 2799 1793 apertius
2820 1722 2960 1794 quid
2984 1721 3155 1777 vellet
3174 1722 3444 1791 ediceret,
3460 1727 3755 1792 rogaretur,

2132 1814 2330 1864 utrum
2364 1808 2631 1865 videlicet
2660 1826 2897 1865 causam
2924 1826 3041 1881 qua
3063 1809 3295 1865 inventa
3314 1814 3422 1875 est,
3447 1826 3522 1864 an
3544 1824 3759 1863 causam

2132 1898 2222 1952 cui
2246 1898 2482 1953 inventa
2507 1898 2773 1968 debetur,
2798 1897 2896 1953 ille
2916 1914 3049 1952 mox
3073 1914 3086 1952 :
3122 1920 3150 1947 «
3175 1902 3392 1969 Ipsam,
3426 1896 3765 1968 inquit,cau-

2133 2004 2259 2041 sam
2278 1986 2428 2049 dico,
2445 1993 2679 2057 propter
2695 2003 2874 2057 quam
2892 1986 3125 2041 inventa
3141 1985 3387 2041 videtur.
3409 2008 3437 2035 ››
3460 1986 3621 2040 Tunc
3650 1999 3761 2040 vero

2130 2075 2445 2129 Gerbertus
2472 2092 2484 2129 :
2510 2097 2537 2123 ‹‹
2562 2074 2868 2141 Quoniam,
2892 2074 3107 2146 inquit,
3124 2090 3279 2129 nunc
3310 2079 3468 2146 patet
3488 2073 3627 2146 quid
3650 2089 3761 2144 pro-

2132 2179 2334 2233 ponas,
2357 2161 2486 2217 ideo
2507 2161 2746 2233 inquam
2779 2162 3012 2218 inventa
3040 2165 3148 2229 est,
3183 2166 3249 2217 ut
3278 2179 3346 2217 ex
3378 2178 3446 2217 ea
3475 2176 3762 2233 cognosca-

2132 2243 2267 2305 mus
2283 2251 2480 2306 divina
2495 2256 2553 2306 et
2575 2251 2853 2305 humana.
2880 2252 2947 2306 Et
2969 2250 3199 2307 Otricus
3225 2268 3238 2306 :
3263 2251 3379 2306 Cur
3402 2249 3760 2322 inquitunius

2132 2339 2213 2394 rei
2236 2355 2497 2405 causam,
2517 2344 2599 2393 tot
2628 2340 2985 2395 dictionibus
3014 2339 3381 2395 nominasti?
3409 2356 3546 2393 cum
3568 2357 3632 2393 ex
3660 2354 3760 2393 una

2132 2428 2402 2482 fortassis
2433 2427 2725 2482 nominari
2755 2430 2962 2500 potuit,
2990 2434 3046 2482 et
3067 2427 3552 2500 philosophorum
3571 2427 3761 2482 sitbre-

2130 2515 2293 2570 vitati
2326 2516 2606 2571 studere?
2640 2539 2667 2565 ››

2200 2604 2289 2658 63.
2325 2604 2475 2671 Quod
2521 2620 2631 2659 non
2676 2606 2862 2660 omnia
2909 2606 3140 2660 nomina
3200 2621 3498 2659 causarum
3547 2604 3764 2674 singulis

2131 2691 2464 2748 dictionibus
2493 2693 2815 2765 efferuntur.
2848 2720 2921 2735 —
2945 2692 3258 2749 Gerbertus
3284 2710 3519 2765 quoque
3551 2710 3565 2748 :
3600 2716 3626 2743 ‹‹
3656 2693 3763 2747 Non

2131 2796 2356 2849 omnes,
2391 2779 2606 2853 inquit,
2640 2798 2849 2847 causae,
2885 2798 3003 2837 uno
3034 2780 3227 2837 valent
3257 2781 3496 2836 nomine
3522 2779 3763 2853 proferri.

2132 2868 2357 2924 Etenim
2388 2886 2521 2924 cum
2554 2887 2589 2924 a
2611 2869 2850 2925 Platone
2879 2886 3058 2925 causa
3087 2870 3265 2925 creati
3298 2871 3505 2925 mundi
3530 2888 3637 2926 non
3659 2885 3762 2925 una

2131 2958 2229 3011 sed
2265 2957 2455 3013 tribus
2484 2956 2860 3023 dictionibus,
2887 2958 3040 3013 bona
3058 2957 3161 3013 Dei
3193 2957 3460 3013 voluntas
3493 2956 3766 3014 declarata

2130 3045 2225 3111 sit,
2254 3052 2484 3102 constat
2509 3047 2659 3101 hanc
2691 3048 2868 3102 creati
2916 3047 3125 3101 mundi
3172 3063 3434 3113 causam,
3468 3065 3584 3103 non
3614 3045 3764 3102 aliter

2132 3134 2390 3205 potuisse
2415 3152 2516 3206 pro
2525 3135 2730 3190 i'erri.N
2736 3152 2828 3190 am
2850 3135 2896 3190 si
2910 3135 3156 3190 dixisset
3170 3134 3527 3190 voluntatem
3540 3149 3760 3189 causam

376 3225 528 3291 terit,
555 3230 617 3280 ut
636 3230 696 3279 et
715 3225 996 3296 probabili
1021 3224 1326 3291 divisione,
1351 3225 1570 3279 vitiosae
1598 3206 1794 3295 figurae
1826 3224 2018 3296 suspi-
2049 3206 2091 3272 ί]
2130 3239 2259 3278 esse
2279 3223 2508 3290 mundi,
2525 3239 2640 3278 non
2662 3222 2719 3277 id
2741 3227 2897 3278 esset
2916 3239 3311 3294 consequens;
3335 3222 3759 3294 quaelibetenim

377 3314 464 3370 cio
494 3317 613 3368 ate
649 3317 1029 3368 removeatur.
1076 3334 1103 3362 ››
1152 3313 1314 3368 Tunc
1369 3329 1604 3384 quoque
1654 3312 1969 3368 Gerbertus
2003 3328 2016 3365 :

373 3425 402 3453 «
436 3403 582 3458 Cum
604 3400 713 3457 hoc
732 3401 925 3474 inquit
946 3401 1143 3472 magni
1165 3404 1409 3467 constet,
1434 3404 1498 3455 ut
1530 3403 1659 3472 pote
1689 3399 2018 3456 divinarum

371 3490 831 3547 ethumanarum
855 3507 1048 3546 rerum
1075 3489 1516 3562 comprehensio
1538 3488 2017 3553 veritatis,tamen

370 3585 436 3636 ut
465 3596 570 3636 nec
600 3596 707 3635 nos
738 3579 980 3652 ignavias
1011 3595 1349 3650 arguamur,
1384 3583 1439 3632 et
1470 3578 1805 3634 auditorum
1837 3576 2018 3650 aliqui

368 3669 645 3740 proﬁcere
676 3667 923 3739 possint,
956 3669 1280 3723 secundum
1313 3667 1557 3721 Vitruvii
1607 3672 1783 3737 atque
1832 3666 2014 3721 Boetii

365 3755 710 3811 divisionem
731 3755 922 3810 dicere
943 3772 1056 3809 non
1080 3755 1323 3826 pigebit.
1349 3756 1449 3809 Est
1469 3754 1628 3808 enim
1648 3753 2017 3825 philosophia

364 3859 588 3915 genus;
619 3843 788 3912 cujus
816 3841 1039 3913 species
1072 3846 1231 3900 sunt.
1267 3841 1540 3913 practice,
1575 3846 1633 3896 et
1660 3842 2012 3909 theoretice;

361 3929 647 4004 practices
676 3945 810 3984 vero
840 3928 1062 4001 species
1107 3929 1258 3994 dico,
1301 3928 1781 3999 dispensativam,
1813 3929 2013 3984 distri-

359 4019 641 4084 butivam,
677 4016 924 4074 civilem.
968 4017 1088 4073 Sub
1118 4016 1434 4072 theoretice
1464 4033 1596 4072 vero
1648 4034 1765 4072 non
1809 4017 2013 4073 incon-

359 4123 502 4181 grue
536 4105 951 4178 intelliguntur
988 4103 1217 4177 phisica
1258 4102 1566 4170 naturalis,
1600 4105 2014 4162 mathematica

357 4194 763 4268 intelligihilis,
794 4210 862 4249 ac
891 4192 1183 4265 theologia
1212 4191 1651 4249 intellectibilis.
1669 4195 2012 4266 Rursusque

358 4283 836 4340 mathematicam
860 4282 970 4338 sub
993 4280 1219 4354 phisica
1240 4298 1354 4337 non
1372 4285 1582 4353 praeter
1603 4281 1886 4338 rationem
1901 4282 2013 4339 col-

355 4371 639 4429 locamus.
663 4393 692 4424 ››

422 4462 514 4518 6|.
548 4462 907 4533 Reprehensio
963 4460 1253 4517 divisionis
1309 4461 1378 4515 ab
1428 4460 1607 4515 Otrico
1666 4461 1908 4527 inutilis,
1940 4477 2006 4515 ac

2126 3310 2418 3375 voluntas,
2470 3312 2524 3365 id
2576 3327 2705 3368 esse
2753 3311 3065 3377 videretur,
3098 3312 3252 3379 quod
3284 3328 3399 3366 non
3432 3310 3707 3382 procedit.
3737 3332 3759 3358 ιι

2127 3402 2312 3470 Atque
2343 3399 2438 3454 hic
2469 3398 2699 3455 Otricus
2733 3416 2746 3454 :
2778 3422 2815 3475 5<
2848 3398 2932 3465 Si,
2982 3400 3195 3470 inquit,
3257 3399 3357 3455 Dei
3414 3398 3761 3454 voluntatem

2126 3504 2367 3543 causam
2397 3487 2614 3543 conditi
2646 3488 2852 3543 mundi
2892 3487 3153 3554 dixisset,
3188 3487 3421 3543 brevius
3451 3487 3684 3558 quidem
3714 3491 3759 3543 et

2125 3576 2486 3631 sufficienter
2512 3576 2734 3631 dictum
2768 3577 2935 3643 foret,
2959 3592 3095 3631 cum
3118 3593 3445 3647 numquam
3479 3575 3592 3630 nisi
3620 3576 3761 3631 bona

2125 3664 2301 3719 fuerit
2320 3663 2420 3719 Dei
2442 3663 2732 3719 voluntas.
2760 3664 2885 3719 Non
2907 3664 3062 3720 enim
3087 3670 3175 3719 est
3195 3663 3296 3735 qui
3318 3665 3537 3718 abnuat
3558 3664 3757 3719 bonam

2124 3769 2252 3808 esse
2274 3752 2374 3807 Dei
2397 3751 2901 3808 voluntatem.»Et
2922 3752 3265 3808 Gerbertus:
3288 3774 3316 3801 «
3337 3751 3398 3807 In
3419 3742 3546 3818 hoc,
3561 3750 3757 3824 inquit,

2126 3841 2358 3912 penitus
2407 3859 2524 3896 non
2581 3840 2940 3896 contradico.
2990 3841 3102 3896 Sed
3149 3841 3317 3907 vide;
3369 3839 3508 3911 quia
3549 3840 3761 3895 constat

2123 3929 2307 3984 Deum
2322 3928 2656 3985 substantia
2671 3928 3041 3984 solummodo
3054 3928 3481 4000 honum,quam
3491 3928 3632 3983 libet
3644 3942 3759 3982 vero

2122 4024 2453 4074 creaturam
2509 4017 2956 4090 participatione
3010 4017 3248 4085 bonam,
3281 4017 3355 4072 ad
3385 4018 3515 4088 ejus
3553 4022 3759 4072 nature

2121 4105 2467 4177 qualitatem
2497 4105 2960 4177 exprimendam,
2992 4106 3148 4161 bona
3177 4103 3447 4161 additum
3479 4107 3587 4172 est,
3613 4102 3755 4177 quod

2120 4194 2176 4249 id
2201 4195 2328 4265 ejus
2350 4194 2651 4266 proprium
2675 4194 2771 4261 sit,
2797 4210 2911 4248 non
2934 4194 3109 4250 etiam
3133 4192 3451 4264 cujuslibet
3470 4196 3754 4248 creature.

2120 4283 2381 4338 Tandem
2428 4280 2709 4353 quidquid
2760 4280 2906 4336 illud
2939 4280 3035 4347 sit,
3066 4281 3126 4337 id
3153 4281 3280 4338 sine
3310 4280 3489 4336 dubio
3520 4282 3755 4343 constat,

2118 4388 2234 4426 non
2261 4370 2461 4425 omnia
2477 4387 2790 4426 causarum
2823 4370 3064 4426 nomina
3094 4386 3212 4426 una
3241 4369 3495 4425 dictione
3526 4366 3754 4441 proferri

2117 4475 2308 4532 posse.
2332 4459 2465 4523 Qua:
2489 4458 2645 4514 enim
2666 4459 2775 4513 tibi
2796 4458 3017 4514 umbrae
3049 4475 3228 4514 causa
3254 4457 3527 4514 videtur?
3544 4475 3617 4513 an
3648 4458 3755 4513 hec

355 4550 597 4606 Gerberti
624 4553 919 4622 responsio.
953 4580 1023 4591 --
1044 4549 1340 4620 Nisusque
1368 4549 1525 4620 quod
1557 4548 1846 4620 reliquum
1878 4554 2002 4604 erat
2033 4563 2080 4626 Ι)
2117 4565 2235 4603 una
2263 4546 2513 4603 dictione
2543 4546 2789 4602 indicari
2821 4546 3018 4602 valet?
3050 4569 3079 4596 »

353 4638 649 4708 prosequi,
683 4638 914 4693 Otricus
945 4637 1301 4693 subintulit:
1332 4659 1361 4687 «
1396 4638 1576 4692 Miror
1604 4637 1879 4709 inquiens
1912 4654 2002 4693 ve-

353 4724 814 4789 hementissime,
848 4726 1002 4795 quod
1036 4725 1271 4796 phisica
1310 4724 1787 4781 mathematicam
1819 4726 1903 4780 sic
1932 4726 2004 4779 de

352 4813 679 4884 propinquo
699 4812 1036 4879 subdidisti,
1061 4829 1195 4867 cum
1218 4814 1369 4868 inter
1390 4819 1701 4882 utramque
1722 4812 2005 4868 subalter-

352 4917 495 4956 num
524 4916 710 4971 genus
740 4900 988 4972 intelligi
1018 4900 1204 4970 possit
1223 4899 1898 4971 phisiologia.Vitiosum
1924 4905 2003 4957 et-

350 4988 507 5045 enim
539 4987 707 5042 valde
736 4988 986 5052 videtur,
1017 4988 1063 5041 si
1099 4987 1275 5042 nimis
1322 4986 1492 5059 longe
1527 4987 1707 5059 petita
1735 5005 1894 5060 pars,
1927 4990 1999 5044 ad

350 5076 580 5150 generis
601 5075 933 5130 conferatur
954 5075 1319 5130 divisionem.
1342 5097 1369 5124 »
1392 5076 1475 5129 Ad
1502 5075 1621 5130 hac
1645 5075 1960 5132 Gerbertus
1984 5094 1997 5133 :

351 5189 378 5216 ‹‹
406 5165 564 5229 Inde,
585 5164 679 5235 inq
692 5163 796 5229 uit,
814 5163 1216 5219 vehementius
1230 5162 1458 5218 mirand
1471 5181 1501 5218 u
1514 5180 1567 5219 m
1581 5164 1830 5229 videtur,
1845 5168 1999 5237 quod

350 5252 825 5309 mathematicam
844 5251 1102 5324 phisicze,
1128 5268 1247 5307 suae
1271 5251 1535 5307 videlicet
1558 5259 1852 5313 coaevaapt
1868 5272 1999 5327 spe-

349 5342 500 5400 ciem
535 5340 921 5397 subdiderim.
955 5339 1097 5396 Cum
1132 5340 1286 5395 enim
1320 5356 1516 5395 comvaa
1550 5342 1659 5396 sub
1681 5343 1882 5398 eodem
1905 5360 1999 5416 ge-

2181 4638 2271 4691 64.
2307 4640 2450 4708 Quae
2478 4637 2546 4672 ⁴⁶³
2572 4637 2644 4692 δίε
2671 4636 2738 4671 ⁴⁸³
2760 4652 2929 4691 causa
2958 4636 3026 4670 “3
3069 4635 3285 4693 umbra:
3333 4635 3420 4690 ⁸⁸³.
3474 4665 3543 4676 -
3592 4658 3621 4685 α
3656 4631 3752 4690 Sed

2112 4726 2241 4780 dico
2261 4726 2481 4780 umbra:
2499 4740 2736 4780 causam
2754 4741 2883 4779 esse
2896 4740 3108 4796 corpus
3122 4723 3238 4779 luci
3257 4724 3755 4795 objectum.Atque

2112 4813 2233 4868 haec
2264 4813 2495 4868 brevius
2526 4812 2688 4867 nullo
2715 4813 2888 4868 modo
2919 4811 3034 4867 dici
3065 4811 3238 4868 valet.
3273 4812 3334 4869 Si
3365 4812 3524 4868 enim
3555 4826 3753 4884 corpus

2113 4902 2333 4957 umbrae
2364 4916 2604 4957 causam
2635 4900 2872 4968 dixeris,
2896 4900 3076 4956 nimis
3107 4917 3421 4956 commune
3446 4897 3751 4972 protulisti.

2111 4991 2273 5056 Quod
2305 4991 2355 5046 si
2386 5006 2599 5062 corpus
2629 4989 2925 5060 objectum
2968 4986 3249 5057 volueris,
3282 4989 3339 5043 id
3372 5005 3609 5060 quoque
3637 4994 3755 5044 tan-

2110 5083 2237 5134 tum
2271 5095 2387 5134 non
2418 5077 2701 5150 procedit,
2725 5081 3014 5149 quantum
3039 5076 3112 5133 ab
3144 5075 3254 5133 hac
3284 5080 3450 5149 parte
3482 5073 3751 5148 relinqui-

2109 5172 2225 5223 tur.
2268 5168 2417 5222 Sunt
2463 5165 2619 5222 enim
2651 5182 2895 5238 corpora
2925 5164 3229 5233 nonnulla,
3263 5169 3443 5237 atque
3472 5164 3648 5221 etiam
3672 5163 3750 5218 di-

2107 5255 2290 5311 versis
2312 5256 2558 5326 objecta,
2585 5271 2711 5326 quae
2734 5255 2955 5310 umbraa
2980 5271 3159 5311 causa
3188 5270 3316 5310 esse
3338 5271 3455 5309 non
3489 5255 3748 5327 possunt.

2107 5346 2222 5401 Nec
2236 5344 2429 5399 abnuo
2442 5341 2761 5398 multarum
2782 5358 2977 5399 rerum
2995 5340 3485 5414 causas,singulis
3500 5338 3752 5397 dictioni-

1694 5449 1933 5507 VARLE
1985 5449 2401 5509 LECTIONES.

412 5541 479 5619 ξεί
510 5557 554 5596 ae
584 5538 793 5619 noscisa
862 5538 932 5619 ξφ
962 5539 1056 5595 sit.
1091 5537 1214 5619 Non
1246 5537 1412 5619 enim
1435 5538 1636 5613 ignoro
1668 5556 2102 5619 quemcumque
2131 5542 2351 5600 bonum
2384 5537 2695 5599 calumniis
2727 5538 3133 5598 malivolorum
3186 5537 3425 5600 assidue
3472 5528 3744 5598 insectari

336 5611 531 5692 deleta.
604 5612 674 5652 “3
705 5629 813 5684 uis,
840 5610 937 5684 sit,
969 5628 1023 5683 a,
1057 5610 1233 5670 umbr
1259 5610 1496 5673 abscisa}
