3838 6238
374 328 488 390 “5

1471 328 1785 388 RICHERI
1829 327 1891 388 S.
1940 325 2244 388 REMIGII
2288 326 2671 388 MONACHI.

3639 321 3737 386 H6

368 456 1235 532 diasepenumerointulit,cum
1251 476 1560 533 regnorum
1575 461 1862 532 principes
1876 477 2005 516 con-
2037 463 2086 527 Α
2116 460 2330 530 gnibus
2363 459 2612 514 sublatis
2655 457 2972 514 hostilibus
3003 456 3414 527 subarraverit,
3448 457 3588 524 Quid
3615 474 3734 530 ergo

359 555 524 607 trase
555 540 868 622 aliquando
891 549 1074 604 moliti
1095 554 1251 603 sunt.
1279 550 1390 605 Nec
1409 549 1551 604 illud
1583 549 1754 604 etiam
1779 550 2002 622 ignoro,

356 645 578 712 quanta
599 639 760 694 salus
785 655 885 708 per
903 637 1178 691 amiciciae
1201 638 1471 692 virtutem
1487 638 1566 693 rei
1592 637 1834 709 publicae
1856 655 2008 693 com-

354 733 561 802 parata
591 727 687 782 sit.
715 727 922 781 Fateor
955 725 1238 780 hactenus
1273 742 1364 780 me
1399 725 1722 796 plurimum
1752 725 2006 780 coluisse

354 833 558 888 pacem
616 820 673 870 et
720 814 1114 879 concordiam,
1157 813 1405 868 invidias
1453 820 1630 884 atque
1681 815 2006 870 discordias

361 904 808 976 malignantium
841 902 972 957 odio
995 920 1226 974 semper
1256 903 1549 958 habuisse.
1571 903 2008 974 Componantur

361 1011 498 1066 ergo
529 1010 629 1065 per
655 1010 756 1047 vos
785 990 967 1046 animi
987 990 1420 1057 dissidentium,
1464 1009 1600 1045 nam
1627 992 1762 1046 huic
1794 993 1874 1047 rei
1906 1010 2008 1047 vos

361 1084 526 1138 video
571 1079 928 1153 aptissimos,
963 1080 1062 1150 qui
1094 1085 1230 1134 ante
1260 1079 1368 1134 hac
1414 1085 1620 1134 mutua
1669 1080 1886 1136 lesione
1926 1082 2007 1136 rei

362 1170 608 1244 publica
625 1169 945 1242 plurimum
961 1168 1633 1240 derogavimus.Consilii
1649 1168 1820 1224 vestri
1837 1170 2008 1224 ratio-

366 1277 499 1316 nem
531 1259 808 1331 approbo.
846 1257 1026 1312 Dictis
1072 1258 1310 1311 tandem
1362 1259 1513 1312 facta
1557 1259 1942 1312 consentiant.
1980 1283 2002 1309 ι

360 1349 559 1421 Legati
591 1346 969 1419 persuasione
991 1345 1192 1400 habita
1213 1345 1474 1412 redeunt,
1501 1346 1822 1417 ambosque
1844 1362 2009 1418 reges

356 1435 694 1492 alterutrius
727 1433 1176 1489 benivolentiam
1199 1433 1269 1486 ad
1293 1432 1474 1487 alteru
1487 1438 1640 1488 trum
1675 1436 2009 1505 referentes,

353 1539 416 1596 in
447 1523 711 1580 amicicie.
739 1526 1117 1593 componunt.
1151 1519 1535 1575 Constituitur
1565 1526 1798 1593 tempus
1830 1522 2012 1579 collo-

359 1613 597 1686 quendi.
614 1613 800 1667 Locus
824 1610 1058 1681 utrique
1075 1610 1420 1664 commodus
1434 1609 1765 1680 deputatur.
1788 1611 1852 1665 Et
1873 1611 2014 1682 quia

359 1702 766 1759 circaﬂuvium
785 1700 1006 1754 Mosam
1027 1713 1204 1769 regna
1216 1698 1522 1752 amborum
1541 1697 2009 1767 conlimitabant,

355 1793 415 1848 in
447 1792 640 1847 locum
686 1789 786 1860 qui
835 1786 1154 1858 Margolius
1185 1785 1420 1854 dicitur,
1451 1785 1533 1841 eis
1564 1787 1674 1842 sibi
1705 1804 2005 1844 occurrere
2033 1828 2080 1892 Β

398 1880 598 1937 iacuit.

399 1899 598 1937 iacuit.

357 1899 394 1954 Ρ
426 1969 514 2025 81.
547 1968 794 2024 Lothariz’
819 1975 869 2022 et
896 1966 963 2001 ‘93
995 1966 1203 2021 Ottom's
1247 1981 1438 2033 regum
1485 1966 1799 2021 cmwiliatio
1821 1966 1905 2018 ‘93.
1934 1996 2000 2005 —

355 2059 760 2115 Convenerunt
788 2072 942 2128 ergo.
998 2055 1274 2126 Datisque
1305 2054 1544 2121 dextris,
1578 2053 1848 2109 osculum
1890 2053 1999 2108 sibi

353 2149 480 2204 sine
506 2147 703 2219 aliqua
749 2143 1171 2215 disceptatione
1218 2143 1639 2215 benignissime
1672 2144 2000 2207 dederunt;

352 2236 677 2292 amiciciam
709 2233 1056 2288 altrinsecus
1088 2238 1453 2286 sacramento
1489 2230 2004 2285 stabilierunt.Bel—

351 2325 489 2398 gica:
521 2339 656 2394 pars
683 2339 809 2392 qua
840 2319 900 2372 in
933 2319 1031 2372 lite
1054 2321 1262 2384 fuerat,
1283 2319 1338 2372 in
1363 2319 1464 2387 jus
1490 2317 1719 2373 Ottonis
1743 2317 1999 2372 transiit.

355 2409 690 2481 0tto,regni
722 2407 814 2463 sui
855 2423 994 2477 pace
1026 2404 1430 2460 factaJtaliam
1448 2406 2006 2477 petiit,Romamque

358 2498 608 2562 devenit,
629 2511 769 2551 suos
781 2493 1075 2548 revisurus
1099 2499 1272 2564 atque
1289 2493 1359 2547 de
1382 2493 1542 2564 regni
1558 2498 1713 2547 statu
1731 2495 2007 2564 quaesitu-

361 2603 484 2653 rus;
499 2600 943 2654 compressurus
956 2581 1132 2636 etiam
1147 2582 1195 2636 si
1215 2582 1313 2652 qui
1328 2581 1472 2636 forte
1484 2589 1677 2636 essent
1693 2581 2003 2647 tumultus,

364 2680 421 2730 et
441 2672 866 2729 tumultuantes
889 2669 946 2724 in
967 2686 1166 2740 pacem
1194 2674 1566 2724 revocaturus
1593 2670 1641 2725 si
1667 2669 1766 2741 qui
1787 2671 2006 2742 princi-

366 2780 507 2836 pum
522 2763 665 2817 forte
678 2759 1044 2815 dissiderent.
1067 2757 1378 2812 Lotharius
1398 2775 1528 2813 vero
1555 2759 1902 2813 Laudunum
1917 2775 2007 2813 ve-

368 2852 536 2907 niens
561 2849 716 2922 apud
748 2864 887 2904 suos
910 2863 1155 2919 quaeque
1182 2862 1439 2918 congrua
1459 2845 1568 2901 sibi
1597 2848 2005 2918 pertractabat.

365 2940 610 3011 Necjam
630 2938 944 3010 quicquam
959 2935 1160 3007 speiex
1174 2935 1320 2989 duce
1333 2935 1602 3001 habebat,
1626 2952 1758 2989 cum
1777 2941 2012 3007 propter

363 3045 566 3101 pacem
591 3025 721 3082 dolo
744 3023 1071 3096 quaesitam,
1096 3039 1210 3077 non
1235 3022 1601 3076 mediocriter
1621 3041 1754 3077 eum
1770 3040 2010 3094 suspec-

360 3120 489 3171 tum
502 3111 1209 3184 haberet.(981.)Cumjam
1222 3109 1342 3164 haec
1353 3110 1728 3182 omniavulgo
1743 3111 2012 3183 praedica-

361 3207 584 3268 rentur,
610 3197 874 3255 nonnulli
901 3214 1135 3270 quoque
1159 3197 1706 3270 indeindignatipro
1727 3200 1874 3255 duce
1887 3200 1996 3256 fre-
2029 3184 2070 3250 C

360 3294 606 3354 merent,
629 3289 746 3344 dux
764 3285 1054 3343 constanti
1078 3286 1274 3341 animo
1304 3286 1605 3342 tristitiam
1619 3287 2003 3344 dissimulans

356 3379 554 3436 omnia
566 3378 866 3443 ferebat,et
877 3375 1028 3430 sicut
1041 3375 1221 3430 moris
1233 3374 1412 3429 cierat
1422 3374 1687 3430 consulto
1701 3377 1898 3431 omnia
1910 3378 2003 3433 de-

353 3467 617 3534 liberare,
644 3465 994 3538 primatibus
1006 3463 1298 3519 advocatis
1312 3463 1742 3519 declamaturus
1765 3465 1997 3520 resedit.

422 3556 510 3611 82.
547 3553 731 3610 Oratio
748 3554 815 3589 ‘9‘
842 3554 996 3608 ducis
1038 3553 1104 3587 ‘9‘
1133 3552 1279 3622 apud
1325 3568 1467 3607 suos.
1515 3583 1584 3592 —-
1633 3553 1857 3618 Quibus
1905 3570 2000 3608 co-

353 3661 476 3698 ram
508 3644 592 3699 sic
620 3660 790 3698 orsus
821 3641 998 3712 cepit:
1029 3665 1055 3690 «
1081 3641 1207 3695 Non
1233 3645 1439 3710 prater
1468 3641 1723 3696 fructum
1759 3642 1919 3697 utilis
1945 3647 2001 3696 et

352 3730 582 3786 honesti
598 3729 909 3785 consilium
926 3747 960 3783 a
981 3728 1170 3782 doctis
1201 3728 1507 3799 expetitur.
1534 3729 1757 3794 Quibus
1776 3729 1919 3784 solis
1940 3735 1998 3784 et

354 3817 624 3872 decenter
661 3816 976 3880 acceditur,
1001 3819 1057 3869 et
1077 3815 1148 3869 ab
1183 3814 1266 3869 eis
1299 3815 1599 3869 fluctuanti
1631 3817 1735 3878 rei,
1770 3817 1998 3872 consilii

355 3904 503 3959 ratio
519 3902 920 3973 aperitur.Vos
936 3902 994 3955 in
1014 3901 1371 3956 consulendo
1393 3902 1641 3958 arbitror
1657 3904 1893 3960 idoneos
1909 3907 1995 3972 ωδ,

354 4007 489 4047 cum
518 3991 590 4047 ab
622 3991 817 4045 animo
847 4005 963 4044 non
993 3988 1496 4060 discedat,quanta
1524 3990 1736 4047 virtute
1757 3996 1813 4047 et
1842 3993 1998 4065 inge-

352 4079 450 4134 nio
479 4077 675 4144 vestri,
727 4093 1126 4148 sazpenumero
1178 4078 1527 4134 adversariis
1577 4081 1990 4151 praanituerim.

351 4164 614 4236 Cumque
645 4181 743 4218 vos
774 4163 918 4217 mihi
937 4163 1209 4218 manibus
1240 4170 1295 4218 et
1321 4172 1686 4222 sacramento
1709 4168 1993 4237 addictos,

350 4253 525 4309 fidem
547 4268 779 4324 quoque
802 4251 1193 4307 inviolabilem
1214 4257 1543 4308 servaturos
1573 4273 1685 4309 non
1707 4255 1990 4322 dubitem,

342 4338 742 4396 indubitanter
762 4357 796 4394 a
809 4340 1080 4395 fidelibus
1094 4339 1401 4395 consilium
1417 4346 1568 4413 peto.
1589 4345 1750 4408 Quod
1767 4345 1814 4398 si
1845 4345 1990 4400 mihi

344 4429 703 4494 conceditur,
719 4445 819 4483 vos
839 4427 1015 4483 etiam
1031 4427 1474 4500 participabitis.
1509 4429 1568 4485 Si
1593 4448 1706 4486 non
1731 4433 1990 4504 suggeri-

2115 548 2238 619 spei
2271 547 2518 603 ulterius
2532 552 2849 620 expectem,
2875 565 3008 602 cum
3032 546 3164 602 dolo
3188 546 3362 603 ﬁdem
3384 547 3701 619 abruperit?
3719 571 3733 594 -

2185 639 2272 691 83.
2303 638 2725 692 Declamatio‘“
2773 637 2960 708 qua‘96
3001 638 3089 691 usi
3136 645 3265 691 sunt
3301 637 3446 708 apud
3491 636 3740 692 ducem“

2113 726 2384 780 sui.-—Ad
2418 725 2538 778 hmc
2569 725 2887 796 primates:
2929 747 2956 774 ‹‹
2986 725 3113 779 Non
3144 725 3334 780 solum
3368 725 3740 792 novimus,in-

2115 814 2350 884 quiunt,
2399 813 2634 884 quantis
2679 813 2950 885 periculis
3001 813 3305 869 nobiscum
3358 831 3462 885 pro
3498 813 3742 868 Lothario

2117 918 2249 973 rege
2279 905 2455 973 caput
2483 900 2785 971 objeceris,
2819 919 3020 957 verum
3060 918 3290 974 quoque
3313 906 3532 974 quanto
3557 902 3743 956 discri-

2119 991 2280 1045 mine
2311 989 2597 1045 claritudo
2629 995 2731 1045 tua
2752 990 2943 1045 adhuc
2975 997 3179 1062 patens
3202 990 3297 1058 sit,
3333 991 3381 1045 si
3412 997 3479 1046 ut
3507 992 3654 1046 fama
3673 997 3745 1045 est

2119 1079 2243 1133 duo
2271 1095 2434 1150 reges
2467 1083 2668 1132 contra
2697 1082 2752 1133 te
2785 1079 3262 1150 conspiraverint.
3305 1080 3451 1134 Nam
3483 1081 3531 1133 si
3569 1083 3744 1134 contra

2122 1170 2372 1222 alterum
2405 1167 2720 1222 exercitum
2753 1185 2857 1240 pro
2889 1169 3222 1224 defensione
3251 1168 3532 1233 moliaris,
3566 1169 3745 1223 ambos

2121 1259 2324 1310 contra
2356 1261 2411 1310 te
2443 1261 2742 1310 moxstare
2769 1255 3045 1311 invenies.
3081 1257 3138 1312 Si
3163 1261 3365 1312 contra
3384 1257 3588 1311 ambos
3602 1257 3748 1310 nisus

2119 1343 2319 1409 fueris,
2349 1343 2604 1415 plurima
2640 1345 3013 1400 incommoda
3051 1345 3348 1401 incurrere
3378 1362 3610 1401 necesse
3656 1350 3746 1408 est,

2119 1432 2446 1503 equitatum
2479 1431 2926 1501 intolerabilem,
2985 1433 3233 1490 insidias
3273 1434 3646 1506 multiplices,
3677 1435 3747 1487 in-

2122 1520 2450 1591 cendia,an
2461 1538 2530 1576 ue
2555 1523 2809 1592 rapinas,
2830 1523 3051 1593 etquod
3071 1523 3393 1593 pessimum
3413 1527 3502 1578 est
3523 1522 3750 1578 nefarios

2124 1608 2291 1663 infidi
2322 1608 2478 1680 vulgi
2511 1626 2798 1677 rumores,
2849 1610 2950 1681 qui
2995 1629 3112 1666 non
3161 1616 3366 1666 contra
3408 1612 3749 1667 adversarios

2121 1715 2228 1752 nos
2259 1714 2521 1752 exercere
2543 1698 2938 1754 defensionem
2961 1699 3252 1770 loquetur,
3287 1705 3347 1754 at
3370 1700 3428 1754 in
3453 1700 3747 1756 rebellione

2122 1790 2323 1840 contra
2335 1803 2528 1858 regem
2542 1787 2883 1843 temerarios
2897 1793 3072 1859 atque
3096 1789 3362 1859 perjuros
3387 1793 3543 1844 stare
3556 1789 3751 1844 calum-

2111 1873 2388 1929 niabitur.
2421 1875 2510 1929 Sic
2533 1876 2708 1929 etiam
2740 1875 2810 1930 ad
2854 1893 3260 1948 quoscumque
3298 1879 3573 1933 accedere
3604 1894 3750 1950 posse

2111 1963 2452 2039 mcncietur,
2476 1967 2538 2018 ut
2569 1963 2694 2018 sine
2729 1963 2967 2032 delicto,
2995 1965 3120 2020 sine
3150 1966 3393 2037 perjurii
3422 1967 3750 2039 sacrilegioa

2111 2051 2368 2105 dominis
2394 2052 2683 2119 recedant,
2718 2057 2774 2106 et
2811 2057 3010 2108 contra
3053 2053 3188 2108 illos
3220 2060 3565 2126 arroganter
3593 2057 3748 2110 cervi-

2113 2154 2211 2194 ces
2243 2139 2534 2194 attollant.
2568 2141 2755 2209 Hujus
2778 2140 3018 2211 periculi
3041 2147 3366 2196 extremum
3389 2148 3448 2197 et
3480 2143 3620 2198 utile
3640 2161 3750 2198 con-

2115 2227 2310 2282 silium
2341 2228 2506 2282 nobis
2529 2228 2772 2296 videtur,
2801 2235 2862 2283 ut
2881 2246 3014 2284 cum
3033 2230 3146 2285 duo
3164 2235 3367 2286 contra
3391 2248 3496 2286 nos
3519 2234 3745 2302 conjun-

2125 2316 2200 2369 cti
2236 2316 2373 2380 sint,
2408 2316 2572 2370 alteri
2596 2315 2842 2371 alterum
2876 2317 3498 2381 subtrahamus.Quod
3533 2321 3586 2374 si
3610 2319 3751 2375 alteri

2113 2402 2259 2466 alter
2279 2404 2544 2459 subtrahi
2567 2410 2786 2476 nequit,
2803 2405 3011 2461 saltem
3033 2406 3091 2461 in
3115 2407 3444 2463 amiciciam
3468 2409 3640 2464 nobis
3677 2426 3748 2462 co-

2115 2509 2244 2546 rum
2267 2492 2515 2546 alterum
2531 2493 2952 2564 deviuciamus,
2971 2501 3032 2548 ut
3048 2493 3194 2549 alter
3215 2495 3385 2550 nobis
3399 2496 3671 2552 addictus
3685 2495 3746 2551 al-

2115 2581 2222 2635 teri
2255 2580 2405 2635 vires
2428 2598 2542 2635 non
2587 2583 2836 2652 praebeat
2876 2582 3269 2654 animumque
3298 2584 3618 2640 ministret.
3659 2585 3753 2639 Hoc

2119 2685 2349 2740 quoque
2381 2669 2505 2722 fieri
2556 2670 2832 2739 possibile
2863 2676 2970 2737 est,
3005 2671 3053 2725 si
3099 2671 3293 2725 Romae
3326 2689 3481 2726 nunc
3513 2675 3750 2743 positum

2117 2757 2384 2812 Ottonem
2411 2757 2615 2828 legatis
2648 2758 2968 2829 praemissis
3000 2766 3209 2814 cautus
3227 2763 3285 2814 et
3307 2760 3752 2832 circumspectus

2119 2843 2349 2899 adieris.
2380 2845 2504 2899 Non
2534 2845 2688 2900 enim
2740 2845 2823 2901 sic
2864 2845 3024 2918 parvi
3053 2852 3142 2902 est
3173 2847 3395 2919 ingenii
3430 2848 3588 2916 Otto,
3623 2854 3684 2904 ut
3710 2856 3751 2902 te

2117 2933 2400 3003 potiorem
2452 2933 2723 2988 Lothario
2763 2935 2945 2990 armis
2992 2939 3049 2990 et
3095 2934 3304 3006 opibus
3354 2936 3608 3018 ignoret,
3638 2954 3751 2992 cum

2119 3028 2338 3092 sepe,et
2367 3022 2424 3076 id
2456 3022 2705 3076 audierit
2735 3027 2791 3078 et
2816 3039 2918 3095 per
2939 3039 3067 3078 sese
3089 3027 3360 3094 expertus
3390 3024 3484 3078 sit.
3523 3025 3684 3081 Unde
3710 3030 3754 3079 et

2119 3108 2349 3164 facilius
2380 3110 2508 3179 ejus
2529 3110 2857 3165 amiciciam
2891 3110 3258 3182 adipisceris;
3295 3113 3560 3183 proderit
3597 3114 3751 3169 etiam

2109 3197 2412 3270 sanguinis
2441 3197 3069 3270 vestri,propinquitas,
3105 3215 3238 3254 cum
3272 3216 3434 3270 aeque
3468 3205 3536 3255 ut
3571 3201 3754 3256 Lotha-

2114 3285 2238 3340 rius
2265 3287 2315 3341 ei
2347 3286 2404 3340 in
2439 3287 2546 3342 hoc
2578 3288 2932 3360 conjugaris.
2967 3310 2993 3338 »

2183 3375 2270 3430 84.
2307 3374 2440 3437 Quae
2490 3375 2778 3430 sententia
2820 3374 3044 3447 prolata
3075 3375 3486 3431 favoraliter‘"
3508 3377 3649 3434 duci
3672 3378 3751 3433 ba-

2112 3462 2232 3517 bita
2263 3467 2370 3517 est.
2398 3462 2626 3534 Legatis
2655 3463 2831 3535 igitur
2856 3463 3088 3519 directis
3112 3464 3229 3518 dux
3250 3464 3516 3520 animum
3553 3466 3746 3538 hujus-

2111 3551 2270 3605 modi
2304 3550 2498 3605 Ottoni
2522 3551 2704 3606 Rome
2727 3552 3022 3606 indicavit.
3046 3552 3176 3607 Otto
3195 3552 3344 3607 mira
3374 3553 3750 3610 benivolentia

2109 3637 2331 3710 legatos
2360 3639 2612 3711 excepit;
2648 3640 2717 3694 de
2749 3639 3016 3696 amicicia
3045 3657 3277 3712 quoque
3311 3640 3462 3696 inter
3491 3641 3630 3698 illos
3659 3643 3747 3697 ha-

2109 3727 2298 3781 benda
2322 3744 2383 3782 se
2433 3727 2874 3798 paratissimum
2909 3745 3024 3784 non
3055 3728 3304 3800 negavit.
3355 3730 3518 3794 Quod
3555 3731 3604 3786 si
3639 3733 3746 3802 ipse

2107 3814 2224 3869 dux
2254 3816 2324 3870 ad
2359 3833 2420 3870 se
2449 3816 2686 3882 veniret,
2711 3821 2776 3870 ut
2800 3814 3054 3888 amplius
3077 3822 3319 3888 uterque
3349 3817 3633 3874 amicicie
3646 3820 3745 3874 vim

2108 3902 2482 3974 experiretur,
2517 3921 2650 3958 eum
2687 3921 2822 3958 cum
2856 3905 2980 3960 suis
3008 3922 3070 3959 se
3094 3905 3367 3960 decenter
3396 3911 3453 3960 et
3483 3923 3621 3962 cum
3652 3908 3745 3962 ho-

2107 4006 2246 4045 nore
2277 3995 2675 4061 excepturum.
2701 3992 2893 4063 Legati
2929 3991 3163 4059 reversi,
3195 3992 3329 4047 duci
3359 3995 3642 4049 mandata
3670 4012 3744 4048 re-

2105 4077 2388 4134 tulerunt.
2414 4079 2541 4133 Dux
2571 4078 2746 4150 igitur
2775 4080 3062 4148 quosdam
3095 4097 3317 4151 magna:
3349 4082 3671 4152 prudentia
3698 4085 3746 4137 et

2105 4166 2333 4220 astutiae
2364 4184 2695 4236 assumens,
2718 4168 3029 4222 Arnull'um
3063 4167 3326 4224 videlicet
3371 4170 3743 4226 Aurelianen-

2103 4253 2258 4307 sium
2289 4253 2650 4325 episcopum,
2687 4252 2860 4326 atque
2893 4255 3294 4312 Burchardum
3327 4275 3557 4314 necnon
3573 4262 3739 4313 ‘93...”

2102 4340 2356 4412 reliquos
2369 4359 2401 4411 q
2413 4357 2600 4411 uoque
2614 4344 2928 4398 admodum
2943 4345 3306 4400 necessarios
3320 4346 3741 4411 viros,Romam

2101 4429 2490 4501 progreditur.
2539 4430 2784 4486 Sanctos
2821 4431 3115 4503 apostolos
3146 4433 3412 4500 honorat,
3464 4442 3640 4507 atque
3669 4435 3740 4490 sic

342 4520 457 4583 tur,
491 4519 638 4571 forte
668 4534 782 4571 non
816 4516 1001 4571 aberit
1023 4516 1397 4586 dispendium
1415 4518 1506 4572 cui
1531 4518 1830 4574 indecores
1861 4537 1988 4576 suc-
2019 4540 2062 4601 [)
2101 4532 2294 4587 regem
2328 4517 2492 4587 petit.

343 4603 652 4658 cumbatis.
686 4605 834 4676 Ergo
865 4605 961 4674 qui
994 4621 1097 4674 pro
1127 4605 1242 4658 vita
1271 4605 1812 4677 agitur,consilium
1847 4607 1988 4663 utile

342 4689 661 4744 liberaliter
699 4690 1038 4760 expromite,
1083 4692 1205 4745 Non
1255 4692 1411 4746 enim
1465 4710 1565 4748 vos
1598 4692 1738 4748 latet
1767 4700 1986 4764 quanta

342 4777 662 4832 subtilitate
694 4777 1155 4843 doli,Lotharius
1187 4796 1284 4832 rex
1314 4779 1614 4834 incautum
1649 4799 1740 4835 me
1772 4782 1984 4837 fefelle-

341 4864 435 4930 rit,
470 4883 601 4919 cum
630 4865 850 4935 absque
868 4882 959 4919 ine
977 4865 1168 4919 Ottoni
1192 4867 1552 4921 reconciliari
1580 4869 1822 4922 voluerit
1841 4869 1983 4924 fece-

340 4951 551 5023 ritque.
587 4952 689 5006 Cui
723 4969 756 5005 a
787 4957 980 5006 mente
1011 4953 1242 5022 penitus
1259 4955 1523 5019 excessit,
1549 4972 1723 5024 quam
1755 4955 1981 5011 liberali

338 5039 534 5094 animo
557 5043 846 5109 quantum
869 5038 1190 5108 periculum
1223 5055 1535 5111 aggressus
1567 5041 1700 5105 sim,
1725 5058 1854 5096 cum
1882 5060 1981 5113 per

338 5143 431 5181 me
461 5127 686 5182 hostem
722 5143 908 5196 nuper
932 5127 1237 5198 fugaverit,
1263 5127 1551 5199 Belgicam
1575 5145 1804 5200 quoque
1837 5130 1975 5186 insi-

2167 4607 2238 4658 85
2285 4604 2493 4660 Ottom's
2541 4621 2664 4660 cum
2680 4607 2746 4641 ‘9’
2792 4611 3022 4678 ﬂugone
3076 4610 3263 4664 sessio.
3313 4641 3384 4649 —
3433 4610 3567 4666 Otto
3627 4611 3739 4684 glo-

2097 4691 2245 4747 riam
2268 4693 2378 4747 sibi
2412 4710 2616 4763 parare
2645 4695 2906 4765 cupiens,
2942 4713 3011 4750 ex
3042 4697 3333 4752 industria
3364 4698 3506 4770 egit,
3538 4704 3606 4753 ut
3625 4717 3739 4755 om-

2095 4780 2272 4835 nibus
2305 4797 2337 4834 a
2367 4780 2637 4835 cubiculo
2671 4782 2827 4854 regio
2853 4783 3110 4854 emissis,
3143 4786 3270 4854 ejus
3300 4784 3538 4856 gladius
3569 4803 3742 4858 super

2093 4865 2298 4922 sellam
2331 4867 2619 4940 plectilem
2652 4870 3060 4942 deponeretur,
3079 4873 3196 4927 dux
3217 4873 3393 4928 etiam
3425 4874 3590 4930 solus
3611 4891 3739 4929 cum

2092 4955 2214 5010 solo
2246 4957 2518 5027 episcopo
2568 4958 3053 5026 introduceretur,
3089 4966 3150 5015 ut
3180 4977 3314 5032 rege
3345 4959 3638 5017 latiariter
3662 4962 3740 5016 lo-

2091 5047 2302 5114 quente
2335 5044 2642 5116 episcopus
2665 5045 2972 5102 latinitatis
2995 5049 3272 5120 interpes,
3298 5049 3433 5104 duci
3463 5049 3735 5122 quicquid

2088 5131 3052 5207 dicereturjudicaret.Introgressi
3077 5136 3279 5209 igitur,
3299 5154 3333 5191 a
3355 5153 3491 5210 rege
3514 5138 3735 5210 ingenti

1682 5295 1919 5352 VARIZE
1960 5298 2376 5354 LECTIONES.

404 5426 472 5460 ‘93
496 5429 583 5511 et,‘
607 5424 661 5511 ia
691 5425 836 5511 eliso.
915 5425 1073 5511 ‘9‘.
1175 5426 1318 5479 τώδε.
1396 5427 1470 5511 ιοεξ
1495 5427 1531 5511 ἱζ
1567 5444 1714 5498 quos
1744 5429 2454 5511 etingeniumcogitandi
2487 5434 2543 5484 et
2573 5430 2721 5511 ratio
2741 5431 3244 5511 dicendireddidit
3265 5433 3733 5511 clariores.ng

335 5514 454 5577 non
487 5496 799 5577 dubint_0_de
828 5496 1080 5577 pernitie
1121 5497 1404 5577 bonorum
1438 5496 1654 5577 dolere,
1681 5496 1923 5577 quibus
1955 5499 2175 5577 ingenti
2219 5496 2428 5577 virtute
2470 5502 2830 5577 prepositum
2865 5505 2942 5560 sit
2971 5504 3253 5577 improbis
3283 5496 3623 5577 displicere:
3671 5507 3735 5562 Et

333 5568 526 5624 deleta.
605 5569 672 5602 ⁴⁹⁶
701 5572 801 5637 De,
833 5584 933 5637 qu,
958 5567 993 5622 d
1025 5568 1166 5623 absc.
1246 5567 1310 5600 “’7
1343 5569 1419 5622 ita
1449 5585 1494 5623 c.
1574 5569 1639 5602 ‘93
1674 5567 1817 5625 lorus
1853 5580 2003 5626 vacat
2021 5567 2089 5625 ἲη
2117 5587 2163 5624 c.
2243 5571 2308 5605 δυο
2337 5570 2354 5624 i
2385 5567 2540 5637 cum,
2570 5567 2721 5629 éssio
2752 5574 2897 5629 absc.
