3838 6238
83 370 173 434 II'I
929 366 1293 433 HISTORIA
1310 365 1474 428 RUM
1518 359 1723 426 LIBRI
1766 358 2163 434 QUATUOR.
2195 395 2274 408 --
2301 363 2444 425 LIB.
2491 362 2598 425 III.

3348 361 3464 428 IIS

84 503 246 562 favore
266 502 497 578 excepti
518 505 683 562 sunt.
706 503 822 561 Rex
844 501 1191 576 injuriarum
1215 498 1514 573 querelam
1536 497 1708 567 depo-
1735 498 1790 562 Α
1889 497 1979 550 88.
1999 496 2154 564 Hugo
2198 497 2468 553 inmutato
2488 496 2554 532 ³0⁸
2582 494 2779 553 habitu
2800 497 2868 533 ⁵⁰⁴
2897 496 3127 555 insidias
3172 498 3371 556 evadit.
3395 528 3464 543 --

83 594 179 663 nit;
196 598 248 650 et
276 593 550 650 osculum
573 593 740 661 dans,
762 593 1005 666 gratiam
1039 590 1131 647 sui
1156 586 1486 646 favoraliter
1513 583 1698 640 amico

84 682 331 755 impertit.
354 683 496 738 Post
516 681 708 737 multa
727 680 1013 753 colloquia
1032 680 1103 736 de
1124 677 1390 735 amicicia
1409 674 1697 745 habenda,

83 788 194 827 cum
220 788 313 826 rex
341 771 546 838 exiret,
570 769 948 844 gladiumque
974 767 1291 840 respiciens
1320 768 1557 839 peteret,
1583 763 1701 818 dux

79 858 353 933 paululum
378 878 412 914 a
429 876 493 913 se
509 859 818 915 discedens
834 875 895 915 se
916 857 1214 912 inclinavit
1230 861 1296 911 ut
1311 854 1573 928 gladium
1596 849 1701 906 tol-

78 948 217 1015 leret,
240 964 303 1004 ac
334 952 469 1019 post
498 964 692 1019 regem
738 948 941 1014 ferret;
970 946 1081 1002 hac
1110 946 1268 1000 enim
1309 960 1487 999 causa
1524 957 1701 1012 super

1810 582 1938 639 Dux
1967 584 2178 641 horum
2212 603 2326 642 non
2361 586 2618 655 nescius,
2653 586 2908 643 reditum
2939 587 3239 645 accelerat.
3273 587 3462 647 Dolis-

1809 690 1924 744 que
1956 680 2367 746 praemetuens,
2393 679 2609 732 vestem
2653 679 2864 743 mutat,
2892 693 3139 749 seseque
3177 695 3361 734 unum
3392 678 3463 734 de

1808 762 2121 819 clientibus
2153 763 2416 819 simulat.
2441 765 2635 835 Equos
2655 769 2857 821 onerat
2878 766 3146 834 ferentes,
3169 767 3295 840 ipse
3316 767 3437 842 regi

1808 856 1983 923 atque
2005 852 2470 925 exagitat.0uora
2492 853 2742 925 imponit
2758 861 2813 909 et
2833 854 3380 927 deponit,omnihus
3402 878 3465 918 se

1807 940 2158 997 serviturum
2191 942 2616 997 accommodat.
2643 943 3259 1014 Tantaqueindustria
3277 946 3337 1004 in
3361 950 3461 1005 ab-

1800 1030 1958 1101 jecta
1986 1035 2143 1085 veste
2164 1034 2220 1085 et
2249 1028 2467 1085 inculto
2499 1030 2701 1085 habitu
2725 1048 2788 1087 se
2812 1032 3019 1089 ducem
3043 1034 3458 1107 dissimulavit,

1810 1122 1876 1173 ut
1905 1122 1961 1173 et
1991 1136 2092 1189 per
2122 1118 2472 1174 insidiarum
2514 1118 2641 1174 loca
2677 1120 2955 1176 transiret
2986 1139 3116 1193 quae
3144 1141 3250 1181 nec
3281 1126 3460 1184 vitare

1809 1211 2057 1279 poterat,
2101 1213 2159 1263 et
2188 1207 2535 1264 insidiantes
2562 1209 2876 1265 efﬁcaciter
2905 1209 3146 1267 falleret.
3175 1213 3298 1271 Uno
3327 1220 3457 1272 tan-

1811 1299 1937 1350 tum
1960 1297 2028 1330 ⁸⁰δ
2057 1296 2310 1367 hospitio
2351 1313 2497 1367 pene
2535 1296 2933 1368 deprehensus
2971 1299 3099 1355 fuit.
3137 1301 3279 1358 Nam
3314 1306 3455 1361 dum

1809 1385 2069 1439 eundum
2100 1388 2254 1441 esset
2283 1385 2568 1451 cubitum,
2593 1384 2644 1440 ei
2677 1383 2862 1441 lectus
2893 1403 3025 1443 cum
3056 1387 3321 1462 diligenti
3352 1409 3454 1465 ap-

1810 1477 2018 1545 paratu
2048 1472 2410 1544 compositus
2440 1476 2556 1541 est;
2589 1472 2759 1545 eique
2784 1473 3124 1533 circumfusi
3156 1495 3218 1533 se
3249 1496 3453 1537 omnes

1809 1561 1882 1615 ad
1915 1561 2286 1617 serviendum
2316 1561 2673 1617 obtulerunt.
2705 1561 2815 1617 Alii
2845 1563 3001 1619 enim
3030 1581 3183 1637 genu
3223 1568 3367 1625 ﬂexo
3387 1571 3455 1605 ⁸⁰⁶

72 1653 204 1709 rima
229 1653 485 1709 amicitia
504 1657 869 1726 susceptum,
898 1671 1033 1709 cum
1062 1653 1280 1708 honore
1301 1660 1357 1706 et
1385 1667 1525 1722 pace
1556 1665 1702 1721 pene
1809 1649 2029 1723 caligas
2058 1650 2460 1716 extrahebant,
2483 1654 2886 1723 extractasque
2923 1651 3019 1707 alii
3056 1655 3452 1728 excipiebant;

69 1759 235 1814 usque
262 1744 330 1797 ad
362 1741 538 1815 Alpes
570 1742 780 1799 deduci
813 1742 967 1799 fecit.
1809 1735 1907 1793 alii
1932 1755 2060 1794 vero
2092 1738 2343 1794 nudatos
2375 1738 2548 1810 pedes
2570 1738 2845 1807 sedentis,
2870 1741 3228 1799 subsidendo
3249 1744 3457 1801 contri-

125 1833 205 1886 86.
224 1832 467 1903 Epistota
500 1833 746 1888 Lothariz
789 1832 859 1887 ad
892 1830 1266 1887 Chonradum.
1293 1860 1360 1868 —
1387 1827 1697 1884 Lotharius
1727 1860 1774 1924 Β
1810 1826 2301 1924 οαὺεηὶ,.οι.εἱτίε
2338 1826 3046 1924 νθειὶυιηρωυηάειὺέηί.
3082 1834 3210 1924 liae
3240 1831 3453 1906 hospes

66 1934 168 1985 rex,
188 1936 408 1975 necnon
442 1924 500 1974 et
528 1920 737 1975 Emma
765 1919 966 1990 regina
997 1918 1243 1974 insidias
1274 1916 1492 1989 ubique
1524 1934 1694 1989 para-
1728 1913 1771 1924 ”
1806 1932 1908 1986 per
1938 1913 2070 1971 ostii
2110 1914 2289 1971 rimas
2321 1913 2755 1986 contemplatus
2792 1920 2899 1971 est.
2928 1917 3453 1995 Deprehensusque

67 2007 215 2074 bant;
247 2012 303 2063 et
335 2012 400 2063 ut
441 2007 501 2061 in
551 2007 761 2063 itinere
813 2008 1156 2063 redeuutem
1205 2011 1496 2078 caperent,
1529 2004 1696 2060 dolos
1804 2003 2155 2076 explorasse,
2181 2021 2315 2058 mox
2344 2020 2415 2058 ne
2444 2020 2565 2058 rem
2597 2004 2889 2075 detegeret
2910 2011 3148 2062 vocatus
3170 2013 3258 2063 est
3287 2015 3343 2066 et
3362 2010 3453 2066 in-

67 2095 499 2166 praatendebant.
519 2094 705 2168 lgitur
718 2096 981 2151 Conrado
1000 2095 1414 2151 Alemanorum
1440 2093 1560 2165 regi
1581 2092 1697 2164 epi-
1803 2092 2136 2148 tromissus.
2161 2092 2507 2163 Strictisque
2538 2091 2915 2148 mucronibus
2943 2100 3255 2167 postquam
3276 2097 3327 2153 ei
3352 2116 3449 2155 ne-

1805 2196 1931 2235 cem
1955 2181 2160 2236 minati
2192 2180 2400 2235 suntsi
2422 2196 2619 2234 vocem
2642 2180 2948 2251 emitteret,
2961 2184 3449 2254 comprehensum

1804 2267 2002 2341 ligatis
2034 2267 2304 2324 manibus
2334 2274 2391 2324 et
2427 2268 2673 2340 pedibus
2704 2267 2763 2323 in
2794 2269 3154 2343 ergastulum
3187 2274 3450 2332 detruse-

1806 2358 2075 2424 runt.Qui
2094 2375 2226 2413 voce
2244 2374 2580 2429 suppressa,
2596 2355 2675 2411 ibi
2694 2374 2880 2429 usque
2895 2361 3306 2432 crepusculum
3319 2381 3451 2421 con-

1803 2461 1981 2499 vexus
2002 2446 2067 2479 ⁶⁰⁷
2086 2444 2292 2515 jacuit.
2315 2449 2451 2499 Post
2480 2449 2646 2499 nocte
2676 2444 3043 2513 abscedente,
3076 2446 3135 2502 in
3166 2448 3293 2521 ipso
3326 2468 3448 2508 cre-

1804 2532 2051 2605 pusculo
2081 2537 2475 2589 surrexerunt.
2501 2532 2799 2605 Hospitem
2822 2539 3194 2607 assumptum
3223 2542 3279 2594 et
3299 2555 3449 2611 equo

1805 2623 2119 2687 invectum,
2134 2621 2336 2676 tandiu
2360 2622 3011 2693 asportaverunt,donec
3032 2622 3159 2679 loca
3180 2635 3452 2699 suspecta

1804 2710 2287 2767 trausmittcrent.
2313 2708 2534 2775 Quibus
2566 2710 2953 2778 transmissis,
2986 2712 3315 2785 depositum
3362 2717 3449 2772 di-

1805 2799 2111 2866 miserunt,
2127 2799 2537 2871 reliquumque
2558 2797 2785 2855 itineris
2820 2798 3036 2856 celeres
3052 2805 3447 2863 confecerunt.

1803 2889 1920 2945 Nec
1951 2889 2148 2944 minus
2179 2887 2423 2944 Conradi
2457 2885 2610 2959 regis
2640 2886 2804 2942 dolos
2851 2904 2988 2960 sepe
3033 2890 3366 2949 simulando
3395 2899 3454 2951 et

1803 2975 2233 3034 dissimulando
2254 2975 2455 3041 evasit,
2469 2991 2603 3030 cum
2626 2974 2685 3030 in
2703 2975 2852 3031 dolis
2871 2981 3291 3048 componendis
3313 2981 3451 3039 insi-

66 3064 207 3122 Unde
257 3085 420 3123 nunc
456 3068 702 3125 Romam
762 3068 908 3136 iens,
941 3069 1209 3125 Ottonem
1267 3067 1429 3134 adiit,
1462 3069 1523 3123 in
1580 3066 1692 3122 mei
1803 3066 2056 3123 diatores
2078 3065 2273 3121 studio
2294 3068 2351 3120 et
2378 3063 2473 3119 hic
2498 3063 2843 3120 niterentur.
2868 3066 3129 3123 Tandem
3150 3072 3449 3127 tantorum

67 3155 484 3221 contumeliam,
509 3157 787 3229 regnique
808 3156 998 3213 labem
1023 3157 1074 3212 ei
1105 3156 1428 3229 plurimum
1460 3173 1695 3228 persua-
1731 3220 1764 3229 _
1803 3153 2092 3209 malorum
2119 3169 2382 3218 securus,
2407 3149 2591 3207 Gallia
2616 3156 2882 3224 receptus
2913 3157 3021 3210 est.

68 3258 241 3299 surus.
284 3220 654 3317 Quapropter
690 3220 943 3301 -summa
997 3220 1125 3316 ope,
1172 3261 1405 3301 summo
1461 3220 1692 3317 ingenio
1723 3220 1765 3287 Ο
1874 3242 1964 3299 89.
1998 3241 2256 3315 Cognitis
2278 3245 2475 3296 autem
2500 3220 2883 3313 utrorumque
2905 3242 3144 3300 dolisah
3177 3250 3445 3320 utroque,

69 3331 303 3388 nitimini
350 3349 426 3388 ne
473 3334 700 3389 evadat.
731 3332 871 3389 Vale
898 3335 983 3389 ω’.
1010 3356 1038 3383 ››
1068 3333 1473 3406 Exploratores
1499 3332 1694 3404 itaque
1800 3335 1965 3387 tanta
1995 3328 2336 3386 crudelitate
2366 3328 2426 3384 in
2457 3345 2519 3383 se
2545 3344 2659 3384 non
2684 3328 2863 3386 armis
2885 3331 2985 3386 sed
3018 3331 3250 3391 insidiis
3269 3335 3450 3392 laten-

70 3417 509 3493 circumquaque
540 3420 832 3492 dispositi,
864 3438 968 3493 per
998 3426 1292 3494 praerupta
1320 3421 1610 3476 montium
1639 3425 1697 3475 et
1802 3419 1962 3475 tibus
1992 3416 2329 3474 debacchati
2360 3422 2518 3482 sunt,
2550 3421 2613 3472 ut
2640 3417 2862 3489 aliquot
2890 3419 3060 3476 annis
3090 3438 3182 3478 res
3211 3422 3449 3495 publica

70 3508 447 3579 scopulorum,
497 3524 601 3580 per
646 3508 875 3564 viarum
932 3510 1143 3578 exitus,
1193 3510 1322 3581 ejus
1378 3510 1695 3564 adventum
1802 3507 2165 3579 principibus
2194 3505 2617 3561 dissidentibus
2659 3505 2909 3561 multum
2942 3505 3249 3566 Iederetur.
3283 3512 3448 3569 Tunc

69 3596 527 3666 opperiebantur.
1802 3596 1978 3653 etiam
2024 3594 2345 3650 multarum
2396 3610 2591 3648 rerum
2644 3596 3076 3665 usurpationes,
3099 3598 3449 3657 miserorum

79 1036 252 1092 sellam
283 1035 525 1091 relictus
554 1036 683 1103 fuit,
707 1041 773 1091 ut
802 1037 942 1091 dum
975 1035 1092 1091 dux
1122 1033 1351 1091 cunctis
1372 1033 1440 1067 ⁵⁰⁰
1460 1028 1701 1086 videnti-

78 1125 170 1179 bus
188 1125 250 1159 ³⁰⁰
275 1122 541 1197 gladium
562 1124 631 1159 ⁸⁰⁰
653 1124 847 1188 ferret,
872 1124 930 1177 in
965 1127 1264 1195 posterum
1286 1123 1351 1156 ⁵⁰⁰
1372 1118 1545 1176 etiam
1568 1135 1700 1190 por-

78 1217 308 1268 taturum
330 1214 399 1248 ⁵⁰⁰
414 1212 705 1269 indicaret
727 1213 813 1267 ⁸⁰⁰.
838 1212 1160 1284 Episcopus
1187 1226 1320 1266 vero
1342 1208 1475 1264 duci
1498 1224 1704 1263 consu-

77 1300 201 1369 lens,
221 1300 479 1373 gladium
507 1301 579 1356 ab
609 1301 737 1373 ejus
762 1318 943 1356 manu
975 1298 1189 1371 rapuit.
1213 1316 1269 1354 et
1291 1298 1413 1370 ipse
1434 1297 1701 1351 deferens

77 1394 189 1460 post
238 1406 430 1462 regem
469 1388 731 1445 incessit.
766 1389 948 1460 Cujus
1009 1386 1379 1460 prudentiam
1435 1383 1613 1440 simul
1644 1388 1702 1439 et

76 1476 324 1533 astutiam
356 1495 455 1533 rex
487 1478 834 1543 admiratus,
859 1476 1016 1549 apud
1038 1493 1177 1533 suos
1209 1479 1409 1548 postea
1440 1491 1551 1528 non
1577 1472 1702 1527 sine

74 1564 221 1621 laude
249 1564 446 1638 sepius
497 1565 909 1638 frequentavit.
946 1565 1165 1620 Ducem
1217 1579 1450 1634 quoque
1480 1560 1539 1616 in
1573 1560 1698 1632 plu-

70 2183 255 2239 stolam
277 2183 491 2257 legavit
514 2184 671 2239 hunc
693 2184 935 2240 modum
967 2184 1279 2239 habentem
1308 2200 1358 2238 :u
1385 2182 1697 2238 Lotharius

69 2270 403 2328 Francorum
424 2271 614 2345 gratia
639 2272 733 2327 Dei
752 2273 1217 2339 rex,Conrado‘°‘
1238 2271 1695 2327 Alemannorum

70 2359 174 2430 regi
218 2361 499 2432 quicquid
550 2359 683 2415 sibi.
715 2360 1053 2417 Amiciciam
1100 2362 1251 2415 inter
1294 2377 1400 2415 nos
1437 2378 1472 2415 a
1511 2357 1695 2413 multo

70 2447 308 2519 tempore
334 2449 714 2504 constitutam
745 2448 1157 2505 inviolabiliter
1178 2464 1519 2504 conservare
1548 2463 1697 2502 sem-

69 2551 157 2606 per
209 2536 354 2591 mihi
411 2542 645 2609 gratum
691 2537 821 2593 fuit.
856 2537 1038 2610 Cujus
1093 2538 1316 2592 fructus
1372 2553 1507 2592 eum
1538 2552 1573 2590 a
1603 2551 1696 2590 me

71 2622 357 2697 multiplex
413 2625 567 2682 exire
598 2625 803 2695 valeat,
836 2626 977 2682 utile
1024 2625 1158 2681 duxi
1192 2625 1473 2698 quiddam
1531 2624 1695 2679 vobis

67 2711 328 2779 indicare,
359 2718 418 2769 et
447 2714 520 2769 ad
564 2718 762 2770 votum
795 2714 939 2770 mihi
972 2714 1095 2769 ﬁeri
1144 2716 1202 2769 id
1250 2717 1466 2787 petere.
1501 2713 1694 2785 Hugo-

68 2816 180 2856 nem
211 2802 423 2857 ducem
479 2802 679 2858 sciatis
712 2819 806 2858 me
845 2803 1128 2858 hactenus
1186 2820 1290 2874 pro
1346 2800 1533 2856 amico
1592 2800 1692 2856 ha-

65 2888 261 2945 buisse.
297 2890 604 2963 Comperto
634 2907 767 2946 vero
817 2892 972 2963 quod
1018 2889 1265 2947 latenter
1312 2890 1498 2946 hostis
1548 2888 1693 2943 mihi

66 2983 215 3044 esset,
250 2979 328 3033 ab
372 2980 500 3050 ejus
557 2978 953 3035 familiaritate
1009 2996 1102 3035 me
1160 2979 1531 3035 remotiorem
1562 2978 1690 3033 feci.

125 3685 205 3737 87.
241 3685 375 3740 Item
413 3684 643 3756 epistola
670 3687 878 3742 Emma
896 3686 963 3721 ⁵⁰³
998 3686 1210 3755 reginae
1245 3686 1315 3741 ad
1356 3694 1587 3741 matrem
1606 3686 1692 3738 ⁵0³.

69 3798 124 3811 -
142 3771 246 3827 Nec
277 3774 480 3829 minus
501 3774 709 3828 Emma
736 3774 939 3846 regina
969 3774 1139 3829 matri
1161 3792 1279 3829 suae
1306 3774 1364 3829 in
1390 3774 1550 3830 hunc
1571 3790 1694 3829 mo-

70 3857 190 3915 dum
217 3860 526 3932 epistolam
550 3861 758 3917 direxit
780 3878 828 3916 :«
851 3861 1111 3918 Adelaidi
1144 3862 1314 3918 matri
1344 3861 1698 3936 imperatrici

70 3961 275 4020 semper
294 3950 808 4021 augustae,Emma
832 3950 1184 4007 Francorum
1202 3951 1401 4024 regina
1421 3949 1693 4007 salutem.

70 4033 205 4091 Licet
232 4038 422 4093 multo
467 4042 759 4093 terrarum
806 4037 1120 4094 interstitio
1169 4046 1413 4103 semota,
1437 4045 1632 4094 tamen
1665 4058 1699 4094 a

70 4127 233 4179 matre
259 4123 465 4180 auxilii
498 4124 780 4180 rationem
806 4124 929 4181 ﬁlia
957 4129 1110 4198 peto.
1134 4127 1299 4199 Hugo
1321 4127 1438 4182 dux
1468 4126 1698 4182 insidiis

69 4226 169 4266 non
198 4213 389 4267 solum
425 4213 586 4285 regni
619 4213 802 4267 nostri
832 4212 1124 4286 principes
1146 4232 1180 4270 a
1199 4218 1397 4270 nostra
1424 4214 1700 4271 ﬁdelitate

72 4298 398 4367 amovit,sed
425 4304 482 4355 et
504 4300 740 4355 fratrem
766 4318 960 4357 meum
984 4302 1251 4358 Ottonem
1276 4320 1307 4357 a
1332 4303 1499 4359 nobis
1525 4320 1698 4358 cona-

73 4389 151 4440 tur
176 4392 463 4454 avertere;
498 4387 653 4443 unde
682 4392 738 4443 et
774 4389 1021 4445 Romam
1065 4389 1230 4446 illum
1264 4391 1426 4447 adiit.
1452 4393 1533 4448 Nc
1564 4408 1699 4464 ergo

74 4476 285 4542 inuitus
315 4475 411 4531 sui
436 4476 550 4531 voti
580 4493 817 4549 compos
834 4476 1133 4550 glorietur,
1155 4484 1287 4551 peto
1317 4479 1561 4553 supplex
1582 4479 1703 4535 ﬁlia

1805 3702 2036 3758 quoque
2065 3683 2494 3757 oppressiones,
2520 3687 2576 3737 et
2600 3682 2753 3737 circa
2777 3684 2971 3739 minus
2994 3690 3280 3757 potentes,
3304 3688 3453 3761 cala-

1805 3774 2037 3830 mitates
2070 3772 2300 3829 nefariae
2332 3789 2366 3827 a
2396 3770 2751 3843 quibusdam
2785 3771 2977 3844 pravis
3005 3776 3264 3832 exercitis
3290 3784 3452 3835 sunt.

1806 3862 1951 3919 Cum
1977 3862 2281 3932 utriusque
2300 3860 2683 3932 sapientiores
2703 3861 2761 3915 in
2782 3878 2964 3916 unum
2984 3863 3305 3922 consulturi
3324 3883 3458 3924 con-

1805 3951 2125 4019 venientes,
2160 3950 2453 4023 principes
2483 3948 2766 4006 dissidere
2796 3949 3053 4023 plurima
3081 3955 3455 4013 commisera-

1805 4041 1962 4097 tione
1992 4037 2294 4111 conquesti
2325 4041 2481 4094 sunt.

1876 4131 1964 4183 90.
1982 4129 2231 4185 Lotharii
2248 4136 2299 4183 et
2321 4128 2563 4195 Hugom‘s
2583 4129 2975 4185 reconciliatio.
2992 4161 3058 4169 —
3081 4130 3455 4187 Statuerunt-

1808 4236 1920 4291 que
1952 4223 2018 4273 ut
2046 4217 2286 4272 alterius
2318 4218 2593 4281 fautores,
2618 4216 2688 4269 ad
2719 4215 2964 4271 alterum
3002 4219 3231 4274 suasuri
3263 4221 3334 4275 de
3365 4237 3453 4276 re-

1807 4305 2211 4363 conciliatione
2260 4303 2598 4369 transirent,
2639 4306 2701 4356 ut
2745 4301 3021 4359 alteruter
3068 4306 3455 4362 benivolentia

1808 4394 2145 4452 alterutrius
2171 4396 2397 4462 captus,
2415 4390 2646 4445 facilius
2667 4391 3177 4460 condescenderet,
3202 4411 3454 4467 eumque

1808 4502 1913 4557 pro
1941 4483 2065 4540 lesa
2092 4479 2350 4537 amicitia
2380 4476 2583 4532 utilius
2615 4477 2917 4548 peniteret.
2946 4478 3107 4542 Quod
3128 4481 3196 4515 ⁸ου
3223 4481 3454 4538 consul-

72 4566 317 4633 matrem,
338 4569 407 4619 ut
438 4563 497 4618 in
531 4564 867 4620 revertendo
896 4570 1096 4621 tantus
1116 4566 1300 4622 hostis
1324 4568 1694 4640 impediatur.
1726 4580 1774 4643 D
1805 4580 1955 4633 tum,
1979 4587 2092 4626 non
2124 4566 2309 4623 multo
2351 4570 2482 4636 post
2526 4563 2795 4620 eﬁ‘ectum
2845 4565 3070 4623 habuit.
3104 4568 3251 4626 Nam
3281 4574 3339 4626 et
3366 4571 3452 4627 eis

71 4646 128 4701 Et
153 4650 198 4704 si
229 4650 353 4707 ﬁeri
388 4655 601 4722 potest,
626 4656 727 4706 aut
757 4658 962 4723 captus
993 4657 1282 4722 teneatur,
1304 4662 1405 4711 aut
1434 4656 1697 4728 impunis

71 4751 165 4790 non
198 4740 415 4794 redeat.
442 4738 555 4793 Sed
588 4756 658 4793 ne
689 4756 789 4794 vos
819 4738 942 4795 suis
966 4740 1115 4796 dolis
1140 4742 1550 4815 tergiversator
1568 4762 1699 4798 eva-

73 4822 173 4889 dat,
193 4827 378 4882 totius
405 4827 603 4881 formaz
633 4826 792 4881 illius
818 4827 1231 4899 inseparabilia
1260 4831 1579 4886 accidentia
1608 4849 1700 4888 vo-

74 4908 145 4966 bis
175 4913 418 4970 indicari
451 4914 707 4969 curavi.»
728 4915 893 4969 Tunc
912 4921 1217 4987 prosecuta
1237 4918 1561 4990 oculorum,
1595 4938 1698 4976 au-

73 5000 225 5069 rium,
254 5002 578 5069 labiorum,
600 5002 866 5059 dentium
885 5020 1117 5076 quoque
1142 5009 1198 5060 et
1222 5006 1370 5073 nasi,
1398 5025 1620 5065 necnon
1644 5014 1701 5066 et

74 5087 412 5161 reliquarum
443 5090 706 5161 corporis
734 5092 989 5161 partium
1021 5093 1363 5165 accidentia,
1390 5098 1697 5154 verborum

73 5190 280 5249 quoque
307 5183 599 5245 tenorem,
631 5176 715 5233 sic
744 5178 1008 5250 ignotum
1040 5180 1372 5251 declaravit,
1398 5189 1462 5239 ut
1491 5185 1583 5243 his
1615 5188 1699 5244 si-

73 5263 185 5333 guis
210 5266 510 5339 detegeret
539 5269 714 5338 atque
743 5266 1149 5339 ignorantibus
1180 5270 1484 5330 indicaret.

1806 4655 2211 4717 efficacissime
2242 4667 2587 4724 persuasum
2619 4655 2729 4721 est,
2762 4668 2827 4706 ac
2862 4651 3116 4723 plurima
3145 4654 3453 4714 dilectione

1807 4746 1917 4804 sibi
1952 4741 2159 4799 annexi
2184 4744 2340 4795 sunt.
2365 4736 2458 4793 Sic
2480 4736 2655 4792 etiam
2689 4736 2746 4790 in
2783 4737 3045 4810 utrisque
3064 4740 3153 4795 vis
3175 4741 3451 4799 amiciciaa

1807 4838 2039 4893 ﬁrmata
2066 4831 2191 4885 visa
2218 4834 2324 4883 est.

1875 4927 1964 4979 91.
1998 4920 2270 4978 Promotio
2321 4915 2580 4971 Ludovici
2628 4916 2686 4969 in
2734 4931 2961 4986 regnum
3008 4918 3451 4978 Francorum.—

1810 5012 2033 5070 Etenim
2064 5025 2199 5065 cum
2231 5023 2329 5062 rex
2358 5004 2547 5060 lilium
2578 5020 2752 5059 suum
2795 5004 3152 5065 Ludovicum
3184 5011 3244 5067 in
3275 5029 3450 5086 regno

1808 5102 1919 5157 sibi
1949 5098 2258 5156 succedam
2279 5093 2468 5157 vellet,
2489 5093 2680 5163 ipsum
2704 5108 2935 5164 quoque
2957 5112 2991 5149 a
3011 5096 3158 5152 duce
3182 5101 3453 5156 ordinan-

1808 5192 1947 5245 dum
1973 5187 2273 5260 quaereret,
2297 5183 2414 5237 dux
2446 5180 2595 5235 hanc
2617 5180 3040 5237 ordinationem
3067 5200 3198 5240 mox
3227 5185 3451 5243 liberali

1810 5278 2005 5336 animo
2037 5291 2098 5330 se
2119 5270 2668 5328 administraturum
2697 5269 3016 5341 respondit.
3040 5271 3109 5327 Et
3127 5272 3333 5347 legatis
3358 5276 3450 5331 di-

1409 5422 1648 5482 VARI/E
1687 5425 2103 5487 LECTIONES.

130 5544 200 5621 '°°_
218 5562 401 5621 cunc,
416 5547 567 5621 Abus,
616 5546 740 5621 gla,
780 5547 838 5602 in

973 5552 1052 5632 διε
1099 5566 1131 5604 e
1179 5567 1301 5632 per,
1333 5552 1532 5632 jcaret
1586 5575 1656 5614 ex
1695 5560 1985 5632 conject.“
2008 5557 2072 5591 ⁵⁰¹
2107 5551 2357 5609 conrado
2387 5552 2571 5632 eodem:
2610 5552 2716 5632 nm
2742 5549 2904 5632 VAI..
3077 5562 3270 5632 mines,
3303 5552 3453 5607 trem

936 5564 968 5604 0

131 5564 393 5626 “lcunc,
436 5564 567 5616 nus,
616 5564 730 5621 gia,
780 5564 838 5602 1n
898 5564 1048 5655 poost,
1099 5566 1131 5604 e
1179 5567 1301 5623 por,
1353 5564 1532 5611 icarct
1586 5575 1656 5614 ex
1709 5564 1931 5632 conject.
2008 5564 2072 5591 δυι
2107 5564 2357 5609 conrado
2387 5564 2570 5608 codex.
2647 5564 2715 5586 θυι
2752 5564 2904 5605 νΑιι.
2981 5564 3048 5585 ουδ
3077 5565 3120 5604 ix

72 5614 279 5674 abscisa.
359 5618 433 5653 ‘0‘
459 5635 585 5686 mu,
616 5635 655 5673 u
683 5619 827 5674 abre.
949 5620 971 5653 ⁸
1000 5622 1080 5675 sic
1105 5636 1153 5676 ε.
1231 5623 1297 5657 δοθ
1329 5622 1475 5680 ﬂexu
1506 5645 1646 5685 corr.
1680 5631 1843 5687 ﬂexo.
1920 5629 1986 5663 ⁵⁰⁷
2019 5640 2354 5695 conquexus
2381 5640 2428 5676 c.
2506 5625 2572 5658 δυθ
2603 5625 2667 5688 Q.
2702 5623 2938 5677 senatus
2967 5620 3120 5676 delet.
