  <div class='ocr_page' id='page_1' title='image "/cluster/home/n/w/nwhite01/storage/ocr_20150623/138/uva.x000829786/067.png"; bbox 0 0 3838 6238; ppageno 0'>
   <div class='ocr_carea' id='block_1_1' title="bbox 362 365 479 425">
    <p class='ocr_par' dir='ltr' id='par_1_1' title="bbox 362 365 479 425">
     <span class='ocr_line' id='line_1_1' title="bbox 362 365 479 425; baseline 0 0"><span class='ocrx_word' id='word_1_1' title='bbox 362 365 479 425; x_wconf 81' lang='lat' dir='ltr'>H9</span> 
     </span>
    </p>
   </div>
   <div class='ocr_carea' id='block_1_2' title="bbox 1461 354 3721 439">
    <p class='ocr_par' dir='ltr' id='par_1_2' title="bbox 1461 354 3721 439">
     <span class='ocr_line' id='line_1_2' title="bbox 1461 354 3721 439; baseline 0.001 -4"><span class='ocrx_word' id='word_1_2' title='bbox 1461 374 1773 435; x_wconf 80' lang='lat' dir='ltr'>RICHEBI</span> <span class='ocrx_word' id='word_1_3' title='bbox 1820 374 1885 434; x_wconf 89' lang='lat' dir='ltr'>s.</span> <span class='ocrx_word' id='word_1_4' title='bbox 1932 374 2239 436; x_wconf 58' lang='lat' dir='ltr'>neuneu</span> <span class='ocrx_word' id='word_1_5' title='bbox 2284 373 2653 435; x_wconf 80' lang='lat' dir='ltr'>MONACHI.</span> <span class='ocrx_word' id='word_1_6' title='bbox 3623 354 3721 439; x_wconf 61' lang='lat' dir='ltr'>{ad</span> 
     </span>
    </p>
   </div>
   <div class='ocr_carea' id='block_1_3' title="bbox 358 500 3725 580">
    <p class='ocr_par' dir='ltr' id='par_1_3' title="bbox 358 500 3725 580">
     <span class='ocr_line' id='line_1_3' title="bbox 358 500 3725 580; baseline 0.003 -25"><span class='ocrx_word' id='word_1_7' title='bbox 358 500 553 570; x_wconf 90' lang='lat' dir='ltr'>rectis,</span> <span class='ocrx_word' id='word_1_8' title='bbox 612 518 925 576; x_wconf 89' lang='lat' dir='ltr'>regnorum</span> <span class='ocrx_word' id='word_1_9' title='bbox 985 503 1276 579; x_wconf 75' lang='lat' dir='ltr'>principes</span> <span class='ocrx_word' id='word_1_10' title='bbox 1336 505 1673 579; x_wconf 90' lang='lat' dir='ltr'>Compendii</span> <span class='ocrx_word' id='word_1_11' title='bbox 1731 503 1994 579; x_wconf 76' lang='lat' dir='ltr'>collegit;</span> <span class='ocrx_word' id='word_1_12' title='bbox 2025 506 2078 574; x_wconf 86' lang='grc' dir='ltr'><strong>Α</strong></span> <span class='ocrx_word' id='word_1_13' title='bbox 2110 503 2490 561; x_wconf 85' lang='lat' dir='ltr'>minutionem</span> <span class='ocrx_word' id='word_1_14' title='bbox 2522 505 2579 562; x_wconf 93' lang='lat' dir='ltr'>in</span> <span class='ocrx_word' id='word_1_15' title='bbox 2613 505 2973 580; x_wconf 81' lang='lat' dir='ltr'>principibus</span> <span class='ocrx_word' id='word_1_16' title='bbox 2995 522 3260 565; x_wconf 84' lang='lat' dir='ltr'>exercere</span> <span class='ocrx_word' id='word_1_17' title='bbox 3278 504 3725 565; x_wconf 79' lang='lat' dir='ltr'>valerent.Amor</span> 
     </span>
    </p>
   </div>
   <div class='ocr_carea' id='block_1_4' title="bbox 354 588 1996 668">
    <p class='ocr_par' dir='ltr' id='par_1_4' title="bbox 354 588 1996 668">
     <span class='ocr_line' id='line_1_4' title="bbox 354 588 1996 668; baseline 0.003 -24"><span class='ocrx_word' id='word_1_18' title='bbox 354 588 554 663; x_wconf 84' lang='lat' dir='ltr'>ibique</span> <span class='ocrx_word' id='word_1_19' title='bbox 586 608 620 647; x_wconf 91' lang='lat' dir='ltr'>a</span> <span class='ocrx_word' id='word_1_20' title='bbox 662 593 809 649; x_wconf 90' lang='lat' dir='ltr'>duce</span> <span class='ocrx_word' id='word_1_21' title='bbox 857 592 1212 668; x_wconf 78' lang='lat' dir='ltr'>reliquisque</span> <span class='ocrx_word' id='word_1_22' title='bbox 1259 595 1621 668; x_wconf 77' lang='lat' dir='ltr'>principibus</span> <span class='ocrx_word' id='word_1_23' title='bbox 1670 595 1996 650; x_wconf 81' lang='lat' dir='ltr'>Ludovicus</span> 
     </span>
    </p>
   </div>
   <div class='ocr_carea' id='block_1_5' title="bbox 354 681 1994 758">
    <p class='ocr_par' dir='ltr' id='par_1_5' title="bbox 354 681 1994 758">
     <span class='ocr_line' id='line_1_5' title="bbox 354 681 1994 758; baseline 0.002 -23"><span class='ocrx_word' id='word_1_24' title='bbox 354 695 454 735; x_wconf 77' lang='lat' dir='ltr'>rex</span> <span class='ocrx_word' id='word_1_25' title='bbox 507 681 871 738; x_wconf 87' lang='lat' dir='ltr'>adclamatus</span> <span class='ocrx_word' id='word_1_26' title='bbox 927 701 1031 757; x_wconf 90' lang='lat' dir='ltr'>per</span> <span class='ocrx_word' id='word_1_27' title='bbox 1086 684 1597 758; x_wconf 83' lang='lat' dir='ltr'>metropolitanum</span> <span class='ocrx_word' id='word_1_28' title='bbox 1654 684 1994 757; x_wconf 84' lang='lat' dir='ltr'>episcopum</span> 
     </span>
    </p>
   </div>
   <div class='ocr_carea' id='block_1_6' title="bbox 354 768 1991 845">
    <p class='ocr_par' dir='ltr' id='par_1_6' title="bbox 354 768 1991 845">
     <span class='ocr_line' id='line_1_6' title="bbox 354 768 1991 845; baseline 0.002 -21"><span class='ocrx_word' id='word_1_29' title='bbox 354 768 691 840; x_wconf 77' lang='lat' dir='ltr'>Remorum,</span> <span class='ocrx_word' id='word_1_30' title='bbox 721 771 907 845; x_wconf 66' lang='lat' dir='ltr'>digna:</span> <span class='ocrx_word' id='word_1_31' title='bbox 935 773 1201 829; x_wconf 76' lang='lat' dir='ltr'>videlicet</span> <span class='ocrx_word' id='word_1_32' title='bbox 1230 774 1520 831; x_wconf 76' lang='lat' dir='ltr'>memoria:</span> <span class='ocrx_word' id='word_1_33' title='bbox 1551 773 1991 843; x_wconf 79' lang='lat' dir='ltr'>Adalberoncm,</span> 
     </span>
    </p>
   </div>
   <div class='ocr_carea' id='block_1_7' title="bbox 353 859 1991 937">
    <p class='ocr_par' dir='ltr' id='par_1_7' title="bbox 353 859 1991 937">
     <span class='ocr_line' id='line_1_7' title="bbox 353 859 1991 937; baseline 0.002 -24"><span class='ocrx_word' id='word_1_34' title='bbox 353 862 556 914; x_wconf 88' lang='lat' dir='ltr'>sancta</span> <span class='ocrx_word' id='word_1_35' title='bbox 580 859 674 915; x_wconf 90' lang='lat' dir='ltr'>die</span> <span class='ocrx_word' id='word_1_36' title='bbox 706 861 1073 918; x_wconf 90' lang='lat' dir='ltr'>Pentecostes</span> <span class='ocrx_word' id='word_1_37' title='bbox 1104 863 1161 918; x_wconf 92' lang='lat' dir='ltr'>in</span> <span class='ocrx_word' id='word_1_38' title='bbox 1192 879 1439 937; x_wconf 84' lang='lat' dir='ltr'>regnum</span> <span class='ocrx_word' id='word_1_39' title='bbox 1477 865 1827 920; x_wconf 82' lang='lat' dir='ltr'>Francorum</span> <span class='ocrx_word' id='word_1_40' title='bbox 1858 879 1991 934; x_wconf 91' lang='lat' dir='ltr'>pro-</span> 
     </span>
    </p>
   </div>
   <div class='ocr_carea' id='block_1_8' title="bbox 352 949 1989 1026">
    <p class='ocr_par' dir='ltr' id='par_1_8' title="bbox 352 949 1989 1026">
     <span class='ocr_line' id='line_1_8' title="bbox 352 949 1989 1026; baseline 0.003 -25"><span class='ocrx_word' id='word_1_41' title='bbox 352 951 551 1003; x_wconf 80' lang='lat' dir='ltr'>motus</span> <span class='ocrx_word' id='word_1_42' title='bbox 571 952 656 1004; x_wconf 88' lang='lat' dir='ltr'>est</span> <span class='ocrx_word' id='word_1_43' title='bbox 678 949 843 1020; x_wconf 74' lang='lat'>(“6).</span> <span class='ocrx_word' id='word_1_44' title='bbox 869 951 1109 1008; x_wconf 92' lang='lat' dir='ltr'>Duobus</span> <span class='ocrx_word' id='word_1_45' title='bbox 1129 969 1264 1026; x_wconf 91' lang='lat' dir='ltr'>ergo</span> <span class='ocrx_word' id='word_1_46' title='bbox 1296 953 1676 1025; x_wconf 87' lang='lat' dir='ltr'>regnantibus</span> <span class='ocrx_word' id='word_1_47' title='bbox 1698 953 1813 1006; x_wconf 81' lang='lat' dir='ltr'>dux</span> <span class='ocrx_word' id='word_1_48' title='bbox 1835 951 1989 1007; x_wconf 88' lang='lat' dir='ltr'>mul-</span> 
     </span>
    </p>
   </div>
   <div class='ocr_carea' id='block_1_9' title="bbox 349 1036 1994 1114">
    <p class='ocr_par' dir='ltr' id='par_1_9' title="bbox 349 1036 1994 1114">
     <span class='ocr_line' id='line_1_9' title="bbox 349 1036 1994 1114; baseline 0.003 -23"><span class='ocrx_word' id='word_1_49' title='bbox 349 1039 410 1091; x_wconf 83' lang='lat' dir='ltr'>ta</span> <span class='ocrx_word' id='word_1_50' title='bbox 431 1036 766 1094; x_wconf 84' lang='lat' dir='ltr'>atl&#39;abilitate</span> <span class='ocrx_word' id='word_1_51' title='bbox 787 1056 853 1095; x_wconf 90' lang='lat' dir='ltr'>ac</span> <span class='ocrx_word' id='word_1_52' title='bbox 876 1039 1157 1096; x_wconf 84' lang='lat' dir='ltr'>famulatu</span> <span class='ocrx_word' id='word_1_53' title='bbox 1185 1040 1512 1114; x_wconf 78' lang='lat' dir='ltr'>multiplici,</span> <span class='ocrx_word' id='word_1_54' title='bbox 1532 1059 1633 1114; x_wconf 90' lang='lat' dir='ltr'>per</span> <span class='ocrx_word' id='word_1_55' title='bbox 1650 1041 1774 1097; x_wconf 85' lang='lat' dir='ltr'>dies</span> <span class='ocrx_word' id='word_1_56' title='bbox 1796 1040 1994 1113; x_wconf 90' lang='lat' dir='ltr'>plures</span> 
     </span>
    </p>
   </div>
   <div class='ocr_carea' id='block_1_10' title="bbox 352 1128 1995 1203">
    <p class='ocr_par' dir='ltr' id='par_1_10' title="bbox 352 1128 1995 1203">
     <span class='ocr_line' id='line_1_10' title="bbox 352 1128 1995 1203; baseline 0.002 -22"><span class='ocrx_word' id='word_1_57' title='bbox 352 1142 479 1182; x_wconf 87' lang='lat' dir='ltr'>sese</span> <span class='ocrx_word' id='word_1_58' title='bbox 521 1128 993 1196; x_wconf 80' lang='lat' dir='ltr'>commendabat;</span> <span class='ocrx_word' id='word_1_59' title='bbox 1055 1130 1196 1185; x_wconf 88' lang='lat' dir='ltr'>adeo</span> <span class='ocrx_word' id='word_1_60' title='bbox 1248 1130 1464 1203; x_wconf 84' lang='lat' dir='ltr'>regiam</span> <span class='ocrx_word' id='word_1_61' title='bbox 1498 1130 1841 1203; x_wconf 86' lang='lat' dir='ltr'>dignitatem</span> <span class='ocrx_word' id='word_1_62' title='bbox 1891 1146 1995 1201; x_wconf 89' lang='lat' dir='ltr'>per</span> 
     </span>
    </p>
   </div>
   <div class='ocr_carea' id='block_1_11' title="bbox 352 1215 1993 1291">
    <p class='ocr_par' dir='ltr' id='par_1_11' title="bbox 352 1215 1993 1291">
     <span class='ocr_line' id='line_1_11' title="bbox 352 1215 1993 1291; baseline 0.002 -22"><span class='ocrx_word' id='word_1_63' title='bbox 352 1215 549 1270; x_wconf 83' lang='lat' dir='ltr'>omnia</span> <span class='ocrx_word' id='word_1_64' title='bbox 578 1215 878 1283; x_wconf 84' lang='lat' dir='ltr'>extollens,</span> <span class='ocrx_word' id='word_1_65' title='bbox 903 1221 959 1271; x_wconf 89' lang='lat' dir='ltr'>et</span> <span class='ocrx_word' id='word_1_66' title='bbox 989 1234 1115 1273; x_wconf 88' lang='lat' dir='ltr'>sese</span> <span class='ocrx_word' id='word_1_67' title='bbox 1146 1219 1214 1253; x_wconf 73' lang='grc'><strong>⁵⁰⁹</strong></span> <span class='ocrx_word' id='word_1_68' title='bbox 1242 1218 1326 1274; x_wconf 91' lang='lat' dir='ltr'>eis</span> <span class='ocrx_word' id='word_1_69' title='bbox 1374 1217 1696 1291; x_wconf 86' lang='lat' dir='ltr'>supplicem</span> <span class='ocrx_word' id='word_1_70' title='bbox 1724 1219 1791 1253; x_wconf 72' lang='grc' dir='ltr'>δίο</span> <span class='ocrx_word' id='word_1_71' title='bbox 1821 1235 1993 1272; x_wconf 90' lang='lat' dir='ltr'>mon-</span> 
     </span>
    </p>
   </div>
   <div class='ocr_carea' id='block_1_12' title="bbox 352 1305 1994 1379">
    <p class='ocr_par' dir='ltr' id='par_1_12' title="bbox 352 1305 1994 1379">
     <span class='ocr_line' id='line_1_12' title="bbox 352 1305 1994 1379; baseline 0.001 -20"><span class='ocrx_word' id='word_1_72' title='bbox 352 1308 575 1372; x_wconf 89' lang='lat' dir='ltr'>strans;</span> <span class='ocrx_word' id='word_1_73' title='bbox 610 1321 671 1360; x_wconf 89' lang='lat' dir='ltr'>se</span> <span class='ocrx_word' id='word_1_74' title='bbox 696 1305 871 1360; x_wconf 88' lang='lat' dir='ltr'>etiam</span> <span class='ocrx_word' id='word_1_75' title='bbox 896 1305 1186 1361; x_wconf 89' lang='lat' dir='ltr'>facturum</span> <span class='ocrx_word' id='word_1_76' title='bbox 1219 1307 1520 1379; x_wconf 88' lang='lat' dir='ltr'>pollicens,</span> <span class='ocrx_word' id='word_1_77' title='bbox 1544 1310 1611 1361; x_wconf 90' lang='lat' dir='ltr'>ut</span> <span class='ocrx_word' id='word_1_78' title='bbox 1646 1307 1818 1362; x_wconf 90' lang='lat' dir='ltr'>ambo</span> <span class='ocrx_word' id='word_1_79' title='bbox 1862 1323 1994 1379; x_wconf 89' lang='lat' dir='ltr'>gen-</span> 
     </span>
    </p>
   </div>
   <div class='ocr_carea' id='block_1_13' title="bbox 349 1392 1994 1466">
    <p class='ocr_par' dir='ltr' id='par_1_13' title="bbox 349 1392 1994 1466">
     <span class='ocr_line' id='line_1_13' title="bbox 349 1392 1994 1466; baseline 0.002 -19"><span class='ocrx_word' id='word_1_80' title='bbox 349 1392 510 1448; x_wconf 80' lang='lat' dir='ltr'>tibus</span> <span class='ocrx_word' id='word_1_81' title='bbox 530 1393 656 1464; x_wconf 85' lang='lat' dir='ltr'>jam</span> <span class='ocrx_word' id='word_1_82' title='bbox 697 1393 935 1449; x_wconf 88' lang='lat' dir='ltr'>domitis</span> <span class='ocrx_word' id='word_1_83' title='bbox 974 1399 1241 1465; x_wconf 86' lang='lat' dir='ltr'>potenter</span> <span class='ocrx_word' id='word_1_84' title='bbox 1278 1394 1654 1466; x_wconf 85' lang='lat' dir='ltr'>imperarent,</span> <span class='ocrx_word' id='word_1_85' title='bbox 1677 1394 1994 1451; x_wconf 88' lang='lat' dir='ltr'>indomitas</span> 
     </span>
    </p>
   </div>
   <div class='ocr_carea' id='block_1_14' title="bbox 351 1481 1995 1553">
    <p class='ocr_par' dir='ltr' id='par_1_14' title="bbox 351 1481 1995 1553">
     <span class='ocr_line' id='line_1_14' title="bbox 351 1481 1995 1553; baseline 0.002 -18"><span class='ocrx_word' id='word_1_86' title='bbox 351 1494 582 1553; x_wconf 87' lang='lat' dir='ltr'>quoque</span> <span class='ocrx_word' id='word_1_87' title='bbox 610 1481 926 1538; x_wconf 87' lang='lat' dir='ltr'>efﬁcaciter</span> <span class='ocrx_word' id='word_1_88' title='bbox 948 1483 1011 1517; x_wconf 69' lang='lat'>5“</span> <span class='ocrx_word' id='word_1_89' title='bbox 1046 1486 1541 1539; x_wconf 87' lang='lat' dir='ltr'>mansuescerent.</span> <span class='ocrx_word' id='word_1_90' title='bbox 1565 1482 1625 1536; x_wconf 82' lang='lat' dir='ltr'>1d</span> <span class='ocrx_word' id='word_1_91' title='bbox 1661 1482 1835 1538; x_wconf 89' lang='lat' dir='ltr'>etiam</span> <span class='ocrx_word' id='word_1_92' title='bbox 1869 1499 1995 1538; x_wconf 89' lang='lat' dir='ltr'>me-</span> 
     </span>
    </p>
   </div>
   <div class='ocr_carea' id='block_1_15' title="bbox 350 1568 1995 1644">
    <p class='ocr_par' dir='ltr' id='par_1_15' title="bbox 350 1568 1995 1644">
     <span class='ocr_line' id='line_1_15' title="bbox 350 1568 1995 1644; baseline 0.001 -21"><span class='ocrx_word' id='word_1_93' title='bbox 350 1568 665 1637; x_wconf 84' lang='lat' dir='ltr'>ditabatur,</span> <span class='ocrx_word' id='word_1_94' title='bbox 693 1575 760 1626; x_wconf 87' lang='lat' dir='ltr'>ut</span> <span class='ocrx_word' id='word_1_95' title='bbox 776 1570 837 1625; x_wconf 90' lang='lat' dir='ltr'>in</span> <span class='ocrx_word' id='word_1_96' title='bbox 860 1570 1104 1626; x_wconf 78' lang='lat' dir='ltr'>diversis</span> <span class='ocrx_word' id='word_1_97' title='bbox 1128 1570 1323 1643; x_wconf 83' lang='lat' dir='ltr'>regnis</span> <span class='ocrx_word' id='word_1_98' title='bbox 1345 1570 1539 1644; x_wconf 82' lang='lat' dir='ltr'>positi,</span> <span class='ocrx_word' id='word_1_99' title='bbox 1563 1569 1782 1643; x_wconf 88' lang='lat' dir='ltr'>regiam</span> <span class='ocrx_word' id='word_1_100' title='bbox 1813 1570 1995 1625; x_wconf 88' lang='lat' dir='ltr'>domi-</span> 
     </span>
    </p>
   </div>
   <div class='ocr_carea' id='block_1_16' title="bbox 348 1657 1994 1731">
    <p class='ocr_par' dir='ltr' id='par_1_16' title="bbox 348 1657 1994 1731">
     <span class='ocr_line' id='line_1_16' title="bbox 348 1657 1994 1731; baseline 0.003 -20"><span class='ocrx_word' id='word_1_101' title='bbox 348 1657 642 1713; x_wconf 81' lang='lat' dir='ltr'>nationem</span> <span class='ocrx_word' id='word_1_102' title='bbox 676 1664 1028 1725; x_wconf 84' lang='lat' dir='ltr'>exercerent,</span> <span class='ocrx_word' id='word_1_103' title='bbox 1053 1676 1124 1714; x_wconf 92' lang='lat' dir='ltr'>ne</span> <span class='ocrx_word' id='word_1_104' title='bbox 1154 1660 1331 1716; x_wconf 89' lang='lat' dir='ltr'>unius</span> <span class='ocrx_word' id='word_1_105' title='bbox 1353 1659 1513 1731; x_wconf 83' lang='lat' dir='ltr'>regni</span> <span class='ocrx_word' id='word_1_106' title='bbox 1542 1659 1830 1731; x_wconf 88' lang='lat' dir='ltr'>angustia,</span> <span class='ocrx_word' id='word_1_107' title='bbox 1855 1660 1994 1716; x_wconf 86' lang='lat' dir='ltr'>duo-</span> 
     </span>
    </p>
   </div>
   <div class='ocr_carea' id='block_1_17' title="bbox 349 1748 1677 1821">
    <p class='ocr_par' dir='ltr' id='par_1_17' title="bbox 349 1748 1677 1821">
     <span class='ocr_line' id='line_1_17' title="bbox 349 1748 1677 1821; baseline 0.002 -21"><span class='ocrx_word' id='word_1_108' title='bbox 349 1762 479 1800; x_wconf 89' lang='lat' dir='ltr'>rum</span> <span class='ocrx_word' id='word_1_109' title='bbox 513 1762 715 1818; x_wconf 89' lang='lat' dir='ltr'>regum</span> <span class='ocrx_word' id='word_1_110' title='bbox 749 1748 1041 1821; x_wconf 80' lang='lat' dir='ltr'>majestati</span> <span class='ocrx_word' id='word_1_111' title='bbox 1074 1748 1324 1804; x_wconf 88' lang='lat' dir='ltr'>nimium</span> <span class='ocrx_word' id='word_1_112' title='bbox 1356 1749 1677 1821; x_wconf 87' lang='lat' dir='ltr'>derogaret.</span> 
     </span>
    </p>
   </div>
   <div class='ocr_carea' id='block_1_18' title="bbox 417 1836 2069 1940">
    <p class='ocr_par' dir='ltr' id='par_1_18' title="bbox 417 1836 2069 1940">
     <span class='ocr_line' id='line_1_18' title="bbox 417 1836 2069 1940; baseline 0.002 -50"><span class='ocrx_word' id='word_1_113' title='bbox 417 1836 506 1891; x_wconf 80' lang='lat'>92.</span> <span class='ocrx_word' id='word_1_114' title='bbox 535 1837 667 1892; x_wconf 84' lang='lat' dir='ltr'>Item</span> <span class='ocrx_word' id='word_1_115' title='bbox 692 1839 959 1909; x_wconf 80' lang='lat' dir='ltr'>promotio</span> <span class='ocrx_word' id='word_1_116' title='bbox 993 1837 1257 1893; x_wconf 77' lang='lat' dir='ltr'>Ludovici</span> <span class='ocrx_word' id='word_1_117' title='bbox 1294 1840 1354 1893; x_wconf 87' lang='lat' dir='ltr'>in</span> <span class='ocrx_word' id='word_1_118' title='bbox 1398 1855 1629 1908; x_wconf 80' lang='lat' dir='ltr'>regnum</span> <span class='ocrx_word' id='word_1_119' title='bbox 1677 1840 1995 1910; x_wconf 70' lang='lat' dir='ltr'>Aquitania:</span> <span class='ocrx_word' id='word_1_120' title='bbox 2024 1876 2069 1940; x_wconf 71' lang='grc' dir='ltr'><strong>Β</strong></span> 
     </span>
    </p>
   </div>
   <div class='ocr_carea' id='block_1_19' title="bbox 346 1926 1992 1999">
    <p class='ocr_par' dir='ltr' id='par_1_19' title="bbox 346 1926 1992 1999">
     <span class='ocr_line' id='line_1_19' title="bbox 346 1926 1992 1999; baseline 0.001 -18"><span class='ocrx_word' id='word_1_121' title='bbox 346 1926 566 1997; x_wconf 80' lang='lat' dir='ltr'>ejusque</span> <span class='ocrx_word' id='word_1_122' title='bbox 592 1928 866 1982; x_wconf 65' lang='lat' dir='ltr'>uxoratio.</span> <span class='ocrx_word' id='word_1_123' title='bbox 893 1958 957 1967; x_wconf 97' lang='lat'><em>—</em></span> <span class='ocrx_word' id='word_1_124' title='bbox 988 1926 1137 1983; x_wconf 90' lang='lat' dir='ltr'>Dum</span> <span class='ocrx_word' id='word_1_125' title='bbox 1177 1927 1298 1983; x_wconf 70' lang='lat' dir='ltr'>haec</span> <span class='ocrx_word' id='word_1_126' title='bbox 1338 1927 1523 1982; x_wconf 92' lang='lat' dir='ltr'>multo</span> <span class='ocrx_word' id='word_1_127' title='bbox 1554 1931 1760 1983; x_wconf 89' lang='lat' dir='ltr'>conatu</span> <span class='ocrx_word' id='word_1_128' title='bbox 1796 1927 1992 1999; x_wconf 88' lang='lat' dir='ltr'>dispo-</span> 
     </span>
    </p>
   </div>
   <div class='ocr_carea' id='block_1_20' title="bbox 350 2014 1992 2089">
    <p class='ocr_par' dir='ltr' id='par_1_20' title="bbox 350 2014 1992 2089">
     <span class='ocr_line' id='line_1_20' title="bbox 350 2014 1992 2089; baseline 0.002 -21"><span class='ocrx_word' id='word_1_129' title='bbox 350 2018 531 2082; x_wconf 89' lang='lat' dir='ltr'>neret,</span> <span class='ocrx_word' id='word_1_130' title='bbox 557 2014 653 2070; x_wconf 87' lang='lat' dir='ltr'>alii</span> <span class='ocrx_word' id='word_1_131' title='bbox 688 2015 926 2086; x_wconf 89' lang='lat' dir='ltr'>quidam</span> <span class='ocrx_word' id='word_1_132' title='bbox 956 2016 1133 2071; x_wconf 90' lang='lat' dir='ltr'>nimis</span> <span class='ocrx_word' id='word_1_133' title='bbox 1159 2015 1351 2072; x_wconf 91' lang='lat' dir='ltr'>callidi</span> <span class='ocrx_word' id='word_1_134' title='bbox 1381 2016 1489 2071; x_wconf 90' lang='lat' dir='ltr'>hoc</span> <span class='ocrx_word' id='word_1_135' title='bbox 1519 2020 1833 2089; x_wconf 90' lang='lat' dir='ltr'>comperto,</span> <span class='ocrx_word' id='word_1_136' title='bbox 1858 2034 1992 2072; x_wconf 92' lang='lat' dir='ltr'>cum</span> 
     </span>
    </p>
   </div>
   <div class='ocr_carea' id='block_1_21' title="bbox 347 2104 1992 2177">
    <p class='ocr_par' dir='ltr' id='par_1_21' title="bbox 347 2104 1992 2177">
     <span class='ocr_line' id='line_1_21' title="bbox 347 2104 1992 2177; baseline 0 -17"><span class='ocrx_word' id='word_1_137' title='bbox 347 2104 690 2177; x_wconf 87' lang='lat' dir='ltr'>hujusmodi</span> <span class='ocrx_word' id='word_1_138' title='bbox 746 2104 988 2176; x_wconf 82' lang='lat' dir='ltr'>gloriam</span> <span class='ocrx_word' id='word_1_139' title='bbox 1021 2105 1080 2160; x_wconf 88' lang='lat' dir='ltr'>in</span> <span class='ocrx_word' id='word_1_140' title='bbox 1121 2122 1246 2161; x_wconf 90' lang='lat' dir='ltr'>sese</span> <span class='ocrx_word' id='word_1_141' title='bbox 1292 2106 1701 2162; x_wconf 74' lang='lat' dir='ltr'>transfundere</span> <span class='ocrx_word' id='word_1_142' title='bbox 1755 2104 1992 2174; x_wconf 82' lang='lat' dir='ltr'>vellent,</span> 
     </span>
    </p>
   </div>
   <div class='ocr_carea' id='block_1_22' title="bbox 348 2193 1994 2266">
    <p class='ocr_par' dir='ltr' id='par_1_22' title="bbox 348 2193 1994 2266">
     <span class='ocr_line' id='line_1_22' title="bbox 348 2193 1994 2266; baseline -0.001 -16"><span class='ocrx_word' id='word_1_143' title='bbox 348 2195 617 2250; x_wconf 83' lang='lat' dir='ltr'>Emmam</span> <span class='ocrx_word' id='word_1_144' title='bbox 671 2193 931 2265; x_wconf 85' lang='lat' dir='ltr'>reginam</span> <span class='ocrx_word' id='word_1_145' title='bbox 991 2195 1294 2261; x_wconf 89' lang='lat' dir='ltr'>adeuntes,</span> <span class='ocrx_word' id='word_1_146' title='bbox 1322 2211 1499 2266; x_wconf 87' lang='lat' dir='ltr'>super</span> <span class='ocrx_word' id='word_1_147' title='bbox 1553 2194 1809 2250; x_wconf 84' lang='lat' dir='ltr'>maxima</span> <span class='ocrx_word' id='word_1_148' title='bbox 1839 2211 1901 2249; x_wconf 91' lang='lat' dir='ltr'>re</span> <span class='ocrx_word' id='word_1_149' title='bbox 1932 2211 1994 2249; x_wconf 90' lang='lat' dir='ltr'>se</span> 
     </span>
    </p>
   </div>
   <div class='ocr_carea' id='block_1_23' title="bbox 349 2281 1992 2355">
    <p class='ocr_par' dir='ltr' id='par_1_23' title="bbox 349 2281 1992 2355">
     <span class='ocr_line' id='line_1_23' title="bbox 349 2281 1992 2355; baseline -0.002 -16"><span class='ocrx_word' id='word_1_150' title='bbox 349 2283 722 2340; x_wconf 90' lang='lat' dir='ltr'>consulturos</span> <span class='ocrx_word' id='word_1_151' title='bbox 751 2283 1038 2337; x_wconf 84' lang='lat' dir='ltr'>dixerunt.</span> <span class='ocrx_word' id='word_1_152' title='bbox 1064 2283 1168 2349; x_wconf 88' lang='lat' dir='ltr'>Qui</span> <span class='ocrx_word' id='word_1_153' title='bbox 1194 2283 1449 2355; x_wconf 87' lang='lat' dir='ltr'>suscepti</span> <span class='ocrx_word' id='word_1_154' title='bbox 1481 2301 1514 2338; x_wconf 88' lang='lat' dir='ltr'>a</span> <span class='ocrx_word' id='word_1_155' title='bbox 1543 2283 1765 2355; x_wconf 77' lang='lat' dir='ltr'>regina,</span> <span class='ocrx_word' id='word_1_156' title='bbox 1790 2282 1846 2337; x_wconf 92' lang='lat' dir='ltr'>id</span> <span class='ocrx_word' id='word_1_157' title='bbox 1880 2281 1992 2336; x_wconf 89' lang='lat' dir='ltr'>sibi</span> 
     </span>
    </p>
   </div>
   <div class='ocr_carea' id='block_1_24' title="bbox 346 2369 1991 2445">
    <p class='ocr_par' dir='ltr' id='par_1_24' title="bbox 346 2369 1991 2445">
     <span class='ocr_line' id='line_1_24' title="bbox 346 2369 1991 2445; baseline -0.002 -17"><span class='ocrx_word' id='word_1_158' title='bbox 346 2372 530 2428; x_wconf 86' lang='lat' dir='ltr'>videri</span> <span class='ocrx_word' id='word_1_159' title='bbox 560 2371 847 2445; x_wconf 92' lang='lat' dir='ltr'>optimum</span> <span class='ocrx_word' id='word_1_160' title='bbox 882 2371 1170 2440; x_wconf 82' lang='lat' dir='ltr'>dixerunt,</span> <span class='ocrx_word' id='word_1_161' title='bbox 1196 2371 1486 2426; x_wconf 85' lang='lat' dir='ltr'>Ludovico</span> <span class='ocrx_word' id='word_1_162' title='bbox 1519 2372 1638 2442; x_wconf 87' lang='lat' dir='ltr'>regi</span> <span class='ocrx_word' id='word_1_163' title='bbox 1671 2369 1991 2426; x_wconf 84' lang='lat' dir='ltr'>assciscen-</span> 
     </span>
    </p>
   </div>
   <div class='ocr_carea' id='block_1_25' title="bbox 347 2458 1991 2533">
    <p class='ocr_par' dir='ltr' id='par_1_25' title="bbox 347 2458 1991 2533">
     <span class='ocr_line' id='line_1_25' title="bbox 347 2458 1991 2533; baseline -0.002 -15"><span class='ocrx_word' id='word_1_164' title='bbox 347 2463 484 2518; x_wconf 89' lang='lat' dir='ltr'>dam</span> <span class='ocrx_word' id='word_1_165' title='bbox 514 2462 824 2533; x_wconf 86' lang='lat' dir='ltr'>conjugem</span> <span class='ocrx_word' id='word_1_166' title='bbox 876 2458 1234 2527; x_wconf 83' lang='lat' dir='ltr'>Adelaidem,</span> <span class='ocrx_word' id='word_1_167' title='bbox 1268 2460 1632 2533; x_wconf 86' lang='lat' dir='ltr'>Ragemundi</span> <span class='ocrx_word' id='word_1_168' title='bbox 1673 2476 1860 2531; x_wconf 86' lang='lat' dir='ltr'>nuper</span> <span class='ocrx_word' id='word_1_169' title='bbox 1890 2460 1991 2514; x_wconf 93' lang='lat' dir='ltr'>de-</span> 
     </span>
    </p>
   </div>
   <div class='ocr_carea' id='block_1_26' title="bbox 347 2548 1992 2619">
    <p class='ocr_par' dir='ltr' id='par_1_26' title="bbox 347 2548 1992 2619">
     <span class='ocr_line' id='line_1_26' title="bbox 347 2548 1992 2619; baseline -0.001 -13"><span class='ocrx_word' id='word_1_170' title='bbox 347 2551 531 2607; x_wconf 80' lang='lat' dir='ltr'>functi</span> <span class='ocrx_word' id='word_1_171' title='bbox 562 2549 729 2605; x_wconf 88' lang='lat' dir='ltr'>ducis</span> <span class='ocrx_word' id='word_1_172' title='bbox 752 2548 1074 2606; x_wconf 88' lang='lat' dir='ltr'>Gothorum</span> <span class='ocrx_word' id='word_1_173' title='bbox 1105 2548 1242 2604; x_wconf 91' lang='lat' dir='ltr'>olim</span> <span class='ocrx_word' id='word_1_174' title='bbox 1274 2565 1534 2604; x_wconf 84' lang='lat' dir='ltr'>uxorem.</span> <span class='ocrx_word' id='word_1_175' title='bbox 1558 2550 1628 2604; x_wconf 87' lang='lat' dir='ltr'>Et</span> <span class='ocrx_word' id='word_1_176' title='bbox 1656 2565 1770 2603; x_wconf 91' lang='lat' dir='ltr'>non</span> <span class='ocrx_word' id='word_1_177' title='bbox 1804 2548 1992 2619; x_wconf 88' lang='lat' dir='ltr'>magis</span> 
     </span>
    </p>
   </div>
   <div class='ocr_carea' id='block_1_27' title="bbox 347 2636 1992 2714">
    <p class='ocr_par' dir='ltr' id='par_1_27' title="bbox 347 2636 1992 2714">
     <span class='ocr_line' id='line_1_27' title="bbox 347 2636 1992 2714; baseline -0.003 -18"><span class='ocrx_word' id='word_1_178' title='bbox 347 2639 662 2714; x_wconf 82' lang='lat' dir='ltr'>potentiam</span> <span class='ocrx_word' id='word_1_179' title='bbox 697 2638 977 2711; x_wconf 85' lang='lat' dir='ltr'>regnandi</span> <span class='ocrx_word' id='word_1_180' title='bbox 1005 2655 1073 2694; x_wconf 84' lang='lat' dir='ltr'>cx</span> <span class='ocrx_word' id='word_1_181' title='bbox 1098 2637 1206 2693; x_wconf 88' lang='lat' dir='ltr'>hoc</span> <span class='ocrx_word' id='word_1_182' title='bbox 1235 2654 1406 2710; x_wconf 90' lang='lat' dir='ltr'>posse</span> <span class='ocrx_word' id='word_1_183' title='bbox 1434 2638 1656 2711; x_wconf 88' lang='lat' dir='ltr'>augeri,</span> <span class='ocrx_word' id='word_1_184' title='bbox 1680 2654 1856 2709; x_wconf 89' lang='lat' dir='ltr'>quam</span> <span class='ocrx_word' id='word_1_185' title='bbox 1880 2636 1992 2692; x_wconf 87' lang='lat' dir='ltr'>sibi</span> 
     </span>
    </p>
   </div>
   <div class='ocr_carea' id='block_1_28' title="bbox 346 2724 1990 2799">
    <p class='ocr_par' dir='ltr' id='par_1_28' title="bbox 346 2724 1990 2799">
     <span class='ocr_line' id='line_1_28' title="bbox 346 2724 1990 2799; baseline -0.003 -13"><span class='ocrx_word' id='word_1_186' title='bbox 346 2728 629 2787; x_wconf 91' lang='lat' dir='ltr'>nonnulla</span> <span class='ocrx_word' id='word_1_187' title='bbox 649 2727 957 2784; x_wconf 89' lang='lat' dir='ltr'>commoda</span> <span class='ocrx_word' id='word_1_188' title='bbox 985 2727 1236 2799; x_wconf 87' lang='lat' dir='ltr'>adquiri.</span> <span class='ocrx_word' id='word_1_189' title='bbox 1260 2725 1563 2782; x_wconf 82' lang='lat' dir='ltr'>Enimvero</span> <span class='ocrx_word' id='word_1_190' title='bbox 1585 2724 1863 2799; x_wconf 87' lang='lat' dir='ltr'>possibile</span> <span class='ocrx_word' id='word_1_191' title='bbox 1889 2726 1990 2781; x_wconf 85' lang='lat' dir='ltr'>ﬁe-</span> 
     </span>
    </p>
   </div>
   <div class='ocr_carea' id='block_1_29' title="bbox 345 2814 1989 2890">
    <p class='ocr_par' dir='ltr' id='par_1_29' title="bbox 345 2814 1989 2890">
     <span class='ocr_line' id='line_1_29' title="bbox 345 2814 1989 2890; baseline -0.004 -16"><span class='ocrx_word' id='word_1_192' title='bbox 345 2819 414 2887; x_wconf 92' lang='lat' dir='ltr'>ri,</span> <span class='ocrx_word' id='word_1_193' title='bbox 438 2822 620 2875; x_wconf 90' lang='lat' dir='ltr'>totam</span> <span class='ocrx_word' id='word_1_194' title='bbox 641 2816 1014 2890; x_wconf 85' lang='lat' dir='ltr'>Aquitaniam</span> <span class='ocrx_word' id='word_1_195' title='bbox 1044 2816 1337 2889; x_wconf 87' lang='lat' dir='ltr'>simulque</span> <span class='ocrx_word' id='word_1_196' title='bbox 1359 2819 1415 2870; x_wconf 89' lang='lat' dir='ltr'>et</span> <span class='ocrx_word' id='word_1_197' title='bbox 1439 2814 1711 2872; x_wconf 88' lang='lat' dir='ltr'>Gothiam</span> <span class='ocrx_word' id='word_1_198' title='bbox 1743 2830 1849 2870; x_wconf 90' lang='lat' dir='ltr'>suo</span> <span class='ocrx_word' id='word_1_199' title='bbox 1880 2814 1989 2868; x_wconf 91' lang='lat' dir='ltr'>im-</span> 
     </span>
    </p>
   </div>
   <div class='ocr_carea' id='block_1_30' title="bbox 342 2904 1989 2981">
    <p class='ocr_par' dir='ltr' id='par_1_30' title="bbox 342 2904 1989 2981">
     <span class='ocr_line' id='line_1_30' title="bbox 342 2904 1989 2981; baseline -0.004 -17"><span class='ocrx_word' id='word_1_200' title='bbox 342 2908 501 2981; x_wconf 88' lang='lat' dir='ltr'>perio</span> <span class='ocrx_word' id='word_1_201' title='bbox 532 2906 810 2979; x_wconf 88' lang='lat' dir='ltr'>asstringi</span> <span class='ocrx_word' id='word_1_202' title='bbox 843 2923 1033 2978; x_wconf 87' lang='lat' dir='ltr'>posse,</span> <span class='ocrx_word' id='word_1_203' title='bbox 1058 2910 1371 2978; x_wconf 82' lang='lat' dir='ltr'>postquam</span> <span class='ocrx_word' id='word_1_204' title='bbox 1394 2922 1461 2959; x_wconf 82' lang='lat' dir='ltr'>ex</span> <span class='ocrx_word' id='word_1_205' title='bbox 1483 2906 1619 2976; x_wconf 87' lang='lat' dir='ltr'>jure</span> <span class='ocrx_word' id='word_1_206' title='bbox 1642 2904 1827 2958; x_wconf 64' lang='lat' dir='ltr'>ducta:</span> <span class='ocrx_word' id='word_1_207' title='bbox 1850 2919 1989 2958; x_wconf 83' lang='lat' dir='ltr'>uxo-</span> 
     </span>
    </p>
   </div>
   <div class='ocr_carea' id='block_1_31' title="bbox 344 2994 1986 3070">
    <p class='ocr_par' dir='ltr' id='par_1_31' title="bbox 344 2994 1986 3070">
     <span class='ocr_line' id='line_1_31' title="bbox 344 2994 1986 3070; baseline -0.004 -17"><span class='ocrx_word' id='word_1_208' title='bbox 344 2996 423 3053; x_wconf 92' lang='lat' dir='ltr'>ris</span> <span class='ocrx_word' id='word_1_209' title='bbox 456 2996 669 3070; x_wconf 90' lang='lat' dir='ltr'>oppida</span> <span class='ocrx_word' id='word_1_210' title='bbox 700 2994 1104 3052; x_wconf 90' lang='lat' dir='ltr'>munitissima</span> <span class='ocrx_word' id='word_1_211' title='bbox 1134 2994 1207 3050; x_wconf 91' lang='lat' dir='ltr'>ad</span> <span class='ocrx_word' id='word_1_212' title='bbox 1248 3010 1423 3050; x_wconf 89' lang='lat' dir='ltr'>suum</span> <span class='ocrx_word' id='word_1_213' title='bbox 1459 2994 1562 3064; x_wconf 90' lang='lat' dir='ltr'>jus</span> <span class='ocrx_word' id='word_1_214' title='bbox 1610 2995 1986 3065; x_wconf 90' lang='lat' dir='ltr'>retorqueret.</span> 
     </span>
    </p>
   </div>
   <div class='ocr_carea' id='block_1_32' title="bbox 344 3081 1992 3159">
    <p class='ocr_par' dir='ltr' id='par_1_32' title="bbox 344 3081 1992 3159">
     <span class='ocr_line' id='line_1_32' title="bbox 344 3081 1992 3159; baseline -0.004 -17"><span class='ocrx_word' id='word_1_215' title='bbox 344 3087 622 3159; x_wconf 89' lang='lat' dir='ltr'>Magnum</span> <span class='ocrx_word' id='word_1_216' title='bbox 649 3084 825 3140; x_wconf 89' lang='lat' dir='ltr'>etiam</span> <span class='ocrx_word' id='word_1_217' title='bbox 857 3083 1137 3156; x_wconf 86' lang='lat' dir='ltr'>quiddam</span> <span class='ocrx_word' id='word_1_218' title='bbox 1168 3082 1226 3137; x_wconf 92' lang='lat' dir='ltr'>in</span> <span class='ocrx_word' id='word_1_219' title='bbox 1258 3082 1367 3138; x_wconf 90' lang='lat' dir='ltr'>hac</span> <span class='ocrx_word' id='word_1_220' title='bbox 1399 3099 1479 3149; x_wconf 91' lang='lat' dir='ltr'>re,</span> <span class='ocrx_word' id='word_1_221' title='bbox 1503 3087 1559 3138; x_wconf 90' lang='lat' dir='ltr'>et</span> <span class='ocrx_word' id='word_1_222' title='bbox 1591 3081 1731 3137; x_wconf 86' lang='lat' dir='ltr'>utile</span> <span class='ocrx_word' id='word_1_223' title='bbox 1763 3097 1992 3152; x_wconf 89' lang='lat' dir='ltr'>compa-</span> 
     </span>
    </p>
   </div>
   <div class='ocr_carea' id='block_1_33' title="bbox 2102 596 3719 670">
    <p class='ocr_par' dir='ltr' id='par_1_33' title="bbox 2102 596 3719 670">
     <span class='ocr_line' id='line_1_33' title="bbox 2102 596 3719 670; baseline 0.002 -21"><span class='ocrx_word' id='word_1_224' title='bbox 2102 612 2334 667; x_wconf 90' lang='lat' dir='ltr'>quoque</span> <span class='ocrx_word' id='word_1_225' title='bbox 2364 596 2693 668; x_wconf 88' lang='lat' dir='ltr'>conjugalis</span> <span class='ocrx_word' id='word_1_226' title='bbox 2737 596 2823 652; x_wconf 89' lang='lat' dir='ltr'>eis</span> <span class='ocrx_word' id='word_1_227' title='bbox 2853 614 2999 670; x_wconf 89' lang='lat' dir='ltr'>pene</span> <span class='ocrx_word' id='word_1_228' title='bbox 3030 596 3232 653; x_wconf 88' lang='lat' dir='ltr'>nullus</span> <span class='ocrx_word' id='word_1_229' title='bbox 3262 597 3389 652; x_wconf 85' lang='lat' dir='ltr'>fuit.</span> <span class='ocrx_word' id='word_1_230' title='bbox 3422 598 3561 653; x_wconf 83' lang='lat' dir='ltr'>Nam</span> <span class='ocrx_word' id='word_1_231' title='bbox 3605 616 3719 654; x_wconf 88' lang='lat' dir='ltr'>cum</span> 
     </span>
    </p>
   </div>
   <div class='ocr_carea' id='block_1_34' title="bbox 2102 683 3722 758">
    <p class='ocr_par' dir='ltr' id='par_1_34' title="bbox 2102 683 3722 758">
     <span class='ocr_line' id='line_1_34' title="bbox 2102 683 3722 758; baseline 0.004 -20"><span class='ocrx_word' id='word_1_232' title='bbox 2102 683 2198 739; x_wconf 91' lang='lat' dir='ltr'>ille</span> <span class='ocrx_word' id='word_1_233' title='bbox 2229 685 2421 740; x_wconf 91' lang='lat' dir='ltr'>adhuc</span> <span class='ocrx_word' id='word_1_234' title='bbox 2453 686 2815 758; x_wconf 82' lang='lat' dir='ltr'>pubesceret,</span> <span class='ocrx_word' id='word_1_235' title='bbox 2841 685 2941 742; x_wconf 90' lang='lat' dir='ltr'>illa</span> <span class='ocrx_word' id='word_1_236' title='bbox 2970 703 3105 741; x_wconf 88' lang='lat' dir='ltr'>vero</span> <span class='ocrx_word' id='word_1_237' title='bbox 3148 704 3296 743; x_wconf 90' lang='lat' dir='ltr'>anus</span> <span class='ocrx_word' id='word_1_238' title='bbox 3318 687 3492 753; x_wconf 70' lang='lat' dir='ltr'>foret,</span> <span class='ocrx_word' id='word_1_239' title='bbox 3523 692 3722 745; x_wconf 85' lang='lat' dir='ltr'>contra-</span> 
     </span>
    </p>
   </div>
   <div class='ocr_carea' id='block_1_35' title="bbox 2105 772 3720 832">
    <p class='ocr_par' dir='ltr' id='par_1_35' title="bbox 2105 772 3720 832">
     <span class='ocr_line' id='line_1_35' title="bbox 2105 772 3720 832; baseline 0.003 -5"><span class='ocrx_word' id='word_1_240' title='bbox 2105 772 2203 827; x_wconf 87' lang='lat' dir='ltr'>riis</span> <span class='ocrx_word' id='word_1_241' title='bbox 2222 774 3297 831; x_wconf 86' lang='lat' dir='ltr'>moribusdissentiebant.Cubiculum</span> <span class='ocrx_word' id='word_1_242' title='bbox 3312 792 3615 832; x_wconf 89' lang='lat' dir='ltr'>commune</span> <span class='ocrx_word' id='word_1_243' title='bbox 3628 773 3720 832; x_wconf 81' lang='lat' dir='ltr'>sibi</span> 
     </span>
    </p>
   </div>
   <div class='ocr_carea' id='block_1_36' title="bbox 2101 863 3724 940">
    <p class='ocr_par' dir='ltr' id='par_1_36' title="bbox 2101 863 3724 940">
     <span class='ocr_line' id='line_1_36' title="bbox 2101 863 3724 940; baseline 0.004 -23"><span class='ocrx_word' id='word_1_244' title='bbox 2101 879 2217 917; x_wconf 90' lang='lat' dir='ltr'>non</span> <span class='ocrx_word' id='word_1_245' title='bbox 2250 863 2641 935; x_wconf 86' lang='lat' dir='ltr'>patiebantur.</span> <span class='ocrx_word' id='word_1_246' title='bbox 2668 864 3004 936; x_wconf 83' lang='lat' dir='ltr'>Requieturi</span> <span class='ocrx_word' id='word_1_247' title='bbox 3029 880 3260 937; x_wconf 89' lang='lat' dir='ltr'>quoque</span> <span class='ocrx_word' id='word_1_248' title='bbox 3279 865 3523 922; x_wconf 84' lang='lat' dir='ltr'>diversis</span> <span class='ocrx_word' id='word_1_249' title='bbox 3552 866 3724 940; x_wconf 88' lang='lat' dir='ltr'>hospi-</span> 
     </span>
    </p>
   </div>
   <div class='ocr_carea' id='block_1_37' title="bbox 2101 951 3723 1028">
    <p class='ocr_par' dir='ltr' id='par_1_37' title="bbox 2101 951 3723 1028">
     <span class='ocr_line' id='line_1_37' title="bbox 2101 951 3723 1028; baseline 0.004 -23"><span class='ocrx_word' id='word_1_250' title='bbox 2101 951 2200 1006; x_wconf 87' lang='lat' dir='ltr'>tiis</span> <span class='ocrx_word' id='word_1_251' title='bbox 2257 952 2649 1023; x_wconf 84' lang='lat' dir='ltr'>potiebantur.</span> <span class='ocrx_word' id='word_1_252' title='bbox 2691 953 2750 1008; x_wconf 91' lang='lat' dir='ltr'>Si</span> <span class='ocrx_word' id='word_1_253' title='bbox 2806 954 3040 1025; x_wconf 83' lang='lat' dir='ltr'>quando</span> <span class='ocrx_word' id='word_1_254' title='bbox 3098 952 3549 1026; x_wconf 88' lang='lat' dir='ltr'>colloquendum</span> <span class='ocrx_word' id='word_1_255' title='bbox 3599 962 3723 1028; x_wconf 87' lang='lat' dir='ltr'>erat,</span> 
     </span>
    </p>
   </div>
   <div class='ocr_carea' id='block_1_38' title="bbox 2102 1040 3723 1116">
    <p class='ocr_par' dir='ltr' id='par_1_38' title="bbox 2102 1040 3723 1116">
     <span class='ocr_line' id='line_1_38' title="bbox 2102 1040 3723 1116; baseline 0.003 -21"><span class='ocrx_word' id='word_1_256' title='bbox 2102 1040 2295 1096; x_wconf 90' lang='lat' dir='ltr'>locum</span> <span class='ocrx_word' id='word_1_257' title='bbox 2327 1041 2435 1095; x_wconf 88' lang='lat' dir='ltr'>sub</span> <span class='ocrx_word' id='word_1_258' title='bbox 2468 1041 2597 1096; x_wconf 88' lang='lat' dir='ltr'>divo</span> <span class='ocrx_word' id='word_1_259' title='bbox 2641 1041 2951 1096; x_wconf 87' lang='lat' dir='ltr'>habebant.</span> <span class='ocrx_word' id='word_1_260' title='bbox 2980 1043 3083 1098; x_wconf 84' lang='lat' dir='ltr'>Pro</span> <span class='ocrx_word' id='word_1_261' title='bbox 3115 1041 3487 1098; x_wconf 87' lang='lat' dir='ltr'>sermonibus</span> <span class='ocrx_word' id='word_1_262' title='bbox 3534 1046 3723 1116; x_wconf 89' lang='lat' dir='ltr'>produ-</span> 
     </span>
    </p>
   </div>
   <div class='ocr_carea' id='block_1_39' title="bbox 2101 1130 3723 1204">
    <p class='ocr_par' dir='ltr' id='par_1_39' title="bbox 2101 1130 3723 1204">
     <span class='ocr_line' id='line_1_39' title="bbox 2101 1130 3723 1204; baseline 0.002 -19"><span class='ocrx_word' id='word_1_263' title='bbox 2101 1131 2320 1197; x_wconf 85' lang='lat' dir='ltr'>cendis,</span> <span class='ocrx_word' id='word_1_264' title='bbox 2342 1130 2700 1201; x_wconf 83' lang='lat' dir='ltr'>paucissima</span> <span class='ocrx_word' id='word_1_265' title='bbox 2721 1131 2911 1186; x_wconf 89' lang='lat' dir='ltr'>dicere</span> <span class='ocrx_word' id='word_1_266' title='bbox 2938 1137 3029 1186; x_wconf 88' lang='lat' dir='ltr'>sat</span> <span class='ocrx_word' id='word_1_267' title='bbox 3060 1135 3203 1187; x_wconf 87' lang='lat' dir='ltr'>erat.</span> <span class='ocrx_word' id='word_1_268' title='bbox 3228 1132 3297 1187; x_wconf 86' lang='lat' dir='ltr'>Et</span> <span class='ocrx_word' id='word_1_269' title='bbox 3319 1131 3429 1188; x_wconf 89' lang='lat' dir='ltr'>hoc</span> <span class='ocrx_word' id='word_1_270' title='bbox 3459 1134 3606 1204; x_wconf 89' lang='lat' dir='ltr'>apud</span> <span class='ocrx_word' id='word_1_271' title='bbox 3641 1150 3723 1190; x_wconf 89' lang='lat' dir='ltr'>eos</span> 
     </span>
    </p>
   </div>
   <div class='ocr_carea' id='block_1_40' title="bbox 2101 1218 3723 1293">
    <p class='ocr_par' dir='ltr' id='par_1_40' title="bbox 2101 1218 3723 1293">
     <span class='ocr_line' id='line_1_40' title="bbox 2101 1218 3723 1293; baseline 0.003 -20"><span class='ocrx_word' id='word_1_272' title='bbox 2101 1218 2219 1274; x_wconf 88' lang='lat' dir='ltr'>fere</span> <span class='ocrx_word' id='word_1_273' title='bbox 2251 1223 2372 1274; x_wconf 88' lang='lat' dir='ltr'>erat</span> <span class='ocrx_word' id='word_1_274' title='bbox 2402 1235 2503 1290; x_wconf 90' lang='lat' dir='ltr'>per</span> <span class='ocrx_word' id='word_1_275' title='bbox 2530 1218 2855 1274; x_wconf 84' lang='lat' dir='ltr'>biennium.</span> <span class='ocrx_word' id='word_1_276' title='bbox 2875 1219 3130 1283; x_wconf 86' lang='lat' dir='ltr'>Quorum</span> <span class='ocrx_word' id='word_1_277' title='bbox 3165 1236 3358 1275; x_wconf 89' lang='lat' dir='ltr'>mores</span> <span class='ocrx_word' id='word_1_278' title='bbox 3392 1238 3573 1293; x_wconf 91' lang='lat' dir='ltr'>usque</span> <span class='ocrx_word' id='word_1_279' title='bbox 3602 1224 3723 1279; x_wconf 89' lang='lat' dir='ltr'>adeo</span> 
     </span>
    </p>
   </div>
   <div class='ocr_carea' id='block_1_41' title="bbox 2102 1305 3725 1383">
    <p class='ocr_par' dir='ltr' id='par_1_41' title="bbox 2102 1305 3725 1383">
     <span class='ocr_line' id='line_1_41' title="bbox 2102 1305 3725 1383; baseline 0.005 -24"><span class='ocrx_word' id='word_1_280' title='bbox 2102 1305 2401 1361; x_wconf 86' lang='lat' dir='ltr'>discordes</span> <span class='ocrx_word' id='word_1_281' title='bbox 2432 1305 2610 1373; x_wconf 85' lang='lat' dir='ltr'>fuere,</span> <span class='ocrx_word' id='word_1_282' title='bbox 2636 1310 2701 1361; x_wconf 90' lang='lat' dir='ltr'>ut</span> <span class='ocrx_word' id='word_1_283' title='bbox 2748 1323 2861 1362; x_wconf 88' lang='lat' dir='ltr'>non</span> <span class='ocrx_word' id='word_1_284' title='bbox 2913 1307 3099 1363; x_wconf 91' lang='lat' dir='ltr'>multo</span> <span class='ocrx_word' id='word_1_285' title='bbox 3147 1312 3489 1380; x_wconf 87' lang='lat' dir='ltr'>sequeretur</span> <span class='ocrx_word' id='word_1_286' title='bbox 3532 1315 3651 1383; x_wconf 90' lang='lat' dir='ltr'>post</span> <span class='ocrx_word' id='word_1_287' title='bbox 3679 1316 3725 1366; x_wconf 87' lang='lat' dir='ltr'>et</span> 
     </span>
    </p>
   </div>
   <div class='ocr_carea' id='block_1_42' title="bbox 2102 1393 2437 1449">
    <p class='ocr_par' dir='ltr' id='par_1_42' title="bbox 2102 1393 2437 1449">
     <span class='ocr_line' id='line_1_42' title="bbox 2102 1393 2437 1449; baseline 0 0"><span class='ocrx_word' id='word_1_288' title='bbox 2102 1393 2437 1449; x_wconf 77' lang='lat' dir='ltr'>divortium.</span> 
     </span>
    </p>
   </div>
   <div class='ocr_carea' id='block_1_43' title="bbox 2171 1483 3721 1556">
    <p class='ocr_par' dir='ltr' id='par_1_43' title="bbox 2171 1483 3721 1556">
     <span class='ocr_line' id='line_1_43' title="bbox 2171 1483 3721 1556; baseline 0.003 -18"><span class='ocrx_word' id='word_1_289' title='bbox 2171 1484 2261 1538; x_wconf 87' lang='lat'>95.</span> <span class='ocrx_word' id='word_1_290' title='bbox 2297 1483 2623 1540; x_wconf 89' lang='lat' dir='ltr'>Ludovicus</span> <span class='ocrx_word' id='word_1_291' title='bbox 2671 1501 2802 1539; x_wconf 89' lang='lat' dir='ltr'>vero</span> <span class='ocrx_word' id='word_1_292' title='bbox 2832 1483 2972 1556; x_wconf 88' lang='lat' dir='ltr'>quia</span> <span class='ocrx_word' id='word_1_293' title='bbox 3028 1501 3258 1541; x_wconf 91' lang='lat' dir='ltr'>morum</span> <span class='ocrx_word' id='word_1_294' title='bbox 3308 1485 3721 1544; x_wconf 78' lang='lat' dir='ltr'>informatorein</span> 
     </span>
    </p>
   </div>
   <div class='ocr_carea' id='block_1_44' title="bbox 2103 1572 3723 1653">
    <p class='ocr_par' dir='ltr' id='par_1_44' title="bbox 2103 1572 3723 1653">
     <span class='ocr_line' id='line_1_44' title="bbox 2103 1572 3723 1653; baseline 0.004 -27"><span class='ocrx_word' id='word_1_295' title='bbox 2103 1589 2217 1627; x_wconf 90' lang='lat' dir='ltr'>non</span> <span class='ocrx_word' id='word_1_296' title='bbox 2249 1572 2521 1644; x_wconf 87' lang='lat' dir='ltr'>habebat,</span> <span class='ocrx_word' id='word_1_297' title='bbox 2556 1576 2753 1643; x_wconf 85' lang='lat' dir='ltr'>utpote</span> <span class='ocrx_word' id='word_1_298' title='bbox 2791 1572 3130 1629; x_wconf 89' lang='lat' dir='ltr'>adolescens</span> <span class='ocrx_word' id='word_1_299' title='bbox 3179 1573 3391 1631; x_wconf 87' lang='lat' dir='ltr'>levium</span> <span class='ocrx_word' id='word_1_300' title='bbox 3428 1593 3618 1653; x_wconf 81' lang='lat' dir='ltr'>rerum</span> <span class='ocrx_word' id='word_1_301' title='bbox 3645 1594 3723 1632; x_wconf 84' lang='lat' dir='ltr'>va-</span> 
     </span>
    </p>
   </div>
   <div class='ocr_carea' id='block_1_45' title="bbox 2102 1660 3724 1738">
    <p class='ocr_par' dir='ltr' id='par_1_45' title="bbox 2102 1660 3724 1738">
     <span class='ocr_line' id='line_1_45' title="bbox 2102 1660 3724 1738; baseline 0.004 -23"><span class='ocrx_word' id='word_1_302' title='bbox 2102 1660 2385 1717; x_wconf 87' lang='lat' dir='ltr'>nitatibus</span> <span class='ocrx_word' id='word_1_303' title='bbox 2422 1661 2749 1718; x_wconf 88' lang='lat' dir='ltr'>insistebat.</span> <span class='ocrx_word' id='word_1_304' title='bbox 2784 1661 3060 1718; x_wconf 85' lang='lat' dir='ltr'>Habitum</span> <span class='ocrx_word' id='word_1_305' title='bbox 3092 1664 3159 1698; x_wconf 78' lang='grc'>⁶¹³</span> <span class='ocrx_word' id='word_1_306' title='bbox 3198 1665 3395 1735; x_wconf 71' lang='lat' dir='ltr'>patriaa</span> <span class='ocrx_word' id='word_1_307' title='bbox 3427 1665 3613 1737; x_wconf 88' lang='lat' dir='ltr'>gentis</span> <span class='ocrx_word' id='word_1_308' title='bbox 3641 1683 3724 1738; x_wconf 82' lang='lat' dir='ltr'>pro</span> 
     </span>
    </p>
   </div>
   <div class='ocr_carea' id='block_1_46' title="bbox 2102 1750 3725 1825">
    <p class='ocr_par' dir='ltr' id='par_1_46' title="bbox 2102 1750 3725 1825">
     <span class='ocr_line' id='line_1_46' title="bbox 2102 1750 3725 1825; baseline 0.002 -20"><span class='ocrx_word' id='word_1_309' title='bbox 2102 1750 2423 1822; x_wconf 90' lang='lat' dir='ltr'>peregrinis</span> <span class='ocrx_word' id='word_1_310' title='bbox 2481 1751 2714 1822; x_wconf 88' lang='lat' dir='ltr'>penitus</span> <span class='ocrx_word' id='word_1_311' title='bbox 2774 1752 3140 1823; x_wconf 89' lang='lat' dir='ltr'>deposuerat.</span> <span class='ocrx_word' id='word_1_312' title='bbox 3193 1753 3394 1825; x_wconf 88' lang='lat' dir='ltr'>Itaque</span> <span class='ocrx_word' id='word_1_313' title='bbox 3451 1754 3509 1808; x_wconf 93' lang='lat' dir='ltr'>in</span> <span class='ocrx_word' id='word_1_314' title='bbox 3568 1755 3725 1809; x_wconf 83' lang='lat' dir='ltr'>mise-</span> 
     </span>
    </p>
   </div>
   <div class='ocr_carea' id='block_1_47' title="bbox 2102 1839 3726 1913">
    <p class='ocr_par' dir='ltr' id='par_1_47' title="bbox 2102 1839 3726 1913">
     <span class='ocr_line' id='line_1_47' title="bbox 2102 1839 3726 1913; baseline 0.003 -20"><span class='ocrx_word' id='word_1_315' title='bbox 2102 1839 2343 1894; x_wconf 90' lang='lat' dir='ltr'>randam</span> <span class='ocrx_word' id='word_1_316' title='bbox 2377 1839 2671 1894; x_wconf 81' lang='lat' dir='ltr'>fortunam</span> <span class='ocrx_word' id='word_1_317' title='bbox 2729 1856 2821 1895; x_wconf 92' lang='lat' dir='ltr'>res</span> <span class='ocrx_word' id='word_1_318' title='bbox 2880 1840 3115 1912; x_wconf 88' lang='lat' dir='ltr'>penitus</span> <span class='ocrx_word' id='word_1_319' title='bbox 3172 1841 3402 1913; x_wconf 87' lang='lat' dir='ltr'>dilapsa</span> <span class='ocrx_word' id='word_1_320' title='bbox 3456 1848 3566 1910; x_wconf 87' lang='lat' dir='ltr'>est,</span> <span class='ocrx_word' id='word_1_321' title='bbox 3599 1848 3726 1898; x_wconf 86' lang='lat' dir='ltr'>utet</span> 
     </span>
    </p>
   </div>
   <div class='ocr_carea' id='block_1_48' title="bbox 2102 1927 3725 2006">
    <p class='ocr_par' dir='ltr' id='par_1_48' title="bbox 2102 1927 3725 2006">
     <span class='ocr_line' id='line_1_48' title="bbox 2102 1927 3725 2006; baseline 0.003 -24"><span class='ocrx_word' id='word_1_322' title='bbox 2102 1927 2364 1983; x_wconf 90' lang='lat' dir='ltr'>moribus</span> <span class='ocrx_word' id='word_1_323' title='bbox 2395 1928 2664 1999; x_wconf 84' lang='lat' dir='ltr'>degener,</span> <span class='ocrx_word' id='word_1_324' title='bbox 2689 1933 2745 1984; x_wconf 89' lang='lat' dir='ltr'>et</span> <span class='ocrx_word' id='word_1_325' title='bbox 2776 1928 3059 2001; x_wconf 84' lang='lat' dir='ltr'>regnandi</span> <span class='ocrx_word' id='word_1_326' title='bbox 3092 1928 3437 2002; x_wconf 87' lang='lat' dir='ltr'>impotentia</span> <span class='ocrx_word' id='word_1_327' title='bbox 3465 1931 3725 2006; x_wconf 84' lang='lat' dir='ltr'>inglorius</span> 
     </span>
    </p>
   </div>
   <div class='ocr_carea' id='block_1_49' title="bbox 2103 2016 3724 2093">
    <p class='ocr_par' dir='ltr' id='par_1_49' title="bbox 2103 2016 3724 2093">
     <span class='ocr_line' id='line_1_49' title="bbox 2103 2016 3724 2093; baseline 0.003 -23"><span class='ocrx_word' id='word_1_328' title='bbox 2103 2020 2283 2083; x_wconf 88' lang='lat' dir='ltr'>esset;</span> <span class='ocrx_word' id='word_1_329' title='bbox 2317 2020 2373 2070; x_wconf 91' lang='lat' dir='ltr'>et</span> <span class='ocrx_word' id='word_1_330' title='bbox 2404 2016 2502 2087; x_wconf 87' lang='lat' dir='ltr'>qui</span> <span class='ocrx_word' id='word_1_331' title='bbox 2535 2016 2707 2088; x_wconf 86' lang='lat' dir='ltr'>paulo</span> <span class='ocrx_word' id='word_1_332' title='bbox 2765 2022 2899 2073; x_wconf 90' lang='lat' dir='ltr'>ante</span> <span class='ocrx_word' id='word_1_333' title='bbox 2945 2034 3044 2072; x_wconf 86' lang='lat' dir='ltr'>rex</span> <span class='ocrx_word' id='word_1_334' title='bbox 3099 2033 3329 2090; x_wconf 87' lang='lat' dir='ltr'>genere,</span> <span class='ocrx_word' id='word_1_335' title='bbox 3365 2020 3539 2088; x_wconf 89' lang='lat' dir='ltr'>fama,</span> <span class='ocrx_word' id='word_1_336' title='bbox 3574 2026 3724 2093; x_wconf 88' lang='lat' dir='ltr'>atque</span> 
     </span>
    </p>
   </div>
   <div class='ocr_carea' id='block_1_50' title="bbox 2102 2102 3723 2180">
    <p class='ocr_par' dir='ltr' id='par_1_50' title="bbox 2102 2102 3723 2180">
     <span class='ocr_line' id='line_1_50' title="bbox 2102 2102 3723 2180; baseline 0.002 -22"><span class='ocrx_word' id='word_1_337' title='bbox 2102 2102 2284 2175; x_wconf 88' lang='lat' dir='ltr'>cepiis</span> <span class='ocrx_word' id='word_1_338' title='bbox 2315 2109 2542 2176; x_wconf 84' lang='lat' dir='ltr'>potens,</span> <span class='ocrx_word' id='word_1_339' title='bbox 2571 2122 2726 2159; x_wconf 88' lang='lat' dir='ltr'>nunc</span> <span class='ocrx_word' id='word_1_340' title='bbox 2756 2122 3107 2161; x_wconf 90' lang='lat' dir='ltr'>erumnosus</span> <span class='ocrx_word' id='word_1_341' title='bbox 3144 2111 3201 2162; x_wconf 92' lang='lat' dir='ltr'>et</span> <span class='ocrx_word' id='word_1_342' title='bbox 3236 2107 3428 2180; x_wconf 88' lang='lat' dir='ltr'>inops,</span> <span class='ocrx_word' id='word_1_343' title='bbox 3461 2108 3542 2164; x_wconf 88' lang='lat' dir='ltr'>rei</span> <span class='ocrx_word' id='word_1_344' title='bbox 3576 2108 3723 2164; x_wconf 83' lang='lat' dir='ltr'>fami-</span> 
     </span>
    </p>
   </div>
   <div class='ocr_carea' id='block_1_51' title="bbox 2100 2190 3723 2267">
    <p class='ocr_par' dir='ltr' id='par_1_51' title="bbox 2100 2190 3723 2267">
     <span class='ocr_line' id='line_1_51' title="bbox 2100 2190 3723 2267; baseline 0.003 -21"><span class='ocrx_word' id='word_1_345' title='bbox 2100 2190 2263 2247; x_wconf 87' lang='lat' dir='ltr'>liaris</span> <span class='ocrx_word' id='word_1_346' title='bbox 2291 2191 2463 2247; x_wconf 89' lang='lat' dir='ltr'>simul</span> <span class='ocrx_word' id='word_1_347' title='bbox 2505 2197 2560 2248; x_wconf 91' lang='lat' dir='ltr'>et</span> <span class='ocrx_word' id='word_1_348' title='bbox 2608 2193 2881 2249; x_wconf 85' lang='lat' dir='ltr'>militaris</span> <span class='ocrx_word' id='word_1_349' title='bbox 2930 2192 3261 2250; x_wconf 86' lang='lat' dir='ltr'>calamitate</span> <span class='ocrx_word' id='word_1_350' title='bbox 3304 2195 3614 2267; x_wconf 89' lang='lat' dir='ltr'>squaleret.</span> <span class='ocrx_word' id='word_1_351' title='bbox 3644 2197 3723 2252; x_wconf 87' lang='lat' dir='ltr'>llis</span> 
     </span>
    </p>
   </div>
   <div class='ocr_carea' id='block_1_52' title="bbox 2102 2279 3723 2355">
    <p class='ocr_par' dir='ltr' id='par_1_52' title="bbox 2102 2279 3723 2355">
     <span class='ocr_line' id='line_1_52' title="bbox 2102 2279 3723 2355; baseline 0.003 -19"><span class='ocrx_word' id='word_1_352' title='bbox 2102 2279 2412 2336; x_wconf 88' lang='lat' dir='ltr'>Lotharius</span> <span class='ocrx_word' id='word_1_353' title='bbox 2445 2299 2540 2336; x_wconf 79' lang='lat' dir='ltr'>rex</span> <span class='ocrx_word' id='word_1_354' title='bbox 2584 2299 2687 2354; x_wconf 89' lang='lat' dir='ltr'>per</span> <span class='ocrx_word' id='word_1_355' title='bbox 2717 2281 2934 2337; x_wconf 81' lang='lat' dir='ltr'>mult-os</span> <span class='ocrx_word' id='word_1_356' title='bbox 2974 2282 3240 2355; x_wconf 87' lang='lat' dir='ltr'>cognitis,</span> <span class='ocrx_word' id='word_1_357' title='bbox 3275 2283 3463 2340; x_wconf 85' lang='lat' dir='ltr'>ﬁlium</span> <span class='ocrx_word' id='word_1_358' title='bbox 3496 2286 3627 2341; x_wconf 90' lang='lat' dir='ltr'>inde</span> <span class='ocrx_word' id='word_1_359' title='bbox 3654 2303 3723 2341; x_wconf 53' lang='lat' dir='ltr'>re-</span> 
     </span>
    </p>
   </div>
   <div class='ocr_carea' id='block_1_53' title="bbox 2099 2370 3719 2447">
    <p class='ocr_par' dir='ltr' id='par_1_53' title="bbox 2099 2370 3719 2447">
     <span class='ocr_line' id='line_1_53' title="bbox 2099 2370 3719 2447; baseline 0.006 -26"><span class='ocrx_word' id='word_1_360' title='bbox 2099 2384 2304 2424; x_wconf 88' lang='lat' dir='ltr'>vocare</span> <span class='ocrx_word' id='word_1_361' title='bbox 2326 2370 2644 2442; x_wconf 85' lang='lat' dir='ltr'>cogitabat;</span> <span class='ocrx_word' id='word_1_362' title='bbox 2666 2388 2780 2426; x_wconf 86' lang='lat' dir='ltr'>non</span> <span class='ocrx_word' id='word_1_363' title='bbox 2813 2371 3090 2444; x_wconf 90' lang='lat' dir='ltr'>ignorans</span> <span class='ocrx_word' id='word_1_364' title='bbox 3121 2372 3180 2427; x_wconf 91' lang='lat' dir='ltr'>in</span> <span class='ocrx_word' id='word_1_365' title='bbox 3203 2374 3374 2444; x_wconf 87' lang='lat' dir='ltr'>pejus</span> <span class='ocrx_word' id='word_1_366' title='bbox 3393 2391 3526 2429; x_wconf 90' lang='lat' dir='ltr'>eum</span> <span class='ocrx_word' id='word_1_367' title='bbox 3550 2374 3719 2447; x_wconf 88' lang='lat' dir='ltr'>lapsu-</span> 
     </span>
    </p>
   </div>
   <div class='ocr_carea' id='block_1_54' title="bbox 2100 2457 3722 2534">
    <p class='ocr_par' dir='ltr' id='par_1_54' title="bbox 2100 2457 3722 2534">
     <span class='ocr_line' id='line_1_54' title="bbox 2100 2457 3722 2534; baseline 0.004 -23"><span class='ocrx_word' id='word_1_368' title='bbox 2100 2473 2253 2524; x_wconf 90' lang='lat' dir='ltr'>rum,</span> <span class='ocrx_word' id='word_1_369' title='bbox 2279 2474 2412 2513; x_wconf 91' lang='lat' dir='ltr'>cum</span> <span class='ocrx_word' id='word_1_370' title='bbox 2444 2457 2563 2514; x_wconf 90' lang='lat' dir='ltr'>illic</span> <span class='ocrx_word' id='word_1_371' title='bbox 2593 2458 2823 2514; x_wconf 89' lang='lat' dir='ltr'>nullum</span> <span class='ocrx_word' id='word_1_372' title='bbox 2855 2460 3157 2533; x_wconf 88' lang='lat' dir='ltr'>dignitatis</span> <span class='ocrx_word' id='word_1_373' title='bbox 3188 2461 3357 2534; x_wconf 68' lang='lat' dir='ltr'>regis:</span> <span class='ocrx_word' id='word_1_374' title='bbox 3380 2462 3621 2519; x_wconf 89' lang='lat' dir='ltr'>haberet</span> <span class='ocrx_word' id='word_1_375' title='bbox 3645 2464 3722 2519; x_wconf 86' lang='lat' dir='ltr'>ho-</span> 
     </span>
    </p>
   </div>
   <div class='ocr_carea' id='block_1_55' title="bbox 2101 2547 3722 2622">
    <p class='ocr_par' dir='ltr' id='par_1_55' title="bbox 2101 2547 3722 2622">
     <span class='ocr_line' id='line_1_55' title="bbox 2101 2547 3722 2622; baseline 0.003 -23"><span class='ocrx_word' id='word_1_376' title='bbox 2101 2562 2324 2600; x_wconf 88' lang='lat' dir='ltr'>norem.</span> <span class='ocrx_word' id='word_1_377' title='bbox 2353 2547 2689 2619; x_wconf 88' lang='lat' dir='ltr'>Equitatum</span> <span class='ocrx_word' id='word_1_378' title='bbox 2724 2548 2920 2620; x_wconf 87' lang='lat' dir='ltr'>itaque</span> <span class='ocrx_word' id='word_1_379' title='bbox 2951 2552 3118 2621; x_wconf 85' lang='lat' dir='ltr'>parat</span> <span class='ocrx_word' id='word_1_380' title='bbox 3146 2547 3334 2605; x_wconf 89' lang='lat' dir='ltr'>ﬁlium</span> <span class='ocrx_word' id='word_1_381' title='bbox 3366 2552 3722 2622; x_wconf 83' lang='lat' dir='ltr'>repetiturus.</span> 
     </span>
    </p>
   </div>
   <div class='ocr_carea' id='block_1_56' title="bbox 2097 2633 3725 2713">
    <p class='ocr_par' dir='ltr' id='par_1_56' title="bbox 2097 2633 3725 2713">
     <span class='ocr_line' id='line_1_56' title="bbox 2097 2633 3725 2713; baseline 0.002 -24"><span class='ocrx_word' id='word_1_382' title='bbox 2097 2633 2471 2706; x_wconf 84' lang='lat' dir='ltr'>Aquitaniam</span> <span class='ocrx_word' id='word_1_383' title='bbox 2496 2635 2799 2709; x_wconf 85' lang='lat' dir='ltr'>ingressus</span> <span class='ocrx_word' id='word_1_384' title='bbox 2817 2636 3087 2692; x_wconf 86' lang='lat' dir='ltr'>Briddam</span> <span class='ocrx_word' id='word_1_385' title='bbox 3108 2637 3293 2709; x_wconf 89' lang='lat' dir='ltr'>petiit.</span> <span class='ocrx_word' id='word_1_386' title='bbox 3310 2637 3524 2695; x_wconf 91' lang='lat' dir='ltr'>Filium</span> <span class='ocrx_word' id='word_1_387' title='bbox 3545 2640 3725 2713; x_wconf 86' lang='lat' dir='ltr'>repetit</span> 
     </span>
    </p>
   </div>
   <div class='ocr_carea' id='block_1_57' title="bbox 2099 2723 3727 2796">
    <p class='ocr_par' dir='ltr' id='par_1_57' title="bbox 2099 2723 3727 2796">
     <span class='ocr_line' id='line_1_57' title="bbox 2099 2723 3727 2796; baseline 0.003 -20"><span class='ocrx_word' id='word_1_388' title='bbox 2099 2726 2157 2777; x_wconf 89' lang='lat' dir='ltr'>et</span> <span class='ocrx_word' id='word_1_389' title='bbox 2186 2723 2428 2778; x_wconf 89' lang='lat' dir='ltr'>reducit.</span> <span class='ocrx_word' id='word_1_390' title='bbox 2459 2724 2678 2796; x_wconf 80' lang='lat' dir='ltr'>Regina</span> <span class='ocrx_word' id='word_1_391' title='bbox 2725 2742 2852 2781; x_wconf 90' lang='lat' dir='ltr'>sese</span> <span class='ocrx_word' id='word_1_392' title='bbox 2882 2725 3179 2783; x_wconf 86' lang='lat' dir='ltr'>viduatam</span> <span class='ocrx_word' id='word_1_393' title='bbox 3212 2726 3440 2793; x_wconf 83' lang='lat' dir='ltr'>dolens,</span> <span class='ocrx_word' id='word_1_394' title='bbox 3466 2734 3521 2785; x_wconf 85' lang='lat' dir='ltr'>et</span> <span class='ocrx_word' id='word_1_395' title='bbox 3571 2729 3727 2784; x_wconf 86' lang='lat' dir='ltr'>verita</span> 
     </span>
    </p>
   </div>
   <div class='ocr_carea' id='block_1_58' title="bbox 2100 2812 3726 2886">
    <p class='ocr_par' dir='ltr' id='par_1_58' title="bbox 2100 2812 3726 2886">
     <span class='ocr_line' id='line_1_58' title="bbox 2100 2812 3726 2886; baseline 0.002 -20"><span class='ocrx_word' id='word_1_396' title='bbox 2100 2812 2341 2884; x_wconf 86' lang='lat' dir='ltr'>majoris</span> <span class='ocrx_word' id='word_1_397' title='bbox 2368 2812 2724 2869; x_wconf 89' lang='lat' dir='ltr'>incommodi</span> <span class='ocrx_word' id='word_1_398' title='bbox 2759 2813 3059 2886; x_wconf 88' lang='lat' dir='ltr'>injuriam,</span> <span class='ocrx_word' id='word_1_399' title='bbox 3086 2813 3429 2871; x_wconf 88' lang='lat' dir='ltr'>Wilelmum</span> <span class='ocrx_word' id='word_1_400' title='bbox 3451 2817 3726 2873; x_wconf 78' lang='lat' dir='ltr'>Arelaten-</span> 
     </span>
    </p>
   </div>
   <div class='ocr_carea' id='block_1_59' title="bbox 2100 2900 3726 2974">
    <p class='ocr_par' dir='ltr' id='par_1_59' title="bbox 2100 2900 3726 2974">
     <span class='ocr_line' id='line_1_59' title="bbox 2100 2900 3726 2974; baseline 0.003 -19"><span class='ocrx_word' id='word_1_401' title='bbox 2100 2917 2222 2956; x_wconf 90' lang='lat' dir='ltr'>sem</span> <span class='ocrx_word' id='word_1_402' title='bbox 2273 2900 2436 2971; x_wconf 90' lang='lat' dir='ltr'>adiit,</span> <span class='ocrx_word' id='word_1_403' title='bbox 2462 2900 2631 2973; x_wconf 90' lang='lat' dir='ltr'>eique</span> <span class='ocrx_word' id='word_1_404' title='bbox 2682 2901 2901 2974; x_wconf 89' lang='lat' dir='ltr'>nupsit.</span> <span class='ocrx_word' id='word_1_405' title='bbox 2924 2902 2994 2956; x_wconf 89' lang='lat' dir='ltr'>Et</span> <span class='ocrx_word' id='word_1_406' title='bbox 3022 2902 3105 2958; x_wconf 89' lang='lat' dir='ltr'>sic</span> <span class='ocrx_word' id='word_1_407' title='bbox 3137 2918 3204 2958; x_wconf 82' lang='lat' dir='ltr'>ex</span> <span class='ocrx_word' id='word_1_408' title='bbox 3229 2903 3500 2973; x_wconf 88' lang='lat' dir='ltr'>divortio,</span> <span class='ocrx_word' id='word_1_409' title='bbox 3528 2905 3726 2962; x_wconf 83' lang='lat' dir='ltr'>adulte-</span> 
     </span>
    </p>
   </div>
   <div class='ocr_carea' id='block_1_60' title="bbox 2099 2989 3059 3063">
    <p class='ocr_par' dir='ltr' id='par_1_60' title="bbox 2099 2989 3059 3063">
     <span class='ocr_line' id='line_1_60' title="bbox 2099 2989 3059 3063; baseline 0.002 -19"><span class='ocrx_word' id='word_1_410' title='bbox 2099 2989 2253 3045; x_wconf 91' lang='lat' dir='ltr'>rium</span> <span class='ocrx_word' id='word_1_411' title='bbox 2285 2990 2587 3062; x_wconf 90' lang='lat' dir='ltr'>publicum</span> <span class='ocrx_word' id='word_1_412' title='bbox 2618 2994 2921 3063; x_wconf 89' lang='lat' dir='ltr'>operatum</span> <span class='ocrx_word' id='word_1_413' title='bbox 2953 2995 3059 3047; x_wconf 88' lang='lat' dir='ltr'>est.</span> 
     </span>
    </p>
   </div>
   <div class='ocr_carea' id='block_1_61' title="bbox 2167 3076 3725 3151">
    <p class='ocr_par' dir='ltr' id='par_1_61' title="bbox 2167 3076 3725 3151">
     <span class='ocr_line' id='line_1_61' title="bbox 2167 3076 3725 3151; baseline 0.003 -19"><span class='ocrx_word' id='word_1_414' title='bbox 2167 3078 2257 3133; x_wconf 89' lang='lat'>96.</span> <span class='ocrx_word' id='word_1_415' title='bbox 2292 3076 2480 3134; x_wconf 74' lang='lat' dir='ltr'>Obitus</span> <span class='ocrx_word' id='word_1_416' title='bbox 2523 3077 2745 3135; x_wconf 68' lang='lat' dir='ltr'>Ottonis.</span> <span class='ocrx_word' id='word_1_417' title='bbox 2769 3111 2838 3120; x_wconf 91' lang='lat'>—-</span> <span class='ocrx_word' id='word_1_418' title='bbox 2876 3078 2994 3134; x_wconf 87' lang='lat' dir='ltr'>Hac</span> <span class='ocrx_word' id='word_1_419' title='bbox 3041 3082 3387 3151; x_wconf 86' lang='lat' dir='ltr'>tempestate</span> <span class='ocrx_word' id='word_1_420' title='bbox 3434 3081 3569 3137; x_wconf 88' lang='lat' dir='ltr'>Otto</span> <span class='ocrx_word' id='word_1_421' title='bbox 3614 3099 3725 3137; x_wconf 89' lang='lat' dir='ltr'>cum</span> 
     </span>
    </p>
   </div>
   <div class='ocr_carea' id='block_1_62' title="bbox 344 3166 3721 3246">
    <p class='ocr_par' dir='ltr' id='par_1_62' title="bbox 344 3166 3721 3246">
     <span class='ocr_line' id='line_1_62' title="bbox 344 3166 3721 3246; baseline -0.002 -16"><span class='ocrx_word' id='word_1_422' title='bbox 344 3175 480 3242; x_wconf 82' lang='lat' dir='ltr'>rari,</span> <span class='ocrx_word' id='word_1_423' title='bbox 509 3174 555 3230; x_wconf 88' lang='lat' dir='ltr'>si</span> <span class='ocrx_word' id='word_1_424' title='bbox 583 3176 746 3246; x_wconf 89' lang='lat' dir='ltr'>patre</span> <span class='ocrx_word' id='word_1_425' title='bbox 767 3172 903 3228; x_wconf 87' lang='lat' dir='ltr'>hinc</span> <span class='ocrx_word' id='word_1_426' title='bbox 924 3171 1203 3243; x_wconf 89' lang='lat' dir='ltr'>posito,et</span> <span class='ocrx_word' id='word_1_427' title='bbox 1222 3169 1385 3226; x_wconf 89' lang='lat' dir='ltr'>illinc</span> <span class='ocrx_word' id='word_1_428' title='bbox 1408 3170 1680 3231; x_wconf 75' lang='lat' dir='ltr'>ﬁlio.dux</span> <span class='ocrx_word' id='word_1_429' title='bbox 1699 3168 1991 3241; x_wconf 89' lang='lat' dir='ltr'>ceterique</span> <span class='ocrx_word' id='word_1_430' title='bbox 2027 3238 2058 3246; x_wconf 75' lang='lat'>_</span> <span class='ocrx_word' id='word_1_431' title='bbox 2095 3166 2364 3222; x_wconf 87' lang='lat' dir='ltr'>barbaris</span> <span class='ocrx_word' id='word_1_432' title='bbox 2393 3184 2763 3240; x_wconf 89' lang='lat' dir='ltr'>congressus,</span> <span class='ocrx_word' id='word_1_433' title='bbox 2790 3166 3107 3224; x_wconf 83' lang='lat' dir='ltr'>miserabili</span> <span class='ocrx_word' id='word_1_434' title='bbox 3141 3168 3384 3224; x_wconf 75' lang='lat' dir='ltr'>fortunae</span> <span class='ocrx_word' id='word_1_435' title='bbox 3415 3171 3721 3226; x_wconf 85' lang='lat' dir='ltr'>succubuit.</span> 
     </span>
    </p>
   </div>
   <div class='ocr_carea' id='block_1_63' title="bbox 344 3258 1847 3332">
    <p class='ocr_par' dir='ltr' id='par_1_63' title="bbox 344 3258 1847 3332">
     <span class='ocr_line' id='line_1_63' title="bbox 344 3258 1847 3332; baseline -0.004 -14"><span class='ocrx_word' id='word_1_436' title='bbox 344 3263 545 3319; x_wconf 82' lang='lat' dir='ltr'>hestes</span> <span class='ocrx_word' id='word_1_437' title='bbox 574 3262 634 3316; x_wconf 91' lang='lat' dir='ltr'>in</span> <span class='ocrx_word' id='word_1_438' title='bbox 669 3260 857 3316; x_wconf 91' lang='lat' dir='ltr'>medio</span> <span class='ocrx_word' id='word_1_439' title='bbox 888 3258 1171 3326; x_wconf 89' lang='lat' dir='ltr'>conclusi,</span> <span class='ocrx_word' id='word_1_440' title='bbox 1202 3262 1478 3332; x_wconf 90' lang='lat' dir='ltr'>perpetuo</span> <span class='ocrx_word' id='word_1_441' title='bbox 1509 3262 1847 3331; x_wconf 87' lang='lat' dir='ltr'>urgeantur.</span> 
     </span>
    </p>
   </div>
   <div class='ocr_carea' id='block_1_64' title="bbox 412 3345 1989 3421">
    <p class='ocr_par' dir='ltr' id='par_1_64' title="bbox 412 3345 1989 3421">
     <span class='ocr_line' id='line_1_64' title="bbox 412 3345 1989 3421; baseline -0.004 -15"><span class='ocrx_word' id='word_1_442' title='bbox 412 3351 503 3406; x_wconf 91' lang='lat'>93.</span> <span class='ocrx_word' id='word_1_443' title='bbox 528 3350 717 3421; x_wconf 80' lang='lat' dir='ltr'>Hujus</span> <span class='ocrx_word' id='word_1_444' title='bbox 746 3347 989 3405; x_wconf 87' lang='lat' dir='ltr'>rationis</span> <span class='ocrx_word' id='word_1_445' title='bbox 1019 3347 1328 3404; x_wconf 90' lang='lat' dir='ltr'>consilium</span> <span class='ocrx_word' id='word_1_446' title='bbox 1360 3351 1669 3419; x_wconf 88' lang='lat' dir='ltr'>postquam</span> <span class='ocrx_word' id='word_1_447' title='bbox 1703 3345 1825 3417; x_wconf 87' lang='lat' dir='ltr'>regi</span> <span class='ocrx_word' id='word_1_448' title='bbox 1856 3362 1989 3417; x_wconf 89' lang='lat' dir='ltr'>sug-</span> 
     </span>
    </p>
   </div>
   <div class='ocr_carea' id='block_1_65' title="bbox 344 3433 1992 3514">
    <p class='ocr_par' dir='ltr' id='par_1_65' title="bbox 344 3433 1992 3514">
     <span class='ocr_line' id='line_1_65' title="bbox 344 3433 1992 3514; baseline -0.006 -17"><span class='ocrx_word' id='word_1_449' title='bbox 344 3444 573 3514; x_wconf 85' lang='lat' dir='ltr'>gestum</span> <span class='ocrx_word' id='word_1_450' title='bbox 606 3442 715 3507; x_wconf 87' lang='lat' dir='ltr'>est,</span> <span class='ocrx_word' id='word_1_451' title='bbox 759 3438 913 3511; x_wconf 90' lang='lat' dir='ltr'>apud</span> <span class='ocrx_word' id='word_1_452' title='bbox 947 3436 1292 3493; x_wconf 88' lang='lat' dir='ltr'>Gozfredum</span> <span class='ocrx_word' id='word_1_453' title='bbox 1322 3434 1594 3492; x_wconf 88' lang='lat' dir='ltr'>comitem</span> <span class='ocrx_word' id='word_1_454' title='bbox 1644 3433 1744 3507; x_wconf 91' lang='lat' dir='ltr'>qui</span> <span class='ocrx_word' id='word_1_455' title='bbox 1791 3434 1992 3488; x_wconf 88' lang='lat' dir='ltr'>aderat</span> 
     </span>
    </p>
   </div>
   <div class='ocr_carea' id='block_1_66' title="bbox 342 3524 1987 3598">
    <p class='ocr_par' dir='ltr' id='par_1_66' title="bbox 342 3524 1987 3598">
     <span class='ocr_line' id='line_1_66' title="bbox 342 3524 1987 3598; baseline -0.007 -13"><span class='ocrx_word' id='word_1_456' title='bbox 342 3530 677 3585; x_wconf 88' lang='lat' dir='ltr'>ordinatum</span> <span class='ocrx_word' id='word_1_457' title='bbox 706 3525 908 3583; x_wconf 90' lang='lat' dir='ltr'>valuit.</span> <span class='ocrx_word' id='word_1_458' title='bbox 943 3527 1073 3583; x_wconf 71' lang='lat' dir='ltr'>Hmc</span> <span class='ocrx_word' id='word_1_459' title='bbox 1103 3526 1249 3582; x_wconf 90' lang='lat' dir='ltr'>duce</span> <span class='ocrx_word' id='word_1_460' title='bbox 1278 3525 1578 3598; x_wconf 81' lang='lat' dir='ltr'>ignorante</span> <span class='ocrx_word' id='word_1_461' title='bbox 1610 3524 1987 3596; x_wconf 87' lang='lat' dir='ltr'>parabantur.</span> 
     </span>
    </p>
   </div>
   <div class='ocr_carea' id='block_1_67' title="bbox 342 3610 1990 3689">
    <p class='ocr_par' dir='ltr' id='par_1_67' title="bbox 342 3610 1990 3689">
     <span class='ocr_line' id='line_1_67' title="bbox 342 3610 1990 3689; baseline -0.006 -15"><span class='ocrx_word' id='word_1_462' title='bbox 342 3622 475 3685; x_wconf 72' lang='lat' dir='ltr'>Qua:</span> <span class='ocrx_word' id='word_1_463' title='bbox 506 3636 641 3674; x_wconf 90' lang='lat' dir='ltr'>cum</span> <span class='ocrx_word' id='word_1_464' title='bbox 698 3619 830 3689; x_wconf 86' lang='lat' dir='ltr'>post</span> <span class='ocrx_word' id='word_1_465' title='bbox 887 3615 1414 3682; x_wconf 88' lang='lat' dir='ltr'>animadvertisset,</span> <span class='ocrx_word' id='word_1_466' title='bbox 1449 3630 1521 3668; x_wconf 90' lang='lat' dir='ltr'>ne</span> <span class='ocrx_word' id='word_1_467' title='bbox 1577 3612 1813 3685; x_wconf 88' lang='lat' dir='ltr'>regibus</span> <span class='ocrx_word' id='word_1_468' title='bbox 1866 3610 1990 3665; x_wconf 88' lang='lat' dir='ltr'>ﬁeri</span> 
     </span>
    </p>
   </div>
   <div class='ocr_carea' id='block_1_68' title="bbox 340 3696 1991 3776">
    <p class='ocr_par' dir='ltr' id='par_1_68' title="bbox 340 3696 1991 3776">
     <span class='ocr_line' id='line_1_68' title="bbox 340 3696 1991 3776; baseline -0.007 -14"><span class='ocrx_word' id='word_1_469' title='bbox 340 3706 636 3762; x_wconf 88' lang='lat' dir='ltr'>videretur</span> <span class='ocrx_word' id='word_1_470' title='bbox 664 3704 937 3776; x_wconf 91' lang='lat' dir='ltr'>injurius,</span> <span class='ocrx_word' id='word_1_471' title='bbox 962 3702 1377 3759; x_wconf 86' lang='lat' dir='ltr'>contumeliam</span> <span class='ocrx_word' id='word_1_472' title='bbox 1408 3699 1810 3766; x_wconf 89' lang='lat' dir='ltr'>dissimulans,</span> <span class='ocrx_word' id='word_1_473' title='bbox 1844 3696 1991 3753; x_wconf 90' lang='lat' dir='ltr'>nihil</span> 
     </span>
    </p>
   </div>
   <div class='ocr_carea' id='block_1_69' title="bbox 343 3786 1993 3866">
    <p class='ocr_par' dir='ltr' id='par_1_69' title="bbox 343 3786 1993 3866">
     <span class='ocr_line' id='line_1_69' title="bbox 343 3786 1993 3866; baseline -0.007 -16"><span class='ocrx_word' id='word_1_474' title='bbox 343 3794 578 3866; x_wconf 86' lang='lat' dir='ltr'>penitus</span> <span class='ocrx_word' id='word_1_475' title='bbox 605 3794 961 3865; x_wconf 85' lang='lat' dir='ltr'>refragratus</span> <span class='ocrx_word' id='word_1_476' title='bbox 985 3794 1091 3846; x_wconf 89' lang='lat' dir='ltr'>est.</span> <span class='ocrx_word' id='word_1_477' title='bbox 1119 3792 1344 3845; x_wconf 89' lang='lat' dir='ltr'>Interea</span> <span class='ocrx_word' id='word_1_478' title='bbox 1366 3787 1624 3843; x_wconf 90' lang='lat' dir='ltr'>collectis</span> <span class='ocrx_word' id='word_1_479' title='bbox 1642 3786 1804 3859; x_wconf 91' lang='lat' dir='ltr'>regni</span> <span class='ocrx_word' id='word_1_480' title='bbox 1839 3786 1993 3858; x_wconf 88' lang='lat' dir='ltr'>prin-</span> 
     </span>
    </p>
   </div>
   <div class='ocr_carea' id='block_1_70' title="bbox 345 3873 1995 3954">
    <p class='ocr_par' dir='ltr' id='par_1_70' title="bbox 345 3873 1995 3954">
     <span class='ocr_line' id='line_1_70' title="bbox 345 3873 1995 3954; baseline -0.005 -17"><span class='ocrx_word' id='word_1_481' title='bbox 345 3881 594 3954; x_wconf 88' lang='lat' dir='ltr'>cipibus,</span> <span class='ocrx_word' id='word_1_482' title='bbox 618 3880 914 3950; x_wconf 85' lang='lat' dir='ltr'>equitatus</span> <span class='ocrx_word' id='word_1_483' title='bbox 946 3876 1140 3950; x_wconf 87' lang='lat' dir='ltr'>regius</span> <span class='ocrx_word' id='word_1_484' title='bbox 1170 3875 1520 3948; x_wconf 90' lang='lat' dir='ltr'>disponitur,</span> <span class='ocrx_word' id='word_1_485' title='bbox 1550 3874 1805 3947; x_wconf 88' lang='lat' dir='ltr'>insignia</span> <span class='ocrx_word' id='word_1_486' title='bbox 1834 3873 1995 3947; x_wconf 88' lang='lat' dir='ltr'>regia</span> 
     </span>
    </p>
   </div>
   <div class='ocr_carea' id='block_1_71' title="bbox 344 3960 1993 4034">
    <p class='ocr_par' dir='ltr' id='par_1_71' title="bbox 344 3960 1993 4034">
     <span class='ocr_line' id='line_1_71' title="bbox 344 3960 1993 4034; baseline -0.004 -11"><span class='ocrx_word' id='word_1_487' title='bbox 344 3967 739 4033; x_wconf 87' lang='lat' dir='ltr'>invehuntur;</span> <span class='ocrx_word' id='word_1_488' title='bbox 795 3965 909 4020; x_wconf 91' lang='lat' dir='ltr'>cibi</span> <span class='ocrx_word' id='word_1_489' title='bbox 969 3963 1323 4034; x_wconf 89' lang='lat' dir='ltr'>multiplices</span> <span class='ocrx_word' id='word_1_490' title='bbox 1378 3961 1661 4034; x_wconf 87' lang='lat' dir='ltr'>apparati,</span> <span class='ocrx_word' id='word_1_491' title='bbox 1711 3960 1993 4017; x_wconf 87' lang='lat' dir='ltr'>vehiculis</span> 
     </span>
    </p>
   </div>
   <div class='ocr_carea' id='block_1_72' title="bbox 345 4048 1993 4127">
    <p class='ocr_par' dir='ltr' id='par_1_72' title="bbox 345 4048 1993 4127">
     <span class='ocr_line' id='line_1_72' title="bbox 345 4048 1993 4127; baseline -0.004 -16"><span class='ocrx_word' id='word_1_492' title='bbox 345 4056 750 4127; x_wconf 85' lang='lat' dir='ltr'>imponuntur.</span> <span class='ocrx_word' id='word_1_493' title='bbox 776 4053 1000 4120; x_wconf 86' lang='lat' dir='ltr'>Quibus</span> <span class='ocrx_word' id='word_1_494' title='bbox 1022 4051 1187 4122; x_wconf 85' lang='lat' dir='ltr'>actis,</span> <span class='ocrx_word' id='word_1_495' title='bbox 1209 4066 1374 4123; x_wconf 88' lang='lat' dir='ltr'>reges</span> <span class='ocrx_word' id='word_1_496' title='bbox 1397 4050 1633 4121; x_wconf 89' lang='lat' dir='ltr'>utrique</span> <span class='ocrx_word' id='word_1_497' title='bbox 1652 4066 1786 4105; x_wconf 88' lang='lat' dir='ltr'>cum</span> <span class='ocrx_word' id='word_1_498' title='bbox 1809 4048 1993 4105; x_wconf 88' lang='lat' dir='ltr'>multo</span> 
     </span>
    </p>
   </div>
   <div class='ocr_carea' id='block_1_73' title="bbox 346 4128 1994 4215">
    <p class='ocr_par' dir='ltr' id='par_1_73' title="bbox 346 4128 1994 4215">
     <span class='ocr_line' id='line_1_73' title="bbox 346 4128 1994 4215; baseline -0.004 -16"><span class='ocrx_word' id='word_1_499' title='bbox 346 4128 608 4215; x_wconf 89' lang='lat' dir='ltr'>equitatu</span> <span class='ocrx_word' id='word_1_500' title='bbox 640 4142 700 4197; x_wconf 90' lang='lat' dir='ltr'>in</span> <span class='ocrx_word' id='word_1_501' title='bbox 729 4139 1103 4213; x_wconf 86' lang='lat' dir='ltr'>Aquitaniam</span> <span class='ocrx_word' id='word_1_502' title='bbox 1149 4138 1389 4212; x_wconf 84' lang='lat' dir='ltr'>profecti</span> <span class='ocrx_word' id='word_1_503' title='bbox 1438 4144 1594 4205; x_wconf 89' lang='lat' dir='ltr'>sunt,</span> <span class='ocrx_word' id='word_1_504' title='bbox 1621 4142 1994 4209; x_wconf 86' lang='lat' dir='ltr'>castrumque</span> 
     </span>
    </p>
   </div>
   <div class='ocr_carea' id='block_1_74' title="bbox 345 4227 1658 4305">
    <p class='ocr_par' dir='ltr' id='par_1_74' title="bbox 345 4227 1658 4305">
     <span class='ocr_line' id='line_1_74' title="bbox 345 4227 1658 4305; baseline -0.005 -17"><span class='ocrx_word' id='word_1_505' title='bbox 345 4231 619 4302; x_wconf 83' lang='lat' dir='ltr'>Briddam</span> <span class='ocrx_word' id='word_1_506' title='bbox 649 4230 802 4305; x_wconf 92' lang='lat' dir='ltr'>quod</span> <span class='ocrx_word' id='word_1_507' title='bbox 834 4235 1001 4285; x_wconf 89' lang='lat' dir='ltr'>vetus</span> <span class='ocrx_word' id='word_1_508' title='bbox 1030 4227 1261 4293; x_wconf 89' lang='lat' dir='ltr'>dicitur,</span> <span class='ocrx_word' id='word_1_509' title='bbox 1286 4228 1658 4282; x_wconf 87' lang='lat' dir='ltr'>devenerunt.</span> 
     </span>
    </p>
   </div>
   <div class='ocr_carea' id='block_1_75' title="bbox 414 4314 1993 4385">
    <p class='ocr_par' dir='ltr' id='par_1_75' title="bbox 414 4314 1993 4385">
     <span class='ocr_line' id='line_1_75' title="bbox 414 4314 1993 4385; baseline -0.004 -10"><span class='ocrx_word' id='word_1_510' title='bbox 414 4322 503 4378; x_wconf 78' lang='grc'>94.</span> <span class='ocrx_word' id='word_1_511' title='bbox 537 4320 812 4377; x_wconf 79' lang='lat' dir='ltr'>Adelaidis</span> <span class='ocrx_word' id='word_1_512' title='bbox 844 4319 914 4353; x_wconf 71' lang='grc'>⁵⁸³</span> <span class='ocrx_word' id='word_1_513' title='bbox 941 4335 974 4374; x_wconf 84' lang='lat' dir='ltr'>a</span> <span class='ocrx_word' id='word_1_514' title='bbox 1006 4317 1273 4373; x_wconf 79' lang='lat' dir='ltr'>Ludovico</span> <span class='ocrx_word' id='word_1_515' title='bbox 1304 4316 1371 4350; x_wconf 80' lang='grc'>⁵¹²</span> <span class='ocrx_word' id='word_1_516' title='bbox 1399 4317 1611 4384; x_wconf 68' lang='lat' dir='ltr'>reginae</span> <span class='ocrx_word' id='word_1_517' title='bbox 1640 4316 1699 4370; x_wconf 84' lang='lat' dir='ltr'>in</span> <span class='ocrx_word' id='word_1_518' title='bbox 1730 4315 1798 4349; x_wconf 83' lang='grc'>⁵¹²</span> <span class='ocrx_word' id='word_1_519' title='bbox 1827 4314 1993 4385; x_wconf 83' lang='lat' dir='ltr'>Aqui-</span> 
     </span>
    </p>
   </div>
   <div class='ocr_carea' id='block_1_76' title="bbox 345 4404 1998 4483">
    <p class='ocr_par' dir='ltr' id='par_1_76' title="bbox 345 4404 1998 4483">
     <span class='ocr_line' id='line_1_76' title="bbox 345 4404 1998 4483; baseline -0.007 -16"><span class='ocrx_word' id='word_1_520' title='bbox 345 4413 500 4467; x_wconf 84' lang='lat' dir='ltr'>tania</span> <span class='ocrx_word' id='word_1_521' title='bbox 543 4410 811 4483; x_wconf 83' lang='lat' dir='ltr'>promotio</span> <span class='ocrx_word' id='word_1_522' title='bbox 837 4408 905 4443; x_wconf 74' lang='grc'>³¹²</span> <span class='ocrx_word' id='word_1_523' title='bbox 952 4421 1243 4478; x_wconf 82' lang='lat' dir='ltr'>eorumque</span> <span class='ocrx_word' id='word_1_524' title='bbox 1289 4405 1586 4461; x_wconf 81' lang='lat' dir='ltr'>divortium</span> <span class='ocrx_word' id='word_1_525' title='bbox 1614 4405 1700 4457; x_wconf 70' lang='grc' dir='ltr'>⁵η.</span> <span class='ocrx_word' id='word_1_526' title='bbox 1724 4435 1791 4443; x_wconf 94' lang='lat'><strong>—</strong></span> <span class='ocrx_word' id='word_1_527' title='bbox 1811 4404 1931 4468; x_wconf 90' lang='lat' dir='ltr'>Quo</span> <span class='ocrx_word' id='word_1_528' title='bbox 1964 4419 1998 4456; x_wconf 88' lang='lat' dir='ltr'>a</span> 
     </span>
    </p>
   </div>
   <div class='ocr_carea' id='block_1_77' title="bbox 345 4492 1993 4572">
    <p class='ocr_par' dir='ltr' id='par_1_77' title="bbox 345 4492 1993 4572">
     <span class='ocr_line' id='line_1_77' title="bbox 345 4492 1993 4572; baseline -0.007 -17"><span class='ocrx_word' id='word_1_529' title='bbox 345 4500 583 4572; x_wconf 73' lang='lat' dir='ltr'>praefata</span> <span class='ocrx_word' id='word_1_530' title='bbox 633 4497 908 4556; x_wconf 89' lang='lat' dir='ltr'>Adelaidc</span> <span class='ocrx_word' id='word_1_531' title='bbox 965 4494 1153 4552; x_wconf 92' lang='lat' dir='ltr'>multo</span> <span class='ocrx_word' id='word_1_532' title='bbox 1211 4497 1492 4567; x_wconf 91' lang='lat' dir='ltr'>apparatu</span> <span class='ocrx_word' id='word_1_533' title='bbox 1554 4492 1777 4563; x_wconf 80' lang='lat' dir='ltr'>excepti</span> <span class='ocrx_word' id='word_1_534' title='bbox 1835 4495 1993 4546; x_wconf 85' lang='lat' dir='ltr'>sunt.</span> 
     </span>
    </p>
   </div>
   <div class='ocr_carea' id='block_1_78' title="bbox 2018 3238 3724 3331">
    <p class='ocr_par' dir='ltr' id='par_1_78' title="bbox 2018 3238 3724 3331">
     <span class='ocr_line' id='line_1_78' title="bbox 2018 3238 3724 3331; baseline 0.002 -21"><span class='ocrx_word' id='word_1_535' title='bbox 2018 3238 2060 3304; x_wconf 82' lang='lat' dir='ltr'><strong><em>C</em></strong></span> <span class='ocrx_word' id='word_1_536' title='bbox 2098 3256 2244 3310; x_wconf 90' lang='lat' dir='ltr'>Nam</span> <span class='ocrx_word' id='word_1_537' title='bbox 2276 3260 2334 3311; x_wconf 88' lang='lat' dir='ltr'>et</span> <span class='ocrx_word' id='word_1_538' title='bbox 2364 3238 2679 3312; x_wconf 76' lang='lat' dir='ltr'>exercitum</span> <span class='ocrx_word' id='word_1_539' title='bbox 2712 3252 2907 3312; x_wconf 79' lang='lat' dir='ltr'>fusum</span> <span class='ocrx_word' id='word_1_540' title='bbox 2943 3256 3159 3322; x_wconf 88' lang='lat' dir='ltr'>amisit,</span> <span class='ocrx_word' id='word_1_541' title='bbox 3186 3260 3242 3312; x_wconf 86' lang='lat' dir='ltr'>et</span> <span class='ocrx_word' id='word_1_542' title='bbox 3279 3257 3406 3330; x_wconf 88' lang='lat' dir='ltr'>ipse</span> <span class='ocrx_word' id='word_1_543' title='bbox 3434 3264 3638 3331; x_wconf 85' lang='lat' dir='ltr'>captus</span> <span class='ocrx_word' id='word_1_544' title='bbox 3665 3260 3724 3314; x_wconf 88' lang='lat' dir='ltr'>ab</span> 
     </span>
    </p>
   </div>
   <div class='ocr_carea' id='block_1_79' title="bbox 2097 3343 3721 3417">
    <p class='ocr_par' dir='ltr' id='par_1_79' title="bbox 2097 3343 3721 3417">
     <span class='ocr_line' id='line_1_79' title="bbox 2097 3343 3721 3417; baseline 0.002 -19"><span class='ocrx_word' id='word_1_545' title='bbox 2097 3343 2387 3412; x_wconf 90' lang='lat' dir='ltr'>hostibus,</span> <span class='ocrx_word' id='word_1_546' title='bbox 2411 3343 2608 3399; x_wconf 88' lang='lat' dir='ltr'>divina</span> <span class='ocrx_word' id='word_1_547' title='bbox 2628 3361 2760 3400; x_wconf 92' lang='lat' dir='ltr'>vero</span> <span class='ocrx_word' id='word_1_548' title='bbox 2783 3344 2971 3417; x_wconf 88' lang='lat' dir='ltr'>gratia</span> <span class='ocrx_word' id='word_1_549' title='bbox 2999 3360 3264 3401; x_wconf 89' lang='lat' dir='ltr'>reversus</span> <span class='ocrx_word' id='word_1_550' title='bbox 3297 3345 3426 3401; x_wconf 84' lang='lat' dir='ltr'>fuit.</span> <span class='ocrx_word' id='word_1_551' title='bbox 3451 3346 3591 3403; x_wconf 88' lang='lat' dir='ltr'>Post</span> <span class='ocrx_word' id='word_1_552' title='bbox 3610 3362 3721 3403; x_wconf 88' lang='lat' dir='ltr'>cum</span> 
     </span>
    </p>
   </div>
   <div class='ocr_carea' id='block_1_80' title="bbox 2097 3431 3723 3526">
    <p class='ocr_par' dir='ltr' id='par_1_80' title="bbox 2097 3431 3723 3526">
     <span class='ocr_line' id='line_1_80' title="bbox 2097 3431 3723 3526; baseline 0 -38"><span class='ocrx_word' id='word_1_553' title='bbox 2097 3450 2165 3488; x_wconf 80' lang='lat' dir='ltr'>ex</span> <span class='ocrx_word' id='word_1_554' title='bbox 2194 3431 2581 3505; x_wconf 89' lang='lat' dir='ltr'>indigestione</span> <span class='ocrx_word' id='word_1_555' title='bbox 2625 3433 2819 3488; x_wconf 53' lang='lat' dir='ltr'>Romae</span> <span class='ocrx_word' id='word_1_556' title='bbox 2850 3432 3174 3526; x_wconf 60' lang='lat' dir='ltr'>.laboraret,</span> <span class='ocrx_word' id='word_1_557' title='bbox 3189 3439 3246 3489; x_wconf 91' lang='lat' dir='ltr'>et</span> <span class='ocrx_word' id='word_1_558' title='bbox 3292 3434 3557 3497; x_wconf 88' lang='lat' dir='ltr'>intestini</span> <span class='ocrx_word' id='word_1_559' title='bbox 3590 3435 3723 3508; x_wconf 83' lang='lat' dir='ltr'>squi-</span> 
     </span>
    </p>
   </div>
   <div class='ocr_carea' id='block_1_81' title="bbox 2097 3519 3723 3594">
    <p class='ocr_par' dir='ltr' id='par_1_81' title="bbox 2097 3519 3723 3594">
     <span class='ocr_line' id='line_1_81' title="bbox 2097 3519 3723 3594; baseline 0 -18"><span class='ocrx_word' id='word_1_560' title='bbox 2097 3519 2261 3576; x_wconf 89' lang='lat' dir='ltr'>halas</span> <span class='ocrx_word' id='word_1_561' title='bbox 2291 3538 2358 3576; x_wconf 83' lang='lat' dir='ltr'>ex</span> <span class='ocrx_word' id='word_1_562' title='bbox 2397 3520 2772 3577; x_wconf 84' lang='lat' dir='ltr'>melaneolico</span> <span class='ocrx_word' id='word_1_563' title='bbox 2824 3519 3069 3577; x_wconf 80' lang='lat' dir='ltr'>Humore</span> <span class='ocrx_word' id='word_1_564' title='bbox 3126 3526 3440 3594; x_wconf 85' lang='lat' dir='ltr'>pateretur,</span> <span class='ocrx_word' id='word_1_565' title='bbox 3472 3522 3637 3581; x_wconf 87' lang='lat' dir='ltr'>aloen</span> <span class='ocrx_word' id='word_1_566' title='bbox 3664 3521 3723 3577; x_wconf 91' lang='lat' dir='ltr'>ad</span> 
     </span>
    </p>
   </div>
   <div class='ocr_carea' id='block_1_82' title="bbox 2098 3609 3727 3682">
    <p class='ocr_par' dir='ltr' id='par_1_82' title="bbox 2098 3609 3727 3682">
     <span class='ocr_line' id='line_1_82' title="bbox 2098 3609 3727 3682; baseline 0.001 -19"><span class='ocrx_word' id='word_1_567' title='bbox 2098 3610 2331 3682; x_wconf 88' lang='lat' dir='ltr'>pondus</span> <span class='ocrx_word' id='word_1_568' title='bbox 2361 3610 2736 3680; x_wconf 82' lang='lat' dir='ltr'>dragmarum</span> <span class='ocrx_word' id='word_1_569' title='bbox 2769 3614 3022 3681; x_wconf 88' lang='lat' dir='ltr'>quatuor</span> <span class='ocrx_word' id='word_1_570' title='bbox 3046 3609 3317 3666; x_wconf 86' lang='lat' dir='ltr'>sanitatis</span> <span class='ocrx_word' id='word_1_571' title='bbox 3348 3611 3555 3667; x_wconf 88' lang='lat' dir='ltr'>avidus</span> <span class='ocrx_word' id='word_1_572' title='bbox 3589 3626 3727 3668; x_wconf 82' lang='lat' dir='ltr'>sum-</span> 
     </span>
    </p>
   </div>
   <div class='ocr_carea' id='block_1_83' title="bbox 2099 3697 3728 3772">
    <p class='ocr_par' dir='ltr' id='par_1_83' title="bbox 2099 3697 3728 3772">
     <span class='ocr_line' id='line_1_83' title="bbox 2099 3697 3728 3772; baseline 0.001 -21"><span class='ocrx_word' id='word_1_573' title='bbox 2099 3697 2234 3769; x_wconf 91' lang='lat' dir='ltr'>psit.</span> <span class='ocrx_word' id='word_1_574' title='bbox 2256 3698 2744 3769; x_wconf 90' lang='lat' dir='ltr'>Conturbatisque</span> <span class='ocrx_word' id='word_1_575' title='bbox 2762 3697 3104 3766; x_wconf 86' lang='lat' dir='ltr'>visceribus,</span> <span class='ocrx_word' id='word_1_576' title='bbox 3129 3698 3345 3754; x_wconf 90' lang='lat' dir='ltr'>diarria</span> <span class='ocrx_word' id='word_1_577' title='bbox 3360 3699 3523 3772; x_wconf 87' lang='lat' dir='ltr'>jugis</span> <span class='ocrx_word' id='word_1_578' title='bbox 3545 3712 3728 3772; x_wconf 88' lang='lat' dir='ltr'>prose-</span> 
     </span>
    </p>
   </div>
   <div class='ocr_carea' id='block_1_84' title="bbox 2100 3786 3729 3858">
    <p class='ocr_par' dir='ltr' id='par_1_84' title="bbox 2100 3786 3729 3858">
     <span class='ocr_line' id='line_1_84' title="bbox 2100 3786 3729 3858; baseline 0 -18"><span class='ocrx_word' id='word_1_579' title='bbox 2100 3790 2233 3840; x_wconf 89' lang='lat' dir='ltr'>cuta</span> <span class='ocrx_word' id='word_1_580' title='bbox 2255 3790 2361 3841; x_wconf 90' lang='lat' dir='ltr'>est.</span> <span class='ocrx_word' id='word_1_581' title='bbox 2379 3787 2559 3858; x_wconf 88' lang='lat' dir='ltr'>Cujus</span> <span class='ocrx_word' id='word_1_582' title='bbox 2580 3786 2897 3842; x_wconf 90' lang='lat' dir='ltr'>continuus</span> <span class='ocrx_word' id='word_1_583' title='bbox 2919 3786 3131 3854; x_wconf 82' lang='lat' dir='ltr'>ﬂuxus,</span> <span class='ocrx_word' id='word_1_584' title='bbox 3146 3786 3504 3843; x_wconf 90' lang='lat' dir='ltr'>emorroides</span> <span class='ocrx_word' id='word_1_585' title='bbox 3523 3794 3729 3843; x_wconf 84' lang='lat' dir='ltr'>tumen-</span> 
     </span>
    </p>
   </div>
   <div class='ocr_carea' id='block_1_85' title="bbox 2099 3873 3736 3947">
    <p class='ocr_par' dir='ltr' id='par_1_85' title="bbox 2099 3873 3736 3947">
     <span class='ocr_line' id='line_1_85' title="bbox 2099 3873 3736 3947; baseline -0.001 -18"><span class='ocrx_word' id='word_1_586' title='bbox 2099 3877 2185 3929; x_wconf 88' lang='lat' dir='ltr'>tes</span> <span class='ocrx_word' id='word_1_587' title='bbox 2207 3875 2546 3946; x_wconf 87' lang='lat' dir='ltr'>procreavit.</span> <span class='ocrx_word' id='word_1_588' title='bbox 2567 3877 2700 3941; x_wconf 69' lang='lat' dir='ltr'>Quaz</span> <span class='ocrx_word' id='word_1_589' title='bbox 2725 3873 2898 3930; x_wconf 88' lang='lat' dir='ltr'>etiam</span> <span class='ocrx_word' id='word_1_590' title='bbox 2924 3875 3275 3947; x_wconf 89' lang='lat' dir='ltr'>sanguinem</span> <span class='ocrx_word' id='word_1_591' title='bbox 3297 3875 3736 3932; x_wconf 84' lang='lat' dir='ltr'>immoderatum.</span> 
     </span>
    </p>
   </div>
   <div class='ocr_carea' id='block_1_86' title="bbox 2100 3962 3728 4037">
    <p class='ocr_par' dir='ltr' id='par_1_86' title="bbox 2100 3962 3728 4037">
     <span class='ocr_line' id='line_1_86' title="bbox 2100 3962 3728 4037; baseline -0.001 -20"><span class='ocrx_word' id='word_1_592' title='bbox 2100 3962 2481 4030; x_wconf 79' lang='lat' dir='ltr'>eti&#39;undentes,</span> <span class='ocrx_word' id='word_1_593' title='bbox 2517 3966 2766 4018; x_wconf 88' lang='lat' dir='ltr'>mortem</span> <span class='ocrx_word' id='word_1_594' title='bbox 2799 3966 2932 4036; x_wconf 86' lang='lat' dir='ltr'>post</span> <span class='ocrx_word' id='word_1_595' title='bbox 2963 3962 3085 4018; x_wconf 90' lang='lat' dir='ltr'>dies</span> <span class='ocrx_word' id='word_1_596' title='bbox 3118 3979 3232 4019; x_wconf 91' lang='lat' dir='ltr'>non</span> <span class='ocrx_word' id='word_1_597' title='bbox 3275 3962 3474 4035; x_wconf 90' lang='lat' dir='ltr'>plures</span> <span class='ocrx_word' id='word_1_598' title='bbox 3504 3965 3728 4037; x_wconf 71' lang='lat' dir='ltr'>operata:</span> 
     </span>
    </p>
   </div>
   <div class='ocr_carea' id='block_1_87' title="bbox 2103 4050 2681 4123">
    <p class='ocr_par' dir='ltr' id='par_1_87' title="bbox 2103 4050 2681 4123">
     <span class='ocr_line' id='line_1_87' title="bbox 2103 4050 2681 4123; baseline -0.002 -18"><span class='ocrx_word' id='word_1_599' title='bbox 2103 4056 2243 4106; x_wconf 87' lang='lat' dir='ltr'>sunt</span> <span class='ocrx_word' id='word_1_600' title='bbox 2271 4052 2416 4123; x_wconf 88' lang='lat'>(983,</span> <span class='ocrx_word' id='word_1_601' title='bbox 2446 4052 2569 4106; x_wconf 86' lang='lat' dir='ltr'>Dec.</span> <span class='ocrx_word' id='word_1_602' title='bbox 2605 4050 2681 4122; x_wconf 86' lang='lat'>7).</span> 
     </span>
    </p>
   </div>
   <div class='ocr_carea' id='block_1_88' title="bbox 2174 4138 3728 4213">
    <p class='ocr_par' dir='ltr' id='par_1_88' title="bbox 2174 4138 3728 4213">
     <span class='ocr_line' id='line_1_88' title="bbox 2174 4138 3728 4213; baseline 0.001 -20"><span class='ocrx_word' id='word_1_603' title='bbox 2174 4141 2262 4193; x_wconf 88' lang='lat'>97.</span> <span class='ocrx_word' id='word_1_604' title='bbox 2288 4139 2390 4193; x_wconf 88' lang='lat' dir='ltr'>Cui</span> <span class='ocrx_word' id='word_1_605' title='bbox 2413 4140 2685 4195; x_wconf 84' lang='lat' dir='ltr'>defuncto</span> <span class='ocrx_word' id='word_1_606' title='bbox 2711 4138 2867 4194; x_wconf 88' lang='lat' dir='ltr'>ﬁlius</span> <span class='ocrx_word' id='word_1_607' title='bbox 2884 4139 3282 4211; x_wconf 90' lang='lat' dir='ltr'>quinquennis</span> <span class='ocrx_word' id='word_1_608' title='bbox 3303 4138 3433 4196; x_wconf 80' lang='lat' dir='ltr'>Ott‘o</span> <span class='ocrx_word' id='word_1_609' title='bbox 3455 4144 3728 4213; x_wconf 82' lang='lat' dir='ltr'>superstes</span> 
     </span>
    </p>
   </div>
   <div class='ocr_carea' id='block_1_89' title="bbox 2102 4228 3730 4300">
    <p class='ocr_par' dir='ltr' id='par_1_89' title="bbox 2102 4228 3730 4300">
     <span class='ocr_line' id='line_1_89' title="bbox 2102 4228 3730 4300; baseline -0.002 -17"><span class='ocrx_word' id='word_1_610' title='bbox 2102 4230 2244 4283; x_wconf 88' lang='lat' dir='ltr'>erat.</span> <span class='ocrx_word' id='word_1_611' title='bbox 2268 4229 2448 4292; x_wconf 90' lang='lat' dir='ltr'>Quem</span> <span class='ocrx_word' id='word_1_612' title='bbox 2472 4228 2624 4298; x_wconf 86' lang='lat' dir='ltr'>patri</span> <span class='ocrx_word' id='word_1_613' title='bbox 2655 4229 2965 4282; x_wconf 85' lang='lat' dir='ltr'>succedere</span> <span class='ocrx_word' id='word_1_614' title='bbox 2998 4228 3055 4282; x_wconf 92' lang='lat' dir='ltr'>in</span> <span class='ocrx_word' id='word_1_615' title='bbox 3082 4244 3500 4300; x_wconf 88' lang='lat' dir='ltr'>regnum,cum</span> <span class='ocrx_word' id='word_1_616' title='bbox 3531 4228 3730 4300; x_wconf 85' lang='lat' dir='ltr'>aliquot</span> 
     </span>
    </p>
   </div>
   <div class='ocr_carea' id='block_1_90' title="bbox 2103 4314 3728 4388">
    <p class='ocr_par' dir='ltr' id='par_1_90' title="bbox 2103 4314 3728 4388">
     <span class='ocr_line' id='line_1_90' title="bbox 2103 4314 3728 4388; baseline 0 -19"><span class='ocrx_word' id='word_1_617' title='bbox 2103 4316 2382 4387; x_wconf 85' lang='lat' dir='ltr'>primates</span> <span class='ocrx_word' id='word_1_618' title='bbox 2412 4314 2752 4383; x_wconf 90' lang='lat' dir='ltr'>voluissent,</span> <span class='ocrx_word' id='word_1_619' title='bbox 2785 4316 2843 4371; x_wconf 89' lang='lat' dir='ltr'>id</span> <span class='ocrx_word' id='word_1_620' title='bbox 2876 4317 2948 4372; x_wconf 89' lang='lat' dir='ltr'>ab</span> <span class='ocrx_word' id='word_1_621' title='bbox 2982 4315 3281 4388; x_wconf 89' lang='lat' dir='ltr'>aliquibus</span> <span class='ocrx_word' id='word_1_622' title='bbox 3322 4318 3728 4374; x_wconf 87' lang='lat' dir='ltr'>contradictum</span> 
     </span>
    </p>
   </div>
   <div class='ocr_carea' id='block_1_91' title="bbox 2104 4403 3731 4477">
    <p class='ocr_par' dir='ltr' id='par_1_91' title="bbox 2104 4403 3731 4477">
     <span class='ocr_line' id='line_1_91' title="bbox 2104 4403 3731 4477; baseline -0.002 -18"><span class='ocrx_word' id='word_1_623' title='bbox 2104 4408 2193 4459; x_wconf 90' lang='lat' dir='ltr'>est</span> <span class='ocrx_word' id='word_1_624' title='bbox 2219 4403 2365 4473; x_wconf 89' lang='lat'>(983,</span> <span class='ocrx_word' id='word_1_625' title='bbox 2401 4409 2525 4459; x_wconf 85' lang='lat' dir='ltr'>Dec.</span> <span class='ocrx_word' id='word_1_626' title='bbox 2558 4403 2673 4475; x_wconf 82' lang='lat'>25).</span> <span class='ocrx_word' id='word_1_627' title='bbox 2702 4404 2925 4477; x_wconf 88' lang='lat' dir='ltr'>Ingenti</span> <span class='ocrx_word' id='word_1_628' title='bbox 2975 4408 3170 4459; x_wconf 87' lang='lat' dir='ltr'>tamen</span> <span class='ocrx_word' id='word_1_629' title='bbox 3216 4404 3433 4469; x_wconf 85' lang='lat' dir='ltr'>virtute</span> <span class='ocrx_word' id='word_1_630' title='bbox 3478 4406 3731 4476; x_wconf 86' lang='lat' dir='ltr'>variaque</span> 
     </span>
    </p>
   </div>
   <div class='ocr_carea' id='block_1_92' title="bbox 2104 4491 3728 4564">
    <p class='ocr_par' dir='ltr' id='par_1_92' title="bbox 2104 4491 3728 4564">
     <span class='ocr_line' id='line_1_92' title="bbox 2104 4491 3728 4564; baseline -0.001 -18"><span class='ocrx_word' id='word_1_631' title='bbox 2104 4492 2337 4547; x_wconf 84' lang='lat' dir='ltr'>fortuna</span> <span class='ocrx_word' id='word_1_632' title='bbox 2378 4491 2429 4547; x_wconf 89' lang='lat' dir='ltr'>ei</span> <span class='ocrx_word' id='word_1_633' title='bbox 2472 4509 2719 4564; x_wconf 89' lang='lat' dir='ltr'>regnum</span> <span class='ocrx_word' id='word_1_634' title='bbox 2777 4495 2980 4564; x_wconf 86' lang='lat' dir='ltr'>postea</span> <span class='ocrx_word' id='word_1_635' title='bbox 3026 4497 3376 4564; x_wconf 82' lang='lat' dir='ltr'>paraverunt</span> <span class='ocrx_word' id='word_1_636' title='bbox 3405 4495 3572 4563; x_wconf 74' lang='grc'>(984).</span> <span class='ocrx_word' id='word_1_637' title='bbox 3603 4492 3728 4548; x_wconf 77' lang='lat' dir='ltr'>Nam</span> 
     </span>
    </p>
   </div>
   <div class='ocr_carea' id='block_1_93' title="bbox 345 4579 3731 4663">
    <p class='ocr_par' dir='ltr' id='par_1_93' title="bbox 345 4579 3731 4663">
     <span class='ocr_line' id='line_1_93' title="bbox 345 4579 3731 4663; baseline -0.004 -19"><span class='ocrx_word' id='word_1_638' title='bbox 345 4590 415 4644; x_wconf 82' lang='lat' dir='ltr'>Et</span> <span class='ocrx_word' id='word_1_639' title='bbox 445 4587 537 4643; x_wconf 88' lang='lat' dir='ltr'>die</span> <span class='ocrx_word' id='word_1_640' title='bbox 566 4587 884 4642; x_wconf 87' lang='lat' dir='ltr'>constituta</span> <span class='ocrx_word' id='word_1_641' title='bbox 906 4583 1231 4640; x_wconf 85' lang='lat' dir='ltr'>rationibus</span> <span class='ocrx_word' id='word_1_642' title='bbox 1253 4580 1660 4638; x_wconf 86' lang='lat' dir='ltr'>decentissime</span> <span class='ocrx_word' id='word_1_643' title='bbox 1687 4579 1999 4644; x_wconf 89' lang='lat' dir='ltr'>habitis,et</span> <span class='ocrx_word' id='word_1_644' title='bbox 2030 4599 2073 4663; x_wconf 70' lang='grc' dir='ltr'>ι)</span> <span class='ocrx_word' id='word_1_645' title='bbox 2105 4580 2298 4635; x_wconf 87' lang='lat' dir='ltr'>Hezilo</span> <span class='ocrx_word' id='word_1_646' title='bbox 2328 4579 2481 4652; x_wconf 88' lang='lat' dir='ltr'>regis</span> <span class='ocrx_word' id='word_1_647' title='bbox 2502 4579 2675 4651; x_wconf 88' lang='lat' dir='ltr'>paulo</span> <span class='ocrx_word' id='word_1_648' title='bbox 2692 4585 2824 4636; x_wconf 86' lang='lat' dir='ltr'>ante</span> <span class='ocrx_word' id='word_1_649' title='bbox 2845 4580 3103 4636; x_wconf 80' lang='lat' dir='ltr'>defuncti</span> <span class='ocrx_word' id='word_1_650' title='bbox 3125 4580 3536 4654; x_wconf 84' lang='lat' dir='ltr'>patruelis,qui</span> <span class='ocrx_word' id='word_1_651' title='bbox 3562 4580 3731 4637; x_wconf 88' lang='lat' dir='ltr'>adhuc</span> 
     </span>
    </p>
   </div>
   <div class='ocr_carea' id='block_1_94' title="bbox 347 4665 3731 4746">
    <p class='ocr_par' dir='ltr' id='par_1_94' title="bbox 347 4665 3731 4746">
     <span class='ocr_line' id='line_1_94' title="bbox 347 4665 3731 4746; baseline -0.004 -15"><span class='ocrx_word' id='word_1_652' title='bbox 347 4693 417 4731; x_wconf 79' lang='lat' dir='ltr'>ex</span> <span class='ocrx_word' id='word_1_653' title='bbox 438 4676 574 4746; x_wconf 90' lang='lat' dir='ltr'>jure</span> <span class='ocrx_word' id='word_1_654' title='bbox 605 4675 757 4731; x_wconf 90' lang='lat' dir='ltr'>datis</span> <span class='ocrx_word' id='word_1_655' title='bbox 811 4672 1124 4740; x_wconf 89' lang='lat' dir='ltr'>dotalibus,</span> <span class='ocrx_word' id='word_1_656' title='bbox 1155 4669 1483 4726; x_wconf 91' lang='lat' dir='ltr'>Ludovicus</span> <span class='ocrx_word' id='word_1_657' title='bbox 1539 4686 1640 4724; x_wconf 83' lang='lat' dir='ltr'>rex</span> <span class='ocrx_word' id='word_1_658' title='bbox 1695 4685 1823 4724; x_wconf 87' lang='lat' dir='ltr'>eam</span> <span class='ocrx_word' id='word_1_659' title='bbox 1883 4665 1996 4721; x_wconf 91' lang='lat' dir='ltr'>sibi</span> <span class='ocrx_word' id='word_1_660' title='bbox 2105 4668 2164 4723; x_wconf 90' lang='lat' dir='ltr'>in</span> <span class='ocrx_word' id='word_1_661' title='bbox 2186 4685 2415 4724; x_wconf 84' lang='lat' dir='ltr'>carcere</span> <span class='ocrx_word' id='word_1_662' title='bbox 2434 4668 2664 4725; x_wconf 88' lang='lat' dir='ltr'>vinctus</span> <span class='ocrx_word' id='word_1_663' title='bbox 2687 4669 2758 4724; x_wconf 92' lang='lat' dir='ltr'>ab</span> <span class='ocrx_word' id='word_1_664' title='bbox 2776 4685 2841 4723; x_wconf 90' lang='lat' dir='ltr'>eo</span> <span class='ocrx_word' id='word_1_665' title='bbox 2864 4669 3190 4737; x_wconf 88' lang='lat' dir='ltr'>tenebatur,</span> <span class='ocrx_word' id='word_1_666' title='bbox 3207 4685 3273 4725; x_wconf 93' lang='lat' dir='ltr'>eo</span> <span class='ocrx_word' id='word_1_667' title='bbox 3297 4670 3454 4741; x_wconf 89' lang='lat' dir='ltr'>quod</span> <span class='ocrx_word' id='word_1_668' title='bbox 3476 4667 3731 4726; x_wconf 82' lang='lat' dir='ltr'>adversus</span> 
     </span>
    </p>
   </div>
   <div class='ocr_carea' id='block_1_95' title="bbox 350 4754 3729 4833">
    <p class='ocr_par' dir='ltr' id='par_1_95' title="bbox 350 4754 3729 4833">
     <span class='ocr_line' id='line_1_95' title="bbox 350 4754 3729 4833; baseline -0.003 -15"><span class='ocrx_word' id='word_1_669' title='bbox 350 4779 590 4818; x_wconf 81' lang='lat' dir='ltr'>uxorem</span> <span class='ocrx_word' id='word_1_670' title='bbox 649 4760 959 4833; x_wconf 85' lang='lat' dir='ltr'>copulavit,</span> <span class='ocrx_word' id='word_1_671' title='bbox 1010 4765 1185 4831; x_wconf 87' lang='lat' dir='ltr'>atque</span> <span class='ocrx_word' id='word_1_672' title='bbox 1245 4775 1445 4814; x_wconf 88' lang='lat' dir='ltr'>secum</span> <span class='ocrx_word' id='word_1_673' title='bbox 1503 4760 1837 4812; x_wconf 88' lang='lat' dir='ltr'>coronatam</span> <span class='ocrx_word' id='word_1_674' title='bbox 1894 4771 1998 4827; x_wconf 88' lang='lat' dir='ltr'>per</span> <span class='ocrx_word' id='word_1_675' title='bbox 2105 4762 2239 4812; x_wconf 85' lang='lat' dir='ltr'>eum</span> <span class='ocrx_word' id='word_1_676' title='bbox 2270 4773 2515 4828; x_wconf 90' lang='lat' dir='ltr'>regnum</span> <span class='ocrx_word' id='word_1_677' title='bbox 2564 4759 2879 4828; x_wconf 89' lang='lat' dir='ltr'>appeteret,</span> <span class='ocrx_word' id='word_1_678' title='bbox 2906 4773 3218 4830; x_wconf 90' lang='lat' dir='ltr'>pravorum</span> <span class='ocrx_word' id='word_1_679' title='bbox 3250 4756 3402 4814; x_wconf 91' lang='lat' dir='ltr'>dolis</span> <span class='ocrx_word' id='word_1_680' title='bbox 3449 4758 3509 4813; x_wconf 92' lang='lat' dir='ltr'>in</span> <span class='ocrx_word' id='word_1_681' title='bbox 3559 4754 3729 4830; x_wconf 77' lang='lat' dir='ltr'>perni~</span> 
     </span>
    </p>
   </div>
   <div class='ocr_carea' id='block_1_96' title="bbox 351 4843 3729 4924">
    <p class='ocr_par' dir='ltr' id='par_1_96' title="bbox 351 4843 3729 4924">
     <span class='ocr_line' id='line_1_96' title="bbox 351 4843 3729 4924; baseline -0.003 -17"><span class='ocrx_word' id='word_1_682' title='bbox 351 4851 653 4924; x_wconf 89' lang='lat' dir='ltr'>episcopos</span> <span class='ocrx_word' id='word_1_683' title='bbox 682 4850 742 4905; x_wconf 89' lang='lat' dir='ltr'>in</span> <span class='ocrx_word' id='word_1_684' title='bbox 775 4865 1018 4920; x_wconf 87' lang='lat' dir='ltr'>regnum</span> <span class='ocrx_word' id='word_1_685' title='bbox 1049 4846 1355 4920; x_wconf 89' lang='lat' dir='ltr'>promovit.</span> <span class='ocrx_word' id='word_1_686' title='bbox 1385 4845 1510 4900; x_wconf 90' lang='lat' dir='ltr'>Non</span> <span class='ocrx_word' id='word_1_687' title='bbox 1541 4849 1738 4900; x_wconf 91' lang='lat' dir='ltr'>tamen</span> <span class='ocrx_word' id='word_1_688' title='bbox 1770 4843 1999 4914; x_wconf 87' lang='lat' dir='ltr'>regium</span> <span class='ocrx_word' id='word_1_689' title='bbox 2104 4844 2243 4900; x_wconf 88' lang='lat' dir='ltr'>tiem</span> <span class='ocrx_word' id='word_1_690' title='bbox 2276 4845 2354 4901; x_wconf 91' lang='lat' dir='ltr'>rei</span> <span class='ocrx_word' id='word_1_691' title='bbox 2401 4844 2646 4917; x_wconf 64' lang='lat' dir='ltr'>publicae</span> <span class='ocrx_word' id='word_1_692' title='bbox 2686 4845 2941 4918; x_wconf 89' lang='lat' dir='ltr'>elapsus,</span> <span class='ocrx_word' id='word_1_693' title='bbox 2964 4852 3023 4901; x_wconf 84' lang='lat' dir='ltr'>et</span> <span class='ocrx_word' id='word_1_694' title='bbox 3053 4846 3446 4918; x_wconf 86' lang='lat' dir='ltr'>quorumdam</span> <span class='ocrx_word' id='word_1_695' title='bbox 3476 4844 3729 4903; x_wconf 88' lang='lat' dir='ltr'>munitio-</span> 
     </span>
    </p>
   </div>
   <div class='ocr_carea' id='block_1_97' title="bbox 352 4930 3731 5006">
    <p class='ocr_par' dir='ltr' id='par_1_97' title="bbox 352 4930 3731 5006">
     <span class='ocr_line' id='line_1_97' title="bbox 352 4930 3731 5006; baseline -0.004 -10"><span class='ocrx_word' id='word_1_696' title='bbox 352 4956 565 4996; x_wconf 89' lang='lat' dir='ltr'>nomen</span> <span class='ocrx_word' id='word_1_697' title='bbox 595 4937 679 4995; x_wconf 91' lang='lat' dir='ltr'>sic</span> <span class='ocrx_word' id='word_1_698' title='bbox 708 4937 768 4992; x_wconf 92' lang='lat' dir='ltr'>in</span> <span class='ocrx_word' id='word_1_699' title='bbox 810 4936 893 4993; x_wconf 90' lang='lat' dir='ltr'>eis</span> <span class='ocrx_word' id='word_1_700' title='bbox 920 4935 1122 5003; x_wconf 89' lang='lat' dir='ltr'>valuit,</span> <span class='ocrx_word' id='word_1_701' title='bbox 1147 4939 1212 4990; x_wconf 87' lang='lat' dir='ltr'>ut</span> <span class='ocrx_word' id='word_1_702' title='bbox 1260 4932 1552 4990; x_wconf 87' lang='lat' dir='ltr'>ullatenus</span> <span class='ocrx_word' id='word_1_703' title='bbox 1584 4930 1863 5004; x_wconf 85' lang='lat' dir='ltr'>regnandi</span> <span class='ocrx_word' id='word_1_704' title='bbox 1893 4931 1993 4985; x_wconf 87' lang='lat' dir='ltr'>do-</span> <span class='ocrx_word' id='word_1_705' title='bbox 2104 4932 2279 4987; x_wconf 88' lang='lat' dir='ltr'>nibus</span> <span class='ocrx_word' id='word_1_706' title='bbox 2300 4936 2567 5005; x_wconf 88' lang='lat' dir='ltr'>receptus</span> <span class='ocrx_word' id='word_1_707' title='bbox 2592 4932 2815 4989; x_wconf 85' lang='lat' dir='ltr'>est.Vir</span> <span class='ocrx_word' id='word_1_708' title='bbox 2836 4948 2998 5005; x_wconf 72' lang='lat' dir='ltr'>asque</span> <span class='ocrx_word' id='word_1_709' title='bbox 3018 4936 3082 4988; x_wconf 90' lang='lat' dir='ltr'>ut</span> <span class='ocrx_word' id='word_1_710' title='bbox 3100 4932 3232 4990; x_wconf 85' lang='lat' dir='ltr'>Otto</span> <span class='ocrx_word' id='word_1_711' title='bbox 3254 4932 3491 5003; x_wconf 89' lang='lat' dir='ltr'>nobilis,</span> <span class='ocrx_word' id='word_1_712' title='bbox 3514 4944 3731 5006; x_wconf 85' lang='lat' dir='ltr'>corpore</span> 
     </span>
    </p>
   </div>
   <div class='ocr_carea' id='block_1_98' title="bbox 1705 5062 2403 5120">
    <p class='ocr_par' dir='ltr' id='par_1_98' title="bbox 1705 5062 2403 5120">
     <span class='ocr_line' id='line_1_98' title="bbox 1705 5062 2403 5120; baseline 0.003 -4"><span class='ocrx_word' id='word_1_713' title='bbox 1705 5062 1947 5119; x_wconf 76' lang='lat' dir='ltr'>VARUE</span> <span class='ocrx_word' id='word_1_714' title='bbox 1986 5063 2403 5120; x_wconf 81' lang='lat' dir='ltr'>LECTIONES.</span> 
     </span>
    </p>
   </div>
   <div class='ocr_carea' id='block_1_99' title="bbox 420 5147 3731 5282">
    <p class='ocr_par' dir='ltr' id='par_1_99' title="bbox 420 5147 3731 5282">
     <span class='ocr_line' id='line_1_99' title="bbox 420 5147 3731 5282; baseline -0.003 -66"><span class='ocrx_word' id='word_1_715' title='bbox 420 5162 489 5197; x_wconf 67' lang='lat'>5°”</span> <span class='ocrx_word' id='word_1_716' title='bbox 515 5178 561 5216; x_wconf 90' lang='lat' dir='ltr'>s.</span> <span class='ocrx_word' id='word_1_717' title='bbox 597 5175 699 5230; x_wconf 90' lang='lat' dir='ltr'>per</span> <span class='ocrx_word' id='word_1_718' title='bbox 728 5157 926 5282; x_wconf 47' lang='lat' dir='ltr'>oinuia</span> <span class='ocrx_word' id='word_1_719' title='bbox 953 5157 1145 5282; x_wconf 55' lang='lat' dir='ltr'>detfita.</span> <span class='ocrx_word' id='word_1_720' title='bbox 1221 5156 1289 5191; x_wconf 72' lang='grc' dir='ltr'>δίο</span> <span class='ocrx_word' id='word_1_721' title='bbox 1317 5151 1697 5226; x_wconf 88' lang='lat' dir='ltr'>supplicicem</span> <span class='ocrx_word' id='word_1_722' title='bbox 1735 5152 1851 5207; x_wconf 89' lang='lat' dir='ltr'>cod.</span> <span class='ocrx_word' id='word_1_723' title='bbox 1927 5152 1991 5187; x_wconf 66' lang='lat'>5“</span> <span class='ocrx_word' id='word_1_724' title='bbox 2022 5151 2335 5208; x_wconf 86' lang='lat' dir='ltr'>efﬁcaciter</span> <span class='ocrx_word' id='word_1_725' title='bbox 2360 5152 2475 5208; x_wconf 86' lang='lat' dir='ltr'>cod.</span> <span class='ocrx_word' id='word_1_726' title='bbox 2551 5153 2619 5187; x_wconf 75' lang='grc'>⁵¹²</span> <span class='ocrx_word' id='word_1_727' title='bbox 2645 5152 2756 5223; x_wconf 87' lang='lat' dir='ltr'>Ad,</span> <span class='ocrx_word' id='word_1_728' title='bbox 2784 5152 2879 5219; x_wconf 89' lang='lat' dir='ltr'>do,</span> <span class='ocrx_word' id='word_1_729' title='bbox 2912 5151 2994 5221; x_wconf 89' lang='lat' dir='ltr'>in,</span> <span class='ocrx_word' id='word_1_730' title='bbox 3028 5151 3094 5220; x_wconf 92' lang='lat' dir='ltr'>ti,</span> <span class='ocrx_word' id='word_1_731' title='bbox 3126 5169 3199 5208; x_wconf 88' lang='lat' dir='ltr'>vo</span> <span class='ocrx_word' id='word_1_732' title='bbox 3236 5152 3485 5208; x_wconf 65' lang='lat' dir='ltr'>abscisa:</span> <span class='ocrx_word' id='word_1_733' title='bbox 3543 5151 3610 5185; x_wconf 80' lang='grc'>⁵³³</span> <span class='ocrx_word' id='word_1_734' title='bbox 3635 5147 3731 5201; x_wconf 71' lang='lat' dir='ltr'>Ve-</span> 
     </span>
     <span class='ocr_line' id='line_1_100' title="bbox 420 5229 1092 5282; baseline 0 0"><span class='ocrx_word' id='word_1_735' title='bbox 420 5250 472 5282; x_wconf 61' lang='lat' dir='ltr'>es</span> <span class='ocrx_word' id='word_1_736' title='bbox 502 5247 644 5282; x_wconf 83' lang='lat' dir='ltr'>corr.</span> <span class='ocrx_word' id='word_1_737' title='bbox 679 5230 753 5282; x_wconf 87' lang='lat' dir='ltr'>ha</span> <span class='ocrx_word' id='word_1_738' title='bbox 799 5229 944 5282; x_wconf 89' lang='lat' dir='ltr'>itum</span> <span class='ocrx_word' id='word_1_739' title='bbox 978 5244 1038 5282; x_wconf 87' lang='lat' dir='ltr'>co</span> <span class='ocrx_word' id='word_1_740' title='bbox 1080 5268 1092 5282; x_wconf 94' lang='lat'>.</span> 
     </span>
    </p>
   </div>
   <div class='ocr_carea' id='block_1_100' title="bbox 353 5229 1092 5290">
    <p class='ocr_par' dir='ltr' id='par_1_100' title="bbox 353 5229 1092 5290">
     <span class='ocr_line' id='line_1_101' title="bbox 353 5229 1092 5290; baseline -0.009 0"><span class='ocrx_word' id='word_1_741' title='bbox 353 5236 472 5290; x_wconf 87' lang='lat' dir='ltr'>stes</span> <span class='ocrx_word' id='word_1_742' title='bbox 502 5229 644 5288; x_wconf 69' lang='lat' dir='ltr'>corr.</span> <span class='ocrx_word' id='word_1_743' title='bbox 679 5229 944 5286; x_wconf 86' lang='lat' dir='ltr'>habitum</span> <span class='ocrx_word' id='word_1_744' title='bbox 978 5229 1092 5283; x_wconf 83' lang='lat' dir='ltr'>cod.</span> 
     </span>
    </p>
   </div>
   <div class='ocr_carea' id='block_1_101' title="bbox 1935 5320 2169 5376">
    <p class='ocr_par' dir='ltr' id='par_1_101' title="bbox 1935 5320 2169 5376">
     <span class='ocr_line' id='line_1_102' title="bbox 1935 5320 2169 5376; baseline -0.004 -1"><span class='ocrx_word' id='word_1_745' title='bbox 1935 5320 2169 5376; x_wconf 63' lang='lat' dir='ltr'>NOTJE.</span> 
     </span>
    </p>
   </div>
   <div class='ocr_carea' id='block_1_102' title="bbox 422 5421 3732 5506">
    <p class='ocr_par' dir='ltr' id='par_1_102' title="bbox 422 5421 3732 5506">
     <span class='ocr_line' id='line_1_103' title="bbox 422 5421 3732 5506; baseline -0.004 -15"><span class='ocrx_word' id='word_1_746' title='bbox 422 5436 569 5506; x_wconf 84' lang='grc'>(116)</span> <span class='ocrx_word' id='word_1_747' title='bbox 600 5436 734 5500; x_wconf 70' lang='lat' dir='ltr'>Quae</span> <span class='ocrx_word' id='word_1_748' title='bbox 766 5448 898 5506; x_wconf 82' lang='lat' dir='ltr'>cum</span> <span class='ocrx_word' id='word_1_749' title='bbox 923 5432 1051 5503; x_wconf 89' lang='lat' dir='ltr'>jam</span> <span class='ocrx_word' id='word_1_750' title='bbox 1084 5447 1178 5484; x_wconf 91' lang='lat' dir='ltr'>an.</span> <span class='ocrx_word' id='word_1_751' title='bbox 1208 5428 1323 5506; x_wconf 85' lang='lat'>97_9_</span> <span class='ocrx_word' id='word_1_752' title='bbox 1344 5426 1713 5506; x_wconf 77' lang='lat' dir='ltr'>accidissent,</span> <span class='ocrx_word' id='word_1_753' title='bbox 1738 5424 1996 5506; x_wconf 41' lang='lat' dir='ltr'>ordoﬁrre-</span> <span class='ocrx_word' id='word_1_754' title='bbox 2105 5422 2244 5506; x_wconf 67' lang='lat' dir='ltr'>Julii</span> <span class='ocrx_word' id='word_1_755' title='bbox 2272 5425 2308 5478; x_wconf 91' lang='lat'>9</span> <span class='ocrx_word' id='word_1_756' title='bbox 2338 5426 2474 5506; x_wconf 70' lang='lat' dir='ltr'>anni</span> <span class='ocrx_word' id='word_1_757' title='bbox 2506 5426 2632 5492; x_wconf 84' lang='lat' dir='ltr'>98l,</span> <span class='ocrx_word' id='word_1_758' title='bbox 2665 5424 2862 5506; x_wconf 72' lang='lat' dir='ltr'>iisque</span> <span class='ocrx_word' id='word_1_759' title='bbox 2902 5425 3063 5506; x_wconf 80' lang='lat' dir='ltr'>solis,</span> <span class='ocrx_word' id='word_1_760' title='bbox 3097 5421 3414 5506; x_wconf 75' lang='lat' dir='ltr'>formulam</span> <span class='ocrx_word' id='word_1_761' title='bbox 3454 5421 3563 5506; x_wconf 77' lang='lat' dir='ltr'>legi</span> <span class='ocrx_word' id='word_1_762' title='bbox 3592 5423 3732 5506; x_wconf 52' lang='lat' dir='ltr'>:Dq:</span> 
     </span>
    </p>
   </div>
   <div class='ocr_carea' id='block_1_103' title="bbox 353 5493 3733 5568">
    <p class='ocr_par' dir='ltr' id='par_1_103' title="bbox 353 5493 3733 5568">
     <span class='ocr_line' id='line_1_104' title="bbox 353 5493 3733 5568; baseline -0.004 -7"><span class='ocrx_word' id='word_1_763' title='bbox 353 5493 484 5567; x_wconf 77' lang='lat' dir='ltr'>ruin</span> <span class='ocrx_word' id='word_1_764' title='bbox 534 5493 733 5565; x_wconf 69' lang='lat' dir='ltr'>nostro</span> <span class='ocrx_word' id='word_1_765' title='bbox 781 5493 1047 5558; x_wconf 64' lang='lat' dir='ltr'>inversus</span> <span class='ocrx_word' id='word_1_766' title='bbox 1076 5516 1205 5555; x_wconf 88' lang='lat' dir='ltr'>esse</span> <span class='ocrx_word' id='word_1_767' title='bbox 1231 5498 1488 5563; x_wconf 83' lang='lat' dir='ltr'>videtur;</span> <span class='ocrx_word' id='word_1_768' title='bbox 1522 5496 1634 5552; x_wconf 88' lang='lat' dir='ltr'>nisi</span> <span class='ocrx_word' id='word_1_769' title='bbox 1693 5513 1844 5551; x_wconf 89' lang='lat' dir='ltr'>anno</span> <span class='ocrx_word' id='word_1_770' title='bbox 1890 5495 2013 5568; x_wconf 73' lang='lat'>98!.</span> <span class='ocrx_word' id='word_1_771' title='bbox 2105 5503 2219 5550; x_wconf 85' lang='lat' dir='ltr'>tum</span> <span class='ocrx_word' id='word_1_772' title='bbox 2247 5526 2313 5536; x_wconf 91' lang='lat'><strong>—</strong></span> <span class='ocrx_word' id='word_1_773' title='bbox 2341 5497 2459 5566; x_wconf 81' lang='lat' dir='ltr'>ﬁlio</span> <span class='ocrx_word' id='word_1_774' title='bbox 2495 5513 2619 5552; x_wconf 84' lang='lat' dir='ltr'>vero</span> <span class='ocrx_word' id='word_1_775' title='bbox 2664 5493 2780 5568; x_wconf 63' lang='lat' dir='ltr'>ejus</span> <span class='ocrx_word' id='word_1_776' title='bbox 2827 5496 3055 5561; x_wconf 57' lang='lat' dir='ltr'>domine:</span> <span class='ocrx_word' id='word_1_777' title='bbox 3105 5493 3371 5553; x_wconf 80' lang='lat' dir='ltr'>Ludovico</span> <span class='ocrx_word' id='word_1_778' title='bbox 3424 5493 3733 5557; x_wconf 68' lang='lat' dir='ltr'>adolescente</span> 
     </span>
    </p>
   </div>
   <div class='ocr_carea' id='block_1_104' title="bbox 355 5566 3005 5651">
    <p class='ocr_par' dir='ltr' id='par_1_104' title="bbox 355 5566 3005 5651">
     <span class='ocr_line' id='line_1_105' title="bbox 355 5566 3005 5651; baseline -0.005 -17"><span class='ocrx_word' id='word_1_779' title='bbox 355 5566 597 5651; x_wconf 78' lang='lat' dir='ltr'>llugone</span> <span class='ocrx_word' id='word_1_780' title='bbox 642 5573 1008 5651; x_wconf 71' lang='lat' dir='ltr'>assentiente</span> <span class='ocrx_word' id='word_1_781' title='bbox 1046 5572 1294 5651; x_wconf 69' lang='lat' dir='ltr'>fortasse</span> <span class='ocrx_word' id='word_1_782' title='bbox 1332 5586 1430 5651; x_wconf 72' lang='lat' dir='ltr'>rex</span> <span class='ocrx_word' id='word_1_783' title='bbox 1455 5569 1838 5651; x_wconf 62' lang='lat' dir='ltr'>confirmatus</span> <span class='ocrx_word' id='word_1_784' title='bbox 1897 5566 1992 5651; x_wconf 73' lang='lat' dir='ltr'>sit.</span> <span class='ocrx_word' id='word_1_785' title='bbox 2103 5568 2319 5637; x_wconf 82' lang='lat' dir='ltr'>egregio</span> <span class='ocrx_word' id='word_1_786' title='bbox 2351 5576 2610 5637; x_wconf 84' lang='lat' dir='ltr'>regnante</span> <span class='ocrx_word' id='word_1_787' title='bbox 2644 5566 2790 5624; x_wconf 78' lang='lat' dir='ltr'>anno</span> <span class='ocrx_word' id='word_1_788' title='bbox 2822 5571 3005 5623; x_wconf 73' lang='lat' dir='ltr'>tercio.</span> 
     </span>
    </p>
   </div>
   <div class='ocr_carea' id='block_1_105' title="bbox 355 5636 2693 5723">
    <p class='ocr_par' dir='ltr' id='par_1_105' title="bbox 355 5636 2693 5723">
     <span class='ocr_line' id='line_1_106' title="bbox 355 5636 2693 5723; baseline -0.011 -16"><span class='ocrx_word' id='word_1_789' title='bbox 355 5636 662 5723; x_wconf 73' lang='lat' dir='ltr'>Singulare</span> <span class='ocrx_word' id='word_1_790' title='bbox 693 5646 949 5719; x_wconf 89' lang='lat' dir='ltr'>quidem,</span> <span class='ocrx_word' id='word_1_791' title='bbox 993 5645 1053 5698; x_wconf 90' lang='lat' dir='ltr'>in</span> <span class='ocrx_word' id='word_1_792' title='bbox 1102 5640 1320 5697; x_wconf 87' lang='lat' dir='ltr'>chartis</span> <span class='ocrx_word' id='word_1_793' title='bbox 1369 5638 1623 5695; x_wconf 90' lang='lat' dir='ltr'>Lotharii</span> <span class='ocrx_word' id='word_1_794' title='bbox 1676 5636 1904 5692; x_wconf 85' lang='lat' dir='ltr'>duabus</span> <span class='ocrx_word' id='word_1_795' title='bbox 1936 5636 1992 5689; x_wconf 90' lang='lat' dir='ltr'>d.</span> <span class='ocrx_word' id='word_1_796' title='bbox 2142 5636 2145 5637; x_wconf 64' lang='grc'><strong><em>⁷</em></strong></span> <span class='ocrx_word' id='word_1_797' title='bbox 2413 5636 2424 5637; x_wconf 54' lang='grc'><strong>“</strong></span> <span class='ocrx_word' id='word_1_798' title='bbox 2692 5654 2693 5657; x_wconf 55' lang='grc' dir='ltr'><strong>η</strong></span> 
     </span>
    </p>
   </div>
  </div>
