3838 6238
382 376 491 439 127

1473 374 1787 439 RICHERI
1835 376 1897 436 S.
1947 375 2254 438 REMIGII
2298 375 2680 438 MONACHI.
3649 377 3739 441 128

375 509 475 567 bat
523 526 616 566 me
658 504 1017 566 habiturum.
1052 508 1186 577 Quae
1218 525 1383 566 mens
1412 506 1472 564 in
1496 524 1589 565 me
1618 505 1868 565 maxime
1915 523 2011 564 va-
2046 507 2099 575 Α
2130 506 2287 581 poris
2317 504 2701 566 intolerabilis
2716 525 2831 566 non
2846 504 3740 568 deerat.UndeunotantunIanno

374 600 455 656 let
483 599 569 655 ⁵³⁸.
603 600 828 656 Placeat
862 599 1060 672 itaque
1100 598 1412 655 consilium
1457 591 1829 671 profuturum
1861 598 2015 668 dare,

377 706 509 745 cum
543 706 577 745 a
606 689 772 744 vobis
803 686 1076 761 proposui
1111 705 1204 743 me
1237 706 1351 743 non
1403 688 1797 743 discessurum
1832 689 1918 743 ⁵³⁸.
1953 689 2016 742 In

2127 597 2276 669 patri
2312 603 2628 671 superstes,
2654 598 2716 654 11
2744 598 2868 656 Kal.
2887 600 3047 656 Junii
3071 600 3364 667 deﬁtiens,
3385 603 3601 655 natura:
3613 592 3741 656 debi-

2126 684 2253 742 tum
2286 685 2474 742 solvit.
2500 687 2677 758 Cujus
2711 688 3007 744 discessus
3038 705 3103 744 eo
3135 692 3401 760 tempore
3428 687 3632 742 accidit
3647 705 3738 760 quo

377 778 544 833 vobis
576 777 731 833 enim
764 794 958 833 meum
987 777 1612 848 consilium,animum,
1650 776 2022 843 fortunas,si-
2127 779 2184 830 et
2213 774 2642 847 metropolitani
2677 775 2945 848 purgatio
2977 777 3048 831 de
3079 775 3606 848 objectisbabenda
3623 781 3738 831 erat.

374 869 466 922 tos
497 883 623 922 esse
650 866 826 922 volui.
858 866 1141 921 Adalbero
1173 866 1484 920 Remorum
1533 865 2017 937 metropolitanus

376 954 894 1027 cpiscopus,bomo
921 956 1182 1010 omnium
1216 971 1362 1025 quos
1390 958 1544 1009 terra
1575 954 1827 1009 sustinet
1846 954 2019 1009 scele-

377 1043 734 1115 ratissimus,
768 1049 1096 1115 contempto
1129 1043 1314 1115 patris
1361 1042 1473 1097 mei
1524 1043 1790 1114 imperio,
1822 1043 2016 1099 Ottoni

374 1133 723 1187 Francorum
759 1132 913 1187 hosti
944 1132 999 1186 in
1033 1132 1306 1186 omnibus
1338 1130 1494 1185 favit.
1529 1132 1607 1186 Eo
1648 1137 2012 1203 cooperante,

375 1220 504 1277 Otto
537 1221 848 1275 exercitum
880 1222 1047 1276 nobis
1077 1219 1323 1274 induxit.
1359 1221 1499 1290 Ejus
1533 1220 1857 1275 subtilitate
1890 1220 2019 1276 Gal-

372 1315 482 1370 lias
530 1309 915 1385 depopulatus
963 1313 1070 1365 est.
1105 1311 1183 1364 Eo
1212 1308 1438 1364 itineris
1469 1306 1647 1363 duces
1678 1314 2014 1379 praestante,

372 1401 704 1475 indempnis
732 1416 863 1454 cum
900 1398 1154 1455 exercitu
1188 1397 1377 1453 rediit.
1415 1396 1520 1462 Qui
1568 1401 1633 1451 ut
1680 1414 1882 1468 pmnas
1911 1415 2015 1469 pro

370 1496 531 1546 tanto
558 1488 871 1543 commisso
906 1486 1108 1551 solvat,
1145 1500 1376 1556 aequum
1406 1488 1465 1539 et
1497 1483 1636 1539 utile
1664 1485 1897 1540 videtur
1924 1486 2012 1553 ⁸⁵³⁸,

369 1581 647 1654 quatinus
678 1576 983 1647 restilente
1006 1590 1362 1646 compresso,
1386 1577 1577 1628 metus
1597 1573 1894 1629 adoriendi
1928 1579 2014 1631 ta-

365 1669 464 1738 lia,
499 1668 830 1741 quibusque
860 1664 1054 1737 pravis
1084 1662 1389 1717 inferatur.
1426 1683 1454 1711 »

436 1757 686 1827 3.Cujus
717 1753 899 1810 oratio
925 1752 1041 1807 vim
1066 1750 1348 1806 suadendi
1375 1768 1488 1806 non
1513 1750 1743 1817 habuit,
1774 1767 1840 1806 eo
1857 1754 2013 1824 quod

368 1844 843 1920 suggestionibus
870 1841 1155 1897 malorum
1180 1834 1238 1895 in
1264 1857 1563 1895 summum
1584 1840 1915 1911 pontiﬁcem
1931 1842 2008 1896 ef-

367 1936 603 2000 feratus,
641 1937 849 2005 praeter
870 1933 1101 2001 justum
1133 1929 1330 2001 aliqua
1359 1926 1600 2001 indigna
1618 1928 1833 1984 dixisse
1849 1930 2010 1984 vide-

367 2029 542 2080 retur.
562 2028 667 2078 Pro
699 2026 861 2093 parte
888 2025 1083 2075 tamen
1106 2017 1154 2074 ei
1188 2019 1412 2074 fautum
1446 2022 1673 2088 est,pro
1706 2021 2011 2089 partevero

366 2128 747 2186 suppressum
775 2129 788 2177 ;
823 2109 904 2165 ita
932 2112 1299 2174 tamen,utet
1313 2106 1664 2179 regiinjuria
1695 2124 1811 2161 non
1825 2107 2008 2172 ﬁeret,

366 2205 421 2258 et
450 2201 605 2274 aperi
638 2197 859 2255 nefario
891 2198 1008 2253 dux
1050 2213 1164 2252 non
1216 2195 1584 2252 consentiens
1613 2199 1858 2267 pareret.
1895 2196 2011 2251 Rex

364 2293 525 2346 tanto
546 2287 742 2345 animo
769 2303 1043 2359 prmoeps,
1069 2285 1125 2339 in
1160 2283 1675 2357 metropolitanum
1706 2288 2009 2356 assumpto

366 2380 512 2434 duce
543 2394 675 2433 cum
708 2374 961 2430 exercitu
994 2374 1195 2428 fertur.
1214 2375 1407 2443 Ipsam
1432 2372 1635 2427 urbem
1661 2370 1901 2444 appetit,
1921 2377 2010 2427 at-

367 2466 479 2538 que
509 2465 832 2535 irrumpere
854 2459 1170 2516 contendit.
1205 2459 1525 2515 Primatum
1552 2463 1747 2514 tamen
1765 2459 2008 2515 consilio

366 2570 533 2620 usus,
565 2551 788 2625 legatos
819 2548 1119 2621 praemisit,
1153 2565 1256 2620 per
1287 2564 1434 2619 quos
1475 2552 1757 2619 quaereret
1782 2565 1856 2604 an
1888 2549 2006 2620 epi-

367 2652 577 2713 Scopus
609 2638 903 2695 resisteret
934 2637 1073 2709 regi,
1099 2653 1171 2691 an
1196 2652 1264 2691 ex
1276 2635 1517 2706 objectis
1539 2635 2007 2708 purgaristatuto

366 2734 628 2802 tempore
656 2731 898 2800 paratus
941 2730 1115 2781 esset.
1148 2725 1206 2781 Si
1237 2729 1438 2780 contra
1473 2728 1670 2791 staret,
1703 2742 1830 2781 sese
1874 2743 2008 2782 mox

365 2818 729 2876 obsidionem
763 2815 888 2872 urbi
923 2814 1322 2871 adhibiturum
1351 2813 1627 2882 dicerent,
1662 2818 2007 2887 captamque

366 2907 567 2963 urbem
601 2923 735 2962 cum
759 2905 885 2978 ipso
914 2904 1080 2960 hoste
1111 2920 1605 2976 compressurum.
1642 2902 1700 2959 Si
1730 2920 1862 2959 vero
1902 2905 2003 2959 ob-

356 2995 529 3068 jectis
560 2994 909 3068 respondere
940 3011 1055 3048 non
1088 2992 1399 3063 dubitaret,
1415 2991 1649 3048 obsides
1677 2992 1750 3048 ab
1782 3009 1847 3049 eo
1878 3009 2005 3049 sese

364 3088 738 3157 accepturum
771 3083 1223 3153 ducturumque.

436 3175 488 3228 4.
519 3173 604 3228 Ad
634 3172 756 3227 haec
787 3169 1343 3241 metropolitanusm
1358 3168 1500 3224 Cum
1529 3169 1999 3242 constet,inquit,

2123 864 2339 918 Aderat
2367 863 2546 937 igitur
2566 865 2930 937 purgandus,
2954 869 3013 921 et
3038 854 3210 937 regia:
3240 854 3742 936 majestatisatisfa-

2126 958 2347 1008 cturus.
2370 953 2479 1008 Sed
2504 952 2642 1025 regii
2660 953 2880 1009 funeris
2902 953 3253 1020 calamitate,
3273 951 3743 1024 baclitesuppres-

2126 1059 2209 1109 sa,
2227 1058 2333 1097 nec
2353 1041 2745 1097 controversia
2756 1046 2951 1113 partes
2967 1041 3194 1107 habuit,
3209 1057 3313 1096 nec
3330 1058 3399 1096 ex
3416 1057 3486 1096 ea
3490 1032 3740 1112 juditium

2124 1128 2559 1203 promulgatum
2578 1129 3115 1185 fuit.Plurimavero
3130 1129 3741 1201 commiserationeipse

2124 1219 2433 1291 episcopus
2458 1219 2529 1274 de
2560 1223 2745 1274 morte
2775 1219 2929 1292 regis
2959 1223 3435 1291 conquestusest.
3455 1219 3739 1291 Pestquam

2125 1312 2319 1362 autem
2354 1307 2579 1380 regium
2611 1308 2787 1381 funus
2810 1294 3484 1380 curassent,principum
3518 1308 3741 1375 dccneto,

2124 1396 2461 1469 Compendii
2494 1395 2821 1452 tumulatus
2852 1401 2959 1462 est,
2979 1396 3249 1468 cumipse
3278 1396 3478 1453 vivens
3496 1413 3742 1467 secuspa-

2123 1489 2271 1541 trem
2304 1484 2585 1540 tumulari
2612 1484 2864 1558 petierit.
2898 1486 2963 1540 Id
2994 1488 3189 1540 autem
3229 1485 3501 1540 consulto
3552 1484 3737 1539 factum

2124 1578 2232 1642 est,
2256 1590 2328 1629 ne
2341 1573 2479 1628 dum
2495 1573 2722 1630 itineris
2736 1572 3163 1645 longitudinem
3177 1590 3377 1629 eorum
3392 1572 3740 1645 quamplures

2120 1662 2393 1731 vitarent,
2427 1666 2483 1717 ct
2512 1680 2546 1718 a
2571 1679 2632 1718 se
2659 1661 2827 1718 divisi
2861 1661 3250 1737 discederent,
3273 1662 3354 1717 rei
3382 1661 3627 1733 publica
3640 1659 3741 1716 util-

2124 1749 2330 1805 limum
2347 1748 3043 1807 diﬁ‘erreturconsultum.
3061 1747 3741 1822 Placuititaqueantedis-

2125 1855 2355 1894 cessum
2388 1838 2787 1906 convenire,et
2816 1855 2883 1893 ex
2917 1838 3079 1910 regni
3097 1837 3421 1893 commodis
3445 1836 3738 1893 consulere.

2191 1929 2245 1981 6.
2280 1928 2936 2001 Purgatio,Adalberonz’s
2964 1926 3030 1982 de
3075 1927 3293 1999 objectis
3321 1944 3357 1982 α
3387 1926 3664 1981 Ludovico.
3690 1953 3741 1963 -

2121 2016 2342 2080 Quibus
2373 2015 2828 2088 dispositis,dux
2859 2015 2945 2071 sic
2973 2033 3146 2071 orsus
3167 2015 3377 2087 coepit:
3410 2038 3441 2065 «
3479 2012 3741 2069 Hucexlo-

2120 2104 2205 2160 cis
2240 2104 2485 2160 diversis
2507 2103 2664 2177 regio
2689 2105 2861 2174 jussu
2894 2104 3101 2172 vocati,
3137 2105 3207 2160 ad
3240 2104 3666 2159 discutiendum
3689 2117 3740 2156 ea

2121 2210 2247 2264 quae
2279 2209 2510 2247 summo
2532 2191 3150 2264 pontiﬁciAdalberoni
3171 2192 3479 2263 objectasu
3491 2196 3573 2253 nt,
3588 2188 3740 2245 multa

2119 2281 2233 2336 ﬁde
2265 2285 2328 2335 ut
2358 2283 2499 2352 puto
2530 2279 2902 2336 convenistis.
2935 2280 3045 2336 Sed
3079 2279 3221 2335 diva
3248 2279 3550 2335 memoriae
3577 2280 3639 2313 ⁵³⁸
3664 2293 3739 2332 rex

2119 2368 2218 2441 qui
2252 2369 2612 2435 intendebat,
2633 2362 2912 2440 quoniam
2944 2368 3053 2424 hac
3074 2368 3193 2423 vita
3223 2368 3493 2440 privatus
3511 2372 3615 2432 est,
3631 2382 3736 2421 con~

2118 2458 2410 2513 troversiaa
2462 2461 2682 2512 statum
2734 2457 2904 2512 nobis
2953 2456 3387 2513 discutiendum
3418 2448 3666 2529 reliquit.
3693 2452 3735 2509 Si

2117 2562 2253 2618 ergo
2302 2550 2510 2617 praeter
2553 2562 2687 2600 eum
2738 2550 2827 2600 est
2856 2545 2955 2616 qui
2989 2545 3291 2601 intendere
3320 2546 3556 2611 audeat,
3587 2558 3737 2614 eoque

2117 2634 2314 2689 animo
2343 2634 2515 2702 valet,
2546 2638 2612 2688 ut
2644 2634 3025 2706 exsequendas
3067 2632 3189 2689 litis
3234 2637 3463 2706 partem
3507 2631 3734 2705 arripiat,

2116 2722 2272 2778 adsit
2299 2739 2515 2791 coram,
2551 2723 2691 2795 quid
2716 2721 2929 2778 sentiat
2958 2721 3168 2788 edicat,
3190 2721 3337 2777 nihil
3372 2727 3638 2778 metuens
3651 2718 3733 2775 crio

2116 2812 2338 2867 minato
2383 2810 2666 2866 intendat.
2701 2811 2760 2867 Si
2790 2828 2925 2867 vera
2970 2802 3249 2883 proferat,
3281 2812 3412 2882 ejus
3451 2812 3733 2867 verborum

2114 2900 2532 2972 approbatores
2549 2917 2655 2955 nos
2682 2900 2806 2956 sine
2827 2899 3005 2954 dubio
3027 2898 3285 2955 habebit.
3301 2899 3469 2965 Quod
3488 2900 3537 2955 si
3551 2897 3736 2955 calum-

2113 2980 2304 3044 niator
2350 2988 2499 3044 falsa
2542 2987 2842 3054 conﬁnxit,
2871 3004 3071 3044 vocem
3121 2988 3476 3060 supprimat,
3514 3004 3583 3042 ne
3610 2981 3729 3040 tanti

2113 3076 2387 3133 facinoris
2414 3081 2678 3148 argutus,
2711 3093 2913 3148 pcenas
2934 3075 3138 3153 solvat.
3174 3098 3201 3125 ››
3225 3077 3339 3131 Ter
3369 3075 3730 3131 acclamatum

2111 3170 2219 3234 est,
2237 3169 2303 3221 ut
2328 3164 2551 3221 delator
2570 3165 2933 3237 procederet;
2966 3168 3056 3220 ter
3084 3164 3157 3220 ab
3189 3162 3469 3220 omnibus
3485 3165 3729 3236 negatum

364 3263 548 3319 bonos
579 3276 844 3332 quosque
857 3275 1168 3331 pravorum
1199 3256 1510 3313 calumniis
1541 3258 1775 3313 assidue
1796 3241 2004 3314 dilace-
2033 3241 2078 3307 θ
2113 3259 2222 3311 est.

364 3351 631 3423 rari,non
664 3348 845 3404 miror
874 3347 1011 3403 huic
1030 3346 1259 3419 injuriae
1291 3346 1483 3403 locum
1498 3345 1798 3404 accidisse.
1819 3347 2001 3403 Multo

364 3438 618 3512 amplius
665 3453 799 3493 vero
841 3437 1022 3492 miror
1070 3435 1332 3509 egregios
1362 3434 1655 3508 principes
1686 3440 1807 3491 tam
1839 3435 2004 3491 facile

362 3545 534 3602 posse
564 3526 726 3593 illici,
750 3524 1149 3582 utcertissime
1178 3541 1306 3580 esse
1335 3525 1573 3580 credant
1600 3525 1750 3596 quod
1778 3525 2003 3580 necsub

353 3617 554 3690 judice
586 3615 663 3671 sit
678 3615 1040 3680 discussum,
1057 3618 1114 3668 et
1137 3613 1185 3668 si
1198 3613 1257 3668 in
1271 3612 1636 3669 discutienda
1650 3614 2001 3680 conferatur,

361 3704 540 3761 nullis
572 3703 899 3760 rationibus
931 3700 1232 3774 probabile
1264 3701 1562 3765 ﬁat.Quod
1586 3700 1866 3757 sicredita
1890 3700 2005 3756 dis~

362 3797 556 3848 cutere
602 3791 844 3863 placuit,
876 3807 980 3845 cur
1029 3789 1209 3844 armis
1257 3792 1314 3843 et
1342 3789 1592 3844 exercitu
1622 3788 1679 3843 id
1712 3789 2006 3861 exigitur?

361 3881 564 3937 Nonne
596 3895 732 3950 ergo
763 3878 878 3934 alia
898 3893 1000 3949 pro
1031 3876 1164 3932 aliis
1184 3892 1291 3931 nos
1305 3876 1557 3947 cogitare
1579 3876 1843 3932 faciunt?
1863 3877 2007 3933 Sido

363 3966 669 4041 przeteritis
701 3965 915 4037 agitur,
951 3981 1152 4037 regum
1196 3963 1446 4019 salutem
1476 3964 1757 4020 hactenus
1788 3968 2002 4037 optavi.

361 4058 577 4114 Eorum
609 4069 805 4125 genus
829 4050 1001 4108 colui.
1035 4051 1371 4123 Principum
1403 4068 1636 4124 quoque
1676 4054 2003 4122 commoda,

362 4162 466 4219 pro
499 4143 723 4200 ratione
773 4140 981 4197 amavi.
1008 4141 1069 4198 Si
1114 4142 1185 4196 de
1230 4141 1638 4213 praesentibus,
1673 4142 1794 4213 regi
1836 4143 2009 4213 jussa

363 4232 566 4306 exequi
598 4248 715 4286 non
747 4246 973 4299 moror;
1006 4228 1241 4285 obsides
1271 4244 1419 4299 quos
1447 4229 1589 4297 vult,
1623 4229 1788 4285 trado
1810 4229 2008 4298 ;ratio-

362 4339 495 4380 nem
527 4326 729 4378 contra
755 4319 983 4390 objecta
1012 4318 1317 4375 intendere
1350 4334 1466 4373 non
1499 4317 1721 4374 diﬁ'ero.
1758 4340 1786 4367 ››
1818 4318 2008 4374 Factis

362 4429 496 4486 ergo
546 4410 842 4481 utrimque
886 4406 1232 4476 rationibus,
1266 4405 1499 4462 obsides
1539 4406 1717 4474 dedit,
1750 4408 2008 4480 Ragene-

362 4518 492 4556 rum
522 4500 713 4555 virum
746 4494 1402 4564 militarem,nobilitate
1431 4499 1488 4551 et
1515 4494 1730 4551 divitiis
1758 4494 2004 4562 clarum,

362 4588 673 4662 pluresque
702 4586 848 4642 alios
876 4586 1017 4640 dum
1050 4584 1173 4658 regi
1204 4585 1515 4640 sufﬁceret.

433 4678 486 4731 5.
519 4675 704 4730 Obitus
733 4674 1010 4730 Ludovici.
1043 4705 1112 4717 --
1134 4674 1254 4730 Rex
1282 4672 1481 4745 itaque
1512 4673 1829 4729 exercitum
1852 4689 2008 4729 amo-

361 4764 463 4832 vit,
497 4762 986 4833 Sil'vanectimque
1016 4761 1265 4817 devenit.
1299 4761 1407 4817 Ubi
1449 4761 1589 4816 dum
1621 4761 1882 4817 aestivam
1910 4778 2004 4816 ve-

365 4850 669 4907 nationem
684 4853 993 4917 exerceret,
1020 4848 1276 4920 pedestri
1308 4848 1479 4920 lapsu
1511 4847 2006 4916 decidens,mutto

365 4939 553 5013 epatis
585 4935 780 4993 dolere
807 4941 1048 4993 vexatus
1067 4942 1175 4993 est.
1191 4936 1337 4992 Nam
1353 4936 1563 5008 quiain
1594 4941 1759 5009 epate
1776 4937 2009 5009 sangui-

367 5029 460 5085 nis
487 5028 684 5084 sedem
718 5024 928 5096 phisici
960 5025 1285 5097 perhibent,
1303 5042 1372 5081 ea
1399 5026 1536 5080 sede
1558 5040 2010 5089 ooncussa,san-

366 5115 499 5190 guis
544 5114 604 5169 in
636 5111 1024 5168 ematboioam
1067 5111 1414 5167 redundavit
1463 5110 1734 5177 (987,Mai
1760 5111 1871 5172 22).
1907 5111 2019 5166 Cui

367 5201 611 5276 sanguis
623 5199 891 5272 copiosus
905 5216 1006 5272 per
1017 5217 1186 5256 nares
1199 5203 1252 5255 et
1266 5198 1465 5272 gulam
1479 5198 1599 5254 dit‘ﬁ
1608 5198 2009 5254 uebat.Mami-

364 5293 434 5348 ιω
465 5289 767 5348 doloribus
779 5287 1035 5346 assiduis
1060 5287 1463 5359 pulsabantur.
1482 5287 1876 5343 Fervortotius
1890 5304 2010 5343 cor-

2179 3344 2235 3397 7.
2268 3346 2393 3397 Dux
2414 3341 2609 3413 itaque
2638 3341 2853 3396 iterum
2884 3339 3116 3396 locutus
3143 3339 3260 3395 ait:
3287 3362 3309 3390 ι
3335 3339 3397 3396 Si
3427 3339 3507 3397 lis
3528 3340 3645 3411 jam
3660 3335 3733 3391 de-

2112 3430 2271 3498 cidit,
2305 3429 2446 3502 quia
2474 3429 2572 3501 qui
2604 3429 2872 3484 intendat
2900 3445 3016 3484 non
3047 3432 3155 3496 est,
3190 3428 3637 3500 metropolitano
3660 3426 3731 3479 ut-

2113 3518 2378 3592 poteviro
2391 3516 2573 3573 nobili
2602 3520 2660 3572 et
2690 3515 2877 3572 multa
2906 3515 3405 3588 sapientiainclito
3435 3514 3732 3572 cedendum

2113 3611 2221 3663 est.
2253 3607 2337 3661 Ab
2368 3605 2478 3661 hac
2508 3622 2644 3677 ergo
2675 3604 3000 3675 suspitione
3031 3604 3267 3677 penitus
3282 3603 3590 3671 discedite,
3605 3616 3734 3657 sum-

2114 3710 2395 3767 mumque
2425 3692 2734 3765 praesulem
2767 3692 2953 3748 multo
2982 3693 3201 3748 honore
3232 3691 3493 3748 excolite.
3530 3692 3732 3749 Revere-

2115 3781 2260 3838 mini
2290 3782 2447 3837 hunc
2477 3780 2653 3838 talem
2683 3781 2971 3850 virum,’et
3000 3784 3231 3853 quanta:
3260 3774 3731 3851 virtutis,sapien-

2113 3872 2229 3942 tim,
2258 3869 2579 3931 nobilitatis
2609 3869 2705 3936 sit,
2730 3869 3015 3925 hactenus
3061 3869 3392 3941 praadicate.
3421 3868 3572 3936 Quid
3600 3864 3729 3922 enim

2114 3961 2350 4032 prodest
2378 3958 2764 4030 suspitionem
2793 3957 3028 4028 habere",
3045 3957 3140 4013 cui
3155 3956 3215 4012 in
3223 3956 3444 4029 juditio
3466 3973 3582 4013 non
3597 3953 3731 4011 fuere

2112 4047 2263 4104 vires
2293 4048 2615 4119 quicquam
2647 4045 2881 4102 dicere?
2900 4047 3090 4118 iiErgo
3120 4046 3187 4081 ⁴⁵⁰
3214 4058 3450 4102 summo
3476 4039 3731 4118 pontiﬁci,

2114 4138 2234 4192 dux
2282 4135 2641 4207 reliquorum
2685 4134 3346 4206 primatumconsensu,
3378 4130 3734 4206 exsequenda

2115 4223 2358 4281 rationis
2389 4223 2670 4279 honorem
2687 4224 2758 4279 de
2768 4222 3023 4279 utilitate
3045 4221 3513 4295 regniattribuit,
3527 4238 3589 4278 eo
3600 4215 3733 4292 quod

2112 4314 2239 4386 ipse
2268 4312 2671 4368 divinarumet
2685 4311 3075 4368 humanarum
3099 4320 3291 4367 rerum
3322 4303 3731 4367 scientissime];

2114 4401 2259 4458 leret
2287 4403 2462 4472 atque
2492 4399 2778 4456 facundia:
2810 4398 3154 4456 efﬁcacitate
3182 4397 3506 4471 plurimum
3525 4393 3729 4453 valeret.

2184 4493 2237 4545 8.
2273 4490 2483 4545 Factus
2513 4488 2711 4561 itaque
2740 4498 2879 4544 cum‘
2908 4489 3054 4544 duce
3084 4486 3351 4544 omnium
3381 4480 3729 4550 medius;ait'-

2035 4603 2083 4667 Ι)
2116 4602 2143 4629 ‹‹
2178 4579 2334 4650 Rege
2361 4581 2560 4667 nostro
2590 4575 2856 4649 piissimo
2887 4576 3038 4633 inter
3065 4574 3497 4667 intellectibilia-
3518 4567 3735 4667 transla-

2114 4671 2193 4733 to,
2209 4666 2407 4739 magni
2421 4665 2588 4722 ducis
2618 4670 3064 4738 ceter-eruntque
3075 4664 3421 4737 principum:
3435 4657 3733 4719 benivolam

2115 4756 2200 4813 tia
2228 4755 2300 4811 ab
2345 4755 2588 4826 objectis
2616 4757 2922 4827 purgatus,
2954 4752 3039 4809 rei
3086 4752 3332 4826 publica:
3379 4746 3739 4808 consulturus

2115 4843 2371 4900 consedi.
2386 4843 2503 4900 Nec
2534 4843 2699 4899 sedet
2728 4842 2945 4910 animo,
2968 4846 3039 4898 ut
3064 4840 3383 4914 quicquam
3405 4839 3599 4897 nisiad
3620 4848 3731 4907 ριὀ-

2115 4934 2332 4988 fectum
2383 4931 2465 4988 rei
2514 4930 2758 5004 publicai
2796 4930 3043 4987 edicam.
3078 4930 3400 4986 Commune
3448 4925 3732 4986 consilium

2116 5037 2334 5093 quaero,
2368 5019 2507 5092 quia
2533 5019 2813 5076 omnibus
2839 5020 3116 5092 prodesse
3141 5018 3332 5091 cupio;
3357 5017 3503 5073 Cum
3532 5015 3731 5071 videam

2117 5126 2233 5165 non
2255 5124 2459 5165 omnes
2487 5107 2780 5180 principes
2809 5108 3036 5175 adesse,
3057 5118 3310 5179 quorum
3341 5119 3575 5178 quoque
3616 5108 3731 5174 pru-

2118 5197 2318 5254 dentia
2345 5201 2402 5252 et
2428 5195 2731 5269 diligentia
2760 5204 2852 5252 res
2882 5197 3047 5269 regni
3079 5193 3480 5252 administrari
3507 5188 3743 5275 valeant}

2120 5288 2270 5343 ratio
2300 5284 2581 5358 querendi
2612 5284 2768 5358 regis
2785 5288 2849 5340 ut
2865 5283 3251 5341 mibi'videtur
3268 5283 3340 5339 ad
3352 5272 3734 5355 tempuS'diReé

1706 5436 1949 5493 VARI/Ii
1980 5432 2395 5493 LECTIONES.

437 5585 504 5621 ⁵³⁵
528 5600 582 5640 v.
616 5597 962 5654 semperque
994 5581 1137 5636 dum
1168 5579 1226 5654 in
1246 5578 1372 5654 vita
1387 5578 1547 5634 fuero
1576 5578 1949 5654 potissimum
1983 5576 2200 5652 vigebit
2220 5576 2418 5654 deleta.
2467 5575 2648 5654 _f_’7_d.
2663 5574 2792 5654 fore
3142 5574 3208 5609 ⁸⁸⁸
3236 5584 3289 5628 v.

3583 5565 3733 5623 Inani-

369 5671 480 5728 que
505 5659 569 5710 ut
595 5641 807 5727 pravus
832 5641 996 5725 justo
1026 5648 1308 5724 supplitio
1340 5641 1713 5721 dampnétur,
1746 5648 1889 5705 utile
1936 5641 2076 5705 vero
2103 5655 2170 5705 ut
2198 5647 2390 5705 deleta.
2467 5645 2534 5682 ⁵³⁸
2562 5645 2630 5702 D.
2663 5648 2734 5700 Μ.
2765 5644 2951 5703 codex.
3027 5644 3096 5680 ⁸⁴⁰
3139 5647 3385 5717 ραι-μισ
3407 5641 3476 5700 ’8.
3503 5641 3731 5697 deletum.
