3838 6238
92 308 197 367 I37

974 308 1513 377 HISTORIARUM
1559 315 1767 377 LIBRI
1813 315 2211 388 QUATUOB.
2247 351 2324 362 —
2353 319 2502 380 LIB.
2547 319 2655 381 IV.

3382 322 3498 383 138

91 440 342 496 dentium
370 440 831 509 ordinationem,
857 446 1199 500 sacramenti
1226 446 1565 502 auctoritate
1591 448 1731 502 mihi
1765 451 1816 516 Α
1848 450 1999 519 guis,
2022 449 2159 504 illud
2184 454 2374 526 taﬁmen
2393 452 3494 526 infortuniigenusarbitrabatnr,quod

92 545 335 585 conexus
358 531 461 585 sit.
502 552 531 579 »

154 617 243 672 29.
277 619 613 691 Cirographi
648 619 715 654 “5
742 622 1014 693 scriptum.
1070 656 1135 662 —

91 706 294 761 mentis
324 711 676 779 conceptum
710 708 987 781 aperiam,
1018 715 1147 783 post
1169 712 1489 782 jurationis
1533 731 1729 770 sacra-

89 799 364 861 mentum,
396 795 814 869 cirographum
845 798 915 853 ab
947 816 1012 855 eo
1062 799 1437 857 scribendum
1471 806 1629 874 puto.
1665 801 1729 858 In

88 901 197 956 quo
229 885 658 942 maledictionis
690 888 999 944 anathema
1046 889 1332 945 habeatur
1361 890 1724 964 hujusmodi,

88 975 232 1047 quod
262 975 310 1030 ei
342 974 718 1047 imprecetur
746 994 848 1049 pro
869 977 1137 1033 felicibus
1159 979 1598 1047 contumeliosa,
1623 998 1725 1053 pro

86 1062 430 1121 salutaribus
461 1064 800 1138 pernitiosa,
824 1084 929 1139 pro
949 1066 1213 1124 honestis
1237 1069 1452 1142 turpia,
1476 1087 1579 1142 pro
1602 1070 1727 1127 diu-

84 1152 351 1210 turnitate
382 1160 689 1227 punctum,
716 1173 821 1229 pro
850 1157 1069 1214 honore
1092 1162 1514 1232 contemptum,
1549 1164 1629 1228 et,
1660 1164 1725 1215 ut

84 1246 262 1298 totum
293 1244 695 1314 concludatur,
726 1264 830 1318 pro
862 1246 1137 1303 omnibus
1168 1248 1338 1304 bonis
1370 1248 1569 1305 omnia
1598 1266 1723 1305 ma-

83 1331 153 1386 la.
171 1331 329 1395 Quod
350 1332 525 1389 etiam
543 1333 881 1406 bipertitum
923 1336 1043 1391 ﬁeri
1063 1333 1270 1410 placet.
1291 1335 1552 1393 Alterum
1578 1337 1721 1393 mihi

81 1420 181 1475 sibi
215 1420 463 1477 alterum
497 1424 869 1480 concedatur.
901 1425 1262 1497 Quandoque
1291 1425 1467 1481 etiam
1500 1426 1608 1481 hoc
1635 1425 1721 1481 illi

75 1507 390 1566 calumnias
422 1511 668 1584 ingeret,
701 1513 749 1568 si
783 1513 1033 1586 turpiter
1062 1531 1097 1570 a
1124 1514 1235 1569 ﬁde
1259 1513 1526 1571 declinet.
1554 1537 1581 1564 ››
1603 1515 1720 1571 Hac

72 1599 430 1673 promulgata
449 1601 761 1671 sententia,
796 1602 855 1657 id
887 1603 968 1657 ita
989 1602 1321 1659 faciendum
1347 1604 1419 1659 ab
1442 1603 1721 1661 omnibus

70 1685 363 1743 laudatum
393 1692 500 1744 est.
535 1688 804 1744 Procedit
854 1690 1054 1762 itaque
1098 1691 1377 1748 Arnulfus
1408 1708 1622 1748 coram.
1659 1692 1713 1748 Si

70 1775 118 1831 id
151 1776 448 1832 inventum
505 1777 727 1849 laudet,
778 1778 1126 1835 consulitur.
1176 1781 1261 1835 An
1314 1780 1396 1836 sic
1427 1781 1716 1853 suscipiat

68 1865 210 1935 quod
243 1867 407 1939 petit,
440 1866 795 1922 sciscitatur.
831 1866 931 1923 Ille
962 1868 1203 1924 honoris
1224 1869 1495 1941 cupidus,
1522 1870 1716 1926 inven-

68 1957 181 2008 tum
212 1954 431 2010 laudat.
457 1956 596 2011 Sese
618 1956 702 2012 sic
724 1973 894 2028 posse
915 1957 1213 2030 suscipere
1235 1963 1545 2016 asseverat.
1575 1958 1709 2015 Jus-

70 2057 160 2098 sus
190 2042 384 2117 itaque
405 2044 819 2118 cirographum
846 2045 1186 2119 bipertitum
1212 2047 1447 2102 notavit.
1476 2048 1612 2121 Regi
1635 2048 1713 2104 al-

72 2134 268 2197 terum,
295 2130 546 2188 alterum
580 2133 691 2190 sibi
722 2134 989 2191 servavit.

128 2220 214 2274 30.
246 2220 568 2277 Eukaristia
600 2222 667 2257 ⁵⁸⁸
695 2239 863 2277 causa
906 2222 1238 2294 perditionis
1267 2223 1416 2279 data.
1449 2256 1517 2265 —-
1547 2223 1705 2289 Quod

71 2323 191 2363 cum
211 2310 330 2383 regi
354 2311 591 2385 penitus
614 2311 932 2379 sufﬁceret,
962 2312 1253 2387 episcopis
1275 2317 1493 2379 tamen,
1519 2318 1582 2368 ut
1605 2314 1711 2369 fer-

71 2400 173 2463 tur,
192 2414 304 2453 non
323 2399 468 2456 satis
489 2400 545 2455 id
559 2400 752 2455 visum
765 2404 874 2468 est,
892 2400 1003 2457 nisi
1022 2400 1164 2457 illud
1182 2400 1356 2457 etiam
1376 2402 1706 2473 adderetur,

72 2485 195 2540 utin
218 2487 533 2543 missarum
551 2488 939 2545 celebratione
956 2489 1335 2546 eukaristiam
1355 2507 1389 2545 a
1410 2491 1709 2547 sacerdote

69 2580 330 2646 sumeret,
349 2594 600 2649 eamque
622 2578 964 2650 perditionis
985 2595 1224 2634 causam
1250 2578 1358 2634 sibi
1388 2580 1709 2651 imprecan-

70 2662 133 2717 do
164 2680 356 2721 coram
390 2670 634 2739 optaret,
670 2667 719 2720 si
747 2668 919 2723 ﬁdem
938 2666 1207 2723 violando
1231 2685 1493 2740 unquam
1513 2670 1706 2725 deser-

69 2754 147 2806 tor
171 2751 349 2809 ﬁeret.
385 2755 545 2820 Quod
576 2759 634 2811 et
665 2755 884 2811 factum
918 2755 1047 2811 fuit.
1083 2757 1227 2811 Nam
1263 2758 1535 2812 sacerdos
1558 2757 1708 2814 inter

68 2838 489 2914 celebrandum,
503 2843 883 2900 eukaristiam
902 2844 1131 2916 optulit,
1147 2849 1203 2901 et
1222 2843 1318 2900 ille
1338 2862 1668 2917 consequen
1692 2878 1702 2886 -

71 2931 145 2984 ter
163 2931 435 3005 sumpsit,
470 2936 645 3004 atque
674 2933 746 2988 ad
770 2933 1055 3004 juditium
1087 2933 1201 2989 sibi
1233 2933 1356 2989 ﬁeri
1388 2933 1628 3006 optavit,
1653 2934 1702 2989 si

70 3015 174 3073 ullo
216 3021 391 3076 modo
437 3020 569 3076 ﬁdei
615 3021 862 3078 violator
909 3021 1197 3077 existeret.
1252 3023 1414 3088 Quod
1462 3023 1699 3078 tandem

68 3108 171 3180 regi
202 3113 260 3164 et
286 3109 642 3182 primatibus
674 3111 846 3167 ﬁdem
883 3110 1034 3165 fecit.

1187 646 1211 671 ‹‹
1266 624 1335 679 Et
1384 630 1448 680 ut
1496 626 1731 697 penitus

1843 518 1968 608 ipse
1991 518 2289 611 superstas
2310 541 2381 595 de
2406 540 2593 612 patrio
2616 518 2826 613 genere
2850 539 3077 597 nullum
3097 518 3501 621 prastervK-aro-

1841 625 1962 680 lum
1999 627 2269 682 habebat.
2301 627 2697 683 Miserrimum
2732 644 2964 700 quoque
2996 628 3105 682 sibi
3130 630 3333 691 videri.
3365 630 3417 685 si
3442 630 3497 686 is

1839 713 2057 770 honore
2089 716 2491 782 frustraretur,
2525 715 2585 771 in
2635 733 2749 788 quo
2798 716 2921 771 solo
2975 728 3110 788 spes
3149 717 3494 773 restituendi

1838 819 2024 875 genus
2058 807 2365 875 paternum
2401 805 2513 860 sita
2542 806 2708 860 foret.
2756 805 2967 860 Patrue
3018 805 3216 877 itaque
3246 805 3492 862 misere-

1837 892 2036 947 scebat
2060 910 2073 960 ;
2099 892 2266 948 illum
2289 893 2599 965 cogitabat,
2627 892 2793 948 illum
2816 893 3061 961 colebat,
3086 892 3249 949 illum
3269 910 3373 967 pro
3395 911 3493 967 pa-

1836 981 2101 1036 rentibus
2132 982 2507 1037 carissimum
2539 982 2810 1038 habebat.
2843 983 3009 1055 Apud
3058 998 3233 1054 quem
3279 982 3487 1040 collato

1835 1070 2098 1138 consilio,
2125 1071 2407 1142 querebat
2427 1087 2682 1143 quonam
2708 1071 2882 1127 modo
2906 1071 2964 1126 in
2988 1070 3221 1126 culmen
3247 1070 3488 1129 honoris

1833 1158 2001 1214 illum
2034 1159 2345 1232 provehere
2375 1164 2592 1233 posset,
2624 1160 2705 1215 sic
2738 1165 2935 1216 tamen
2966 1165 3032 1216 ut
3062 1161 3187 1233 ipse
3217 1161 3373 1233 regis
3394 1161 3488 1217 de-

1833 1251 2019 1303 sertor
2048 1266 2163 1303 non
2195 1252 2518 1322 appareret.

1901 1338 1990 1391 33.
2042 1338 2330 1393 Remorum
2376 1340 2575 1410 captio.
2610 1369 2679 1378 —
2706 1339 2884 1410 Cujus
2929 1338 3010 1393 rei
3062 1338 3348 1394 rationem
3398 1339 3481 1395 sic

1830 1425 1953 1480 ﬁeri
1984 1426 2398 1495 arbitrabatur,
2450 1430 2516 1482 ut
2563 1430 2921 1482 statueretur
2961 1428 3029 1463 ⁵⁵⁸
3059 1431 3312 1500 tempus,
3365 1444 3481 1499 quo

1828 1514 2110 1585 primates
2139 1518 2280 1588 quot
2311 1519 2527 1588 posset,
2557 1517 2614 1571 in
2639 1517 2782 1571 urbe
2806 1515 2925 1572 acsi
2952 1515 3172 1589 aliquid
3197 1530 3478 1590 magnum

1827 1603 2207 1661 ordinaturus
2237 1604 2360 1676 ipse
2383 1604 2699 1677 colligeret.
2724 1604 2885 1660 Tunc
2906 1605 3081 1661 etiam
3106 1605 3349 1661 Karolus
3378 1620 3482 1678 per

1827 1691 2015 1747 noctis
2047 1691 2280 1747 silentia
2309 1709 2443 1747 cum
2476 1692 2730 1748 exercitu
2764 1692 2834 1747 ad
2881 1696 3078 1764 portas
3109 1692 3273 1748 urbis
3302 1694 3480 1749 adve-

1826 1776 1996 1833 niret.
2031 1779 2143 1834 Nec
2176 1782 2317 1834 tunc
2340 1779 2568 1835 deesset
2590 1777 2690 1851 qui
2718 1779 2991 1834 exercitui
3013 1779 3257 1835 irruenti
3280 1785 3478 1853 portas

1824 1866 2122 1937 panderet,
2148 1867 2386 1937 juratus
2417 1867 2621 1922 secreti
2653 1867 2829 1923 ﬁdem
2860 1869 2946 1922 ‘7“.
2971 1869 3271 1924 Exercitus
3298 1870 3477 1933 intro-

1824 1955 2043 2011 missus
2067 1956 2270 2012 urbem
2295 1956 2611 2024 invaderet,
2632 1960 2807 2028 atque
2826 1972 2951 2013 sese
2972 1972 3105 2011 cum
3119 1957 3473 2030 primatibus

1820 2043 2079 2099 collectis
2130 2045 2667 2117 comprehenderet,
2721 2046 2839 2100 vim
2890 2045 3149 2114 inferret,
3201 2062 3265 2101 ac
3307 2062 3472 2119 erga-

1821 2133 1975 2189 stulo
2007 2135 2069 2168 5'“
2104 2134 2458 2190 detruderet.
2494 2134 2694 2207 Itaque
2718 2134 2935 2189 factum
2960 2134 3123 2203 foret,
3149 2139 3214 2190 ut
3235 2140 3293 2191 et
3314 2136 3472 2209 regia

1820 2226 2078 2296 potestas
2107 2222 2523 2286 inﬁrmaretur.
2556 2227 2613 2277 et
2658 2227 2866 2296 patruo
2896 2223 3082 2278 virtus
3127 2222 3469 2279 dominandi

1820 2316 2177 2385 augesceret,
2211 2329 2316 2367 nec
2347 2310 2472 2384 ipse
2505 2312 2766 2367 desertor
2785 2312 3099 2368 videretur.
3124 2312 3285 2379 Quod
3309 2315 3366 2367 et
3395 2310 3473 2368 ef-

1819 2400 2035 2456 fectum
2068 2401 2297 2457 habuit.

1888 2490 1978 2545 34.
2013 2489 2079 2546 G.
2111 2494 2168 2546 et
2198 2490 2262 2545 V.
2299 2490 2561 2559 comites,
2596 2494 2768 2562 atque
2819 2489 2964 2545 alios
3012 2489 3166 2546 viros
3199 2489 3471 2547 consula-

1818 2595 1911 2634 res
1942 2580 2009 2614 ⁸⁷³
2037 2579 2260 2635 invitat.
2295 2579 2582 2645 Quiddam
2607 2596 2885 2652 magnum
2910 2597 3037 2635 sese
3062 2579 3470 2635 ordinaturum

1818 2669 2091 2722 mandat:
2118 2669 2273 2724 unde
2304 2671 2361 2723 et
2390 2667 2641 2723 multum
2665 2668 2749 2725 eis
2781 2669 3221 2724 maturandum.
3272 2664 3359 2723 llli
3391 2668 3470 2724 si-

1816 2772 1889 2811 ne
1920 2755 2197 2812 dilatione
2229 2757 2608 2823 advenerunt,
2643 2757 2701 2812 in
2734 2758 3015 2830 obsequio
3046 2757 3269 2813 domini
3303 2764 3473 2830 para-

1813 2844 2077 2901 tissimos
2108 2861 2169 2901 se
2200 2845 2691 2901 demonstrantes.
2722 2846 3001 2902 Arnulfus
3032 2845 3147 2902 alia
3178 2862 3282 2918 pro
3336 2846 3466 2902 aliis

1814 2934 1982 3001 dans,
2003 2935 2159 3006 quod
2176 2951 2304 2989 vere
2328 2934 2569 2990 molitur
2590 2934 2821 3007 penitus
2839 2934 3192 2990 dissimulat.
3211 2936 3295 2990 Ad
3320 2935 3460 3008 quid

1810 3022 2005 3094 potius
2036 3022 2320 3091 intendat,
2343 3040 2548 3079 omnes
2570 3023 2861 3097 ignorant.
2887 3023 2995 3080 Uni
3015 3028 3245 3079 tantum
3268 3023 3338 3079 de
3360 3040 3456 3079 cu-

1803 3112 1906 3182 jus
1939 3110 2333 3167 taciturnitate
2351 3117 2409 3168 et
2424 3113 2542 3168 ﬁde
2561 3129 2675 3168 non
2698 3112 3018 3180 difﬁdebat,
3041 3112 3098 3167 ib
3120 3117 3307 3169 totum
3331 3127 3452 3168 cre-

123 3196 206 3252 3l.
238 3199 598 3271 Reprehensio
622 3200 689 3234 ⁸⁸⁷
717 3199 784 3255 de
824 3199 1026 3256 eodem.
1061 3232 1126 3240 —
1160 3200 1468 3256 Nonnullis
1494 3205 1691 3256 tamen
1725 3192 1767 3257 (ἶ
1807 3200 1984 3256 dulns
2014 3200 2330 3256 commisit.
2363 3203 2487 3268 Qua
2517 3206 2683 3257 nocte
2716 3201 2958 3257 Karolus
2990 3203 3056 3237 ⁵⁷³
3086 3201 3454 3258 intromiten-

66 3298 293 3354 quorum
314 3304 485 3343 mens
500 3288 801 3362 purgatior
816 3293 939 3344 erat
962 3289 1247 3344 nefarium
1269 3293 1325 3345 et
1344 3294 1543 3346 contra
1564 3290 1695 3346 ﬁdei

60 3371 209 3440 jusid
225 3375 517 3431 creditum
533 3381 639 3432 est.
659 3378 713 3448 l~2j
724 3394 793 3433 us
810 3378 967 3434 modi
986 3377 1140 3433 enim
1160 3382 1379 3434 naturae
1396 3377 1694 3435 hominem

67 3474 174 3531 esse
200 3464 456 3531 aiebant,
492 3469 557 3520 ut
586 3465 753 3521 facile
783 3483 886 3539 per
914 3484 1043 3523 sese
1072 3471 1483 3539 corrumpatur
1510 3468 1569 3522 in
1610 3486 1690 3536 se,

68 3550 297 3623 amplius
318 3569 456 3608 vero
477 3554 933 3627 impulsionibus
954 3556 1025 3612 ad
1046 3556 1310 3628 ﬁagitum
1331 3556 1693 3613 extrinsecus

66 3654 213 3707 posse
242 3641 524 3714 pertrahi.
558 3644 909 3700 Asserebant
940 3662 1172 3718 quoque
1203 3661 1270 3701 ex
1313 3646 1562 3702 decretis
1590 3663 1689 3717 pa-

66 3730 220 3795 trum,
250 3735 307 3786 et
336 3732 405 3767 ⁸⁸³
434 3748 726 3789 canonum
775 3732 1029 3806 scriptis,
1080 3751 1268 3807 neque
1317 3734 1567 3791 invitum
1616 3737 1688 3791 ad

65 3819 417 3876 eucaristiam
440 3820 879 3896 impellendum,
905 3840 1093 3895 neque
1114 3823 1485 3880 eucaristiam
1504 3825 1692 3896 perdi-

63 3903 216 3963 tionis
235 3910 701 3983 causacuiquam
720 3912 1094 3982 offerendam,
1118 3929 1251 3968 cum
1274 3912 1689 3986 redemptionis

64 3996 225 4062 gratia
251 4002 308 4054 et
336 3999 678 4071 petentibus
727 4000 1105 4069 oﬁ'erendam,
1138 4006 1195 4058 et
1225 4001 1423 4058 invitis
1470 4019 1688 4076 negan-

63 4080 176 4139 dam
202 4088 556 4144 credendum
580 4088 676 4144 sit.
712 4089 1028 4164 Indignum
1058 4091 1236 4146 etiam
1261 4090 1442 4146 videri
1475 4108 1685 4164 panem

62 4173 375 4244 angelorum
408 4180 466 4232 et
492 4177 801 4234 hominum
832 4184 1047 4235 temere
1078 4179 1338 4252 indignis
1368 4180 1516 4248 dari,
1550 4197 1683 4236 cum

60 4258 169 4329 ipsa
196 4262 477 4321 Divinitas
507 4272 565 4322 et
584 4265 924 4324 immundos
945 4268 1276 4339 abhorreat,
1300 4273 1357 4324 et
1377 4286 1554 4342 puros
1573 4270 1683 4325 mi-

60 4364 109 4405 ra
132 4354 406 4422 parcitate
436 4356 648 4423 foveat,
681 4358 854 4428 juxta
884 4357 1041 4430 quod
1076 4356 1362 4430 scriptum
1394 4363 1519 4414 est:
1555 4357 1682 4430 Spi-

58 4438 174 4495 ritus
198 4452 417 4500 sanctus
445 4445 757 4517 disciplina:
798 4446 1019 4519 eﬁugiet
1042 4447 1247 4518 ﬁctum,
1281 4453 1331 4502 et
1387 4449 1598 4519 auferet
1626 4463 1683 4503 se

59 4532 508 4599 awgitationibus
544 4551 666 4605 qua:
690 4543 820 4590 sunt
850 4537 971 4591 sine
1018 4535 1314 4603 intellectu,
1347 4544 1398 4591 et
1427 4538 1681 4608 corripie-
1711 4558 1760 4622 Β

61 4621 132 4670 tur
155 4636 186 4673 a
210 4624 621 4694 superveniente
649 4625 944 4695 iniquitate
972 4623 1122 4697 (Sep.
1156 4641 1196 4693 ι,
1227 4624 1304 4696 5).
1337 4624 1422 4680 Ab
1461 4625 1682 4696 episco-

62 4703 135 4772 Ρίε
158 4723 285 4782 ergo
317 4711 636 4768 Remorum
668 4712 968 4769 dioceseos
989 4712 1299 4769 ordinatus
1320 4714 1597 4770 Arnulfus
1625 4719 1684 4770 et

66 4798 494 4857 sacerdotalibus
525 4800 729 4856 infulis
759 4802 1033 4858 decenter
1079 4801 1396 4876 insignitus
1427 4807 1535 4858 est.
1568 4803 1682 4859 Nec

65 4882 218 4940 multo
238 4893 389 4959 post,
424 4906 458 4944 a
484 4907 638 4963 papa
669 4890 930 4947 Romano
951 4890 1200 4948 missum
1224 4890 1550 4963 apostolica:
1577 4910 1680 4948 au-

64 4973 317 5032 ctoritatis
347 4977 593 5050 pallium
626 4980 899 5053 sumpsit.

117 5059 192 5115 32.
220 5065 373 5134 Quod
417 5068 658 5138 amplius
702 5070 852 5140 justo
911 5069 1172 5124 Karolum
1220 5069 1486 5141 Arnulfus
1543 5070 1681 5126 dite-

63 5147 197 5202 Ierit.
214 5180 277 5191 —
298 5152 405 5217 Qui
432 5169 568 5209 cum
592 5170 661 5209 ex
686 5158 846 5212 tanta
866 5154 1150 5227 dignitate
1173 5156 1509 5228 procederet
1536 5158 1680 5215 insi-

1806 3291 1917 3345 dus
1946 3290 2014 3324 57‘
2041 3293 2195 3345 esset
2224 3291 2485 3362 aperuit;
2519 3296 2577 3346 et
2606 3298 2670 3346 ut
2699 3295 2837 3345 tunc
2859 3295 3161 3362 portarum
3199 3291 3387 3347 claves
3418 3306 3452 3345 a

1805 3396 1911 3433 suo
1944 3378 2209 3434 cervicali
2257 3377 2505 3446 tolleret,
2538 3379 2860 3451 urbemque
2908 3379 3150 3435 armatis
3178 3379 3448 3452 aperiret,

1794 3467 1997 3538 jussit.
2033 3468 2147 3522 Nec
2168 3466 2356 3522 multo
2383 3472 2534 3539 post,
2558 3484 2669 3522 nox
2694 3467 2787 3522 cui
2809 3467 2919 3522 hoc
2940 3468 3264 3524 debebatur
3285 3467 3449 3539 ﬂagi-

1800 3556 1971 3627 tium,
1992 3555 2175 3610 atfuit.
2200 3555 2447 3610 Karolus
2468 3572 2602 3610 cum
2624 3555 2875 3610 exercitu
2896 3559 3155 3627 tempore
3172 3554 3449 3627 deputato

1800 3644 1872 3699 ad
1903 3648 2101 3716 portas
2128 3644 2291 3699 urbis
2322 3649 2645 3699 nocturnus
2667 3644 2851 3698 att‘uit.
2874 3643 3120 3716 Algerus
3148 3644 3453 3716 presbyter

1800 3764 1868 3775 —
1890 3733 1974 3788 sic
2000 3732 2155 3788 enim
2180 3733 2495 3789 vocabatur
2517 3765 2585 3773 —
2608 3733 2929 3787 introrsum
2952 3749 3087 3788 cum
3106 3731 3367 3788 clavibus
3388 3738 3450 3789 se

1799 3824 2142 3895 praesentem
2165 3821 2393 3878 habuit.
2415 3823 2460 3877 A
2483 3839 2596 3895 quo
2620 3838 2752 3876 mox
2774 3825 2948 3894 portae
2968 3821 3265 3894 patefactae
3287 3825 3446 3890 sunt,

1798 3910 2202 3983 exercitusque
2227 3909 2625 3966 intromissus.
2662 3910 2809 3966 Urbs
2841 3926 3074 3983 quoque
3104 3926 3138 3967 a
3168 3910 3453 3983 praedoni-

1798 3999 1909 4054 bus
1940 3999 2168 4071 direpta
2189 4003 2244 4054 et
2274 3998 2541 4071 spoliata.

1867 4088 1958 4143 32.
2017 4089 2233 4159 Arnulﬁ
2289 4089 2356 4123 ⁵⁷³
2409 4105 2739 4162 suorumque
2790 4091 2965 4161 captio
3017 4090 3103 4145 ⁸⁷⁵.
3162 4121 3230 4131 -
3284 4088 3447 4146 Unde

1795 4193 1929 4232 cum
1962 4177 2184 4233 clamor
2210 4194 2313 4249 per
2340 4177 2547 4233 urbem
2574 4177 2757 4246 ﬁeret,
2788 4177 3199 4250 tumultusque
3219 4178 3445 4235 discur-

1793 4266 2049 4323 rentium
2080 4266 2232 4323 cives
2287 4266 2556 4322 incautos
2615 4267 2911 4338 excitaret,
2964 4266 3248 4323 Arnulfus
3281 4284 3445 4340 aeque

1790 4356 2096 4412 turbatum
2130 4355 2380 4411 clamore
2412 4372 2537 4411 sese
2560 4354 2820 4410 simulat.
2845 4355 2913 4410 Et
2933 4355 3161 4428 ﬁngens
3192 4360 3439 4422 metum,

1790 4446 2002 4500 turrim
2056 4445 2224 4517 petiit
2269 4450 2444 4517 atque
2492 4444 2851 4500 conscendit.
2886 4446 3067 4510 Quem
3101 4444 3345 4500 comites
3376 4446 3443 4480 ⁵⁷⁸

1791 4534 1998 4601 secuti,
2046 4538 2180 4606 post
2224 4550 2285 4589 se
2332 4534 2483 4589 ostia
2526 4533 2884 4589 obseravere.
2941 4531 3182 4588 Karolus
3230 4532 3442 4588 Arnul-

1794 4624 1918 4678 fum
1948 4622 2294 4695 perquirens
2318 4639 2422 4678 nec
2444 4622 2759 4694 reperiens,
2784 4621 3027 4677 ubinam
3048 4621 3256 4677 lateret
3286 4638 3445 4678 scru-

1791 4712 2044 4767 tabatur.
2079 4711 2184 4767 Cui
2215 4728 2349 4767 cum
2398 4711 2741 4783 proderetur
2789 4711 2847 4765 in
2903 4711 3084 4767 turris
3135 4711 3443 4767 cacumine

1792 4801 1992 4867 latere,
2024 4799 2171 4856 ostio
2222 4818 2354 4856 mox
2385 4800 2656 4855 custodes
2710 4800 3001 4856 adhibuit.
3053 4800 3124 4856 Et
3163 4800 3440 4874 quoniam

1791 4906 1897 4946 nec
1924 4891 2121 4946 cibum
2153 4907 2257 4946 nec
2288 4906 2453 4945 arma
2482 4894 2615 4945 ante
2646 4894 3075 4963 congesserant,
3108 4889 3319 4946 Karolo
3351 4906 3441 4946 ce-

1790 4981 1960 5049 dunt,
1995 4984 2169 5052 atque
2201 4997 2234 5035 a
2256 4978 2405 5036 turri
2435 4979 2656 5053 egressi
2689 4983 2849 5035 sunt.

1860 5072 1949 5125 36.
1976 5069 2513 5143 Comprehensique
2534 5074 2591 5125 et
2614 5070 2965 5126 Laudunum
2988 5071 3168 5141 ducti,
3190 5071 3444 5128 custodi-

1790 5159 1904 5215 bus
1932 5158 2193 5232 deputati
2224 5162 2384 5215 sunt.
2418 5158 2623 5216 Karolo
2655 5160 2935 5216 redeunte
2967 5164 3024 5217 et
3045 5161 3221 5218 ﬁdem
3253 5162 3326 5218 ab
3357 5161 3441 5218 eis

1380 5327 1626 5385 VARUE
1679 5329 2088 5387 LECTIONES.

122 5446 295 5509 “‘Cir
347 5456 543 5513 abacis.
588 5456 656 5493 ⁵⁸⁸
701 5457 744 5513 E
792 5459 985 5516 abscis.
1047 5461 1113 5496 ⁵⁸⁷
1158 5460 1206 5517 R
1262 5461 1453 5517 abscis.
1516 5462 1581 5498 ⁵⁸⁸
1612 5466 1671 5518 et
1718 5467 1774 5520 et
1804 5463 1916 5519 cod.
1978 5462 2393 5519 5§°statuertur
2424 5462 2611 5520 codex.
2670 5462 2738 5500 ⁸⁷⁰
2786 5467 3080 5522 secretum
3136 5463 3245 5520 hoc
3287 5477 3438 5516 nun-

162 5538 232 5609 m.
258 5527 644 5609 proditurum
687 5528 882 5609 delata.
944 5531 1009 5609 δτξ
1042 5532 1305 5609 custodio
1352 5548 1523 5609 supra
1565 5536 1745 5609 posito
1800 5532 2097 5608 ergastulo
2126 5533 2311 5591 codex.
2364 5535 2432 5571 ‘7’
2464 5552 2577 5593 .uc.
2626 5535 2695 5572 ⁸⁷³
2723 5535 3013 5594 exercitus
3066 5549 3236 5609 supra
3265 5532 3439 5604 posito

108 5632 120 5647 .
147 5594 319 5656 εοάεξτ.
352 5599 421 5635 ⁸⁷⁸
446 5601 528 5657 ξω
545 5599 664 5657 cod.
686 5601 755 5637 ⁵⁷⁸
783 5602 824 5672 i,
856 5620 894 5677 p
950 5603 1183 5661 abscisa.
1210 5604 1277 5641 ⁸⁷⁸
1301 5594 1608 5663 committis
1632 5606 1749 5664 cod.

348 5724 624 5791 Panem.
666 5726 1037 5795 CXXXVIII.

3082 5663 3136 5811 ο.
