3838 6238
351 337 466 396 139

1447 335 1760 397 ltICHERI
1809 337 1874 397 S.
1923 333 2223 396 REMIGII
2270 331 2657 395 MONACHI.

3631 335 3653 392 με
3677 337 3726 395 :0

350 472 648 540 querente,
707 465 1068 522 unanimiter
1141 467 1527 540 refragantur.
1587 466 1798 524 Odium
1856 483 1990 539 ergo
2020 468 2075 534 Α
2105 466 2261 522 brevi
2295 466 2629 537 adepturos.
2660 465 2948 520 Processit
2977 465 3266 521 exercitus
3290 468 3547 537 uterque,
3570 464 3729 523 donec

343 555 640 628 utrimque
663 555 973 622 simulant;
1000 556 1160 628 pium
1187 557 1458 611 affectum
1483 555 1643 610 nullo
1671 557 1841 611 modo
1866 573 1990 628 pro-

343 647 510 702 dunt.
523 646 607 700 Ab
630 650 879 716 utroque
896 645 1264 716 querimonia
1277 645 1558 700 nonnulla
1575 645 1988 711 simulabatur,

343 751 408 790 eo
440 733 594 806 quod
627 732 775 789 alter
816 735 1097 798 desertor,
1157 733 1302 788 alter
1349 733 1582 788 invasor
1638 733 1878 789 alterius
1917 734 1990 788 ab

345 826 593 893 utroque
637 821 1040 877 enuntiaretur
1067 823 1152 876 57".
1187 823 1446 876 Tandem
1490 822 1769 877 Arnulfus
1799 823 1865 856 5"“
1897 839 1988 876 sa-

345 915 642 966 cramento
673 911 844 965 ﬁdem
880 910 1117 976 faciens,
1144 910 1411 965 libertate
1448 911 1668 982 potitus
1696 915 1784 965 est
1813 916 1869 965 et
1916 911 1987 965 ad

347 1017 454 1056 sua
483 1016 765 1055 reversus.
821 999 1025 1054 Karolo
1055 1000 1262 1055 exinde
1294 1000 1353 1053 in
1385 999 1660 1054 omnibus
1691 999 1847 1054 favit.
1881 1000 1989 1054 Jus

345 1104 576 1159 quoque
607 1088 765 1156 ﬁdei,
798 1087 918 1159 regi
958 1083 1332 1156 servandum,
1366 1089 1597 1159 penitus
1629 1089 1883 1160 abrupit.
1920 1088 1985 1143 G.

343 1182 399 1231 et
426 1177 492 1231 V.
525 1193 628 1248 per
657 1178 780 1232 dies
813 1176 1040 1248 aliquot
1088 1194 1317 1233 carcere
1363 1177 1608 1243 detrusi,
1642 1194 1756 1231 non
1800 1176 1988 1231 multo

341 1271 474 1335 post
493 1270 857 1321 sacramento
889 1265 1132 1332 astricti,
1167 1267 1354 1321 redire
1385 1265 1654 1336 permissi
1689 1270 1847 1319 sunt.
1881 1269 1990 1320 Ka-

338 1352 498 1408 rolus
521 1369 678 1426 ergo,
714 1353 866 1409 felici
899 1371 1174 1409 successu
1209 1354 1482 1424 insignis,
1519 1355 1831 1408 Remorum
1869 1371 1986 1408 me-

336 1441 605 1514 tropolim
655 1460 790 1497 cum
839 1443 1142 1506 Lauduno,
1193 1459 1258 1496 ac
1305 1442 1628 1509 Suesionis,
1669 1459 1988 1513 earumque

338 1530 569 1602 oppidis
599 1531 873 1602 optinuit.

408 1620 496 1674 37.
531 1621 763 1690 Impetus
797 1621 864 1654 ⁵⁷9
896 1623 1151 1687 [lagonis
1198 1621 1284 1673 579.
1318 1651 1385 1658 —
1417 1620 1530 1675 Nec
1582 1619 1766 1674 defuit
1797 1619 1896 1690 qui
1929 1619 1986 1674 id

340 1707 412 1762 ad
453 1708 606 1779 regis
635 1709 702 1742 53°
733 1724 904 1763 aures
935 1709 1274 1780 perferrent.
1319 1710 1442 1773 Qua
1492 1725 1587 1763 rex
1635 1707 1989 1762 contumelia

341 1797 687 1866 perstrictus
719 1796 858 1867 quid
889 1797 1025 1851 inde
1056 1798 1348 1868 agendum
1381 1799 1525 1852 foret
1556 1797 1980 1852 sciscitabatur.

341 1884 748 1957 Comperitque
787 1903 901 1941 non
950 1886 1240 1957 precibus,
1276 1903 1390 1940 non
1421 1887 1611 1952 donis,
1640 1886 1738 1940 sed
1764 1886 1987 1940 viribus

341 1977 397 2029 et
413 1973 590 2029 armis
607 1975 870 2029 invocata
886 1974 1194 2029 Divinitate
1218 1974 1324 2030 hoc
1345 1991 1474 2030 esse
1494 1975 1984 2044 labefactandum.

339 2063 449 2118 Sex
480 2063 644 2118 milia
672 2064 868 2134 itaque
903 2063 1158 2118 militum
1209 2063 1442 2135 collegit
1473 2063 1531 2118 in
1572 2064 1871 2118 tirannum
1905 2064 1987 2118 ire

338 2151 692 2224 disponens;
729 2152 1093 2208 obsidionem
1127 2151 1179 2207 ei
1209 2152 1484 2207 abhibere
1515 2154 1778 2223 cupiens,
1811 2151 1860 2207 si
1891 2169 1983 2207 co-

337 2239 443 2311 piae
470 2241 579 2295 sibi
611 2241 944 2304 sufficiant;
978 2245 1035 2295 et
1064 2240 1114 2296 si
1144 2241 1194 2295 ei
1229 2241 1363 2295 felix
1395 2241 1548 2295 adsit
1581 2242 1831 2307 fortuna,
1865 2245 1987 2296 tan-

335 2329 435 2382 diu
486 2330 541 2383 id
603 2330 968 2384 committere
1014 2329 1233 2396 volens,
1288 2330 1470 2384 donec
1523 2335 1624 2383 aut
1673 2330 1854 2384 armis
1885 2333 1986 2384 aut

335 2417 529 2471 inedia
576 2417 806 2472 hostem
863 2417 1201 2488 praecipitet.
1249 2418 1644 2472 Proficiscitur
1675 2434 1808 2489 ergo
1855 2435 1982 2472 ma-

337 2504 652 2576 gnanimis.
683 2505 753 2558 Et
782 2521 884 2575 per
913 2510 1128 2558 terram
1155 2505 1311 2559 unde
1343 2522 1636 2560 annonam
1668 2506 1866 2560 hostes
1896 2524 1984 2562 as-

337 2593 670 2664 portabant,
688 2592 1003 2647 exercitum
1029 2593 1212 2647 duxit.
1238 2596 1421 2658 Quam
1440 2595 1613 2648 etiam
1638 2595 1870 2665 penitus
1891 2596 1984 2651 de-

337 2681 652 2753 populatus
673 2681 1034 2750 combussit;
1060 2683 1143 2734 sic
1164 2683 1458 2748 efferatus,
1486 2687 1547 2737 ut
1562 2699 1664 2738 nec
1679 2685 1981 2756 tugurium

337 2769 545 2826 saltem
569 2769 837 2826 deliranti
870 2771 1006 2825 anui
1038 2770 1412 2842 relinqueret.
1445 2771 1579 2826 Post
1607 2773 1803 2828 animo
1835 2790 1981 2844 pra:-

335 2858 496 2930 cipiti
527 2858 844 2914 exercitum
874 2859 933 2913 in
957 2859 1184 2914 hostem
1217 2864 1582 2931 retorquens,
1616 2861 1979 2916 obsidionem

333 2947 609 3004 adhibere
641 2949 957 3003 nitebatur.
993 2947 1238 3003 Karolus
1289 2966 1422 3003 cum
1475 2956 1606 3004 ante
1639 2949 1751 3006 sibi
1782 2951 1979 3022 copias

330 3040 615 3106 parasset,
671 3036 928 3091 venienti
987 3036 1256 3092 resistere
1320 3037 1563 3092 viriliter
1635 3039 1975 3094 conabatur.

328 3125 587 3188 Quatuor
603 3125 767 3179 milia
788 3125 1004 3180 etenim
1028 3130 1422 3196 pugnatorum
1449 3127 1714 3180 Lauduni
1733 3127 1976 3200 college-

2100 554 2244 610 alter
2276 555 2523 609 alterum
2557 555 2615 608 in
2650 559 2960 626 prospectu
2993 554 3271 620 haberet;
3305 559 3363 610 et
3394 555 3472 609 sic
3514 560 3728 628 uterque

2100 643 2251 698 fixus
2275 643 2534 698 herebat.
2561 643 2866 714 Utrimque
2891 659 3006 697 non
3033 642 3407 698 mediocriter
3427 643 3726 700 dubitatum

2099 736 2206 798 est,
2242 749 2376 786 cum
2410 731 2655 787 Karolus
2689 731 2769 787 rei
2802 731 3074 786 militaris
3101 731 3359 803 inopiam
3393 732 3642 799 haberet,
3659 749 3730 788 re-

2098 836 2230 892 gem
2254 837 2387 875 \ero
2421 821 2653 875 animus
2686 821 2777 874 sui
2812 819 3086 876 facinoris
3118 820 3389 875 conscius
3431 822 3728 891 contrajus

2098 925 2269 981 agere
2291 910 2358 943 ⁵⁸³
2388 913 2677 980 argueret,
2710 925 2846 964 cum
2903 908 3180 963 Karolum
3241 913 3482 980 paterno
3538 909 3728 965 honore

2099 996 2448 1068 spoliaverit,
2474 1003 2649 1070 atque
2673 997 2833 1070 regni
2849 999 2987 1068 jura
3005 997 3062 1050 in
3082 1013 3208 1052 sese
3230 998 3425 1052 transf
3426 998 3624 1053 uderit.
3644 998 3728 1054 His

2100 1090 2345 1158 uterque
2359 1086 2567 1142 herens
2584 1087 2948 1158 persistebat.
2969 1087 3229 1141 Tandem
3251 1087 3472 1141 ratione
3493 1103 3729 1159 congrua

2098 1191 2132 1228 a
2161 1175 2517 1246 primatibus
2549 1176 2666 1247 regi
2692 1181 3035 1248 suggestum
3058 1181 3146 1230 est
3171 1175 3598 1247 aliquantisper
3615 1193 3727 1230 cum

2097 1264 2351 1318 exercitu
2383 1265 2680 1318 standum.
2717 1265 2775 1318 Si
2806 1264 2991 1319 hostis
3022 1265 3377 1331 adventaret,
3421 1265 3729 1319 comminus

2097 1352 2590 1423 congrediendum
2620 1371 2632 1419 ;
2667 1352 2715 1408 si
2742 1351 2937 1407 nullus
2969 1352 3288 1419 lacessiret,
3323 1370 3456 1406 cum
3499 1354 3727 1407 exercitu

2097 1440 2483 1494 redeundum.
2514 1441 2627 1495 Nec
2661 1440 2854 1494 minus
2878 1457 2912 1495 a
2943 1439 3143 1494 Karolo
3178 1440 3330 1494 idem
3359 1439 3725 1495 deliberatum

2097 1528 2225 1582 fuit.
2253 1528 2412 1584 Unde
2431 1529 2569 1600 quia
2586 1533 2831 1600 uterque
2853 1527 3134 1594 constitit,
3156 1532 3398 1599 uterque
3413 1528 3523 1584 sibi
3550 1529 3726 1584 cessit.

2097 1617 2214 1671 Rex
2243 1619 2559 1672 exercitum
2594 1618 2861 1685 reduxit;
2895 1617 3144 1672 Karolus
3166 1633 3298 1672 vero
3323 1618 3588 1672 Lauduni
3620 1634 3727 1672 sese

2096 1707 2332 1778 recepit.

2165 1797 2252 1848 40.
2287 1795 2432 1865 (991)
2467 1796 2530 1850 Ο.
2562 1795 2783 1851 interea
2813 1795 3130 1850 Drocarum
3165 1795 3307 1866 (I22)
3342 1796 3614 1866 cupidus,
3661 1796 3720 1850 de

2099 1883 2366 1938 Lauduni
2399 1884 2664 1956 captione
2694 1901 2820 1939 sese
2842 1883 3163 1956 plurimum
3188 1883 3450 1939 diffidere
3471 1885 3623 1956 apud
3655 1902 3728 1939 re-

2096 1988 2226 2044 gem
2259 1973 2533 2028 simulate
2564 1974 2938 2043 querebatur,
2969 1989 3103 2027 cum
3136 1972 3286 2027 aries
3307 1973 3570 2037 cesserit,
3598 1972 3728 2027 mili-

2097 2066 2300 2132 tesque
2329 2061 2551 2117 viribus
2590 2063 2940 2127 diffiderent,
2987 2062 3168 2117 immo
3219 2061 3396 2116 etiam
3448 2063 3587 2117 urbs
3619 2062 3729 2134 ipsa

2096 2150 2482 2205 inaccessibili
2516 2151 2632 2204 situ
2665 2151 2994 2206 obnitentes
3025 2156 3418 2222 contempnat.
3471 2151 3588 2206 Rex
3619 2168 3726 2205 me-

2096 2255 2223 2294 rore
2255 2245 2574 2309 contectus,
2625 2240 2696 2294 ab
2755 2240 2818 2295 O.
2854 2240 3121 2295 subsidia
3163 2240 3345 2312 petit;
3379 2256 3507 2296 sese
3564 2239 3726 2295 vicem

2095 2333 2699 2399 recompensaturum,
2733 2328 2781 2382 si
2806 2329 3004 2399 copias
3034 2328 3387 2399 suppeditet,
3420 2331 3477 2383 et
3506 2329 3576 2382 ad
3605 2328 3728 2382 inte-

2094 2434 2263 2488 grum
2297 2417 2500 2472 urbem
2523 2417 3004 2488 expugnet.Quod
3025 2419 3072 2472 si
3097 2417 3624 2488 impraesentiarum
3641 2416 3726 2471 ali-

2093 2506 2233 2575 quid
2258 2505 2411 2576 quod
2434 2505 2800 2577 largiendum
2824 2505 2899 2559 sit
2921 2509 3097 2577 petat,
3123 2505 3247 2560 sine
3265 2505 3445 2560 dubio
3465 2521 3588 2560 sese
3609 2504 3730 2558 libe-

2093 2592 2292 2647 raliter
2335 2592 2752 2648 exhibiturum.
2814 2593 2878 2648 Ο.
2933 2593 3198 2647 Lauduni
3259 2593 3725 2665 inpugnationem

2091 2679 2386 2752 simulque
2409 2685 2466 2735 et
2486 2681 2813 2752 captionem
2838 2681 2895 2735 in
2918 2681 3180 2752 proximo
3204 2680 3531 2754 pollicetur,
3552 2681 3598 2735 si
3625 2687 3730 2735 tan-

2089 2772 2214 2823 tum
2247 2785 2281 2822 a
2313 2785 2444 2840 rege
2499 2769 2712 2824 Drocas
2744 2770 3008 2840 accipiat.
3046 2770 3163 2824 Rex
3194 2769 3465 2824 vincendi
3495 2769 3725 2842 gloriam

2090 2857 2352 2929 cupiens,
2372 2858 2591 2928 petenti
2606 2862 2864 2913 castrum
2879 2858 3230 2913 commodat.
3249 2857 3448 2912 Palam
3465 2859 3727 2913 omnibus

2089 2945 2259 3015 cedit,
2293 2947 2751 3017 promissionum
2785 2948 2856 3001 de
2883 2947 3162 3002 Lauduno
3184 2947 3482 3002 credulus.
3507 2947 3569 3002 Ο.
3603 2963 3730 3019 quo-

2089 3052 2201 3106 que
2224 3036 2426 3089 urbem
2450 3035 2730 3090 amissam
2753 3035 2810 3089 in
2837 3036 2993 3090 brevi
3013 3052 3138 3090 sese
3156 3035 3527 3090 redditurum
3546 3036 3725 3108 palam

2087 3124 2362 3178 omnibus
2403 3125 2670 3194 spondet.
2705 3129 2972 3179 Castrum
3005 3141 3140 3196 ergo
3168 3141 3202 3178 a
3227 3140 3362 3195 rege
3394 3140 3726 3180 concessum

325 3217 415 3268 rat
453 3213 765 3284 animoque
815 3214 1166 3280 firmaverat,
1217 3221 1281 3267 ut
1329 3215 1375 3269 si
1429 3232 1542 3270 non
1574 3215 1969 3287 impeteretur,
2003 3205 2045 3270 C
2083 3213 2305 3283 absque
2337 3229 2500 3267 mora
2530 3213 2694 3284 petit,
2727 3216 3056 3268 castrenses
3087 3213 3198 3267 sibi
3230 3213 3584 3268 sacramenti
3608 3205 3728 3283 jure

321 3301 690 3373 quiesceret,-
721 3306 778 3358 et
807 3302 1121 3372 resisteret,
1159 3303 1205 3358 si
1241 3309 1567 3375 urgeretur.

389 3392 478 3446 38.
514 3392 799 3448 Exercitus
831 3392 895 3426 ⁵⁸¹
929 3394 1177 3463 tripertio
1207 3393 1270 3427 ⁶⁸¹
1307 3393 1595 3448 ordinatur
1623 3395 1710 3448 δυ.
1758 3426 1825 3434 -
1856 3395 1974 3450 Rex

323 3479 546 3536 interea
574 3480 890 3537 exercitum
922 3480 1226 3552 inducens,
1260 3481 1456 3536 Karoli
1489 3482 1776 3554 legionem
1817 3483 1971 3538 ordi-

322 3572 520 3624 natam
553 3574 878 3642 pugnatum
913 3570 1081 3625 videt.
1116 3572 1443 3626 Exercitum
1493 3587 1628 3642 ergo
1682 3572 1972 3644 tripertito

324 3657 550 3723 dividit,
576 3675 647 3713 ne
669 3658 893 3714 multus
911 3660 1217 3725 exercitus,
1245 3659 1395 3714 mole
1413 3659 1510 3714 sui
1527 3666 1821 3731 gravatus,
1847 3677 1950 3732 pro

326 3744 469 3816 priis
489 3745 712 3800 viribus
741 3747 1142 3801 frustraretur.
1177 3747 1319 3802 Tres
1345 3749 1542 3817 itaque
1571 3748 1725 3802 acies
1755 3748 1971 3803 consti-

321 3832 453 3900 tuit,
485 3833 736 3903 primam
777 3833 912 3889 belli
961 3835 1180 3904 primos
1229 3835 1483 3906 impetus
1533 3836 1600 3868 ⁵⁸³
1650 3835 1967 3903 inituram;

319 3921 639 3976 secundum
671 3939 797 3992 quae
829 3922 1048 3977 labenti
1082 3927 1466 3988 succurreret,
1499 3923 1768 3996 viresque
1801 3926 1971 3980 refer-

318 4012 405 4063 ret
431 4008 690 4076 ;tertiam
712 4025 845 4064 vero
859 4009 1059 4082 spoliis
1079 4009 1393 4081 eripiendis
1415 4011 1720 4066 ordinavit.
1747 4013 1969 4078 Quibus

317 4096 401 4152 sic
431 4096 634 4151 divisis
665 4102 721 4152 et
751 4097 1053 4164 ordinatis,
1103 4099 1294 4170 prima
1327 4099 1481 4155 acies
1531 4100 1715 4172 signis
1759 4103 1968 4158 erectis

319 4201 706 4259 congressum
735 4203 871 4241 cum
897 4203 1028 4260 rege
1059 4187 1383 4257 incedebat;
1414 4187 1644 4260 reliquae
1669 4191 1794 4244 duae
1825 4190 1967 4246 locis

316 4274 651 4330 constitutis
684 4279 898 4348 parata
930 4292 1270 4333 succurrere
1303 4277 1773 4349 opperiebantur.

386 4365 476 4420 39.
504 4364 746 4421 Karolus
769 4381 902 4420 cum
922 4371 1172 4437 quatuor
1194 4366 1434 4423 milibus
1456 4367 1660 4423 obvius
1685 4369 1963 4440 procedit,

314 4470 608 4509 summam
659 4454 1032 4511 Divinitatem
1083 4455 1360 4511 invocans
1400 4461 1466 4512 ut
1512 4456 1585 4512 ab
1638 4456 1966 4514 innumeris

2085 3306 2422 3368 annectens,
2466 3301 2667 3372 eisque
2717 3301 2942 3372 aliquot
2991 3318 3241 3374 quorum
3292 3301 3429 3356 fidei
3483 3303 3724 3374 vigorem

2083 3390 2303 3445 sciebat
2325 3389 2636 3446 assotians.
2670 3390 2850 3462 Regia
2874 3391 3108 3462 negotia
3137 3390 3342 3445 exinde
3376 3391 3594 3446 utiliter
3625 3395 3726 3445 sat-

2083 3495 2281 3551 agens.
2316 3478 2497 3550 Cujus
2525 3483 2723 3534 tamen
2750 3477 3070 3534 voluntatis
3102 3479 3341 3534 eflectus
3374 3480 3574 3534 nullus
3605 3479 3725 3542 fuit,

2082 3583 2148 3622 eo
2196 3568 2351 3638 quod
2404 3567 2751 3639 tempestiva
2798 3569 2867 3602 5“
2911 3567 3074 3622 urbis
3123 3567 3376 3639 proditio
3414 3574 3650 3634 vetaret,
3679 3571 3727 3622 et

2081 3673 2255 3711 casus
2278 3656 2564 3727 repentini
2597 3656 2764 3711 aliter
2794 3655 2916 3712 fieri
2947 3660 3281 3729 arguerent.

2153 3746 2240 3799 41.
2273 3745 2501 3800 Subtilis
2553 3745 2620 3778 ⁵⁸³
2647 3746 2985 3800 machinatio
3035 3746 3102 3779 ⁵⁸³
3134 3747 3192 3800 in
3222 3746 3486 3801 Karolum
3525 3755 3573 3802 et
3633 3749 3726 3800 Ar-

2080 3834 2318 3904 nulfum.
2347 3865 2411 3874 —
2434 3834 2513 3888 Ab
2536 3833 2644 3888 hoc
2669 3833 3225 3908 temporeAdalbero
3252 3835 3722 3891 Laudunensium

2078 3922 2412 3993 episcopus,
2429 3921 2527 3994 qui
2552 3925 2683 3977 ante
2705 3940 2739 3976 a
2760 3921 2966 3978 Karolo
2989 3927 3195 3994 captus
3218 3924 3549 3996 aufugerat,
3573 3922 3718 3979 omni

2080 4010 2312 4082 ingenio
2343 4012 2801 4083 oportunitatem
2834 4012 3151 4082 quaerebat,
3184 4028 3300 4083 qua
3330 4029 3499 4068 versa
3529 4013 3646 4067 vice
3675 4015 3724 4066 et

2080 4099 2430 4153 Laudunum
2463 4103 2713 4171 caperet,
2765 4106 2820 4153 et
2864 4099 3138 4155 Karolum
3189 4101 3716 4173 comprehenderet.

2079 4188 2325 4259 Legatos
2357 4187 2554 4259 itaque
2594 4188 2935 4259 hujusmodi
2990 4190 3207 4262 negotii
3240 4189 3716 4255 ofﬁciosissimos,

2073 4276 2316 4330 Arnulfo
2369 4276 2648 4349 dirigens,
2691 4277 3034 4345 amicitiam,
3067 4279 3269 4348 ﬁdem,
3324 4279 3718 4351 suppetiarum

2077 4364 2342 4420 subsidia
2359 4366 2629 4420 mandat.
2663 4365 2726 4421 Ei
2757 4382 2990 4438 quoque
3019 4370 3219 4438 utpote
3250 4384 3357 4422 suo
3392 4366 3722 4439 metropoli-

2074 4457 2210 4508 tano
2235 4470 2367 4509 sese
2397 4452 2540 4509 velle
2567 4453 2947 4509 reconciliari.
2982 4454 3103 4509 Sibi
3137 4455 3312 4510 etiam
3346 4456 3574 4527 injurias
3604 4469 3723 4510 esse

315 4559 533 4613 paucos
553 4548 820 4621 protegat
843 4562 856 4611 ;
883 4545 1243 4601 multitudini
1270 4563 1383 4601 non
1409 4547 1730 4613 ridendum,
1753 4552 1809 4602 et
1822 4565 1963 4618 pau-
1996 4572 2043 4636 D
2077 4543 2231 4613 quod
2248 4543 2551 4614 transfuga
2565 4547 2622 4597 et
2645 4543 3229 4611 desertordicerctur,
3256 4561 3322 4600 eo
3347 4545 3503 4616 quod
3522 4541 3722 4599 Karolo

314 4631 1964 4700 citatinondifﬁdendumdemonstret.Quemincedentem
1996 4631 2034 4636 “
2075 4635 2207 4703 post
2238 4632 2412 4686 fidem
2445 4633 2659 4686 factam
2691 4649 2806 4686 non
2837 4632 3152 4688 obsecutus
3184 4633 3280 4686 sit.
3307 4634 3377 4688 Et
3409 4634 3458 4688 si
3483 4647 3720 4689 vacuum

311 4717 591 4772 Arnulfus
611 4721 1153 4777 comitabatursuos
1173 4723 1510 4791 adhortans,
1533 4728 1598 4778 ut
1614 4723 1809 4779 animo
1831 4725 1962 4779 forti

310 4811 553 4861 starent.
583 4807 844 4862 Ordinati
875 4815 931 4863 et
974 4810 1207 4865 indivisi
1241 4813 1637 4882 procederent.
1673 4813 1752 4866 De
1783 4814 1960 4867 victo-

312 4894 444 4948 riaa
470 4900 578 4949 Deo
594 4895 753 4950 nullo
779 4898 949 4952 modo
975 4898 1325 4954 diffiderent.
1352 4900 1410 4955 Si
1433 4900 1674 4954 viriliter
1697 4901 1958 4956 invocato

307 4982 424 5037 Deo
456 4987 699 5052 starent,
734 5003 866 5039 cum
891 4986 1072 5040 multa
1105 4986 1289 5060 gloria
1309 4993 1366 5043 et
1399 4989 1552 5043 fama
1572 4989 1875 5044 victoriam
1898 4991 1956 5045 in

2074 4720 2185 4774 sibi
2219 4723 2395 4785 esset,
2421 4737 2454 4774 a
2486 4736 2546 4774 se
2577 4720 2635 4774 id
2659 4720 2959 4775 dedecoris
2991 4720 3135 4776 velle
3169 4721 3446 4792 abjicere.
3487 4723 3568 4776 Ad
3601 4722 3721 4792 ejus

2071 4807 2476 4863 celsitudinem
2500 4809 2689 4863 redire
2703 4808 2866 4877 velle,
2892 4813 2948 4864 et
2971 4808 3163 4864 Karoli
3187 4810 3510 4866 amicitiam
3529 4813 3720 4882 utpote

2070 4898 2292 4952 domini
2316 4913 2441 4952 sese
2461 4902 2676 4969 optare.
2701 4897 2862 4952 Unde
2881 4903 2939 4953 et
2959 4899 3070 4954 sibi
3094 4915 3468 4971 quocumque
3491 4899 3718 4955 libitum

2067 4987 2216 5042 foret
2246 4987 2670 5041 occurrendum
2705 4987 3030 5054 mandaret,
3072 4987 3350 5043 Arnulfus
3382 4988 3717 5044 simulatam

1664 5131 1904 5188 VARI/E
1943 5129 2364 5189 LECTIONES.

372 5233 439 5267 ⁸⁷⁷
471 5233 884 5304 prmdicaretur
909 5252 1076 5312 supra
1102 5239 1298 5312 posito.
1330 5240 1734 5295 enuntiaretur
1773 5240 1888 5308 cod,
1951 5240 2018 5276 ⁵⁷⁸
2049 5240 2358 5312 episcopus
2387 5254 2554 5312 supra
2578 5240 2768 5312 posito,
2790 5240 2886 5295 Ar.
2918 5239 3036 5296 cod.
3102 5241 3170 5276 57°
3198 5244 3318 5308 tus,
3351 5239 3445 5297 nis
3483 5240 3714 5297 abscisa.

300 5303 370 5388 ⁸εῇ
398 5319 601 5376 regum
631 5321 799 5388 supra
820 5303 995 5388 pensito
1015 5307 1075 5388 is
1102 5303 1288 5388 eodem.
1348 5312 1410 5344 δίη
1442 5317 1556 5377 tus,
1613 5328 1665 5378 ο,
1699 5317 1804 5388 ιιιι-Δ
1849 5303 2208 5388 άὺδρξςςαῘ-δυ
2237 5303 2528 5388 tumultus
2578 5303 2722 5367 corr.
2756 5310 3033 5384 impetus.
3083 5313 3151 5347 ⁵⁸³
3183 5303 3392 5371 fecisse
3421 5329 3588 5388 supra
3621 5327 3714 5384 po-

295 5378 400 5432 sito
431 5392 604 5450 agere
627 5378 814 5434 codex.
849 5379 917 5412 ⁵⁸⁸
945 5378 1333 5451 intempestiva
1361 5398 1501 5439 corr.
1536 5383 1901 5457 tempestiva.
1935 5384 2003 5418 ⁵⁸⁸
2033 5383 2172 5452 Sub,
2209 5399 2304 5437 ma
2331 5381 2562 5437 abscisa.

1886 5518 2116 5580 NOT/E.

369 5610 519 5701 (122)
551 5611 762 5674 Dreux.
