3838 6238
115 343 197 423 iu
955 361 1504 428 HISTORIARUM
1549 365 1752 427 LIBRI
1802 365 2307 437 OUA’l‘UOR.—
2338 367 2482 427 LIB.
2529 368 2628 427 1v.
3381 369 3494 430 142

113 498 262 553 ﬁdem
297 497 592 562 nesciens,
625 495 847 568 legatos
877 493 1142 553 fallentes
1173 498 1422 570 excipit;
1457 503 1513 554 et
1545 503 1740 571 utpote
1769 502 1823 567 Α
1857 497 2038 554 rebat.
2075 499 2144 554 Et
2173 515 2307 555 cum
2340 502 2538 555 tecnas
2571 499 2720 568 (423)
2767 498 3138 571 supperiores
3176 501 3500 558 effunderet

114 587 226 642 boni
257 586 506 658 alicujus
527 586 764 642 nuntios
782 585 1202 641 humanissime
1220 587 1484 643 honorat.
1507 589 1611 643 Per
1631 588 1739 645 hos
1845 590 1933 655 ‘39,
1968 587 2280 661 gratulatio
2328 589 2462 644 inde
2495 605 2746 660 spesque
2794 588 2957 643 urbis
3004 592 3326 661 repetendae
3381 609 3497 647 non

114 676 286 747 itaque
314 675 508 731 locum
532 675 1504 745 quooccursurietsibicollocuturi
1526 677 1735 745 forent,
1848 679 2079 732 modica
2101 683 2224 733 erat
2248 677 2361 733 Nec
2410 677 2596 732 multo
2647 682 2780 749 post
2823 677 3104 732 Arnull'us
3153 679 3497 735 Adalberoni

113 763 437 820 letabundus
466 764 756 835 designat.
791 762 951 818 Illise
969 765 1267 836 decepisse
1285 763 1470 833 letati,
1501 765 1620 821 haec
1634 767 1734 822 do-
1845 765 2067 838 legatos
2096 766 2313 839 dirigit,
2350 765 2797 838 Karoligratiam
2816 765 3494 822 sibiindultamliberali-

115 853 252 907 mino
282 853 554 908 referunt.
589 853 696 918 Qui
719 851 925 907 falatiae
939 853 1323 908 seminarium
1345 847 1565 910 utiliter
1584 855 1736 927 posi-
1846 859 1936 910 ter
1965 855 2205 923 indicat,
2222 860 2395 927 atque
2415 872 2546 910 cum
2563 854 3078 911 multaambitione
3091 854 3494 927 excipiendum

113 941 871 1007 tumconsiderans,alcioris
885 941 1339 998 machinamenti
1362 943 1524 998 dolos
1539 944 1733 1016 prodi-
1844 942 1905 998 in
1939 945 2162 1000 urbem.
2199 944 2488 999 Honorem
2525 960 2756 1016 quoque
2788 944 3009 1016 absque
3038 961 3202 999 mora
3231 949 3493 1016 receptu-

113 1046 162 1084 re
193 1047 345 1101 posse
377 1030 644 1085 advertit.
683 1029 818 1085 Post
847 1029 967 1085 haec
994 1030 1052 1084 in
1086 1029 1279 1086 locum
1311 1035 1597 1087 statutum
1621 1032 1732 1087 sibi
1845 1050 1997 1088 rum.
2032 1033 2192 1088 Unde
2225 1048 2329 1088 nec
2361 1049 2555 1088 moras
2586 1033 2818 1098 faceret,
2843 1033 2943 1087 sed
2976 1032 3497 1104 quantotiusadve-

114 1125 395 1173 occurrunt
431 1117 821 1190 ;amplexibus
853 1117 1122 1190 pluribus
1152 1124 1327 1191 atque
1365 1120 1582 1176 osculis
1621 1121 1733 1176 sibi
1845 1121 2014 1187 niret,
2047 1121 2376 1193 largitatem
2410 1121 2728 1194 pollicitam
2761 1127 3125 1194 experturus.

114 1206 579 1277 congratulantes;
617 1211 812 1263 tantos
852 1207 931 1262 ibi
973 1209 1448 1264 demonstrantes
1490 1210 1733 1266 all‘ectus
1914 1212 2002 1265 44.
2037 1211 2299 1265 Adalbero
2330 1212 2398 1246 59°
2444 1212 2712 1266 Karolum
2743 1218 2796 1265 et
2839 1211 3137 1282 Amulium
3181 1229 3492 1268 sacramen-

112 1295 288 1359 animi,
312 1301 372 1349 ut
399 1295 561 1351 nulla
593 1296 915 1364 simulatio,
949 1295 1150 1352 nullus
1181 1297 1352 1353 dolus
1381 1297 1693 1354 videretur.
1844 1306 1893 1355 to
1921 1300 1988 1334 59°
2005 1299 2203 1370 decipit
2220 1301 2304 1354 59°.
2321 1298 2605 1354 Adalbero
2622 1299 2748 1354 sine
2765 1298 3264 1356 delationeinloco
3282 1303 3495 1357 consti-

171 1386 248 1439 42.
276 1383 623 1440 Adalberom's
651 1386 718 1420 ⁵⁸⁸
746 1385 931 1441 dolosa
953 1387 1284 1441 mrchinatio
1295 1387 1380 1440 ⁵⁸⁸.
1397 1417 1463 1428 -
1484 1389 1557 1441 At
1579 1392 1734 1459 post-
1841 1393 1968 1443 tuto
1987 1387 2195 1443 Karolo
2217 1387 2523 1443 etArnulfo
2537 1387 2757 1443 accitus
2769 1387 3088 1444 occurrit.A
3102 1389 3317 1460 quibus
3330 1390 3491 1445 beni-

108 1489 264 1543 quam
295 1472 429 1528 satis
444 1473 964 1545 amplexationum,
987 1473 1325 1530 osculorum
1357 1475 1731 1531 satisfactum
1843 1476 2034 1547 gniter
2063 1481 2358 1547 exceptus,
2393 1493 2507 1530 non
2542 1475 2894 1531 mediocrem
2926 1475 3170 1532 letitiam
3215 1480 3490 1550 repperit.

107 1565 200 1628 est,
231 1562 507 1618 Adalbero
539 1579 716 1634 penes
748 1579 924 1635 quem
948 1562 1342 1619 simulationis
1357 1564 1500 1632 colo,
1524 1569 1580 1620 et
1613 1563 1730 1619 doli
1843 1565 1902 1619 Si
1936 1564 2075 1636 quid
2107 1564 2409 1620 discordiae
2441 1565 2759 1636 prmcessit,
2808 1564 2914 1620 levi
2945 1569 3002 1620 et
3050 1583 3180 1621 raro
3225 1583 3491 1623 sermone

108 1667 239 1705 onus
267 1656 402 1717 erat,
454 1651 759 1706 incautum
812 1652 894 1707 sic
927 1652 1086 1724 prior
1131 1652 1474 1724 alloquitur:
1519 1676 1545 1703 α
1573 1653 1729 1709 Idem
1841 1657 2060 1709 tactum
2093 1653 2439 1725 praateriere.
2470 1654 2577 1709 Jus
2606 1652 2875 1708 amicitia:
2907 1653 3060 1709 inter
3111 1671 3238 1711 sese
3287 1656 3493 1713 exinde

105 1755 278 1807 casus,
308 1741 624 1812 eademque
655 1741 912 1808 fortuna,
945 1742 1436 1797 ambosnosmale
1459 1743 1734 1814 perstrin-
1840 1742 2095 1813 amplius
2143 1742 2475 1809 colendum,
2547 1741 2792 1798 diversis
2838 1742 3162 1799 rationibus
3211 1743 3488 1800 extulere.

106 1827 205 1898 git;
235 1829 382 1883 unde
411 1835 467 1884 et
499 1829 651 1885 idem
685 1829 997 1885 consilium
1031 1831 1349 1903 eademque
1382 1830 1528 1886 ratio
1560 1832 1730 1886 nobis
1761 1871 1807 1934 Β
1840 1829 2068 1892 Quanta
2097 1832 2273 1886 etiam
2306 1830 2694 1886 commoditas
2726 1831 2803 1885 sit
2833 1832 3138 1903 profutura
3163 1831 3212 1886 si
3230 1832 3492 1888 amicitia

105 1917 370 1988 captanda
405 1917 655 1973 videtur.
689 1919 886 1991 Nuper
917 1919 1074 1974 enim
1105 1920 1276 1975 ambo
1306 1920 1477 1992 lapsi,
1526 1937 1626 1975 vos
1659 1921 1729 1976 ab
1761 1917 1807 1934 ”
1841 1919 1985 1974 bene
2017 1919 2106 1973 usi
2140 1919 2670 1990 sint,sepenumero
2702 1919 2970 1975 retulere.
3003 1920 3229 1983 Quanta
3257 1937 3490 1993 quoque

103 2006 270 2075 gratia
298 2005 468 2078 regis,
503 2023 609 2078 ego
641 2024 675 2062 a
704 2007 900 2063 Karoli
933 2008 1193 2063 amicitia
1222 2008 1430 2063 decidi.
1481 2009 1642 2065 Unde
1674 2014 1731 2064 et
1837 2007 2043 2079 gloria,
2077 2007 2857 2079 quantushonor,quantum
2877 2007 3488 2079 prmeidium.Necnon

102 2110 238 2149 nunc
265 2112 361 2150 vos
391 2096 622 2161 Karolo,
657 2113 762 2168 ego
793 2097 913 2170 regi
939 2100 1118 2152 faveo.
1147 2097 1439 2165 lllevobis,
1460 2097 1568 2153 iste
1584 2098 1726 2154 mihi
1838 2100 1894 2150 et
1926 2094 2071 2150 illud
2103 2095 2349 2150 libatum
2384 2101 2492 2161 est,
2543 2096 2600 2151 in
2652 2096 2809 2150 brevi
2860 2096 2984 2151 ﬁeri
3034 2113 3226 2168 posse,
3274 2101 3330 2152 et
3369 2115 3490 2152 suae

101 2184 513 2255 promptissime
541 2185 742 2240 credit.
778 2185 837 2240 Si
866 2185 1063 2258 itaque
1095 2203 1197 2257 per
1215 2203 1316 2242 vos
1342 2186 1532 2242 Karoli
1566 2204 1729 2242 amor
1836 2183 2019 2254 partis
2048 2184 2496 2256 provectionem,
2547 2188 2604 2239 et
2642 2183 2896 2239 hostium
2949 2185 3488 2258 praecipitationem.

101 2271 226 2326 mihi
255 2273 615 2339 restituatur,
647 2273 801 2346 regis
822 2275 1009 2345 gratia
1023 2275 1184 2330 vobis
1211 2276 1726 2342 nonaberit.Quod
1836 2272 2108 2344 Nihilque
2141 2272 2231 2327 his
2262 2273 2326 2307 δθί
2359 2273 2591 2328 obstare
2616 2290 2806 2346 posse,
2839 2273 2888 2329 si
2920 2273 3046 2330 sola
3067 2273 3352 2330 Divinitas
3375 2292 3489 2331 non

100 2364 147 2412 et
174 2360 313 2416 facto
338 2361 575 2417 difﬁcile
606 2379 722 2417 non
754 2363 881 2417 erit.
917 2362 1388 2436 Karolumigitur
1403 2365 1723 2432 convenite,
1833 2361 2132 2434 impediat.
2167 2362 2226 2417 Si
2256 2366 2388 2417 vota
2408 2379 2515 2417 sua
2537 2362 2776 2418 effectus
2789 2367 3199 2435 consequatur,
3223 2366 3489 2436 quando-

99 2451 146 2500 et
172 2464 266 2518 pro
299 2466 386 2504 me
418 2449 468 2504 si
515 2451 662 2505 forte
704 2451 1056 2506 concesserit
1105 2457 1283 2507 orate.
1318 2453 1397 2508 De
1445 2453 1558 2508 fide
1588 2467 1726 2526 erga
1834 2467 1945 2518 que
1970 2450 2256 2519 luturum,
2285 2455 2351 2505 ut
2379 2467 2482 2522 per
2509 2467 2637 2507 sese
2668 2467 2759 2506 res
2782 2450 3015 2522 publica
3036 2450 3221 2507 multo
3244 2451 3482 2522 honore,

99 2551 214 2591 eum
246 2537 531 2605 habenda,
581 2538 769 2594 multa
817 2539 1006 2595 dicere
1056 2557 1171 2595 non
1216 2540 1423 2596 inutile
1465 2543 1596 2598 erit.
1644 2543 1724 2598 De
1833 2538 2020 2594 multa
2049 2539 2257 2611 gloria,
2290 2538 2623 2595 cumuletur
2651 2544 2706 2596 et
2738 2541 2955 2596 ﬂoreat.
2979 2540 3080 2597 llis
3102 2541 3274 2598 dictis
3295 2558 3484 2598 sacra-

97 2625 289 2694 quibus
317 2627 366 2682 si
395 2627 536 2699 quid
568 2627 620 2684 ei
651 2627 895 2684 dubium
926 2629 1118 2684 visum
1154 2629 1347 2696 fuerit,
1381 2635 1512 2701 post
1549 2629 1723 2687 dicite
1832 2631 2030 2682 mento
2063 2628 2172 2682 sibi
2205 2628 2412 2684 annexi
2446 2633 2606 2695 sunt,
2642 2633 2815 2700 atque
2847 2646 2882 2684 a
2912 2647 2973 2686 se
3004 2628 3273 2702 digressi.
3304 2630 3477 2686 Adal-

98 2715 440 2783 probandum
474 2717 881 2772 sacramentis.
915 2717 976 2773 Si
1007 2717 1100 2773 his
1132 2718 1505 2790 episcopatus
1535 2719 1724 2775 reddi~
1832 2716 1966 2772 bero
1996 2717 2116 2788 regi
2149 2734 2210 2772 se
2241 2716 2509 2783 contulit,
2545 2735 2672 2788 qua
2700 2721 2897 2790 egerat
2921 2717 3238 2790 explicans.
3281 2719 3474 2786 Quibu

99 2802 229 2858 derit
272 2805 468 2860 sedem
517 2805 715 2860 adsint
762 2810 1100 2861 sanctorum
1151 2806 1428 2878 reliquiae,
1482 2814 1721 2879 paratus
1829 2821 1926 2860 rex
1959 2806 2198 2872 auditis,
2233 2806 2530 2877 negotium
2557 2807 2863 2878 approbat,
2893 2806 3206 2862 Arnult‘um
3237 2825 3365 2864 sese
3386 2825 3473 2864 re-

98 2906 211 2947 sum
241 2893 413 2948 ﬁdem
462 2895 669 2950 facere.
703 2893 760 2948 Si
804 2894 912 2949 hoc
943 2895 1088 2950 satis
1131 2895 1242 2951 erit
1279 2900 1335 2950 et
1381 2896 1718 2965 reddiderit,
1829 2898 2137 2966 cepturum
2170 2893 2219 2949 si
2249 2894 2442 2949 veniat
2470 2892 2796 2966 pollicetur,
2829 2895 2955 2965 ejus
2979 2895 3383 2967 purgationem
3405 2897 3476 2951 de

93 2979 153 3034 de
223 2982 371 3053 regis
445 2983 635 3054 gratia
705 2983 1029 3054 plurimum
1120 2984 1411 3040 confidite.
1484 2985 1545 3040 In
1611 2985 1720 3043 hac
1829 2983 2072 3053 objectis
2103 2999 2165 3038 se
2196 2987 2403 3056 sponte
2432 2984 2792 3040 auditurum.
2821 2985 2890 3040 Et
2911 2984 2959 3039 si
2991 2990 3142 3040 recte
3173 2990 3474 3058 purgetur,

92 3065 274 3141 lingna
300 3076 355 3125 et
384 3088 585 3139 manu,
619 3089 732 3143 pax
761 3073 875 3127 sita
904 3077 993 3127 est
1023 3077 1080 3128 et
1107 3072 1467 3130 dissidentia.
1505 3075 1719 3147 Regem
1828 3088 1943 3126 non
1977 3071 2187 3126 minori
2219 3073 2407 3144 gratia
2432 3089 2607 3144 quam
2641 3077 2775 3128 ante
2803 3072 3161 3143 habendum,
3192 3073 3476 3130 Adalbero

92 3158 266 3214 adibo.
295 3160 679 3216 Commodum
711 3161 1006 3232 quoddam
1037 3163 1356 3233 spondebo,
1408 3164 1562 3234 quod
1604 3182 1717 3220 non
1827 3159 1948 3214 hc'ec
2004 3161 2246 3216 Arnult‘o
2305 3162 2496 3217 refert.
2550 3162 2763 3234 Regem
2815 3161 3168 3231 benivolum,
3219 3162 3478 3219 clemen-

91 3245 260 3302 solum
293 3248 400 3304 sibi
432 3249 534 3305 sed
556 3254 614 3304 et
631 3251 881 3321 posteris
912 3251 1394 3322 sitprofuturum.
1428 3252 1717 3308 DolosKa.
1750 3235 1792 3300 C
1831 3251 1969 3316 tem,
2025 3249 2135 3304 sibi
2182 3250 2412 3306 asserit.
2462 3251 2611 3305 Eum
2657 3249 2833 3306 etiam
2892 3250 3019 3322 ejus
3067 3252 3475 3324 purgationem

91 3333 180 3388 roli
209 3342 518 3408 proteram.
554 3343 793 3394 Incauto
817 3339 996 3394 nimis
1020 3339 1486 3412 metropolitano,
1511 3343 1719 3413 praeju-
1826 3341 2031 3410 sponte
2057 3338 2257 3394 audire
2288 3338 2453 3404 velle,
2477 3341 2686 3410 suique
2716 3338 2966 3410 gratiam
2997 3339 3124 3395 sine
3153 3357 3316 3395 mora
3347 3342 3474 3396 red-

91 3422 278 3481 ditium
301 3426 516 3482 factum
539 3443 830 3495 asseram;
857 3432 914 3482 et
943 3429 1097 3500 quod
1121 3429 1353 3500 penitus
1384 3429 1491 3484 hoc
1509 3436 1720 3487 metro-
1825 3427 1981 3483 dere.
2019 3427 2179 3482 Unde
2209 3432 2264 3483 et
2288 3429 2338 3482 ei
2369 3444 2497 3482 esse
2518 3428 3027 3495 maturandum,et
3056 3430 3474 3500 quantotiusid

92 3513 391 3581 politanum
407 3517 680 3588 peniteat,
710 3516 986 3572 nonnulis
999 3517 1720 3590 ampliticationibusasse-
1826 3516 2164 3588 petendum.
2198 3515 2362 3570 Otius
2392 3531 2528 3587 ergo
2559 3531 2752 3587 regem
2771 3516 3131 3586 adeundum,
3154 3533 3226 3572 ne
3247 3517 3474 3589 aliquo-

91 3604 297 3660 verabo.
332 3604 449 3660 Rex
477 3610 684 3678 suapte
701 3605 1154 3673 mihicredulus,
1191 3606 1718 3679 hocgratissimum
1827 3621 1956 3660 rum
1990 3603 2158 3660 dolus
2188 3603 2499 3660 consilium
2551 3605 2880 3676 abrumpat.
2911 3605 2997 3659 Ad
3036 3621 3230 3677 regem
3276 3603 3475 3676 itaque

94 3691 334 3764 accipiet.
367 3695 436 3750 Et
465 3694 604 3767 quia
630 3695 752 3750 haec
782 3695 927 3750 ratio
942 3695 1718 3768 utrimqueagitabitur,duo
1828 3694 2000 3748 ambo
2033 3691 2274 3765 profecti
2302 3695 2459 3748 sunt.

94 3783 379 3837 commoda
406 3783 740 3856 gignentur.
765 3784 845 3838 Ex
877 3784 1583 3856 quibusduobustertium
1602 3785 1721 3842 elu-
1899 3783 1986 3836 45.
2021 3782 2297 3856 Amat/us
2346 3782 2416 3837 ad
2459 3799 2640 3851 regem
2667 3783 2734 3816 59’
2780 3798 2836 3838 se
2865 3783 3094 3839 contulit
3123 3784 3190 3818 ⁶⁹²
3237 3785 3477 3853 gratiam

95 3869 239 3925 cebit.
276 3871 419 3927 Nam
475 3889 608 3928 cum
639 3877 695 3928 et
750 3873 917 3928 vobis
975 3873 1165 3945 gratia
1212 3891 1438 3946 regum,
1488 3880 1545 3930 et
1575 3875 1716 3930 mihi
1825 3872 1892 3926 ab
1937 3873 2004 3906 ⁵⁸³
2049 3888 2109 3927 eo
2156 3873 2224 3907 ⁵⁹²
2273 3880 2590 3944 accepturus
2631 3873 2718 3926 δυ’.
2752 3903 2819 3911 —
2847 3871 3129 3928 Arnulfus
3177 3873 3476 3928 admissus

97 3955 263 4013 Κειτοιί
295 3961 586 4029 reddetur,
620 3979 725 4034 per
753 3979 859 4017 nos
889 3967 1313 4034 consequenter
1332 3963 1581 4018 aliorum
1614 3963 1722 4018 uti-
1828 3960 1968 4032 regi,
2002 3961 2073 4016 ab
2100 3977 2164 4016 eo
2196 3960 2463 4017 osculum
2497 3961 2736 4033 accepit.
2770 3961 2838 4016 Et
2868 3978 3003 4016 cum
3026 3962 3095 4016 de
3117 3961 3360 4033 objectis
3382 3960 3480 4016 ali-

97 4043 213 4103 litas
241 4051 696 4123 comparabitur.
719 4052 830 4106 Sed
846 4051 1068 4122 hicjam
1098 4053 1404 4107 verborum
1421 4051 1582 4120 finis;
1591 4053 1716 4123 jam
1830 4066 2006 4122 quam
2037 4051 2369 4122 purgationi
2401 4066 2637 4122 operam
2670 4051 2807 4106 dare
2842 4050 3030 4115 vellet,
3064 4068 3163 4106 rex
3210 4049 3323 4106 sibi
3353 4051 3477 4106 suf-

96 4151 232 4191 nunc
279 4139 432 4194 dicta
477 4139 648 4195 factis
697 4139 1035 4210 probentur.
1088 4160 1110 4189 ι
1143 4141 1421 4212 Datisque
1471 4141 1718 4198 strictim
1828 4138 1999 4194 ﬁcere
2049 4137 2214 4205 dixit,
2251 4143 2316 4193 ut
2363 4156 2396 4194 a
2427 4137 2731 4210 praeteritis
2781 4139 3128 4211 quiesceret,
3180 4144 3237 4194 et
3273 4140 3478 4196 exinde

95 4226 312 4296 osculis,
345 4229 638 4300 promissa
668 4229 911 4300 polliciti
943 4230 1014 4285 ab
1047 4247 1108 4286 se
1139 4229 1384 4302 digressi
1417 4236 1556 4286 sunt
1575 4232 1662 4286 ⁵⁸⁷.
1830 4226 1942 4283 sibi
1975 4228 2148 4283 tidem
2181 4227 2592 4283 inviolabiliter
2621 4233 2894 4283 servaret.
2929 4228 3065 4283 Sese
3095 4228 3329 4300 penitus
3360 4245 3476 4285 non

153 4315 234 4371 43.
283 4319 549 4388 Amulqu
582 4317 650 4352 ⁵³⁸
677 4334 779 4390 per
814 4320 1186 4389 ignorantiam
1213 4321 1280 4354 ⁸³⁸
1311 4321 1576 4376 Karolum
1619 4338 1720 4392 pa-
1828 4316 2098 4388 ignorare
2151 4315 2429 4371 Karolum
2474 4315 2525 4370 ei
2552 4315 2668 4370 vim
2721 4315 3011 4383 intulisse,
3064 4320 3120 4370 et
3149 4333 3386 4371 summa
3415 4316 3475 4372 id

93 4411 258 4459 truum
283 4406 587 4462 5“seducit.
603 4406 963 4463 —Arnulfns
978 4407 1251 4463 Karolum
1267 4408 1722 4480 petensAdalbe-
1830 4405 2260 4461 necessitudine
2291 4405 2533 4470 factum,
2557 4408 2621 4458 ut
2642 4404 2712 4459 ad
2727 4407 3009 4476 tempusa
3037 4420 3100 4459 se
3128 4404 3472 4474 discederet,

97 4507 274 4549 nonem
302 4494 641 4568 magniﬁcat
663 4497 1030 4568 deceptorem
1046 4497 1333 4563 nesciens,
1366 4497 1531 4552 valde
1544 4498 1720 4554 etiam
1831 4499 1888 4550 et
1913 4492 2119 4549 Karolo
2150 4493 2328 4548 etiam
2361 4491 2565 4548 nolens
2596 4492 2830 4547 faveret.
2865 4491 2974 4546 Sed
3003 4491 3141 4564 quia
3171 4492 3227 4547 id
3252 4493 3472 4550 factum

95 4582 446 4649 profuturum
475 4583 704 4654 asserit,
739 4585 1034 4658 ﬁdemque
1064 4591 1429 4642 servaturum
1452 4591 1720 4642 testatur.
1752 4600 1798 4665 Ι)
1831 4587 1972 4651 erat,
2002 4583 2156 4654 quod
2178 4581 2513 4637 labefactari
2546 4597 2661 4637 non
2691 4584 2936 4653 poterat,
2972 4579 3158 4637 multa
3178 4581 3400 4639 ratione
3419 4583 3473 4639 ei

95 4668 332 4728 Tandem
362 4674 422 4728 in
455 4689 521 4729 eo
553 4674 633 4728 nil
663 4673 1054 4730 dubitandum
1085 4675 1366 4731 seductus
1387 4676 1719 4748 persuadet.
1829 4688 1958 4728 esse
1978 4671 2316 4739 videndum,
2349 4674 2414 4725 ut
2433 4669 2662 4726 amissa:
2696 4669 2859 4725 urbis
2907 4670 3230 4742 dampnum
3279 4670 3474 4744 aliquo

99 4757 340 4826 Karolus,
373 4762 571 4835 nepoti
602 4763 823 4829 favens,
855 4779 984 4819 sese
1015 4764 1072 4818 id
1107 4765 1398 4819 facturum
1451 4767 1718 4837 spondet,
1829 4761 2002 4816 modo
2033 4759 2348 4832 suppleret.
2382 4760 2440 4816 Si
2470 4759 2675 4815 urbem
2706 4759 2920 4816 habere
2953 4763 3016 4814 ut
3043 4768 3174 4815 anle
3205 4777 3319 4816 non
3340 4778 3476 4833 pos-

97 4848 472 4922 episcopatum
505 4851 590 4907 sic
620 4852 987 4907 redditurum
1022 4869 1136 4908 non
1160 4853 1384 4908 abnuit.
1416 4853 1566 4909 Dum
1599 4855 1722 4911 haec
1830 4855 1938 4918 set,
1972 4849 2178 4906 saltem
2212 4847 2485 4905 Karolum
2517 4849 2589 4904 ad
2621 4865 2683 4904 se
2710 4849 2959 4905 transire
3007 4849 3241 4916 faceret,
3294 4856 3379 4919 ut,
3413 4868 3474 4908 se

98 4937 228 5005 apud
258 4939 533 4996 Karolum
552 4939 1552 5012 ﬁdeliterordinabantur,Adalbero
1565 4943 1720 5015 apud
1829 4939 2248 5006 consentiente,
2283 4937 2437 5010 quod
2467 4942 2797 5009 pervaserat
2825 4942 3065 4994 teneret.
3098 4939 3228 4996 Haec
3257 4943 3314 4996 et
3350 4957 3474 4996 am-

98 5037 266 5096 regem
299 5029 369 5084 de
396 5028 609 5086 Karolo
641 5033 698 5086 et
723 5029 967 5086 Arnulfo
982 5029 1261 5103 urbisque
1287 5031 1720 5104 captionequaz-
1830 5028 2016 5101 pliora
2043 5027 2324 5083 Arnulfus
2355 5043 2483 5084 sese
2522 5027 2814 5083 facturum
2863 5026 3191 5100 pollicetur,
3242 5032 3473 5086 tantum

1419 5173 1656 5230 VARIJE
1693 5169 2111 5228 LECTlONES.

153 5287 213 5322 ⁸⁸⁸
237 5288 1173 5364 Adelberonis,gmacbiniabscisa.
1250 5291 1316 5326 ⁵⁸⁷
1349 5290 1762 5364 abscesserunt
1790 5305 1957 5364 supra
1981 5286 2261 5364 posit_q_ab
2293 5302 2355 5342 se
2387 5286 2633 5364 digressi
2664 5289 2802 5364 sunt
2821 5285 3007 5364 cgdex.
3083 5287 3149 5322 ⁵⁸⁸
3168 5286 3473 5364 Arnult‘us,

97 5371 205 5446 Em,
232 5377 306 5446 pa
335 5363 571 5446 αὸςιζὶἑα.
621 5357 718 5397 “⁵⁸⁹
767 5363 1018 5446 aperiret
1052 5379 1224 5446 supra
1263 5363 1440 5446 po§ito
1483 5362 1806 5418 ell‘underet
1853 5357 2038 5416 eam.
2115 5358 2182 5393 59°
2233 5359 2294 5429 A,
2328 5374 2413 5428 sa,
2448 5357 2508 5429 d,
2539 5358 2769 5416 abscisa.
2847 5359 2911 5394 ⁶⁹¹
2957 5357 3042 5415 eis
3087 5373 3253 5432 supra
3292 5361 3478 5432 posito“

95 5423 173 5485 his
192 5423 377 5490 eam.
450 5435 521 5470 ‘9’
551 5447 770 5507 regem,
802 5423 868 5506 it,
901 5435 937 5493 b
968 5452 1056 5507 eo,
1089 5423 1519 5492 turus'abscisa.

1659 5548 1885 5626 Nom.

153 5646 290 5724 (123)
312 5657 518 5732 rma,
554 5652 730 5712 artes.
