3838 6238
364 356 479 420 143

1464 355 1779 421 RICHERI
1823 358 1888 419 S.
1938 355 2243 420 REMIGII
2290 352 2669 419 MONACHI.

3639 357 3724 421 1H

364 499 428 548 ut
459 489 610 567 regis
638 490 829 564 gratia
853 489 967 545 sibi
1000 490 1294 554 reddatur,
1327 496 1383 546 et
1434 489 1554 561 ipse
1589 491 1739 562 apud
1782 509 1912 546 eum
1951 494 2011 546 ut
2043 492 2095 559 λ
2126 491 2252 554 stis,
2290 489 2573 561 nobisque
2601 488 2982 544 eukaristiam
3032 486 3395 561 porrexistis,
3445 488 3725 562 aliquorum

366 578 855 654 metropolitanus
885 579 1223 634 honoretur.
1259 579 1375 634 Rex
1392 579 1639 651 gratiam
1671 578 1934 648 indulsit,
1959 583 2015 635 et

367 673 432 725 ut
462 669 783 745 plurimum
818 685 1013 725 coram
1045 685 1107 725 se
1134 668 1415 724 honorem
1446 668 1686 724 haberet
1702 668 2008 724 concessit.

365 758 529 815 Unde
560 761 617 814 et
642 758 860 813 factum
892 761 999 829 est,
1052 760 1115 812 ut
1142 756 1200 812 in
1234 757 1479 829 prandio
1527 757 1620 811 die
1651 758 1851 812 eadem
1894 757 2013 829 regi

367 847 587 916 dexter,
640 846 925 902 Adalbero
973 846 1185 920 reginae
1228 845 1389 901 levus
1439 846 1737 902 resideret.
1790 846 1890 901 His
1934 846 2015 901 ita

367 952 495 992 sese
523 935 897 1002 habentibus,
927 934 1207 991 Arnulfus
1236 936 1309 990 ab
1340 952 1471 1008 rege
1493 936 1749 990 dimotus
1780 939 1885 990 est.
1913 935 2014 990 Mi-

367 1041 492 1083 ram
526 1024 678 1098 regis
709 1023 1155 1080 benivolentiam
1185 1023 1393 1079 Karolo
1440 1023 1734 1079 indicavit.
1786 1026 2012 1089 Quanto

366 1130 597 1185 quoque
628 1112 843 1169 honore
874 1112 1028 1185 apud
1060 1130 1192 1169 eum
1220 1112 1458 1167 habitus
1491 1112 1567 1168 sit
1591 1112 1907 1184 explicans,
1942 1114 2014 1168 de

365 1203 491 1274 ejus
521 1201 705 1276 gratia
734 1201 1055 1277 plurimum
1100 1200 1481 1275 gloriabatur.
1512 1203 1556 1255 A
1590 1217 1704 1273 quo
1753 1206 2014 1273 tempore

364 1289 515 1364 regis
539 1294 597 1346 et
628 1289 819 1356 Karoli
841 1290 1369 1347 reconciliationem
1389 1296 1562 1362 atque
1587 1291 1835 1346 favorem
1857 1308 2012 1362 quae-

361 1381 543 1445 rebat.

432 1470 519 1525 46.
580 1469 831 1542 Exceptio
882 1470 948 1503 ⁵9³
994 1468 1348 1523 Λιιηιιιθνοηὶδ
1378 1485 1411 1522 α.
1441 1468 1641 1523 Karelo
1685 1468 1751 1502 593
1782 1500 1845 1507 ——
1880 1470 2012 1533 Quae

360 1557 502 1611 dum
535 1556 619 1612 sic
644 1574 772 1613 sese
803 1556 1102 1623 haberent,
1151 1556 1434 1611 Adalbero
1466 1573 1660 1629 arege
1714 1557 2012 1630 digressus

362 1648 471 1713 est,
507 1644 898 1719 Karolumque
930 1650 1151 1718 petens,
1187 1645 1455 1699 Lauduni
1491 1644 1677 1701 multa
1698 1645 2013 1699 ambitione

362 1738 640 1809 exceptus
670 1738 777 1790 est.
811 1735 892 1789 Ad
927 1751 988 1789 se
1022 1735 1109 1789 sui
1154 1735 1417 1805 redeunt,
1454 1736 1551 1806 qui
1605 1739 1735 1789 ante
1768 1735 1838 1789 ab
1872 1736 2012 1791 urbe

360 1822 749 1885 exulaverant.
785 1823 924 1878 item
955 1822 1301 1877 familiarem
1337 1828 1399 1878 ut
1431 1828 1563 1878 ante
1594 1823 2011 1896 disponunt,in

361 1911 523 1967 nullo
555 1912 909 1979 dubitantes,
942 1916 1000 1968 et
1029 1928 1231 1985 pacem
1265 1914 1641 1985 postmodum
1685 1917 2008 1984 sperantes.

360 1999 588 2074 Clarum
622 2018 795 2074 quem
824 2000 1121 2067 amiserat,
1157 2001 1377 2069 revisit,
1424 2002 1591 2074 eique
1634 2002 2006 2074 compatitur,

357 2088 746 2163 benivolentia
775 2089 1042 2162 spondet,
1076 2093 1142 2144 ut
1170 2108 1203 2145 a
1234 2106 1294 2147 se
1328 2107 1440 2145 non
1490 2090 1764 2145 deﬁciant
1809 2090 2007 2146 horta-

357 2181 474 2234 tur.
505 2179 821 2251 Postquam
853 2178 1000 2234 satis
1026 2177 1299 2252 colloquii
1328 2196 1463 2234 cum
1503 2179 1627 2235 suis
1677 2179 1901 2247 habuit,
1936 2180 2009 2234 de

354 2266 666 2327 securitate
697 2266 825 2322 fidei
858 2271 916 2323 et
945 2267 1130 2336 urbis,
1164 2285 1195 2322 a
1234 2267 1438 2323 Karolo
1487 2268 1845 2323 convenitur.
1899 2268 2007 2331 Qui

353 2357 501 2428 (124)
532 2356 614 2412 sic
646 2372 819 2412 orsus
846 2356 1049 2429 cmpit:
1085 2380 1111 2405 «
1147 2356 1427 2419 Quoniam
1463 2356 1764 2424 Divinitas,
1797 2357 1852 2411 in
1886 2375 2006 2412 om-

354 2446 529 2521 nibus
560 2444 891 2502 misericors
924 2444 1097 2500 etiam
1125 2445 1266 2500 dum
1312 2444 1501 2517 punit,
1551 2445 2005 2512 misericorditer

353 2539 647 2608 operatur,
671 2535 837 2607 justo
867 2535 997 2605 ejus
1027 2533 1242 2605 juditio
1296 2550 1387 2589 me
1418 2537 1475 2589 et
1504 2534 1795 2605 abjectum
1829 2539 1885 2591 et
1913 2552 2001 2590 re-

354 2629 589 2697 ceptum
617 2639 925 2697 cognosco.
956 2623 1091 2695 Ejus
1109 2622 1382 2694 aequitate
1399 2623 1507 2677 hac
1540 2622 1685 2678 urbe
1702 2640 1794 2679 me
1813 2641 2003 2680 excer-

352 2715 519 2784 ptum
551 2712 819 2778 arbitror,
852 2713 979 2785 ejus
996 2710 1374 2785 benignitate,
1396 2712 1551 2784 quod
1576 2718 1842 2785 superest
1863 2730 1999 2784 prae-

350 2800 548 2856 stoler.
581 2805 785 2873 Ipsum
814 2800 1011 2868 etiam,
1046 2817 1144 2856 vos
1170 2804 1228 2857 et
1257 2800 1407 2855 hanc
1426 2800 1627 2855 urbem
1649 2801 1792 2856 mihi
1815 2803 2000 2857 reddi-

350 2889 509 2947 disse
539 2889 766 2963 opinor.
795 2891 843 2945 A
880 2889 996 2944 Deo
1029 2890 1228 2961 itaque
1252 2889 1566 2957 redditum,
1588 2889 1732 2945 mihi
1757 2890 1999 2964 adjungi

349 2995 566 3053 quaaro.
600 2979 834 3035 Adsunt
862 2982 1082 3049 sancta,
1107 2977 1478 3049 superponite
1491 2978 1806 3047 dexteram,
1822 2980 1997 3037 fidem

352 3072 556 3135 contra
575 3083 779 3139 omnes
805 3067 1103 3138 spondete.
1119 3067 1387 3138 Exceptio
1406 3065 1569 3121 nulla
1591 3067 1716 3135 iret,
1751 3068 1801 3122 si
1822 3069 1996 3124 vultis

354 3154 499 3215 mihi
539 3171 734 3209 comes
774 3154 918 3209 ﬁeri.
971 3177 998 3203 ››
1043 3154 1143 3209 llle
1187 3154 1276 3209 sui
1314 3155 1428 3210 voti
1468 3155 1675 3212 avidus
1715 3156 1995 3230 quicquid

2123 596 2511 635 susurronum
2545 578 2871 634 calumnias
2904 578 3004 652 qui
3034 578 3198 634 vobis
3230 578 3527 637 fidendnm
3558 584 3729 652 negant

2120 666 2507 740 vilipendens,
2542 684 2677 723 cum
2727 667 2905 724 instet
2935 668 3059 724 dies
3108 667 3402 741 passionis
3446 667 3652 723 Domini
3690 673 3729 723 et

2121 758 2432 815 Salvatoris
2465 758 2649 813 nostri
2672 758 2814 814 Jesu
2843 757 3078 826 Christi,
3114 758 3223 814 hoc
3237 757 3538 813 vasculum
3567 765 3729 815 vestra

2123 847 2390 920 dignitati
2425 853 2650 920 aptum,
2699 864 2835 902 cum
2865 847 2999 902 vino
3050 851 3107 902 et
3137 863 3284 919 pane
3334 845 3575 902 infracto
3600 845 3728 902 vobis

2123 934 2373 1009 porrigo.
2410 936 2527 991 Hoc
2559 935 2833 1008 poculum
2847 934 2904 989 in
2922 935 3088 1006 signo
3106 935 3387 991 habendze
3409 940 3465 992 et
3481 936 3729 990 servanda

2121 1025 2255 1079 fidei
2289 1024 2521 1081 ebibite.
2557 1024 2614 1079 Si
2644 1041 2776 1081 vero
2807 1025 2982 1080 ﬁdem
3013 1040 3241 1080 servare
3268 1023 3464 1079 animo
3497 1041 3606 1079 non
3626 1028 3729 1091 stat,

2123 1113 2329 1186 poculo
2360 1114 2598 1186 parcite,
2633 1130 2705 1169 ne
2736 1113 3090 1169 horrendam
3112 1112 3278 1168 Juda:
3305 1112 3614 1184 proditoris
3640 1106 3732 1182 spe

2123 1204 2270 1257 ciem
2321 1202 2606 1258 referatis.
2659 1202 2780 1265 Quo
2830 1202 3257 1274 respondente:
3296 1201 3585 1258 Craterem
3624 1201 3731 1256 reci-

2122 1292 2301 1364 piam,
2336 1296 2392 1348 et
2423 1296 2624 1363 potum
2655 1291 2835 1347 libere
2865 1290 3130 1349 obibam!
3168 1312 3196 1339 ‹‹
3233 1289 3474 1347 Karolus
3495 1307 3619 1345 mox
3638 1306 3731 1361 pre

2124 1386 2383 1447 secutus,
2414 1380 2749 1436 addendum
2781 1379 2925 1434 dixit
2969 1397 2981 1433 :
3014 1388 3063 1434 et
3090 1379 3252 1449 ﬁdem
3280 1377 3610 1450 [twianLllle
3644 1378 3731 1433 ebi-

2123 1470 2267 1525 bens
2298 1473 2664 1541 prosecutus,
2697 1474 2814 1524 est:
2852 1478 2901 1525 et
2926 1468 3088 1540 fidem
3115 1470 3351 1540 faciam;
3383 1470 3623 1540 alioquin
3643 1483 3732 1522 rum

2119 1559 2258 1614 Iuda
2293 1560 2594 1614 inteream!
2628 1559 2696 1613 Et
2745 1557 2933 1613 multa
2972 1558 3066 1614 his
3114 1556 3333 1612 similia
3380 1556 3732 1613 anathematis

2121 1646 2293 1702 verba
2323 1647 2668 1702 cenantibus
2698 1646 2877 1702 dedit.
2912 1646 3037 1701 Nox
3068 1645 3248 1701 futuri
3279 1645 3476 1701 luctus
3497 1651 3552 1701 et
3581 1644 3731 1717 prodi-

2124 1736 2299 1791 tionis
2322 1737 2551 1790 conscia
2567 1734 2844 1790 instabat.
2861 1734 3132 1800 Quietum
3153 1734 3234 1788 ire
3249 1735 3628 1790 constitutum
3649 1738 3731 1799 est,

2123 1824 2561 1898 dormitumun
2590 1825 2651 1879 in
2686 1841 2872 1879 mane.
2905 1823 3191 1879 Adalbero
3225 1824 3315 1879 sui
3339 1823 3456 1880 doli
3481 1824 3731 1888 conscius,

2121 1914 2550 1969 dormientibus
2582 1912 2782 1969 Karolo
2814 1917 2870 1970 et
2900 1911 3165 1980 Arnulfo,
3199 1912 3425 1986 gladios
3457 1916 3515 1967 et
3544 1928 3688 1968 arma
3710 1927 3733 1965 a

2120 2003 2413 2075 capitibus
2470 2020 2671 2058 eorum
2737 2002 2974 2069 amovit,
3026 2001 3413 2074 latibulisque
3478 1999 3735 2057 mandavit

2120 2094 2310 2161 (Μανι.
2344 2092 2456 2160 30).
2491 2090 2851 2147 Hostiarium
2882 2090 3060 2163 hujus
3092 2089 3210 2146 doli
3257 2089 3533 2163 ignarum
3577 2105 3731 2147 accer-

2118 2181 2295 2249 siens,
2329 2197 2569 2235 cursum
2602 2179 2943 2248 accelerare,
2977 2184 3034 2235 et
3065 2179 3361 2250 quendam
3394 2195 3625 2234 suorum
3660 2193 3729 2231 ac-

2117 2269 2259 2324 cersi
2272 2285 2329 2324 re
2351 2269 2553 2341 jubet;
2570 2268 2787 2323 ostium
2803 2284 2930 2324 sese
2944 2272 3313 2322 servaturum
3340 2267 3572 2323 interim
3586 2265 3727 2340 polli-

2114 2374 2270 2414 cens.
2324 2358 2446 2421 Quo
2497 2358 2781 2430 digresso,
2831 2355 3115 2412 Adalbero
3166 2356 3225 2412 in
3265 2356 3395 2429 ipso
3438 2356 3582 2413 ostio
3628 2369 3728 2409 sese

2115 2447 2376 2501 medium
2411 2446 2553 2513 ﬁxit,
2587 2445 2852 2519 gladium
2885 2446 2996 2501 sub
3027 2440 3184 2501 veste
3216 2448 3443 2501 tenens.
3494 2444 3593 2501 Cui
3620 2459 3725 2498 mox

2113 2534 2203 2589 sui
2236 2534 2599 2601 assistentcs,
2634 2538 2832 2607 utpote
2861 2534 3040 2605 hujus
3092 2533 3369 2591 facinoris
3418 2532 3642 2599 conscii,
3670 2531 3723 2586 ab

2112 2623 2399 2683 Adalbero
2448 2640 2651 2679 omnes
2700 2622 3021 2678 intromissi
3070 2626 3228 2679 sunt.
3274 2621 3515 2678 Karolus
3556 2626 3608 2676 et
3643 2622 3722 2674 Ar-

2110 2712 2244 2767 nulf
2244 2730 2311 2767 us
2327 2711 2612 2767 matutino
2631 2728 2837 2767 somno
2854 2709 3116 2783 oppressi
3134 2710 3533 2783 quiescebant.
3548 2710 3723 2767 Coram

2108 2802 2324 2874 quibus
2355 2818 2487 2856 cum
2521 2801 2719 2856 hostes
2773 2801 2920 2856 facto
2971 2801 3201 2874 agmine
3246 2801 3538 2866 adessent,
3584 2797 3726 2855 etilli

2108 2890 2492 2963 expergefacti
2526 2891 2592 2945 ad
2604 2889 2892 2947 versarios
2922 2889 3327 2958 advertissent,
3353 2888 3562 2946 electis
3579 2886 3726 2963 prosi-

2107 2979 2337 3048 lientes,
2370 2983 2427 3035 et
2456 2996 2620 3035 arma
2648 2995 2950 3052 capessere
2968 2978 3238 3047 nitentes,
3259 2995 3365 3034 nec
3384 2979 3725 3051 reperientes.

2106 3075 2363 3143 querunt
2392 3069 2674 3141 quidnam
2708 3068 3034 3123 matutinus
3060 3083 3259 3145 eorum
3277 3067 3476 3123 afferat
3498 3071 3723 3124 eventus.

2105 3158 2388 3214 Adalbero
2421 3174 2583 3211 vero:
2618 3179 2645 3206 (‹
2680 3156 2964 3221 Quoniam
2997 3155 3187 3228 inquit
3215 3172 3408 3211 arcem
3438 3156 3584 3212 hanc
3605 3154 3723 3210 mihi

350 3242 645 3316 expetitur
673 3243 938 3316 spondet.
973 3244 1160 3316 Super
1189 3248 1391 3299 sancta
1421 3244 1680 3300 dextram
1714 3247 1990 3315 extendit,
2025 3233 2067 3298 (ἶ
2107 3264 2292 3319 nuper
2318 3245 2707 3318 surripuistis,
2740 3250 2796 3301 et
2825 3246 2897 3301 ab
2930 3261 2997 3300 ea
3016 3242 3246 3300 exulem
3270 3245 3433 3301 abire
3460 3244 3722 3318 coegistis,

350 3349 467 3403 non
497 3332 714 3388 veritus
756 3332 959 3404 jurare
1002 3332 1414 3405 quodcumque
1462 3333 1827 3407 propositum
1862 3335 1991 3391 fuit.

349 3420 511 3478 Unde
539 3426 598 3477 et
624 3421 851 3479 cunctis
899 3421 1193 3489 credulus,
1228 3420 1371 3477 nulli
1423 3428 1731 3495 suspectus
1766 3425 1895 3480 fuit.
1930 3425 1991 3481 In

343 3510 505 3577 nullo
535 3510 765 3585 negotio
797 3528 833 3568 a
860 3528 1093 3585 quoque
1123 3511 1455 3568 vitatur.De
1487 3512 1629 3570 urbe
1650 3514 1988 3583 munienda,

340 3600 466 3674 ipse
497 3600 691 3673 guerit
719 3604 775 3656 et
806 3599 1111 3669 deliberat.
1145 3599 1422 3656 Omnium
1453 3619 1693 3658 causam
1727 3602 1992 3659 sciscita-

338 3692 455 3744 tur.
485 3689 590 3744 Pro
618 3688 894 3744 omnibus
924 3688 1233 3745 consultat.
1270 3691 1455 3755 Quare
1488 3690 1722 3763 ignotus
1748 3695 1990 3748 cunctos

336 3775 532 3833 latuit.

408 3867 497 3921 47.
528 3865 941 3937 Comprehensio
970 3866 1037 3928 59‘
1064 3867 1260 3937 Karoli
1288 3867 1354 3920 ab
1396 3866 1755 3923 .idalbero'ne.
1791 3902 1857 3908 —
1890 3874 1989 3924 In-

336 3956 495 4013 terea
522 3970 656 4009 cum
680 3953 868 4009 Karoli
895 3971 1255 4027 suorumque
1274 3954 1539 4010 habitum
1555 3956 1790 4028 penitus
1807 3959 1989 4030 pervi-

335 4041 538 4113 disset,
572 4059 700 4109 sese
729 4043 907 4098 etiam
940 4042 1083 4099 nulli
1114 4060 1243 4099 esse
1274 4048 1612 4117 suspectum
1646 4045 1809 4102 dolos
1831 4048 1980 4102 mul-

335 4129 590 4197 tifariam
621 4131 1037 4204 praetendebat,
1069 4136 1133 4188 ut
1161 4137 1220 4188 et
1250 4133 1453 4188 urbem
1487 4132 1595 4188 sibi
1622 4134 1905 4202 redderet,
1929 4141 1987 4192 et

333 4219 610 4291 Karolum
645 4221 767 4295 regi
798 4225 1034 4294 captum
1064 4222 1339 4278 traderet.
1374 4221 1561 4277 Karoli
1590 4223 1787 4295 itaque
1816 4224 1986 4280 collo-

332 4310 473 4383 quio
504 4311 688 4367 utitur
716 4311 952 4383 sepius,
985 4310 1432 4367 benivolentiam
1463 4312 1683 4383 profert
1703 4313 1979 4386 amplius.

329 4399 468 4457 Sese
498 4416 732 4474 quoque
764 4399 813 4455 si
845 4403 1106 4473 oporteat
1135 4399 1520 4456 sacramentis
1561 4401 1749 4475 magis
1798 4402 1979 4458 strin-

325 4489 585 4561 gendum
616 4490 812 4558 offert;
845 4493 1010 4557 tanta
1050 4488 1279 4546 cautela
1327 4488 1665 4546 calliditatis
1716 4509 1881 4559 usus,
1913 4497 1980 4548 ut

327 4576 567 4633 omnino
599 4577 799 4634 dolum
827 4578 1221 4667 simulationis
1251 4577 1441 4635 colore
1468 4578 1780 4636 obvelaret.
1815 4581 1979 4637 Unde
2011 4602 2056 4667 ι)

325 4680 461 4727 cum
491 4670 658 4722 nocte
689 4667 941 4737 quadam
968 4666 1461 4723 intercenandum
1476 4666 1679 4725 hilaris
1703 4669 1980 4727 resideret

325 4753 517 4824 (Mart.
531 4754 645 4826 29),
660 4754 898 4810 Carolus
911 4759 1191 4811 craterem
1206 4772 1449 4811 aureum
1468 4756 1527 4810 in
1542 4774 1657 4828 quo
1671 4773 1878 4829 panem
1893 4757 1978 4812 in-

322 4840 576 4915 fregerat
605 4843 854 4914 vinoque
884 4847 1305 4916 temperaverat
1318 4848 1545 4913 tenens,
1570 4847 1703 4916 post
1722 4845 1976 4902 multum

321 4930 644 5004 cogitatum
677 4930 727 4986 ei
780 4930 1018 4986 obtulit:
1055 4956 1083 4981 ‹‹
1112 4932 1398 4996 Quoniam
1448 4933 1724 5004 inquiens
1754 4951 1821 4989 ex
1872 4952 1975 5007 pa-

320 5022 478 5087 trum
513 5018 762 5087 decretis
787 5020 1011 5092 palmas
1033 5025 1090 5075 et
1107 5020 1339 5076 frondes
1352 5021 1523 5077 hodie
1538 5022 1972 5096 sanctiﬁcastis,

320 5111 495 5179 atque
519 5106 749 5179 plebem
779 5108 845 5141 ⁵9⁵
876 5107 1059 5163 sacris
1111 5109 1618 5165 benedictionibus
1668 5128 1973 5168 consecra-

2103 3340 2159 3391 et
2188 3353 2289 3391 vos
2319 3335 2455 3390 hinc
2485 3334 2761 3390 dissimili
2794 3338 2990 3390 tamen
3023 3334 3261 3389 fortuna
3279 3332 3597 3406 pellemini.
3627 3333 3722 3407 Ego

2101 3423 2256 3480 enim
2290 3423 2508 3496 proprii
2533 3424 2688 3495 juris
2718 3423 2995 3479 remansi.
3026 3422 3142 3478 Vos
3171 3421 3361 3479 alieno
3393 3422 3674 3479 subibitis.
3701 3442 3723 3466 η

2099 3513 2183 3568 Ad
2217 3513 2323 3568 hec
2359 3512 2624 3569 Karolus:
2658 3536 2685 3562 «
2714 3514 2797 3567 An
2833 3510 3043 3584 inquit,
3078 3528 3108 3567 o
3141 3510 3435 3583 episcopo,
3470 3511 3720 3568 hesterna

2102 3618 2255 3658 cena:
2290 3619 2515 3656 memor
2544 3601 2626 3657 sis
2654 3600 2880 3657 ninium
2922 3600 3122 3666 miror,
3146 3600 3274 3655 Non
3296 3617 3432 3673 ergo
3458 3600 3584 3673 ipsa
3600 3596 3722 3654 Divi-

2101 3690 2157 3746 ni
2168 3690 2302 3748 tatis
2332 3690 2653 3746 reverentia
2676 3688 2962 3745 inhibebit
2976 3689 3004 3744 ἱ)
3018 3687 3249 3745 Nihilne
3253 3690 3357 3761 jus
3369 3684 3721 3745 sacramenti?

2100 3779 2252 3835 Nihil
2288 3780 2570 3835 hesternae
2602 3796 2755 3835 cenae
2798 3777 2876 3833 im
2884 3776 3177 3851 precatio?
3210 3800 3237 3827 ››
3270 3779 3340 3834 Et
3370 3777 3477 3834 hec
3523 3777 3729 3849 dicens,

2100 3886 2356 3942 praeceps
2386 3869 2445 3924 in
2476 3868 2704 3924 hostem
2740 3868 2939 3924 fertur.
2972 3866 3151 3930 Quem
3187 3868 3500 3931 furentem,
3540 3861 3718 3923 armati

2098 3958 2488 4025 circumdant,
2522 3960 2695 4029 atque
2710 3956 2766 4012 in
2781 3956 2997 4011 lectum
3013 3954 3311 4029 repulsum
3330 3956 3717 4029 comprimunt.

2095 4047 2210 4103 Nec
2243 4047 2440 4103 minus
2468 4046 2780 4101 Arnulfum
2812 4044 3154 4118 pervadunt.
3187 4046 3343 4112 Quos
3374 4044 3720 4118 comprehen-

2095 4153 2211 4204 sos,
2247 4136 2305 4191 in
2336 4136 2537 4191 eadem
2569 4134 2717 4190 turri
2748 4134 3081 4191 includunt.
3112 4134 3345 4190 Turrim
3369 4150 3596 4206 quoque
3618 4130 3713 4188 cla-

2090 4226 2262 4280 vibus
2292 4228 2349 4281 et
2379 4224 2523 4280 seris
2539 4222 3301 4297 repagulisquecustodibus
3326 4223 3716 4279 adhibitismu-

2092 4312 2279 4368 niunt.
2314 4312 2477 4368 Unde
2506 4329 2639 4367 cum
2663 4311 2882 4367 clamor
2908 4311 3280 4378 feminarum,
3306 4322 3713 4383 puerorumque

2090 4401 2267 4457 simul
2299 4404 2356 4456 et
2404 4400 2755 4456 famulorum
2811 4398 3073 4455 ululatus
3120 4398 3181 4454 in
3211 4398 3425 4456 ccelum
3472 4400 3711 4460 ferretur,

2088 4490 2240 4546 cives
2272 4506 2373 4562 per
2402 4490 2607 4545 urbem
2638 4489 2857 4545 turbati
2887 4492 2944 4544 et
2970 4488 3358 4562 expergefacti
3396 4492 3551 4546 sunt.
3595 4484 3710 4550 Qui-

2087 4596 2340 4652 cumque
2373 4578 2558 4633 Karoli
2590 4578 2855 4650 partibus
2873 4577 3159 4644 favebant,
3178 4594 3315 4633 mox
3329 4577 3590 4651 profugio
3604 4588 3711 4630 sese

2086 4669 2498 4724 liberaverunt.
2549 4667 2712 4733 Quod
2755 4666 2931 4727 etiam
2991 4666 3087 4722 vix
3135 4666 3355 4722 factum
3409 4666 3534 4721 fuit.
3582 4664 3709 4720 Nam

2085 4774 2219 4812 cum
2254 4774 2398 4829 pene
2429 4756 2619 4811 adhuc
2653 4756 2938 4829 fugerent,
2972 4755 3173 4811 statim
3198 4759 3319 4811 tota
3335 4755 3533 4811 civitas
3562 4751 3711 4810 obﬁr-

2086 4846 2234 4903 mari
2256 4847 2328 4902 ab
2358 4844 2719 4900 Adalberone
2743 4846 2915 4916 jussa
2944 4848 3050 4909 est,
3083 4849 3149 4900 ut
3187 4861 3395 4903 omnes
3442 4861 3584 4916 quos
3612 4838 3709 4896 sibi

2085 4936 2358 4991 adversos
2395 4934 2644 5006 putabat
2672 4932 3212 5005 comprehenderet.
3262 4932 3499 4996 Quazsiti
3548 4931 3707 4991 fuere,

2085 5041 2189 5079 nec
2222 5023 2451 5097 reperti.
2487 5022 2827 5078 Subductus
2858 5025 2949 5077 est
2980 5026 3036 5077 et
3066 5020 3255 5077 Karoli
3288 5021 3450 5079 {ilius
3480 5017 3707 5085 biennis,

2084 5113 2266 5186 patris
2294 5110 2643 5168 vocabulum
2675 5111 2919 5177 habens,
2950 5114 3007 5165 et
3034 5110 3705 5182 acaptivitateliberatus.

1673 5278 1911 5337 VARIzE
1950 5281 2251 5340 LECEION
2260 5281 2364 5340 ES.

382 5380 451 5431 ⁸⁸³
479 5390 620 5466 ptio,
646 5389 859 5447 Karolo
890 5390 1122 5445 abscisa.
1204 5391 1272 5426 “9‘
1301 5390 1504 5449 hensio
1533 5394 1823 5455 abscisum.
1900 5398 1967 5434 ⁵9⁵
1996 5398 2280 5473 populum
2308 5398 2646 5471 superposito
2674 5396 2923 5471 plebem.

375 5594 522 5722 (424)
553 5641 688 5705 Boil.
724 5639 990 5701 Karolue.
1028 5616 1033 5619 1

1888 5548 2123 5609 nom.
2178 5622 2183 5627 η
