3838 6238
341 332 456 394 147

1432 330 1749 394 llICHEltI
1797 331 1862 392 S.
1911 328 2212 392 REMIGII
2257 328 2639 392 MONACHI.
3613 330 3704 394 με

338 470 462 524 tata
479 463 671 540 pontis
684 461 1164 539 periculaiterum
1183 467 1874 540 attemptaturum,puero
1897 482 1981 522 re-
2011 472 2056 537 Α
2092 464 2454 521 diversorum
2487 462 2748 520 locorum
2771 463 3014 522 abbates
3044 461 3144 539 qui
3170 463 3433 535 aderant,
3457 469 3580 539 post
3597 465 3706 523 soli-

339 555 476 612 lieto
506 556 726 612 remisi.
759 558 894 611 Arte
925 555 1228 628 praemissa
1258 555 1593 628 pertransiit
1623 573 1636 623 ;
1671 560 1727 611 et
1757 556 1828 610 ad
1852 572 1983 626 pue-

340 663 471 701 rum
489 645 749 701 secunda
765 643 1157 717 noctisvigilia
1176 645 1542 700 errabundus
1557 645 1834 716 pervenit.
1855 644 1984 698 Vix-

341 751 453 807 que
473 750 607 789 eum
631 734 845 805 saepius
865 732 1242 788 inclamatum
1263 733 1661 805 repperit.0uo
1681 738 1983 806 assumpto

341 840 475 879 cum
501 823 571 878 ad
599 823 800 878 urbem
813 822 1156 888 devenisset,
1177 827 1484 895 suspectus
1499 821 1690 895 pontis
1705 821 1981 895 pericula,

342 929 470 985 quas
503 911 818 984 pernitioso
849 910 1240 984 experimento
1263 911 1702 978 didieerat,cum
1726 928 1902 983 puero
1928 915 1986 966 et

341 1001 508 1074 equis
543 1001 599 1055 in
632 1001 936 1072 cujusdam
961 999 1260 1072 tugurium
1280 999 1625 1067 declinavit;
1659 999 1856 1072 ibique
1884 1017 1986 1071 per

342 1093 525 1145 totam
559 1088 711 1144 diem
737 1088 997 1158 incibati,
1022 1093 1185 1144 nocte
1206 1088 1306 1144 illa
1327 1089 1397 1144 ad
1422 1089 1844 1160 quiescendum
1868 1107 1983 1144 non

343 1179 414 1234 ad
447 1178 774 1233 cenandum
798 1176 1018 1233 collecti
1043 1181 1200 1233 sunt.
1226 1179 1408 1244 Quam
1433 1183 1660 1233 noctem
1685 1184 1749 1232 ut
1769 1179 1986 1233 insem-

343 1285 474 1323 nem
506 1267 793 1334 duxerim,
810 1271 866 1321 et
887 1272 1104 1340 quanto
1127 1268 1183 1321 in
1203 1284 1270 1323 ea
1294 1267 1553 1322 cruciatu
1576 1269 1981 1335 tortus‘msim,

342 1357 695 1429 perpendere
724 1360 972 1428 possunt
1003 1357 1100 1428 qui
1137 1374 1276 1412 cura
1297 1373 1564 1412 carorum
1581 1357 1895 1430 aliquando
1909 1356 1985 1410 vi-

342 1445 553 1518 gilasse
582 1446 763 1501 coacti
797 1450 954 1500 sunt.
990 1446 1124 1501 Post
1154 1461 1286 1500 vero
1330 1450 1527 1517 optata
1573 1445 1702 1501 luce
1733 1446 1982 1509 reddita,

341 1534 525 1590 nimia
544 1534 736 1590 esurie
757 1533 1024 1600 confecti,
1048 1533 1337 1590 maturius
1359 1536 1670 1590 affuerunt.
1693 1534 1789 1590 Eis
1809 1535 1983 1589 etiam

343 1623 455 1678 cibi
489 1623 632 1678 illati
659 1641 674 1690 ;
699 1640 932 1678 annona
947 1639 1182 1695 quoque
1204 1639 1336 1678 cum
1360 1623 1542 1696 paleis
1563 1624 1730 1695 equis
1752 1629 1986 1695 antepo-

343 1712 457 1769 sita
485 1717 593 1768 est.
625 1712 1051 1784 Dimittensque
1081 1712 1275 1768 abbati
1297 1714 1620 1785 Augustino
1648 1714 1715 1748 ⁶⁰⁸
1737 1729 1981 1784 puerum

2091 554 2301 610 tariam
2333 553 2424 610 sui
2455 553 2938 627 disputationem,
2973 571 3173 611 secum
3202 555 3514 612 consedere
3535 557 3704 628 jusse-

2093 649 2247 700 runt

2161 735 2248 788 52.
2284 734 2610 789 Deliberatio
2639 735 2707 768 ⁶¹⁶
2734 733 2798 789 de
2829 733 3102 806 dignitate
3129 734 3200 768 ⁵³³
3227 735 3466 790 habendi
3492 736 3558 769 ⁶¹⁶
3574 736 3709 806 judi-

2093 825 2162 879 lii
2187 832 2239 879 et
2264 825 2578 894 praelatum:
2596 825 2681 879 ⁶¹⁴.
2711 855 2776 865 -
2808 824 2886 878 De
2909 823 3179 878 habenda
3201 823 3386 896 igitur
3409 824 3711 890 sinodo,ra-

2092 912 2246 967 tione
2268 913 2439 980 facta,
2460 913 2851 968 ordinandum
2875 913 3179 984 putabant,
3204 913 3298 967 cui
3318 917 3575 985 potestas
3583 913 3712 984 judi-

2093 1001 2260 1055 candi
2295 1001 2364 1055 de
2387 1001 2635 1074 singulis
2667 1002 3028 1057 conferretur
3056 1020 3069 1069 ;
3103 1017 3277 1073 quem
3310 1003 3490 1057 etiam
3523 1002 3710 1056 haben-

2093 1089 2301 1144 darum
2321 1089 2613 1144 rationum
2633 1090 2933 1144 custodem
2949 1089 3511 1162 atqueinterpretem
3524 1107 3716 1146 accom-

2093 1179 2414 1233 modarent.
2437 1178 2745 1234 Judicandi
2767 1180 2964 1251 itaque
2987 1179 3263 1251 dignitas,
3296 1179 3539 1253 Siguino
3570 1180 3718 1233 Seno-

2095 1267 2367 1322 nensium
2385 1267 2832 1340 metrOpolitano
2852 1268 3169 1323 commissa
3181 1272 3363 1332 est,eo
3383 1269 3534 1341 quod
3554 1267 3714 1322 aetatis

2095 1356 2412 1411 reverentia
2439 1361 2496 1412 et
2520 1357 2647 1411 vita:
2681 1356 2888 1412 merito
2930 1356 3252 1428 plurimum
3301 1357 3711 1413 commendare-

2093 1447 2204 1499 tur.
2239 1445 2557 1500 Ordinandi
2591 1461 2724 1500 vero
2758 1445 3006 1501 facultas
3035 1463 3102 1501 ac
3135 1445 3540 1518 magisterium
3566 1445 3712 1499 inter-

2095 1533 2628 1605 pretandi,Arnulfo
2658 1533 3062 1590 Aurelianensi
3091 1533 3365 1607 episeopo
3389 1535 3603 1590 credita
3621 1536 3711 1596 est,

2093 1638 2158 1676 eo
2191 1623 2342 1693 quod
2377 1622 2500 1694 ipse
2530 1622 2682 1678 inter
2710 1622 3031 1678 Galliarum
3050 1623 3375 1694 episcopos,
3401 1620 3713 1695 eloquiivir-

2093 1715 2214 1764 tute
2233 1715 2290 1766 et
2311 1711 2561 1766 efﬁcatia
2582 1711 2810 1766 dicendi
2835 1711 3095 1766 ﬂorebat.
3125 1711 3222 1766 His
3242 1727 3380 1784 ergo
3401 1712 3484 1767 sic
3507 1710 3718 1776 habitis,

342 1801 618 1875 peditem,
651 1800 1086 1857 soloCarnotino
1107 1802 1418 1857 comitatus
1440 1806 1749 1856 Carnutum
1773 1803 1984 1874 raptim
2027 1837 2074 1901 Β
2104 1805 2237 1871 post
2266 1799 2402 1854 eleri
2426 1800 2782 1872 ingressum,
2807 1800 3112 1856 sententiis
3135 1800 3205 1855 ad
3225 1799 3524 1873 negotium
3548 1799 3730 1856 facien'

345 1889 738 1946 deveni.Unde
770 1907 903 1945 mox
933 1890 1098 1961 equis
1132 1891 1414 1956 remissis,
1442 1891 1515 1946 ab
1547 1891 1690 1945 urbe
1717 1889 1997 1946 Meldensi

344 1995 589 2050 puerum
624 1977 901 2034 revocavi.
927 1981 1048 2044 Quo
1070 1980 1301 2035 redacto
1333 1983 1391 2035 et
1413 1980 1572 2035 omni
1597 1978 1997 2036 sollicitudine

346 2070 558 2135 amota,
593 2067 648 2121 in
682 2067 1038 2138 aphorismis
1063 2069 1132 2102 ⁶⁰⁹
1161 2068 1505 2140 Yppocratis
1536 2067 1841 2142 vigilanter
1873 2074 1996 2124 stu-

344 2156 672 2228 dui°°°apud
685 2157 901 2211 domnu
913 2157 1378 2212 mHerbrandum
1395 2173 1616 2230 magna;
1632 2157 1997 2214 liberalitatis

345 2251 519 2317 atque
548 2245 802 2301 scientiae
833 2245 1044 2301 virum.
1081 2250 1145 2300 In
1179 2246 1394 2318 quibus
1426 2263 1560 2301 eum
1593 2251 1823 2301 tantum
1860 2264 1997 2318 pro-

345 2333 609 2406 gnostiea
631 2335 968 2390 morborum
991 2334 1431 2406 accepissem,et
1453 2335 1699 2407 simplex
1722 2335 1998 2406 egritudi-

345 2439 487 2476 num
520 2422 772 2495 cognitio
797 2423 1054 2494 cupienti
1082 2440 1196 2478 non
1217 2423 1529 2489 sufficeret,
1555 2423 1691 2494 petii
1726 2424 1898 2478 etiam
1923 2425 1996 2479 ab

347 2526 412 2566 eo
434 2509 742 2566 lectionem
773 2511 902 2580 ejus
932 2510 1084 2577 libri,
1108 2511 1206 2582 qui
1229 2511 1568 2566 inscribitur
1600 2512 1667 2566 de
1691 2513 1999 2568 concordia

343 2599 713 2670 Yppocratis,
737 2598 962 2654 Galieni
992 2600 1081 2664 διο,
1113 2603 1169 2654 et
1196 2599 1423 2654 Surani.
1449 2600 1609 2664 Quod
1641 2605 1698 2655 et
1727 2601 1953 2656 obtinui
1979 2619 1994 2670 ;

347 2703 481 2742 eum
513 2704 647 2743 eum
678 2687 738 2742 in
769 2690 892 2742 arte
941 2686 1384 2760 peritissimum,
1428 2688 1749 2744 dinamidia
1782 2689 1995 2745 farma-

345 2775 590 2840 ceutica,
625 2775 920 2841 butanica,
955 2781 1129 2848 atque
1159 2776 1445 2848 cirurgiea
1475 2794 1587 2832 non
1620 2777 1886 2832 laterent.

413 2865 505 2920 51.
541 2864 689 2932 Quod
717 2881 788 2921 ex
814 2866 1034 2938 querela.
1063 2866 1128 2900 ⁶¹¹
1175 2865 1688 2937 reprchendentium
1717 2867 1780 2901 ⁶¹¹
1816 2870 1995 2939 captio

343 2970 467 3010 nem
495 2954 560 2988 ⁶¹¹
599 2954 839 3024 Amulﬁ,
898 2956 1046 3023 regio
1076 2955 1140 2989 ⁶¹¹
1165 2956 1324 3026 jussu
1353 2956 1417 2989 ⁶¹¹
1442 2955 1665 3011 sinodus
1697 2957 1760 2990 ⁶¹¹
1809 2957 1995 3012 habita

344 3044 408 3078 ⁶¹¹
431 3050 510 3098 est
531 3043 620 3097 ⁶¹¹.
649 3073 713 3083 -
736 3043 844 3098 Sed
873 3046 937 3098 ut
958 3045 1082 3114 jam
1110 3043 1428 3115 superioris
1449 3045 1661 3116 negotii
1681 3045 1890 3100 seriem
1914 3063 1998 3101 re-

349 3134 782 3200 petamus,cum
813 3130 884 3186 de
904 3130 1161 3202 episcopi
1181 3130 1448 3203 captione
1470 3130 1648 3204 aliqui
1671 3132 1994 3188 amicorum

2108 1888 2265 1943 tibus
2298 1888 2574 1951 recitatis,
2607 1889 2887 1944 Arnulfus
2920 1892 3004 1944 sic
3037 1889 3311 1960 praefatus
3340 1888 3422 1944 ait
3455 1906 3468 1944 :

2175 1979 2262 2032 53.
2301 1979 2542 2032 Elocutz'o
2571 1978 2639 2012 ⁶¹⁸
2671 1979 2886 2048 Amulﬁ
2908 1979 2976 2021 ⁶¹⁶
3008 1979 3067 2032 in
3095 1979 3163 2014 ⁸³⁵
3207 1977 3416 2033 sinodo.
3453 2009 3519 2020 —
3546 2001 3571 2026 ‹‹
3603 1980 3730 2042 Quo-

2108 2065 3344 2138 niam,patresreverendi.serenissimorum
3360 2067 3729 2139 regumjussu,

2107 2171 2331 2210 necnon
2365 2159 2422 2209 et
2451 2172 2629 2211 sacrae
2678 2155 2977 2228 religionis
3009 2172 3186 2210 causa
3209 2155 3324 2211 huc
3357 2155 3730 2215 convenimus,

2108 2243 2293 2298 multa
2326 2244 2457 2311 fide,
2494 2243 2680 2300 multo
2704 2244 2878 2300 etiam
2912 2245 3106 2300 studio
3150 2245 3475 2300 cavendum
3507 2244 3729 2306 videtur,

2107 2349 2177 2387 ne
2209 2349 2314 2388 nos
2342 2333 2440 2404 qui
2474 2332 2662 2405 gratia
2692 2332 2878 2388 sancti
2902 2333 3156 2405 Spiritus
3183 2333 3277 2388 hic
3307 2332 3531 2389 collecti
3550 2348 3730 2388 sumus

2107 2426 2206 2475 aut
2237 2420 2435 2476 odium
2469 2420 2738 2493 alicujus,
2771 2425 2873 2476 aut
2895 2438 3079 2488 amor,
3104 2438 3138 2475 a
3159 2421 3528 2477 rectitudinis
3552 2437 3729 2476 norma

2104 2510 2428 2565 exorbitare
2461 2510 2646 2565 faciat.
2669 2512 2737 2565 Et
2764 2509 2903 2582 quia
2922 2510 3017 2566 hic
3037 2510 3095 2564 in
3118 2509 3353 2566 nomine
3376 2510 3600 2566 Domini
3628 2509 3728 2565 colo

2105 2597 2236 2654 lecti
2271 2617 2499 2665 sumus,
2543 2605 2676 2656 ante
2721 2605 3098 2672 conspectum
3150 2618 3398 2657 summa:
3428 2593 3729 2656 D'ivinitatis

2104 2688 2372 2744 veridicis
2403 2689 2708 2744 sententiis
2741 2689 3022 2745 debemus
3065 2689 3264 2744 omnia
3309 2689 3528 2763 agitare
3557 2707 3570 2757 ;
3600 2687 3728 2743 nulli

2106 2777 2380 2850 loquendi
2399 2777 2590 2833 locum
2611 2779 2903 2850 surripere
2925 2795 2937 2833 :
2957 2778 3432 2850 veritatioperam
3458 2778 3589 2833 dare
3611 2796 3624 2832 :
3644 2793 3727 2850 pro

2103 2866 2342 2922 veritate
2375 2867 2647 2922 vivaciter
2668 2872 2822 2922 stare
2846 2885 2859 2934 ;
2891 2871 3094 2922 contra
3114 2867 3360 2938 objecta,
3385 2866 3727 2940 simplicibus

2105 2972 2170 3010 ac
2201 2955 2364 3028 puris
2395 2956 2702 3011 sententiis
2732 2961 2787 3010 et
2809 2956 3109 3012 intendere
3139 2960 3195 3011 et
3224 2957 3592 3028 respondere.
3616 2953 3728 3011 Uni-

2104 3045 2315 3116 cuique
2335 3044 2567 3100 debitus
2589 3044 2775 3100 honor
2795 3049 3075 3113 servetur;
3094 3045 3324 3100 dicendi
3350 3049 3604 3117 potestas
3622 3059 3726 3100 om-

2105 3134 2280 3188 nibus
2312 3133 2406 3189 sit.
2444 3134 2784 3190 Intendendi
2829 3133 3004 3190 etiam
3064 3137 3121 3189 et
3164 3132 3464 3189 refellendi
3514 3132 3727 3190 libertas

347 3219 415 3252 ⁶¹²
445 3216 914 3289 indignarentur,
947 3217 1211 3273 nonnulli
1245 3219 1422 3274 etiam
1455 3219 1896 3276 scolasticorum
1930 3221 1988 3276 in
2021 3205 2064 3272 C
2100 3222 2375 3276 omnibus
2429 3239 2704 3278 concessa
2729 3222 2824 3277 sit.
2883 3222 3049 3277 Nunc
3080 3220 3288 3277 deinde
3346 3221 3624 3294 quoniam
3654 3234 3727 3274 me

347 3305 477 3376 ejus
508 3305 903 3361 defensionem
928 3305 1043 3361 alia
1065 3306 1403 3374 scriberent,
1433 3307 1546 3362 alia
1568 3308 1785 3381 scripta
1814 3309 1884 3365 de
1907 3326 1997 3364 ea-

351 3393 606 3450 nonibus
638 3394 984 3466 proferrent,
1009 3395 1183 3468 idque
1205 3396 1298 3464 ad,
1323 3413 1494 3452 aures
1516 3413 1718 3469 regum
1746 3397 1995 3454 relatum

347 3485 523 3549 esset,
549 3483 738 3538 edicto
767 3483 834 3518 ⁸¹³
857 3483 1017 3556 regio
1041 3484 1339 3539 decretum
1363 3489 1470 3553 est,
1497 3490 1562 3541 ut
1582 3486 1839 3559 episcopi
1863 3487 1994 3543 Gal-

348 3569 434 3625 liae
453 3587 658 3628 omnes
682 3571 783 3643 qui
803 3571 996 3627 valent
1013 3577 1068 3627 et
1089 3573 1341 3628 maxime
1358 3573 1456 3644 qui
1480 3574 1996 3647 comprovinciales

347 3663 503 3726 sunt,
539 3660 595 3714 in
630 3676 816 3715 unum
847 3659 1208 3716 conveniant.
1240 3661 1346 3724 Qui
1397 3667 1591 3717 autem
1623 3664 1826 3720 adesse
1877 3682 1993 3721 non

347 3751 782 3817 possent,suam
815 3748 1144 3803 absentiam
1176 3765 1279 3820 per
1299 3749 1519 3821 legatos
1539 3751 1776 3808 idoneos
1799 3771 1832 3808 a
1859 3771 1994 3809 sus-

347 3833 564 3905 pitione
586 3835 1126 3907 purgarent.Ibique
1147 3836 1318 3891 certis
1340 3853 1404 3891 ac
1419 3838 1605 3894 ﬁrmis
1626 3840 1991 3897 decretorum

349 3920 674 3976 rationibus
703 3926 804 3977 aut
834 3922 1162 3978 convictum
1187 3925 1592 3996 dampnarent,
1618 3932 1717 3982 aut
1735 3928 1992 4000 pristinm

347 4009 504 4064 sedis
535 4009 810 4081 dignitati
831 4015 1147 4083 purgatum
1167 4011 1555 4068 restituerent.
1583 4014 1816 4071 Collecti
1856 4023 1995 4074 sunt

347 4113 484 4170 ergo
508 4097 565 4153 in
581 4097 842 4153 caanobio
856 4099 1274 4154 monachorum
1289 4102 1472 4156 sancti
1497 4103 1685 4158 Basoli
1698 4106 1992 4162 confesso-

349 4185 429 4239 ris
458 4185 609 4256 (Jun.
646 4186 754 4258 17,)
797 4187 1113 4242 Remorum
1146 4187 1495 4258 diocesanei,
1527 4191 1830 4250 Remensis
1861 4195 1992 4267 qui-

348 4273 480 4329 dem
494 4273 923 4347 metropolitani
937 4277 1990 4347 comprovinciales,GuidoSuesorum

347 4363 678 4436 episcopus,
697 4363 974 4420 Adalbero
990 4366 1396 4423 Laudunensis
1416 4368 1746 4442 episcopus,
1761 4373 1992 4428 Herive-

346 4467 452 4508 vus
467 4452 832 4509 Belvaeensis
843 4452 1173 4526 episcopus,
1187 4456 1633 4513 Godesmannus
1645 4461 1994 4517 Ambianen-

2106 3315 2239 3366 ante
2269 3327 2473 3366 omnes
2507 3311 2612 3365 fari
2643 3309 2932 3376 voluistis,
2965 3327 3204 3366 causam
3258 3309 3438 3382 hujus
3473 3309 3656 3366 sinodi
3677 3308 3729 3342 ⁶¹⁶

2105 3416 2299 3455 coram
2333 3399 2976 3465 edicendam,arbitror,
3011 3399 3289 3471 quatinus
3329 3399 3477 3455 bene
3506 3397 3728 3472 digesta,

2105 3487 2380 3543 omnibus
2412 3492 2477 3542 ut
2506 3492 2595 3542 est
2625 3487 2906 3542 videatur.
2943 3487 3281 3543 Clarissima
3310 3486 3411 3544 illa
3443 3488 3729 3543 Remorum

2107 3576 2466 3648 metrOpolis,
2504 3576 2829 3647 proditione
2868 3592 3056 3648 nuper
3094 3593 3337 3648 pervasa
3374 3577 3448 3632 ab
3480 3576 3728 3632 hostibus

2107 3665 2457 3720 fuit.Sancta
2479 3668 2813 3720 sanctorum
2838 3664 3098 3720 hostium
3113 3666 3337 3738 impetu
3357 3665 3729 3720 contaminata

2103 3758 2270 3823 sunt;
2285 3753 2685 3809 sanctuarium
2712 3753 3075 3820 Dei,nefariis
3089 3755 3424 3826 quibusque
3443 3754 3725 3816 violatum;

2103 3842 2256 3898 cives
2269 3859 2499 3913 quoque
2513 3859 2545 3896 a
2558 3841 2930 3914 prmdonibus
2943 3841 3439 3913 direpti.Quorum
3459 3841 3724 3898 malorum

2103 3929 2197 3986 ille
2229 3936 2431 3986 auctor
2459 3947 2586 3987 esse
2617 3930 2980 3996 criminatur,
3014 3931 3115 4003 qui
3155 3931 3227 3986 ab
3257 3931 3529 3988 hostibus
3571 3926 3724 3986 tutari

2101 4019 2321 4086 debuit,
2354 4018 2632 4074 Arnulqu
2665 4019 2930 4089 ejusdem
2975 4019 3138 4074 urbis
3187 4019 3522 4092 episcopus.
3560 4021 3663 4074 Hoc
3684 4015 3724 4070 ei

2101 4107 2443 4162 intenditur.
2479 4109 2562 4162 Ad
2603 4107 2711 4162 hoc
2745 4107 3204 4174 discutiendum,
3240 4109 3456 4180 regalis
3495 4107 3724 4181 dignitas

2101 4195 2196 4251 hic
2220 4213 2326 4252 nos
2353 4194 2604 4268 collegit.
2639 4195 2946 4250 Elaborate
2977 4195 3174 4267 igitur,
3208 4201 3404 4268 patres
3431 4192 3721 4252 reverendi.

2102 4301 2174 4340 ne
2207 4285 2382 4338 unius
2414 4283 2676 4356 perfidia,
2702 4284 2958 4356 dignitas
2984 4284 3365 4340 sacerdotatis
3391 4285 3641 4341 vilescat.
3672 4304 3693 4329 η

2169 4375 2260 4428 54.
2301 4373 2693 4428 Sermocinatio
2725 4375 2792 4408 ⁶¹⁷
2824 4373 3074 4429 Daiberti
3099 4375 3165 4409 5"
3183 4390 3284 4445 pro
3312 4375 3379 4408 ⁶¹⁷
3402 4370 3720 4445 juditiondo.

2102 4494 2168 4503 —
2201 4462 2416 4516 Contra
2455 4461 2597 4516 haec
2627 4479 2761 4516 cum
2801 4461 3042 4534 quidam
3091 4462 3476 4518 residentium
3510 4475 3721 4534 respon-

345 4539 430 4635 sis
444 4541 770 4635 episcopus,
787 4542 1090 4635 Ratbodus
1112 4544 1514 4635 Noviomensis
1534 4548 1991 4621 episcopus,0do
2028 4571 2069 4635 ι)
2101 4549 2323 4615 derent,
2357 4549 2694 4621 hujusmodi
2721 4549 3020 4606 hominem
3045 4550 3386 4622 quantotius
3408 4552 3722 4607 convincen-

349 4627 800 4686 Silvaneetensis
829 4631 1162 4704 episcopus,
1201 4633 1510 4690 Daibertus
1544 4635 1991 4694 Bituricensium

347 4715 832 4787 metropolitanus
847 4719 1278 4790 ;Lugdunensis
1291 4723 1718 4794 metropolitani
1731 4743 1992 4798 compro-

345 4801 643 4870 vinciales,
685 4803 996 4860 Gualterus
1049 4809 1601 4878 Augustudunensis
1655 4813 1988 4886 episcopus,

348 4889 542 4945 Bruno
591 4891 1000 4974 Lingonensis
1031 4893 1359 4968 episcopus,
1407 4897 1542 4953 Milo
1580 4901 1989 4959 Maticonensis

347 4977 678 5050 episcopus,
712 4979 991 5052 Siguinus
1023 4983 1448 5040 Senonensium
1481 4989 1986 5060 metropolitanus,

348 5083 483 5122 cum
516 5065 640 5122 suis
667 5067 910 5123 Arnulfo
940 5070 1341 5129 Aurelianensi
1372 5074 1666 5146 episcopo,
1709 5078 1987 5136 Herberto

345 5153 808 5211 Autisiodorensi
839 5155 1129 5229 episcopo.
1149 5159 1254 5222 Qui
1288 5161 1345 5215 in
1377 5178 1561 5218 unum
1593 5166 1984 5237 considentes,

2103 4638 2820 4709 dum,etsicjustojuditio
2833 4639 3720 4712 puniendum,Siguinusepisco-

2098 4744 2208 4799 pus
2241 4744 2356 4782 non
2392 4727 2449 4782 id
2481 4743 2609 4783 sese
2639 4727 3067 4798 permissurum
3099 4729 3424 4800 respondit,
3467 4735 3534 4784 ut
3563 4728 3607 4783 is
3634 4722 3715 4796 qui

2098 4817 2423 4887 majestatis
2454 4833 2587 4871 reus
2615 4820 2944 4886 aceusatur,
2977 4817 3089 4872 sub
3119 4817 3471 4873 discutiendi
3501 4827 3719 4874 censura

2099 4910 2370 4976 ponatur,
2404 4905 2519 4959 nisi
2553 4909 2685 4960 ante
2741 4922 2810 4960 ex
2845 4906 3234 4977 jurejurando
3291 4905 3717 4978 promissionem

2097 4993 2473 5065 indulgentiae
2505 4995 2577 5050 ab
2610 4981 2846 5066 regibus
2876 4999 2932 5050 et
2959 4993 3249 5067 episcopis
3280 4995 3549 5068 aecipiat.
3565 4995 3718 5062 quue

2097 5083 2429 5137 faciendum
2461 5084 2758 5139 asserebat
2783 5100 2852 5138 ex
2881 5083 3111 5140 concilii
3138 5084 3403 5140 Toletani
3434 5085 3617 5158 capite
3643 5080 3716 5135 31.

2095 5171 2257 5236 Quod
2289 5169 2429 5242 quia
2459 5171 2723 5228 brevitati
2754 5173 3062 5229 studemus
3092 5173 3405 5230 omisimus
3437 5187 3659 5246 ponere.

1695 5291 1933 5349 VARI/l3
1988 5294 2403 5351 LECTIONES.

415 5385 1336 5476 ‘flﬁﬁ’ééiﬁ«Symrpositonfprtqs
1366 5393 1483 5476 (‘th
1512 5396 1577 5476 5°?
1607 5398 1750 5476 Aug.
1783 5416 1842 5476 ei
1866 5403 1947 5476 uti
1973 5409 2024 5456 et
2053 5404 2118 5476 ia
2142 5403 2448 5476 necrologia
2476 5403 2533 5457 S.
2565 5405 2800 5476 Faronis
2853 5404 3140 5476 Meldensi:
3169 5422 3452 5462 occurrere
3479 5407 3714 5476 videtur;

344 5473 393 5511 ν·
429 5457 674 5547 ᾷαιζξανη
704 5457 1100 5542 Christianam,
1121 5461 1190 5494 ⁶⁰⁹
1221 5462 1492 5547 misi-flaui
1517 5457 1745 5547 abscisa.
1778 5472 1846 5506 ⁶¹⁰
1874 5474 2024 5547 ita};
2058 5474 2121 5507 ⁶¹¹
2157 5490 2311 5539 uere,
2343 5457 3309 5547 andentionem,gito—jusrruslia,
3661 5471 3717 5547 ﬁ"

345 5527 789 5616 sctilastiqqrum
815 5545 956 5613 corr.
987 5527 1709 5616 amicorum."“'3‘decreto‘.
1739 5557 1882 5616 corr.
1915 5543 2124 5599 edicto.
2157 5527 2224 5579 5“
2258 5527 2556 5616 ra,idigni,
2591 5527 3182 5616 b’di,"§r‘§éi’a"66£cis?i
3213 5527 3638 5616 Et"FEl,vltr'n'ulfi
3668 5543 3714 5597 in

345 5599 571 5656 abscisa.
607 5602 675 5636 ³¹⁶
705 5600 897 5658 sinoni
929 5618 979 5658 c.
1011 5603 1080 5637 ⁶¹⁷
1113 5603 1299 5672 Serm,
1333 5605 1478 5661 berti
1510 5625 1614 5680 pro
1643 5614 1872 5668 abscisa.
