3838 6238
92 358 206 423 149

958 353 1503 421 BISTORIARUM
1545 354 1753 418 LIBRI
1798 353 2192 427 QUATUOR.
2231 387 2308 400 —-
2333 354 2481 417 LIB.
2527 353 2629 417 IV.

3385 350 3503 419 150

154 490 572 551 54.Βαιὶ)ειυιιιε
597 489 1045 549 Bituricensium
1077 488 1553 564 archiepiscopus
1570 488 1735 546 dixit:

1910 468 2006 543 iniit
2040 488 2385 545 :«Novimus
2413 487 2762 546 venerabilis
2792 485 3084 547 Brunonis
3114 490 3506 565 magnanimi-

97 609 123 637 ε(
150 585 293 641 Cum
326 588 561 640 constet
592 583 896 649 factum,et
927 582 996 637 de
1025 580 1263 637 nomine
1293 581 1427 636 facti
1459 579 1748 636 dubitatio

95 674 248 730 nulla
267 674 671 744 sit,quantum
696 688 922 744 quoque
941 670 1169 726 facinus
1186 670 1747 743 perpendatur,quo-

96 763 258 819 modo
289 780 361 818 ex
389 761 746 817 necessitate
778 777 874 815 reo
903 760 981 815 sit
1032 758 1477 831 indulgendum,
1510 758 1746 829 penitus

95 869 201 907 non
230 853 299 907 ad
308 851 648 907 verto.Hinc
669 848 825 905 enim
843 849 1135 904 incurrere
1153 847 1474 903 necessitas
1493 847 1584 902 vid
1593 851 1741 914 etur,

97 958 218 997 cum
241 939 534 1012 juditium
583 937 1079 1011 promulgandum
1130 954 1246 992 non
1299 936 1397 1003 sit,
1432 936 1547 991 nisi
1582 935 1745 1008 prius

96 1029 357 1102 supplicii
390 1026 761 1100 indulgentia
797 1026 1190 1082 convincendo
1234 1042 1511 1081 concessa
1548 1024 1740 1081 fuerit.

92 1121 157 1174 At
183 1118 228 1174 si
262 1118 334 1173 ad
386 1115 681 1173 secularia
722 1116 863 1187 jura
909 1115 1278 1187 respiciatur,
1329 1114 1744 1185 quodcumque

91 1204 269 1261 scelus
298 1205 559 1277 quisque
586 1201 967 1268 commiserit,
999 1202 1325 1258 secundum
1355 1201 1591 1257 sceleris
1614 1217 1739 1257 mo-

93 1293 242 1359 dum,
274 1291 635 1365 pcenitentia:
668 1290 961 1347 severitati
990 1289 1339 1360 subjacebit.
1376 1312 1403 1337 ››

152 1385 240 1439 55.
270 1382 593 1437 Herivevus
621 1378 988 1435 Belvacensis
1019 1379 1332 1451 episcopus
1361 1376 1506 1433 dixit
1534 1395 1546 1432 :
1572 1402 1599 1427 ‹‹
1635 1378 1740 1433 Ca-

89 1472 329 1526 vendum
364 1486 742 1541 summopere
758 1474 945 1532 est,ne
960 1467 1118 1540 leges
1148 1467 1376 1522 divinas
1408 1467 1741 1523 forensibus

91 1576 516 1633 comparemus.
549 1557 876 1613 Plurimum
907 1556 1063 1612 enim
1103 1573 1137 1611 a
1175 1572 1237 1611 se
1287 1555 1572 1622 different,
1604 1572 1737 1610 cum

88 1647 414 1704 divinarum
442 1647 519 1701 sit
549 1647 620 1701 de
648 1643 1075 1700 ecclesiasticis
1107 1643 1355 1716 negotiis
1403 1648 1652 1699 tractare
1685 1648 1741 1698 et

89 1737 440 1793 secularium
490 1733 861 1790 secularibus
910 1732 1194 1788 adhiberi.
1230 1734 1486 1798 Quarum
1539 1732 1739 1803 primae

1856 582 2058 646 tatem,
2088 595 2264 651 quem
2294 577 2493 635 nullus
2538 577 2863 647 afﬁnitatis,
2916 596 3103 643 amor,
3135 579 3297 636 nulla
3351 580 3516 638 fami-

1852 666 2079 722 liaritas
2130 685 2164 723 a
2215 667 2455 724 veritate
2502 672 2850 740 sequestrat,
2904 672 2963 722 at
3013 669 3173 740 rigor
3201 669 3403 738 animi,
3454 674 3512 727 et

1855 773 2091 811 morum
2120 756 2381 829 probitas
2428 757 2748 813 veridicum
2797 762 2854 813 et
2901 756 2994 812 cui
3044 758 3402 814 credendum
3434 759 3513 815 sit

1852 845 2291 917 promptissime
2324 846 2602 901 indicant.
2636 848 2784 918 Ergo
2814 846 2952 918 quia
2982 847 3053 901 de
3083 846 3508 905 examinatione

1853 938 2048 989 reatus
2080 934 2274 991 fratris
2321 940 2379 990 et
2429 935 2755 1008 coepiscopi
2799 936 2984 991 nostri
3032 936 3255 991 Arnulﬁ
3289 937 3504 994 mentio

1852 1023 2124 1096 superius
2157 1025 2308 1080 facta
2333 1029 2442 1091 est,
2466 1026 2537 1080 ab
2569 1042 2634 1080 eo
2665 1026 3045 1097 qumrendum
3078 1025 3505 1098 videtur,quale

1851 1129 1919 1169 ex
1964 1112 2074 1167 hac
2105 1130 2165 1168 re
2212 1113 2548 1169 habendum
2579 1114 2657 1170 sit
2677 1114 2984 1185 juditium,
3018 1131 3084 1170 eo
3118 1116 3273 1186 quod
3305 1117 3501 1188 ipsum

1851 1206 2114 1274 oporteat
2134 1202 2335 1273 juditii
2364 1207 2687 1275 temperare
2730 1219 3061 1269 censuram,
3095 1220 3230 1259 cum
3263 1204 3388 1277 ipse
3419 1205 3505 1262 sic

1849 1288 2002 1345 inter
2032 1296 2349 1363 utrumque
2399 1292 2477 1346 sit
2522 1293 2899 1359 constitutus,
2928 1296 2993 1348 ut
3034 1296 3092 1348 et
3137 1292 3257 1365 regi
3302 1294 3500 1362 ﬁdem,

1849 1383 1906 1434 et
1933 1378 2175 1435 Arnulfo
2206 1397 2274 1435 ex
2304 1381 2810 1453 consanguinitate
2859 1380 3232 1436 dilectionem
3273 1382 3502 1437 debeat.

1849 1468 2012 1524 Unde
2043 1473 2100 1524 et
2131 1468 2351 1524 nullius
2378 1469 2493 1528 doli
2525 1469 2850 1541 suspitione
2882 1471 3169 1526 tenendus
3190 1470 3501 1542 erit,qucm

1850 1556 2102 1611 ﬁdelitas
2136 1558 2357 1612 domini
2410 1559 2480 1613 ad
2526 1557 2810 1629 juditium
2863 1558 3149 1626 incitabit,
3183 1562 3241 1613 et
3292 1558 3507 1615 caritas

1847 1645 2104 1718 proximi
2138 1663 2171 1700 a
2200 1645 2596 1702 malivolentia
2627 1646 2976 1719 prohibebit.
3014 1669 3041 1696 ››

1917 1735 2006 1789 58.
2043 1735 2331 1806 Responsio
2365 1738 2664 1791 Brunonis.
2718 1768 2784 1776 —
2834 1737 2916 1791 Ad
2971 1735 3090 1791 haac
3146 1736 3338 1791 Bruno
3382 1735 3501 1808 epi-

85 1829 235 1880 tanto
284 1824 585 1880 secundas
635 1827 934 1894 superant,
968 1825 1187 1893 quanto
1230 1821 1499 1877 secundm
1532 1821 1738 1892 primis
1770 1859 1815 1923 Β
1846 1838 2058 1893 scopus
2091 1840 2104 1877 :
2138 1847 2165 1872 ‹‹
2202 1822 2698 1895 Mentem,inquit,
2733 1828 2985 1878 vestram
3017 1823 3161 1879 satis
3193 1822 3365 1896 plane
3414 1824 3501 1879 in-

86 1914 382 1969 inferiores
428 1916 589 1969 sunt.
625 1910 787 1967 Unde
836 1914 894 1966 et
940 1909 1153 1963 divinis
1203 1925 1306 1981 per
1347 1909 1545 1964 omnia
1591 1927 1738 1965 suus
1770 1909 1814 1923 “’
1847 1909 2063 1982 telligo.
2098 1911 2201 1966 Hic
2234 1912 2333 1983 qui
2382 1929 2517 1967 reus
2569 1913 2899 1982 majestatis
2942 1917 3273 1972 accusatur.
3307 1913 3503 1968 carnis

86 2002 257 2058 honor
286 2001 620 2058 servandus
649 2002 757 2055 est.
791 1998 851 2053 Si
884 2014 1020 2070 ergo
1052 1998 1229 2052 frater
1257 2000 1314 2051 et
1358 1995 1737 2069 coepiscOpus

87 2097 269 2147 noster
286 2089 579 2147 Arnulfus
603 2086 926 2158 majestatis
949 2103 1082 2141 reus
1103 2086 1402 2141 convictus
1432 2084 1736 2158 fuerit,pro

86 2178 422 2236 sacerdotali
445 2176 849 2240 reverentia,et
877 2173 1183 2247 sanguinis
1214 2173 1559 2239 afﬁnitate,a
1582 2192 1733 2230 sere-

89 2268 334 2325 nissimis
372 2266 618 2339 regibus
648 2263 1073 2336 indulgendum
1105 2261 1477 2333 aliquatenus
1501 2280 1615 2318 non
1638 2264 1735 2319 ab-

89 2356 428 2413 nuo.Juditii
459 2362 660 2411 tamen
692 2352 1042 2409 sententiam
1066 2350 1304 2407 omnino
1325 2367 1441 2406 non
1474 2351 1730 2424 eﬁ‘ugiet,

91 2446 133 2501 si
168 2463 269 2502 sua
315 2442 694 2501 confessione
746 2442 1027 2514 indignus
1075 2439 1419 2497 sacerdotali
1451 2440 1734 2513 dignitate

89 2534 577 2591 manifestabitur.
615 2553 644 2581 »

146 2625 229 2679 56.
260 2623 583 2694 Indignatio
612 2621 680 2655 ⁸¹⁸
712 2620 990 2675 Brunonis
1019 2619 1086 2653 ⁸⁸⁸
1117 2621 1176 2673 in
1214 2619 1511 2689 Amulfum
1540 2619 1627 2672 θη.
1662 2650 1730 2657 —-

87 2711 262 2768 Bruno
294 2709 692 2783 Lingonensis
720 2708 1029 2780 episcopus
1049 2707 1197 2762 dixit
1224 2706 1446 2761 :«Hunc
1461 2707 1613 2762 unde
1634 2706 1730 2762 hic

87 2817 260 2857 sermo
289 2799 636 2865 habetur,in
663 2798 768 2852 bas
802 2796 1069 2852 miserias
1094 2795 1487 2869 praecipitasse
1508 2796 1726 2862 videor,

86 2904 203 2943 cum
233 2894 443 2944 contra
492 2886 816 2943 multorum
866 2884 1152 2940 bonorum
1200 2889 1350 2950 vota,
1384 2886 1455 2939 ad
1490 2883 1728 2940 honoris

89 2976 302 3033 culmen
335 2975 595 3049 provexi.
628 2975 697 3028 Et
726 2974 835 3029 hoc
862 2990 976 3028 non
1026 2973 1214 3028 solum
1269 2977 1504 3044 propter
1532 2973 1727 3028 carnis

91 3065 423 3120 afﬁnitatem
455 3062 642 3129 eﬁ'eci,
676 3062 777 3117 sed
824 3060 999 3117 etiam
1051 3065 1117 3116 ut
1164 3061 1233 3117 ad
1287 3060 1545 3116 melioris
1597 3061 1724 3116 vita

1847 1998 2129 2055 afﬁnitate
2180 1999 2323 2055 mihi
2372 2000 2770 2071 conjungitur,
2823 2004 3022 2072 utpote
3061 2000 3333 2055 avunculi
3387 2002 3500 2055 mei

1848 2088 2104 2143 Lotharii
2136 2087 2289 2160 regis
2320 2088 2669 2144 ﬁlius.Unde
2701 2092 2757 2144 et
2785 2093 2977 2144 vestra
2996 2087 3329 2160 benignitas
3354 2088 3533 2156 mihi_

1844 2177 1967 2231 ﬁeri
1999 2177 2277 2247 in'juriam
2311 2177 2519 2232 metuit
2548 2178 2635 2245 ⁶²¹,
2666 2176 2716 2233 si
2766 2177 3010 2249 dignum
3066 2177 3136 2232 de
3176 2193 3241 2231 eo
3275 2193 3309 2231 a
3334 2177 3502 2233 vobis

1843 2266 2618 2337 proferaturjuditium.Sed
2650 2266 2804 2321 absit
2849 2270 2915 2321 ut
2960 2282 3217 2321 amorem
3250 2282 3501 2321 consan-

1842 2354 2146 2427 guinitatis
2167 2354 2382 2410 Christi
2407 2372 2604 2410 amore
2628 2343 3053 2427 praeciosiorem
3076 2354 3498 2411 habeam.Rem

1845 2442 1997 2497 unde
2019 2444 2521 2515 agitur,sanctitas
2538 2447 2729 2498 vestra
2746 2442 2947 2498 subtili
2969 2442 3243 2515 indagine
3264 2458 3497 2498 mecum

1840 2530 2224 2587 discutiat.De
2242 2531 2729 2587 condemnatione
2747 2532 3009 2587 convicto
3031 2531 3332 2586 inferenda
3354 2529 3496 2585 nihil

1841 2624 2189 2690 metuentes,
2221 2637 2355 2676 cum
2383 2637 2545 2692 aeque
2568 2620 2803 2691 justum
2834 2619 2911 2675 sit
2940 2624 2996 2676 et
3026 2637 3190 2675 reum
3225 2619 3495 2689 majesta-

1838 2706 1914 2762 tis
1944 2708 2231 2773 damnari,
2260 2713 2317 2763 et
2346 2709 2714 2764 innocentem
2748 2707 2948 2763 laxari.
2988 2732 3009 2757 ι

1906 2797 1997 2851 59.
2035 2800 2433 2853 Demonstratio
2490 2798 2721 2853 Ratbodi
2774 2799 2865 2863 5",
2926 2797 3066 2869 quod
3127 2796 3376 2852 libellum
3423 2797 3494 2831 ⁶²²

1836 2886 2176 2956 inﬁdelitatis
2222 2888 2458 2958 episcopi
2502 2887 2570 2921 ⁶²²
2616 2887 3055 2942 Lothariensium
3100 2887 3169 2920 ⁶²²
3195 2902 3483 2957 perperam

1832 2974 1901 3008 ⁶²²
1929 2976 2355 3031 calumnientur.
2389 3007 2454 3015 —
2498 2975 2799 3031 Ratbodus
2829 2973 3233 3030 Noviomensis
3262 2975 3487 3046 episco-

1835 3080 1947 3134 pus
2005 3063 2194 3120 dixit:
2239 3088 2267 3114 ‹‹
2303 3063 2363 3120 Si
2420 3064 2625 3137 placet,
2687 3067 2880 3135 patres
2936 3062 3188 3130 revendi,
3221 3060 3487 3117 libellum

89 3157 287 3209 statum
317 3153 492 3209 illum
516 3151 1032 3216 attraherem,cum
1050 3167 1164 3207 non
1184 3151 1511 3221 ignorarem
1530 3150 1723 3223 ipsum
1771 3222 1797 3225 AA
1833 3151 2230 3221 ﬁdelitatis,ab
2260 3152 2501 3207 Arnulfo
2522 3153 2820 3224 quondam
2851 3152 3090 3225 regibus
3121 3150 3192 3206 de
3220 3150 3491 3205 habenda

92 3242 485 3298 Laudunensis
535 3240 701 3295 urbis
750 3255 1139 3312 pervasorem,
1172 3243 1347 3311 atque
1379 3222 1610 3294 nefariae
1644 3241 1724 3294 fa-
1758 3222 1800 3288 (ἶ
1840 3240 1953 3296 ﬁde
1986 3246 2338 3313 porrectum,
2371 3258 2406 3296 a
2446 3222 2612 3297 vobis
2658 3258 2815 3295 nunc
2861 3222 3295 3295 discutiendum
3328 3243 3489 3311 puto,

92 3330 280 3385 ctionis
310 3328 695 3385 temerarium
720 3327 1185 3399 principem,sub
1210 3328 1345 3397 jure
1376 3327 1727 3401 cirographi,

94 3418 307 3491 regibus
336 3419 520 3474 ﬁdem
553 3416 940 3488 spopondisse
971 3432 1075 3487 pro
1108 3414 1270 3470 nullo
1310 3416 1599 3487 praeterito
1629 3421 1731 3472 aut

94 3507 268 3564 futuro
294 3505 872 3573 sacramento,ﬁdem
901 3504 1254 3577 promissam
1286 3521 1413 3560 sese
1447 3523 1728 3578 umquam

93 3594 457 3663 violaturum;
511 3609 717 3666 regum
764 3593 961 3649 hostes
1008 3610 1112 3664 pro
1161 3593 1394 3666 ingenio
1424 3598 1480 3649 et
1508 3594 1730 3651 viribus

95 3682 480 3756 impetiturum
498 3682 756 3754 ;illisque
775 3681 831 3737 in
847 3680 1006 3737 nullo
1019 3682 1449 3737 communicatu
1460 3683 1727 3738 rum.Sed

98 3773 215 3843 quia
244 3772 492 3829 Karolus
524 3769 851 3826 avunculus
891 3787 1079 3836 meus,
1108 3787 1312 3842 regum
1364 3771 1731 3827 adversarius

99 3866 252 3929 patet,
283 3879 421 3917 cum
464 3860 518 3916 ei
566 3860 619 3915 is
666 3860 739 3914 de
785 3875 900 3931 quo
929 3857 1228 3931 loquimur
1257 3859 1728 3926 communicavit,

100 3948 363 4023 ﬁdemque
385 3952 761 4006 sacramento
781 3948 1065 4019 dedit,jns
1088 3946 1220 4003 ﬁdei
1250 3947 1553 4020 promissa:
1576 3948 1733 4020 peni-

98 4040 179 4091 tus
197 4039 541 4111 abrupit.An
564 4036 834 4091 Manasse
847 4036 983 4090 met
1004 4035 1289 4107 Rotgerus
1308 4052 1511 4108 regum
1535 4036 1733 4092 adver-

99 4126 216 4181 sarii
241 4126 473 4182 dicendi
508 4142 626 4181 non
656 4124 925 4196 sunt,qui
957 4141 1092 4179 cum
1120 4123 1324 4179 Karolo
1346 4124 1510 4180 urbis
1530 4125 1732 4180 Remo-

100 4228 212 4268 rum
265 4229 610 4287 pervasores
661 4213 844 4284 fuere,
893 4216 951 4268 et
998 4216 1211 4267 sancta:
1266 4212 1367 4267 Dei
1429 4213 1730 4286 genitricis

101 4297 269 4356 Mariae
296 4302 611 4359 basilicam
643 4318 778 4357 cum
808 4305 1035 4358 armata
1062 4318 1241 4356 manu
1268 4300 1517 4374 ingressi
1568 4306 1727 4370 sunt,

102 4393 599 4463 sanctuariumque
630 4390 851 4446 nefario
880 4389 1149 4462 ingressu
1179 4389 1576 4445 violaverunt?
1614 4391 1731 4447 Hos

101 4477 251 4533 etiam
279 4480 388 4535 iste
421 4480 515 4535 sui
549 4477 775 4533 consilii
806 4479 1163 4543 custodes,et
1184 4478 1504 4534 amicorum
1530 4480 1729 4551 preci-

1837 3328 2081 3383 Videtur
2107 3330 2449 3401 enim,quod
2482 3328 2642 3385 solus
2674 3329 2730 3384 in
2764 3330 2894 3399 ejus
2924 3328 3338 3400 dampnatione
3365 3328 3493 3383 suf-

1839 3417 2017 3485 ﬁciat,
2052 3435 2118 3474 eo
2158 3419 2312 3490 quod
2364 3419 2539 3473 ﬁdem
2585 3418 2967 3489 jurejurando
3016 3416 3387 3489 promissam.
3438 3419 3497 3470 et

1840 3523 2051 3562 manus
2075 3507 2291 3578 scripto
2316 3507 2643 3561 roboratam
2668 3504 2972 3576 sacrilegio
2994 3502 3236 3576 perjurii
3258 3503 3492 3574 penitus

1836 3594 2153 3650 violaverit.
2188 3595 2297 3649 Sed
2359 3598 2448 3648 est
2502 3594 2743 3666 quidam
2788 3594 2941 3665 quod
2989 3592 3298 3658 remordet,
3333 3592 3491 3663 quod

1840 3682 2062 3739 scilicet
2090 3700 2125 3738 a
2156 3682 2627 3738 Lothariensium
2654 3681 2942 3753 episcopis
2972 3685 3036 3735 ut
3066 3680 3249 3736 fertur
3288 3683 3492 3734 contra

1840 3771 2008 3826 illum
2032 3771 2383 3844 disputatur.
2418 3770 2865 3826 Calumniantur
2902 3770 3058 3825 enim
3101 3773 3303 3825 contra
3332 3768 3490 3841 leges

1838 3859 2034 3915 divina
2091 3860 2399 3932 scriptum,
2450 3859 2688 3925 lectum,
2741 3858 3129 3915 reconditum.
3163 3857 3324 3913 Unde
3355 3862 3411 3912 et
3441 3856 3489 3912 si

1840 3948 2048 4021 placet,
2074 3949 2200 4018 jam
2233 3966 2266 4003 a
2297 3948 2465 4003 nobis
2496 3947 2902 4003 discutiendus
2934 3947 2992 4002 in
3024 3945 3285 4003 medium
3306 3946 3490 4018 profe-

1838 4041 2019 4092 ratur.
2058 4059 2084 4085 ››
2115 4036 2365 4091 Sinodus
2395 4035 2540 4091 dixit
2572 4052 2584 4091 :
2621 4060 2646 4086 ‹‹
2685 4036 3033 4091 Proferatur.
3073 4058 3099 4084 η

1908 4127 1995 4179 66.
2037 4127 2229 4180 Texta:
2260 4126 2438 4180 libelli
2465 4125 2534 4160 ³³³
2561 4125 2849 4195 ﬁdelitatis
2878 4125 2947 4159 ⁸⁸³
2984 4124 3219 4194 Amulﬁ.
3255 4155 3322 4163 —
3353 4122 3490 4178 Pro-

1836 4213 1993 4269 latus
2024 4218 2113 4269 est
2140 4214 2338 4286 itaque
2368 4213 2519 4268 hanc
2548 4217 2739 4268 textus
2770 4213 2980 4269 seriem
3014 4211 3239 4267 habens
3272 4229 3284 4265 :
3312 4234 3340 4261 «ι
3371 4211 3489 4283 Ego

1836 4301 2331 4375 Arnulfus,gratia
2352 4302 2448 4356 Dei
2473 4301 2854 4372 praeveniente
2875 4301 3190 4355 Remorum
3208 4299 3492 4371 archiepi-

1838 4408 2072 4463 scopus,
2081 4390 2356 4463 promitto
2375 4388 2609 4462 regibus
2628 4391 2981 4445 Francorum
3000 4388 3228 4460 Hugoni
3262 4392 3320 4443 et
3359 4387 3491 4443 Rot-

1837 4479 1999 4535 berto
2030 4495 2123 4533 me
2155 4478 2329 4532 ﬁdem
2359 4476 2738 4548 purissimam
2773 4473 3489 4540 servaturum,consilium

105 4578 230 4634 puos
255 4567 532 4623 habebat.
564 4566 727 4633 Quod
750 4566 889 4637 quia
910 4565 1413 4621 evidentissimum
1435 4571 1542 4635 est,
1577 4567 1729 4623 dicat
1762 4588 1805 4652 θ
1838 4572 1893 4623 et
1924 4565 2204 4622 auxilium
2238 4566 2321 4621 eis
2352 4568 2675 4620 secundum
2730 4581 2927 4620 meum
2960 4563 3111 4620 scire
3140 4567 3197 4620 et
3227 4580 3398 4635 posse
3429 4563 3489 4619 in

106 4667 236 4709 nunc
280 4656 428 4728 ipse,
480 4657 655 4725 cujus
702 4654 1058 4727 impulsione
1092 4660 1209 4709 aut
1263 4655 1536 4711 suasione
1567 4656 1724 4711 istud

108 4757 391 4814 aggressus
424 4744 522 4800 sit.
551 4746 669 4799 Aut
696 4747 849 4799 certe
879 4741 978 4797 alii
1012 4742 1401 4809 intendet,aut
1429 4745 1727 4799 convictus

108 4829 431 4888 testimoniis
459 4829 955 4887 labascet.Nullus
987 4832 1511 4904 consanguinitatis
1542 4848 1725 4900 amor,

1835 4657 2111 4711 omnibus
2161 4654 2409 4723 negotiis
2457 4654 2870 4725 praebiturum;
2904 4652 3161 4710 inimicis
3188 4654 3256 4688 ⁶²⁸
3286 4670 3489 4709 eorum

1838 4761 1942 4799 nec
2002 4742 2245 4797 consilio
2304 4760 2407 4796 nec
2464 4741 2679 4797 auxilio
2729 4743 2800 4796 ad
2851 4759 3052 4796 eorum
3084 4741 3489 4798 inﬁdelitatem

1836 4832 2086 4888 scienter
2112 4831 2473 4902 adjuturum.
2508 4831 2636 4886 Haec
2666 4830 2723 4885 in
2756 4836 3071 4904 conspectu
3112 4830 3318 4886 divinae
3366 4848 3489 4886 ma-

109 4916 247 4974 nulla
272 4920 484 4976 habitae
516 4919 935 4976 familiaritatis
964 4920 1211 4992 gratia,a
1231 4921 1370 4976 recti
1384 4920 1595 4992 judicii
1621 4922 1731 4976 for-
1829 4919 2084 4994 jestatis,
2117 4924 2175 4975 et
2204 4919 2507 4975 beatorum
2539 4919 2853 4991 spirituum
2903 4923 2960 4975 et
3002 4920 3183 4975 totius
3220 4918 3491 4975 wcclesiie

110 5017 190 5059 ma
210 5024 297 5063 me
327 5008 529 5081 aliquo
561 5008 735 5064 modo
765 5007 1065 5063 seducent.
1101 5029 1129 5058 »

165 5093 242 5148 57.
273 5097 410 5153 Laus
433 5098 503 5133 ⁶²⁰
536 5095 901 5152 ϐοάεεπιαηηὶ
943 5096 1013 5131 ⁶²⁰
1058 5095 1124 5151 de
1170 5098 1620 5167 magnanimitate
1664 5099 1735 5134 “0

110 5177 361 5241 Brunoni:
390 5194 441 5242 et
469 5187 541 5222 ⁶²⁰
572 5193 634 5240 ut
662 5185 732 5220 ⁶²⁰
759 5187 828 5240 ab
856 5200 917 5241 eo
944 5185 1222 5256 judicium
1264 5193 1625 5242 constituatur
1666 5188 1735 5221 ⁶²⁰

112 5273 471 5336 Ροειιιιαιίο.-
502 5274 954 5330 Godesmannus
981 5272 1396 5329 Ambianensis
1426 5274 1735 5348 episcopus

1838 5009 2123 5065 assistens
2156 5007 2451 5080 promitto,
2486 5025 2589 5080 pro
2620 5009 2766 5064 bene
2795 5008 3039 5065 servatis
3085 5008 3315 5064 laturus
3347 5026 3492 5081 prte-

1841 5096 1961 5153 mia
2010 5101 2234 5152 aeternas
2292 5096 2693 5153 beatitudinis.
2745 5098 2803 5154 Si
2850 5115 3007 5167 vero,
3040 5099 3195 5170 quod
3245 5096 3377 5153 nolo
3436 5102 3495 5153 et

1842 5187 1999 5259 quod
2050 5185 2221 5253 absit,
2274 5186 2346 5240 ab
2401 5186 2493 5242 his
2542 5187 2863 5255 deviavcro,
2915 5187 3109 5243 omnis
3164 5185 3492 5243 benedictio

1846 5292 1977 5330 mea
2007 5277 2376 5330 convertatur
2419 5274 2477 5329 in
2525 5275 3017 5345 maledictioncm,
3075 5279 3133 5331 et
3180 5275 3323 5330 ﬁant
3369 5274 3493 5328 dies

1444 5436 1683 5494 VARUB
1719 5437 2128 5494 LECTIONES.

173 5553 230 5630 ‘_"
257 5556 377 5627 Ind,
410 5560 547 5624 Bru,
568 5556 882 5630 Arnulfum
912 5558 1053 5630 abso,
1110 5559 1198 5630 7°"
1228 5559 1430 5615 Manas
1459 5560 1582 5616 cod.
1658 5562 1728 5595 ⁶²⁰
1758 5561 1931 5624 Laus,
1964 5578 2122 5625 man,
2157 5559 2336 5628 mani,
2370 5565 2427 5616 et
2456 5566 2521 5617 ut
2545 5561 2858 5630 a,constitu
2898 5561 3155 5617 abscissa.
3229 5555 3296 5589 ⁶²¹
3328 5555 3491 5609 metu

118 5624 211 5679 ωάο
276 5630 342 5665 ⁶²²
364 5624 581 5698 Βδὼο,
614 5628 833 5685 bellum
864 5629 1121 5702 episcopi
1152 5631 1215 5697 L,
1248 5647 1552 5703 perperam
1584 5631 1841 5688 abscissa.
1919 5634 1987 5667 533
2017 5624 2115 5687 elli
2146 5631 2259 5687 ﬁde
2290 5624 2518 5690 abscisa.
2588 5624 2666 5668 ὀυ
2688 5636 2759 5689 ita
2788 5633 2911 5688 cod.

3484 5822 3571 5881 β
