3838 6238
361 377 472 442 151

1453 377 1773 443 RICHERI
1819 380 1905 443 S.‘
1932 378 2238 443 REMIGII
2282 377 2669 443 MONAGHI.

3641 378 3739 442 152

358 512 473 581 mei
523 510 716 585 pauci,
746 514 804 569 et
850 511 1251 587 episcopatum
1308 530 1506 570 meum
1555 513 1802 587 accipiat
1835 513 2001 570 alter.
2033 512 2088 581 Α
2116 528 2251 568 cum
2280 512 2405 586 ipse
2435 513 2746 585 episcopus
2777 509 3125 585 proditionis
3156 514 3362 568 auctor
3397 509 3655 581 extiterit,
3685 519 3739 572 ut

357 602 651 659 Recedant
681 619 715 658 a
742 620 837 658 me
866 603 1037 658 amici
1061 602 1435 675 mei,sintque
1455 608 1734 676 perpetuo
1756 602 1999 658 inimici.

355 691 501 748 Huic
531 707 637 762 ego
686 691 1032 764 cirographo
1082 710 1117 747 a
1155 709 1246 747 me
1276 694 1451 759 edito,
1486 692 1544 747 in
1598 691 1998 748 testimonium

357 779 783 837 benedictionis
811 779 897 834 vel
930 779 1359 836 maledictionis
1390 798 1530 836 mea:
1561 780 2003 848 subscribo,fra-

358 874 594 941 tresque
652 873 709 924 et
757 868 907 924 filios
954 886 1114 924 meos
1164 873 1229 924 ut
1275 870 1650 925 subscribant
1694 885 1852 942 rogo.
1883 870 1999 941 Ego

353 958 635 1015 Arnulfus
665 958 1134 1030 archiepiscopus
1166 958 1508 1030 subscripsi.

422 1048 483 1102 6i
519 1049 785 1119 Arn-nifus
816 1048 883 1083 ⁶²⁸
915 1048 1163 1103 libellum
1177 1048 1244 1081 ⁸³⁵
1272 1064 1341 1102 ex
1356 1055 1511 1119 parte
1533 1049 1730 1119 probat
1759 1049 1913 1113 ⁸³⁵,ινι
1931 1066 2001 1104 ea:

345 1145 504 1209 parte
531 1137 802 1208 vituperat
827 1136 912 1191 9”.
945 1168 1010 1177 —
1040 1136 1163 1199 Quo
1196 1136 1506 1197 recitato,a
1528 1137 1734 1192 sinodo
1767 1138 2000 1193 investi-

348 1231 523 1299 gatur
559 1243 631 1280 an
681 1224 931 1295 alicujus
978 1224 1446 1297 reprehensionis
1491 1231 1592 1281 aut
1641 1226 1996 1282 defensionis

346 1314 463 1368 vim
511 1314 723 1371 habere
773 1314 1057 1369 videatur.
1092 1316 1255 1370 Tunc
1304 1314 1655 1369 venerabilis
1685 1316 1996 1387 episcopus

344 1402 644 1471 Arnulfus,
678 1419 744 1458 eo
777 1405 933 1475 quod
961 1402 1218 1458 cilicium
1260 1402 1684 1475 interpretandi
1735 1404 1787 1459 ei
1836 1420 1993 1459 com-

347 1492 595 1549 missum
626 1496 751 1548 erat
780 1509 794 1548 :
831 1515 859 1543 «
893 1493 962 1546 Et
992 1509 1095 1564 pro
1127 1508 1207 1558 se,
1237 1491 1449 1563 inquit,
1482 1508 1551 1547 ex
1581 1496 1745 1563 parte
1789 1493 1993 1548 defen-

347 1581 570 1637 sionem
599 1580 879 1645 continet,
912 1586 968 1636 et
994 1580 1145 1636 vires
1166 1597 1235 1635 ex
1264 1586 1428 1653 parte
1478 1581 1993 1651 reprehensoribus

348 1671 770 1725 accommodat.
813 1671 1002 1725 Causa
1049 1687 1304 1741 namque
1351 1674 1417 1724 ut
1461 1669 1835 1737 scriberetur,
1866 1672 1993 1740 ejus

347 1763 550 1813 auctor
575 1757 855 1813 Arnulfus
884 1759 1011 1813 fuit.
1035 1757 1142 1821 Qui
1175 1775 1307 1812 cum
1329 1758 1684 1813 detestanda:
1715 1758 1995 1830 cupidita-

2112 619 2288 657 suum
2322 601 2606 675 flagitium
2638 600 2895 657 melioris
2924 600 3029 657 zeli
3061 601 3285 656 fervore
3315 601 3736 673 tegeret,multai

2112 690 2737 747 excommunicationis
2766 694 2825 746 et
2854 689 3284 746 maledictionis
3316 689 3692 759 anathemate,
3711 709 3738 746 a

2111 797 2349 852 corpore
2406 785 2461 836 et
2511 780 2799 853 sanguine
2846 779 3074 835 Domini
3121 778 3435 852 separavit,
3469 785 3635 852 atque
3675 781 3735 835 ab

2110 869 2356 924 ecclesia
2385 868 2648 924 fidelium
2672 869 3000 940 suspendit,
3022 867 3398 924 Remensium
3425 871 3735 941 praedonum

2110 963 2398 1020 auctores,
2432 959 2701 1022 factores,
2725 961 3149 1030 cooperatores,
3182 958 3461 1025 fautores,
3487 963 3541 1013 et
3567 974 3601 1012 a
3629 975 3737 1030 pro-

2108 1046 2253 1118 priis
2283 1046 2540 1101 dominis
2574 1063 2769 1102 rerum
2800 1047 2910 1101 sub
2941 1046 3255 1119 emptionis
3285 1045 3524 1101 nomine
3551 1046 3736 1102 abalie-

2110 1141 2359 1190 natores.
2393 1136 2501 1190 Sed
2530 1153 2665 1191 cum
2694 1135 2841 1190 tanti
2875 1134 3013 1190 mali
3044 1134 3359 1206 episcopus
3390 1142 3593 1191 auctor
3631 1136 3735 1190 exi-

2107 1227 2243 1292 stat,
2273 1224 2643 1280 anathemate
2691 1222 2987 1279 involutus
3039 1223 3522 1279 manifestissime
3578 1228 3732 1296 patet.

2106 1314 2268 1379 Quod
2302 1312 2478 1369 etiam
2512 1313 2583 1368 ad
2614 1314 2742 1384 ejus
2782 1312 3371 1384 condempnationem
3422 1329 3536 1368 non
3584 1312 3734 1368 mini-

2105 1417 2268 1456 mum
2300 1401 2469 1456 valet.
2508 1424 2537 1450 »

2176 1492 2261 1545 (54.
2294 1490 2607 1559 Indignatio
2635 1490 2881 1547 Guatteri
2906 1492 2965 1546 in
2992 1490 3308 1562 Brnulfam.
3342 1522 3411 1530 —
3447 1490 3733 1546 Gualterus

2102 1579 2657 1652 Augustudunensis
2691 1579 3001 1652 episcopus
3031 1577 3176 1634 dixit
3203 1595 3215 1634 :
3251 1602 3278 1628 ‹‹
3302 1581 3389 1634 An
3420 1578 3573 1634 male
3598 1596 3733 1634 sanae

2104 1668 2319 1724 mentis
2349 1668 2443 1723 hic
2474 1669 2784 1741 episcopus
2816 1685 2929 1723 non
2961 1671 3051 1723 est
3079 1667 3179 1740 qui
3212 1685 3316 1740 pro
3349 1684 3411 1723 se
3460 1668 3732 1724 defensio-

2103 1775 2207 1813 nes
2236 1757 2463 1822 nititur,
2498 1774 2630 1812 cum
2664 1756 2899 1829 regibus
2947 1760 3003 1812 et
3053 1760 3138 1813 tot
3182 1757 3451 1830 patribus
3481 1758 3611 1827 ejus
3642 1756 3732 1811 ini-

347 1845 424 1903 tis
453 1847 655 1902 morbo
686 1846 935 1902 nimium
968 1845 1277 1914 laboraret,
1313 1845 1429 1919 egit
1461 1848 1613 1918 quod
1645 1846 1989 1917 reprehendi
2024 1883 2072 1948 B
2102 1850 2297 1917 quitas
2327 1846 2582 1901 dilucide
2616 1849 2829 1917 pateat,
2861 1851 2917 1900 et
2948 1845 3191 1918 insuper
3218 1846 3546 1918 presbyteri
3581 1844 3734 1900 malo-

347 1939 556 2007 potest,
590 1952 725 1990 cum
748 1934 986 2005 juratus
1017 1935 1191 1989 fidem
1226 1951 1337 1989 non
1372 1934 1639 1991 servavit.
1674 1936 1790 1991 Hoc
1836 1936 1993 1991 enim

344 2023 779 2095 reprehensioni
814 2023 1165 2079 succumbit.
1185 2024 1249 2079 Et
1278 2024 1434 2095 quod
1465 2023 1758 2095 sapientes
1778 2029 1835 2079 et
1857 2024 1992 2079 boni

343 2112 401 2167 id
460 2113 795 2181 effecerunt,
831 2113 985 2185 quod
1036 2112 1188 2168 dolis
1248 2117 1304 2168 et
1351 2113 1580 2168 astutia:
1608 2113 1992 2184 perditissimi

343 2200 600 2256 hominis
629 2201 965 2268 contrairet,
996 2206 1199 2258 contra
1230 2201 1507 2273 querulos
1540 2201 1862 2257 defensioni
1896 2203 1992 2256 fir-

344 2289 606 2346 mitatem
638 2291 887 2355 affectat,
918 2289 1187 2363 viresque
1240 2290 1557 2344 ministrat.
1584 2291 1654 2345 Et
1704 2290 1992 2363 quidquid

345 2376 490 2433 illud
524 2380 623 2447 sit,
657 2378 994 2434 testimonio
1033 2381 1229 2433 tamen
1278 2379 1671 2434 roborandam
1722 2383 1829 2433 est.
1864 2379 1995 2434 Pro-

346 2468 517 2522 cedat
557 2454 889 2537 Adalgerus'
927 2467 1246 2539 presbyter.
1270 2468 1449 2521 Adest
1478 2483 1730 2538 namque
1761 2467 1859 2538 qui
1906 2484 1994 2522 re—

351 2571 483 2609 rum
514 2554 724 2609 seriem
756 2553 1102 2625 proditionis
1127 2554 1396 2610 conscius
1426 2555 1645 2626 optime
1685 2554 1858 2610 novit.
1893 2554 1993 2609 llle

353 2642 595 2714 inquam
628 2643 799 2709 adsit,
833 2646 889 2697 et
918 2646 1117 2698 vestrm
1149 2642 1482 2698 claritudini
1515 2642 1845 2698 inauditum
1877 2660 1994 2699 sce-

351 2730 446 2787 lus
475 2731 765 2799 edicat,ut
794 2736 851 2786 et
882 2731 979 2786 ubi
1010 2730 1087 2787 sit
1115 2732 1461 2804 vituperatio
1490 2731 1758 2787 habenda
1787 2749 1994 2804 cogno-

352 2818 530 2875 scatis
557 2822 613 2874 et
643 2818 741 2875 ubi
774 2818 905 2874 laus
936 2820 1306 2877 concedenda
1333 2819 1599 2875 videatis.
1640 2842 1659 2868 υ

418 2910 506 2964 62.
539 2908 867 2965 Admovetur
894 2910 962 2944 ⁶¹⁶
991 2909 1289 2978 Adalgerus
1320 2911 1387 2945 ⁶²⁶
1412 2911 1748 2966 accusationi
1776 2911 1862 2965 ⁸³⁸.
1896 2912 1995 2965 Hic

347 3015 485 3061 rar..
537 3000 912 3055 accusatiom.
947 3029 1013 3039 —
1051 2998 1372 3071 Adalgerus
1424 2999 1620 3071 itaque
1676 2999 1992 3055 accersitus

345 3088 730 3159 adest.Super
749 3087 860 3142 hac
890 3103 950 3143 re
978 3086 1371 3160 interrogatus
1402 3092 1460 3142 et
1491 3087 1571 3141 nil
1595 3092 1856 3144 moratus
1879 3104 1994 3143 res-

2104 1953 2233 1989 rum
2267 1934 2484 1990 conscii
2518 1934 2854 1989 testimonio
2885 1933 3303 1990 convincatur?
3335 1936 3417 1989 An
3453 1934 3577 2007 ipse
3617 1933 3731 1989 mali

2106 2022 2386 2090 inventor,
2420 2022 2745 2095 periculum
2806 2022 3199 2079 anathematis
3246 2023 3493 2079 evadere
3542 2022 3730 2096 potuit,

2103 2129 2236 2167 cum
2298 2113 2423 2183 ipse
2470 2110 2607 2167 mali
2665 2110 2933 2166 inventor
2989 2116 3046 2165 et
3102 2112 3313 2178 fautor,
3337 2110 3662 2167 inventores
3688 2115 3732 2166 et

2101 2200 2369 2265 factores,
2404 2201 2778 2270 fautoresque
2828 2198 3254 2255 maledictionis
3303 2198 3418 2255 telo
3469 2198 3734 2272 perfodit?

2101 2290 2189 2343 An
2217 2288 2403 2359 ipsam
2433 2286 2801 2343 Divinitatem
2834 2287 2938 2342 hec
2970 2288 3325 2360 perpendere
3359 2306 3477 2344 non
3495 2289 3733 2345 animad-

2102 2376 2293 2444 vertit,
2329 2393 2460 2432 cum
2494 2377 2777 2448 scriptum
2810 2376 2904 2443 sit,
2927 2376 3079 2447 quod
3100 2377 3247 2431 oculi
3272 2378 3498 2432 Domini
3528 2380 3589 2433 in
3607 2378 3733 2432 omni

2103 2466 2215 2520 loco
2245 2466 2678 2536 contemplemur
2708 2465 2869 2520 bonos
2913 2474 2964 2520 et
3007 2466 3177 2521 malos
3212 2466 3395 2533 (Prov.
3443 2483 3537 2533 xv,
3568 2467 3657 2538 3)?
3683 2466 3730 2519 Et

2104 2558 2256 2608 certe
2283 2554 2549 2619 arbitror,
2568 2553 2707 2625 quia
2735 2553 2881 2608 dixit
2904 2555 3169 2625 insipiens
3202 2555 3259 2608 in
3290 2554 3451 2609 corde
3478 2572 3581 2611 suo
3601 2574 3618 2610 :
3637 2555 3731 2609 Non

2100 2650 2180 2697 est
2205 2648 2343 2697 Dcus
2382 2642 2554 2707 (Psal.
2589 2660 2684 2707 ιιι,
2718 2642 2791 2710 4).
2846 2642 3306 2706 Animadvertite
3340 2658 3501 2713 ergo,
3538 2646 3729 2715 patres,

2103 2747 2281 2803 quam
2314 2731 2568 2802 corrupti
2602 2735 2740 2785 sunt
2768 2735 2825 2785 et
2856 2731 3277 2786 abominabiles
3324 2731 3461 2786 facti
3514 2738 3650 2787 sunt
3684 2730 3729 2785 in

2102 2820 2315 2875 studiis
2348 2820 2471 2875 suis
2505 2821 2684 2875 factor
2713 2825 2770 2874 et
2799 2820 3010 2875 fautor.
3047 2842 3073 2868 n

2171 2910 2261 2963 65.
2298 2908 2498 2964 Odonis
2526 2910 2761 2981 episcopi
2779 2909 3077 2964 admonitio
3106 2909 3173 2944 ⁸³⁸
3202 2909 3265 2963 de
3285 2910 3494 2981 juditio
3522 2911 3592 2945 ⁸³⁸
3610 2925 3731 2966 accc-

2101 2997 2323 3053 lerando
2353 2997 2440 3052 “’3.
2474 3029 2543 3038 ——
2573 2998 2693 3053 Odo
2725 2994 3174 3053 Silvanectensis
3203 2999 3514 3071 episcOpus
3561 2998 3691 3054 dixit
3717 3013 3728 3051 :

2100 3108 2127 3135 «
2162 3086 2446 3152 Quoniam
2478 3084 2775 3158 religionis
2806 3101 3004 3157 causa,
3036 3090 3094 3141 et
3124 3088 3290 3157 jussu
3343 3088 3729 3144 serenissima-

345 3176 600 3247 pondet:
637 3198 666 3227 ι(
696 3175 953 3241 Utinam,
986 3180 1181 3247 patres
1212 3176 1420 3241 sancti,
1454 3175 1513 3231 in
1545 3175 1653 3233 hac
1692 3176 1990 3232 vocatione
2099 3191 2230 3228 rum
2258 3190 2479 3245 regum,
2514 3173 2607 3228 hic
2638 3172 2860 3229 collecti
2907 3190 3135 3241 sumus,
3169 3191 3284 3229 non
3329 3180 3420 3231 est
3469 3176 3725 3232 differen-

345 3263 698 3320 concedatur
718 3263 859 3318 mihi
880 3262 1080 3336 aliqua
1102 3263 1465 3321 remissionis
1486 3263 1988 3336 indulgentia.Sed
2020 3250 2063 3317 C
2097 3261 2238 3317 dum
2270 3262 2521 3317 habendi
2545 3262 2745 3334 juditii
2779 3279 3042 3318 examen.
3071 3264 3133 3318 Id
3181 3259 3345 3319 enim
3391 3281 3561 3338 reges
3594 3282 3722 3338 prae—

343 3351 483 3425 quia
510 3352 582 3407 ad
614 3352 671 3407 id
702 3351 927 3417 deveni,
956 3356 1020 3408 ut
1050 3352 1098 3408 si
1129 3352 1269 3425 quid
1319 3353 1474 3425 quod
1525 3369 1626 3424 pro
1677 3370 1768 3408 me
1817 3353 1990 3409 faciat

342 3440 586 3501 inveniri
616 3440 824 3514 possit,
859 3441 916 3495 id
942 3446 1147 3497 contra
1180 3458 1271 3497 me
1296 3446 1452 3499 stare
1481 3441 1763 3509 videatur,
1795 3443 1988 3498 verbis

340 3529 703 3587 brevioribus
728 3531 881 3603 quod
905 3531 1166 3604 quaeritis
1197 3530 1442 3586 edicam.
1467 3530 1857 3599 Dudo,Karoli
1879 3531 1985 3586 mi-

339 3616 447 3686 les,
476 3619 740 3675 hortatus
768 3625 876 3687 est,
901 3624 965 3675 ut
1000 3619 1151 3676 hanc
1183 3621 1339 3676 unde
1367 3620 1462 3676 hic
1493 3620 1753 3691 quaeritis
1784 3620 1986 3693 prodi-

338 3707 560 3763 tionem
590 3707 1022 3780 aggredere,sic
1052 3709 1289 3764 domino
1316 3725 1444 3763 meo
1476 3708 1703 3780 placere
1726 3710 1983 3780 juratus.

341 3794 504 3850 Unde
535 3812 669 3851 cum
722 3795 773 3850 ei
822 3813 938 3850 non
982 3797 1296 3861 crederem,
1320 3795 1625 3852 dominum
1660 3815 1855 3852 meum
1886 3815 1988 3869 per

340 3898 435 3938 me
463 3882 831 3957 interrogavi.
864 3888 998 3939 Sese
1030 3884 1085 3939 id
1119 3885 1242 3940 fieri
1262 3884 1407 3939 velle
1438 3886 1756 3955 respondit.
1789 3886 1861 3942 Ut
1883 3904 1985 3943 au-

340 3975 458 4027 tem
492 3971 600 4026 hoc
630 3971 883 4027 dedecus
932 3971 1123 4042 specie
1168 3971 1398 4027 honesti
1440 3972 1746 4041 velaretur,
1778 3975 1985 4031 Karolo

341 4076 554 4115 manus
584 4058 745 4127 dedi;
771 4061 1017 4132 ejusque
1047 4060 1652 4132 factus,proditionem
1678 4078 1780 4133 per
1798 4080 1987 4119 sacra-

343 4152 609 4203 mentum
651 4148 958 4221 spopondi.
992 4150 1060 4204 Et
1104 4149 1209 4205 feci
1243 4149 1502 4222 quidem,
1526 4150 1627 4205 sed
1658 4168 1772 4205 non
1806 4151 1987 4221 injus-

338 4253 461 4292 sus.
494 4237 656 4303 Quod
687 4237 735 4293 si
768 4237 932 4294 vobis
976 4237 1193 4294 falsum
1240 4238 1529 4307 videatur,
1561 4243 1802 4310 paratus
1850 4257 1983 4296 sum

337 4324 534 4381 omnia
556 4324 910 4397 juditiorum
942 4343 1157 4399 genera
1186 4326 1405 4382 subire.
1442 4349 1470 4376 »

404 4415 491 4469 63.
525 4417 712 4471 Brevis
741 4423 792 4472 et
818 4416 885 4450 ⁸³⁷
913 4413 1159 4472 dilucida
1186 4416 1252 4450 "7
1278 4415 1661 4472 demonstratio
1690 4418 1757 4452 ⁵³⁷
1791 4419 1981 4473 crimi-

335 4504 421 4557 nis
450 4503 515 4538 ⁶²⁷
546 4521 580 4558 a
609 4504 850 4561 Guidone
878 4507 1120 4576 episcopo
1138 4506 1225 4558 ⁸³⁷.
1259 4535 1329 4544 -
1358 4504 1545 4560 Guido
1600 4505 1983 4562 Suessionen-

2098 3349 2406 3407 stolantur.
2466 3350 2663 3407 Clerus
2715 3355 2771 3406 et
2818 3351 2981 3423 plebs
3038 3350 3192 3406 idem
3242 3357 3572 3424 expectant.
3631 3352 3725 3407 Nec

2096 3444 2186 3494 est
2216 3439 2273 3493 in
2297 3438 2716 3495 diversissimis
2766 3439 3193 3495 sententiarum
3236 3440 3568 3498 rationibus
3612 3438 3726 3497 diu-

2098 3528 2214 3583 tius
2246 3527 2703 3595 immorandum,
2738 3545 2872 3583 cum
2904 3545 2998 3584 res
3030 3529 3107 3583 sit
3154 3528 3414 3597 evidens,
3448 3536 3506 3586 et
3555 3528 3727 3603 juditii

2096 3615 2243 3672 ratio
2294 3617 2353 3671 in
2407 3622 2681 3689 promptu
2740 3617 2833 3671 sit.
2864 3615 2943 3672 De
2998 3617 3216 3689 quibus
3264 3634 3381 3673 non
3428 3618 3621 3674 solum
3651 3634 3731 3690 pa-

2096 3711 2253 3762 trum
2286 3710 2508 3762 statuta
2540 3706 2752 3780 legitis,
2786 3722 2986 3761 verum
3018 3704 3192 3763 etiam
3241 3723 3346 3779 per
3383 3724 3727 3780 consequen-

2093 3796 2206 3851 tias
2235 3812 2430 3850 rerum
2463 3795 2738 3867 equitatis
2775 3811 3085 3851 censuram
3117 3795 3373 3868 proferre
3417 3814 3534 3853 non
3584 3797 3725 3869 igno-

2095 3885 2258 3940 ratis.
2293 3908 2321 3935 ››
2920 3935 2925 3939 .

2163 3974 2253 4028 66.
2290 3973 2514 4043 Arnulﬁ
2539 3973 2820 4045 persuasio
2841 3972 2910 4007 ⁶²⁹
2939 3972 3009 4027 ad
3037 3971 3340 4044 defensores
3370 3974 3440 4009 ⁶²⁹
3471 3983 3531 4030 ut
3579 3974 3727 4030 libere

2091 4062 2161 4097 “9
2183 4062 2472 4132 disputent.
2506 4093 2569 4102 —-
2602 4060 2883 4116 Arnult'us
2911 4061 3350 4118 Aurelianensis
3400 4065 3721 4135 episcopus-

2058 4160 2061 4163 ’
2093 4150 2240 4205 dixit
2273 4167 2285 4205 :
2321 4174 2348 4200 ‹‹
2384 4150 2559 4219 Licet,
2595 4155 2789 4221 patres
2818 4150 3148 4215 venerandi,
3173 4150 3278 4206 hec
3323 4151 3646 4208 certissime
3672 4165 3721 4204 se

2092 4239 2176 4294 sic
2223 4238 2497 4305 habeant,
2559 4242 2623 4292 ut
2682 4238 2752 4293 de
2803 4237 3043 4293 Arnulfo
3102 4229 3723 4323 praedicantur,_7pluri-

2094 4327 2325 4399 misque
2366 4326 2677 4383 sententiis
2724 4331 2979 4397 patrum,
3004 4327 3169 4398 justo
3212 4325 3430 4397 juditio
3473 4324 3721 4383 damnari

2090 4416 2296 4484 valeat,
2329 4421 2525 4471 tamen
2562 4433 2632 4471 ne
2663 4416 2965 4471 videamur
2998 4415 3067 4475 de
3097 4415 3293 4472 fratris
3341 4417 3514 4473 ruina
3558 4417 3722 4472 letau-

2092 4509 2202 4575 tes,
2234 4509 2291 4561 et
2320 4505 2377 4559 in
2407 4505 2535 4575 ejus
2567 4504 2943 4561 damnatione
2972 4504 3193 4576 absque
3230 4505 3398 4576 justo
3444 4507 3719 4569 ardentes,

335 4590 418 4644 sis
449 4591 759 4664 episcopus
787 4593 970 4648 dixit:
1005 4616 1033 4643 «
1070 4592 1142 4648 Ut
1171 4592 1267 4649 hic
1315 4610 1383 4648 ex
1433 4593 1657 4650 ratione
1688 4596 1864 4665 hujus
1892 4595 1982 4650 in-
2014 4615 2060 4679 D
2093 4594 2473 4649 statuendum
2503 4593 2801 4649 communi
2833 4593 3061 4651 decreto
3092 4593 3366 4661 arbitror,
3396 4598 3465 4648 ut
3494 4593 3725 4666 quicun-

335 4675 635 4751 telligitur,
668 4680 845 4735 unius
876 4685 1074 4737 reatus
1120 4681 1265 4737 forte
1311 4681 1483 4737 ambo
1513 4687 1805 4739 tenentur.
1833 4684 1980 4739 Nam

335 4781 469 4820 cum
527 4766 620 4822 hic
668 4784 796 4825 sese
842 4769 1105 4824 effecisse
1152 4774 1397 4835 asserat,
1431 4788 1548 4826 non
1579 4775 1669 4826 est
1698 4771 1982 4829 immunis

333 4855 462 4925 ejus
509 4854 803 4922 dominus,
838 4856 937 4928 qui
989 4856 1217 4912 facinus
1261 4860 1717 4931 perpetrandum
1772 4860 1978 4926 suasit,

333 4958 398 4997 eo
432 4943 583 5014 quod
612 4942 847 4999 sceleris
873 4962 1109 5000 causam
1142 4962 1203 5002 se
1233 4945 1427 5018 ipsum
1466 4947 1797 5018 praebuerit.
1829 4950 1978 5014 Quo-

332 5029 491 5087 niam
524 5047 660 5104 ergo
692 5032 1005 5105 utriusque
1039 5034 1332 5106 negotium
1367 5035 1592 5090 inditiis
1612 5036 1979 5093 evidentibus

331 5122 578 5188 constat,
604 5136 737 5176 cum
770 5120 918 5176 alter
948 5120 1174 5178 facinus
1204 5123 1475 5190 suaserit,
1507 5122 1654 5179 alter
1702 5124 1975 5194 effecerit,

321 5207 521 5281 juditii
555 5224 823 5275 censura,
839 5213 1093 5266 vestram
1125 5211 1533 5284 paternitatem
1565 5229 1682 5268 non
1703 5212 1860 5269 latet.
1879 5215 1980 5270 Est

328 5295 503 5351 etiam
555 5297 708 5369 quod
760 5296 975 5369 juditio
1020 5298 1289 5355 habendo
1320 5299 1470 5356 vires
1515 5301 1788 5373 przebeat,
1821 5303 1977 5375 quod

2091 4699 2203 4755 que
2250 4681 2306 4736 in
2340 4683 2469 4752 ejus
2501 4681 2838 4737 defensione
2884 4681 3105 4754 aliquid
3153 4681 3344 4737 dicere
3393 4682 3624 4748 nititur,
3652 4680 3723 4734 lo-

2089 4786 2225 4825 cum
2257 4770 2595 4826 defensandi
2639 4769 2870 4837 habeat,
2904 4768 3157 4827 revolvat
3199 4769 3520 4839 volumina,
3552 4771 3724 4845 profe-

2090 4864 2179 4914 rat
2207 4864 2349 4931 quot
2378 4858 2501 4915 vult
2531 4858 2869 4928 sententias,
2902 4862 3078 4930 atque
3125 4857 3322 4914 omnia
3369 4876 3499 4932 quae
3539 4859 3607 4916 ad
3638 4858 3723 4913 de-

2089 4948 2411 5016 fensionem
2442 4947 2684 5020 paravit,
2706 4946 2799 5002 hic
2830 4963 3027 5005 coram
3058 4945 3141 5003 nil
3168 4950 3438 5005 metuens
3458 4946 3720 5003 eﬂhndat.

2087 5038 2274 5108 Atque
2304 5036 2413 5092 hoc
2439 5035 2915 5093 constituendum
2936 5052 3084 5104 reor,
3120 5037 3184 5090 ut
3207 5033 3359 5090 ultra
3409 5035 3495 5092 eis
3538 5036 3726 5091 defen~

2088 5124 2256 5183 sandi
2287 5124 2451 5180 locus
2483 5142 2596 5181 non
2628 5128 2842 5198 pateat.
2879 5123 2979 5179 Hic
3009 5127 3241 5180 tantum
3282 5140 3441 5180 nunc
3490 5124 3725 5197 cogitata

2087 5214 2373 5270 edicunt.»
2393 5215 2555 5271 Tunc
2575 5212 2853 5287 Siguinus
2872 5213 3183 5286 episcopus
3201 5211 3430 5270 Arnulﬁ
3452 5216 3722 5270 statutum

2087 5303 2388 5376 approbat,
2423 5320 2489 5358 ac
2519 5301 2911 5358 decretalibus
2943 5301 3269 5358 interdictis
3297 5301 3387 5370 "0,
3419 5301 3617 5359 violari
3646 5299 3724 5354 in-

1683 5426 1926 5483 VARIE
1968 5426 2386 5484 LECTIONES.

399 5511 469 5545 ⁶²⁵
500 5509 738 5589 bellum,
773 5509 1151 5589 prohatLvitu
1185 5512 1410 5589 abscisa.
1444 5588 1451 5589 ί
1486 5517 1554 5550 ⁶²⁶
1584 5521 1805 5581 ovetur,
1839 5534 1964 5583 rus,
1990 5536 2075 5585 ao,
2112 5516 2190 5582 ni,
2226 5517 2302 5589 io,
2333 5518 2585 5589 abscisa.
2640 5517 2708 5589 63"
2733 5519 2791 5570 et
2819 5514 2901 5589 di,
2929 5531 3087 5589 mon,
3121 5514 3592 5589 minis,_piscopp
3613 5515 3725 5589 at:-

330 5581 466 5652 cisa.
569 5583 637 5618 ⁸³⁸
666 5581 861 5651 admo,
886 5582 1124 5652 juditio,
1160 5584 1275 5639 ndo
1301 5586 1531 5641 abscisa.

334 5651 538 5720 tineis).

1634 5589 1703 5623 ⁶²⁹
1734 5560 1853 5659 per,
1887 5561 2076 5657 defen:
2110 5560 2202 5645 ere
2234 5560 2465 5643 abscisa.

2570 5588 2639 5622 03°
2668 5586 2822 5643 inter
2850 5584 3198 5643 interdictis.
3248 5584 3377 5643 cod:
3408 5590 3494 5662 (in
3522 5584 3725 5644 duabus
