3838 6238
33 368 128 433 161
887 366 1427 432 HISTORIARUM
1473 366 1681 432 LIBRI
1726 369 2131 443 QUATUOR.
2160 405 2236 417 —
2264 372 2413 435 LIB.
2460 372 2561 433 IV.
2721 379 2735 393 '
3310 377 3429 439 162

34 506 308 573 mirentur,
346 500 677 567 secundum
714 500 764 561 id
798 501 953 573 quod
974 502 1257 574 scriptum
1291 507 1377 559 est
1403 521 1415 557 :
1439 506 1567 559 Erat
1594 506 1670 559 vis
1700 505 1751 570 Α
1786 523 1915 558 umx
1948 505 2143 559 auium
2177 505 2411 561 llilblllh?
2440 510 2546 560 est.
2583 505 2780 578 Itaque
2809 525 2910 578 per
2956 507 3178 579 legatos
3208 510 3425 565 Orionis

31 610 113 648 cor
140 608 311 646 unum
344 600 401 648 et
428 593 628 647 animo
660 592 919 659 una(Act.
954 608 1027 660 IV,
1053 595 1168 664 32.)
1191 594 1428 648 Decerni
1450 599 1506 647 et
1529 594 1671 648 illud
1780 594 2097 651 amicitiam
2149 596 2395 666 expetit;
2457 611 2560 665 pro
2619 594 2833 651 Conani
2894 595 3129 653 interitu
3189 604 3427 654 centum

30 681 270 746 voluere,
305 686 374 739 ut
403 681 453 737 si
487 682 549 736 in
575 682 835 754 qualibet
873 681 1154 749 mcclesia,
1188 699 1570 755 qua-cumque
1604 683 1674 737 ti-

33 770 217 828 ranuis
248 773 601 842 emergeret,
630 786 754 842 qua
776 769 891 826 telo
914 770 1306 827 anathematis
1328 772 1586 827 feriendo
1608 773 1677 806 ⁵⁸⁸

34 860 333 925 videretur,
368 859 428 912 id
452 858 725 930 inprimis
750 859 822 914 ab
844 860 1120 915 omnibus
1148 860 1598 927 consulendum,
1620 865 1678 916 et

36 947 107 1003 sic
126 948 431 1003 communi
454 948 686 1003 decreto
706 948 1068 1020 agitandum.
1096 950 1163 1004 Et
1184 949 1283 1021 qui
1302 950 1675 1005 anathemate

39 1036 319 1092 relaxandi
356 1035 568 1102 forent,
602 1036 832 1091 decreto
865 1037 1160 1093 communi
1212 1037 1482 1093 similiter
1527 1037 1673 1093 rela-

36 1124 259 1192 xandos,
282 1126 461 1196 juxta
491 1125 644 1197 quod
677 1126 959 1198 scriptum
999 1130 1090 1181 est
1120 1143 1134 1181 :
1171 1126 1473 1182 Comitium
1522 1145 1557 1182 a
1583 1144 1674 1182 sa-

34 1215 195 1283 piente
218 1215 486 1285 perquiris
514 1213 660 1281 (Tob.
695 1231 769 1280 iv,
824 1214 935 1281 19.)
975 1214 1202 1271 Placuit
1251 1232 1484 1287 quoque
1541 1233 1674 1271 san-

36 1301 145 1369 ciri,
175 1302 221 1357 si
253 1302 402 1375 quid
432 1319 467 1358 a
500 1318 649 1374 papa
670 1303 931 1358 Romano
948 1309 1150 1359 contra
1180 1310 1412 1376 patrum
1445 1306 1680 1361 decreta

37 1397 454 1463 suggereretur,
489 1407 727 1446 cassum
758 1395 815 1449 et
842 1391 1072 1447 irritum
1126 1393 1273 1459 fieri,
1300 1395 1472 1464 juxta
1517 1395 1673 1465 quod

35 1479 329 1550 Apostolus
363 1480 449 1535 ait
480 1497 494 1534 :
530 1482 847 1536 "creticum
867 1482 1141 1537 hominem
1159 1484 1302 1537 etab
1326 1484 1550 1537 ecclesia
1572 1484 1679 1538 dis-

37 1572 359 1635 sentientem,
411 1571 631 1640 penitus
677 1569 857 1624 devita
886 1571 1007 1641 (Tit.
1060 1586 1146 1635 ιιι,
1183 1570 1292 1641 10.)
1326 1571 1440 1626 Nec
1480 1571 1676 1626 minus

36 1658 452 1737 abdicationem
510 1658 733 1712 Arnulﬁ
789 1663 847 1712 et
908 1659 1333 1730 promotionem
1390 1659 1674 1729 Gerberti,

38 1751 191 1817 prout
218 1747 293 1803 ab
329 1746 421 1803 eis
449 1746 729 1801 ordinata:
761 1750 817 1801 et
846 1752 1096 1819 peractae
1147 1752 1362 1817 essent,
1397 1753 1677 1821 perpetuo

1783 684 1975 755 pondo
2005 686 2072 717 ⁵⁷³
2103 684 2326 755 argenti
2358 700 2485 738 sese
2537 683 2943 755 impensurum
2995 686 3271 753 mandat;
3304 687 3429 744 loco

1784 772 1988 827 militis
2021 772 2330 837 interiecti,
2365 772 2551 827 filium
2586 790 2757 828 suum
2792 790 2895 845 pro
2938 791 3005 828 eo
3038 774 3428 831 militaturum

1783 863 1948 916 oll'ert
1973 880 1985 931 ;
2021 867 2278 917 castrum
2312 866 2637 916 extructum
2662 861 2720 915 in
2743 862 2870 931 ejus
2893 862 3109 918 honore
3133 880 3260 919 sese
3280 880 3435 918 ever-

1783 968 2009 1016 surum,
2039 956 2221 1021 atque
2252 966 2287 1004 a
2315 950 2439 1005 suis
2464 955 2877 1005 evacuaturum
2905 968 2919 1017 ;
2953 968 3079 1006 sese
3117 967 3349 1023 quoque
3380 951 3431 1005 ei

1785 1045 1990 1112 Sponte
2024 1039 2433 1106 militaturum,
2457 1039 2503 1094 si
2527 1038 2583 1094 id
2610 1039 2726 1110 regi
2751 1039 3101 1110 iniuriosum
3132 1057 3246 1095 non
3266 1041 3429 1095 foret.

1785 1129 1946 1196 Quod
1981 1127 2121 1199 quia
2149 1128 2371 1199 absque
2400 1127 2555 1200 regis
2584 1126 2801 1198 injuria
2857 1128 2981 1183 fieri
3012 1145 3125 1183 non
3184 1132 3429 1199 poterat,

1785 1219 1913 1287 ejus
1945 1217 2064 1272 filio
2114 1234 2334 1279 manus
2366 1234 2468 1288 per
2518 1220 2955 1271 sacramentum
3007 1218 3209 1284 daret;
3237 1217 3435 1289 itaque

1786 1307 1968 1373 fieret,
2004 1311 2067 1360 ut
2100 1305 2226 1377 ipse
2247 1321 2379 1360 cum
2402 1308 2537 1359 nato
2563 1303 2861 1371 militaret,
2887 1321 3021 1360 cum
3045 1304 3233 1359 tilium
3258 1322 3433 1361 suum

1786 1394 1968 1450 Odoni
2003 1411 2105 1465 pro
2139 1394 2373 1449 Conano
2419 1394 2601 1455 daret.
2652 1397 2709 1447 et
2737 1410 2865 1448 sese
2885 1393 3103 1448 Odonis
3126 1394 3244 1448 filio
3278 1393 3435 1448 mili-

1784 1488 2012 1538 taturos
2043 1482 2455 1537 committeret.
2494 1483 2776 1536 Daturum
2809 1498 2870 1536 se
2928 1482 3100 1536 etiam
3133 1483 3307 1537 fidem
3342 1500 3433 1536 sa-

1786 1576 2084 1627 cramento
2116 1576 2319 1624 contra
2349 1571 2611 1624 omnium
2643 1587 2903 1635 causam,
2939 1577 3146 1642 prarter
3175 1572 3348 1643 regis,
3381 1575 3438 1626 et

1788 1660 1995 1715 horum
2029 1660 2247 1731 quibus
2277 1658 2513 1730 speciali
2547 1658 3054 1730 consanguinitate
3098 1659 3292 1716 carius
3334 1659 3436 1715 ad-

1786 1749 1979 1805 dictus
2010 1754 2116 1815 est,
2153 1753 2350 1820 utpote
2382 1749 2522 1814 nati,
2557 1747 2751 1802 fratris
2781 1765 2848 1802 ac
2870 1752 3166 1820 nepotum.
3193 1748 3293 1803 His
3316 1748 3437 1805 Odo

37 1834 237 1905 placuit
265 1834 517 1905 sanciri,
540 1836 711 1906 juxta
750 1836 906 1907 quod
938 1835 995 1890 in
1031 1837 1355 1892 canouibus
1387 1838 1675 1909 scriptum
1706 1871 1755 1937 Β
1787 1836 2097 1909 perceptis,
2131 1853 2372 1891 suorum
2405 1853 2548 1891 usus
2581 1835 2846 1904 consilio,
2870 1836 2991 1892 haec
3015 1854 3141 1893 sese
3171 1843 3438 1908 exceptu-

38 1922 264 1979 habetur
296 1940 309 1978 :
342 1924 553 1980 Sinodo
579 1925 913 1995 provinciali
938 1932 1223 1992 statutum,
1250 1943 1285 1980 a
1304 1927 1458 1981 nullo
1481 1933 1677 1981 temere

38 2012 488 2082 labefactandam.

96 2103 177 2155 90.
209 2103 454 2173 Impetus
483 2102 553 2137 “9
584 2102 781 2157 Odonis
808 2110 860 2158 et
907 2103 1166 2159 Fulconis
1212 2105 1280 2138 ⁶⁶⁹
1311 2106 1456 2159 inter
1499 2121 1556 2159 se
1586 2105 1673 2159 659.

40 2220 93 2227 ——
124 2190 233 2245 Hac
264 2193 624 2263 tempestate
652 2189 807 2246 bella
836 2190 1027 2247 civilia
1061 2197 1328 2263 reparata
1358 2192 1677 2248 sunt.Cum

42 2277 174 2333 enim
207 2279 583 2334 tirannorum
636 2278 866 2335 insidiis
924 2280 1144 2337 Orionis
1197 2286 1255 2335 et
1286 2280 1555 2336 Fulconis
1608 2282 1681 2337 de

44 2366 398 2422 Brittannicaa
414 2366 745 2439 principatu
770 2366 893 2423 rixa
912 2368 1682 2441 resurgeret,illisdissidcn-

47 2455 183 2511 tibus
203 2454 418 2527 reliqui
440 2456 618 2511 etiam
642 2472 952 2528 regnorum
974 2456 1267 2529 principes
1290 2458 1430 2512 moti
1460 2458 1682 2513 dissen-

46 2559 173 2598 sere.
206 2545 324 2600 Rex
358 2542 637 2599 Fulconis
660 2550 853 2614 partes
876 2544 1123 2610 tutabat,
1148 2545 1269 2600 Odo
1292 2563 1533 2600 suorum
1558 2564 1684 2601 nec-

49 2648 145 2686 non
174 2638 229 2688 et
243 2632 575 2705 piratarum
605 2632 703 2705 qui
728 2648 862 2705 rege
883 2633 1111 2705 deserto
1130 2634 1200 2689 ad
1225 2650 1288 2689 se
1307 2635 1682 2700 transierant,

49 2722 576 2794 Aquitanorumque
590 2722 770 2793 copiis
787 2724 972 2777 fretus
992 2722 1485 2778 incedebat.Unde
1510 2724 1684 2781 Fulco

50 2809 97 2863 iu
125 2810 383 2866 Udonem
416 2826 692 2881 princeps,
751 2811 880 2881 ejus
912 2816 1125 2866 terram
1187 2812 1593 2885 depopulatur,
1628 2819 1686 2870 et

51 2906 161 2967 post
188 2900 242 2954 in
275 2917 349 2956 ea
369 2916 487 2954 non
513 2899 711 2971 procul
734 2899 806 2954 ab
831 2900 974 2955 urbe
1003 2900 1295 2955 'l‘uronica
1315 2902 1595 2973 oppidum
1617 2905 1686 2936 δῖο

50 2988 269 3044 exstruit
297 2993 484 3061 atque
516 2991 743 3057 munit;
777 2989 977 3060 copias
1001 2990 1205 3061 ponit;
1241 2989 1529 3045 militibus
1568 2991 1682 3046 im-

51 3076 183 3145 plet;
213 3084 270 3133 et
291 3077 441 3151 quia
468 3077 541 3132 ad
576 3077 682 3132 hoc
716 3077 1071 3133 diruendam
1102 3078 1362 3134 Odonem
1405 3080 1684 3135 adventu-

50 3182 157 3219 rum
184 3168 485 3238 sperabat,
524 3182 715 3239 regem
748 3166 934 3239 petiit,
983 3166 1196 3223 auxilia
1238 3166 1677 3239 imploraturus.

50 3253 135 3308 Cui
162 3234 292 3317 cum
348 3272 456 3311 rex
514 3234 797 3310 auailiur—n
851 3253 1243 3327 polliceretur,
1305 3234 1681 3314 obstinatiore
1713 3234 1755 3301 (ἶ

50 3343 223 3398 animo
255 3344 573 3409 ferebatur.
611 3342 810 3415 Itaque
843 3343 1043 3415 copias
1074 3350 1275 3400 contra
1304 3346 1529 3402 hostem
1554 3363 1685 3402 con-

52 3447 335 3501 gressurus
399 3437 610 3506 parat;
668 3432 985 3488 exercitum
1029 3432 1285 3506 colligit;
1347 3435 1683 3507 bellumque

54 3518 244 3578 Odonis
275 3521 512 3577 indicit.
549 3520 692 3587 Odo,
725 3521 946 3593 pudore
978 3526 1187 3591 tactus,
1223 3540 1256 3578 a
1284 3523 1464 3579 Gallis
1495 3523 1685 3597 Belgis

53 3610 292 3666 subsidia
313 3609 486 3684 petit.
520 3610 576 3665 Si
612 3610 827 3677 adsint,
851 3611 1101 3684 gratiam
1119 3627 1246 3668 sese
1277 3628 1684 3686 recompensa-

54 3698 227 3753 turnm
258 3698 537 3771 spondet.
566 3697 652 3753 Illi
681 3697 1003 3755 liberaliter
1051 3705 1339 3768 annuunt,
1390 3701 1685 3774 ﬁdemque

54 3784 265 3843 faciunt.
326 3787 449 3843 Nec
492 3787 695 3844 minus
748 3785 1134 3844 Flandrenses
1186 3790 1250 3823 ⁶⁷¹
1284 3790 1550 3857 accersit,
1611 3792 1684 3847 ab

53 3872 229 3946 eisque
256 3876 503 3933 tutelam
537 3876 725 3947 petiit,
748 3877 934 3932 vicem
957 3876 1257 3948 pollicens,
1283 3878 1331 3933 si
1363 3880 1518 3951 quod
1543 3881 1687 3953 petit

56 3976 149 4016 non
178 3964 467 4020 abnuant.
500 3964 588 4019 Illi
622 3981 854 4037 quoque
873 3964 1068 4022 animo
1091 3966 1315 4022 liberali
1346 3970 1575 4040 quesita
1595 3986 1685 4024 ac-

57 4055 428 4110 commodant.
462 4054 673 4110 Piratis
704 4055 881 4110 etiam
914 4053 1134 4128 legatos
1174 4056 1453 4130 dirigens,
1487 4057 1683 4131 copias

58 4137 151 4193 sibi
177 4158 281 4198 nou
317 4143 522 4215 negari
555 4143 834 4215 deposcit.
860 4144 1117 4215 Tempus
1138 4149 1195 4200 et
1223 4144 1388 4202 locus
1408 4147 1683 4205 omnibus

58 4230 428 4298 constituitur,
461 4247 578 4303 quo
607 4230 834 4287 collecti
866 4248 994 4288 sese
1034 4234 1354 4290 conferant.
1416 4237 1538 4293 Udo
1596 4238 1684 4292 in-

60 4316 205 4373 terim
232 4335 373 4375 suos
408 4318 622 4392 placat,
653 4319 875 4393 colligit
902 4324 958 4375 et
988 4320 1209 4380 incitat.
1244 4323 1540 4396 Italusque
1562 4325 1685 4381 Bel-

59 4412 204 4472 guet
218 4408 440 4479 piratas
456 4409 854 4481 tempestivos,
876 4426 1009 4465 cum
1028 4427 1270 4467 suorum
1296 4414 1502 4484 paucis
1522 4417 1687 4472 tanta

60 4490 320 4554 celeritate
352 4497 417 4555 in
454 4495 766 4554 Fulconem
798 4498 1001 4567 fertur,
1035 4499 1182 4555 utin
1207 4502 1525 4560 certamine
1551 4503 1686 4577 plus

1788 1943 1915 1980 rum
1942 1925 2159 1996 optime
2192 1924 2452 1991 mandat,
2497 1924 2544 1979 si
2578 1924 2818 1980 Namtas
2871 1924 3197 1979 Brittanniaa
3232 1926 3437 1983 urbem

1786 2015 1917 2069 dolo
1944 2019 2174 2085 captam
2216 2013 2438 2079 reddat,
2473 2017 2528 2067 et
2559 2029 2592 2066 a
2622 2012 2747 2067 suis
2776 2017 3033 2068 evacuet.
3082 2014 3439 2084 lnjuriosum

1786 2104 1942 2158 enim
1976 2103 2032 2156 id
2061 2102 2261 2168 videri,
2297 2101 2345 2157 si
2377 2101 2573 2156 ablata
2602 2100 2764 2172 prius
2798 2118 2914 2156 non
2948 2106 3188 2173 repetat,
3223 2107 3280 2156 et
3320 2119 3436 2157 non

1789 2191 2056 2255 redditis,
2089 2208 2223 2245 cum
2256 2189 2423 2245 hoste
2452 2207 2652 2261 pacem
2687 2190 2879 2244 hieiat.

1858 2284 1946 2335 92.
2004 2281 2240 2351 Abjcctio
2269 2281 2337 2313 ⁸⁷⁸
2388 2280 2809 2350 supplicationis
2856 2280 3020 2335 6“ab
3076 2280 3308 2334 Fulconc
3346 2281 3434 2335 ‘7‘.

1789 2402 1827 2413 -
1889 2371 2018 2425 llaac
2048 2370 2188 2424 dum
2212 2367 2664 2439 exagitarentur,
2688 2373 2744 2422 et
2765 2368 2886 2422 Odo
2911 2369 3228 2423 exercitum
3261 2386 3436 2425 suum

1792 2459 2071 2532 paulatim
2099 2457 2297 2529 augeri
2322 2456 3072 2528 arbitraretur,priusquam
3098 2456 3294 2529 copias
3311 2474 3441 2513 con-

1791 2548 2089 2622 grediendi
2116 2547 2476 2611 haberet,rex
2507 2562 2637 2600 cum
2658 2546 2964 2600 duodecim
2988 2546 3228 2601 milibus
3251 2546 3436 2614 atl‘uit,

1793 2655 1925 2692 cum
1962 2635 2271 2691 Fulconem
2299 2652 2395 2690 sex
2428 2634 2590 2689 milia
2619 2652 2859 2689 suorum
2890 2636 3193 2707 stiparent.
3218 2634 3439 2700 Quibus

1794 2726 2012 2795 mixtis,
2046 2724 2333 2779 exercitus
2365 2728 2725 2777 armatorum
2758 2724 3036 2778 densatus
3058 2729 3167 2779 est.
3204 2723 3363 2779 Unde
3386 2728 3443 2779 et

1797 2814 1969 2871 1ιύ]ρο
2003 2813 2345 2868 insolentior
2365 2815 2571 2880 factus,
2594 2829 2720 2882 quin
2739 2818 2871 2866 ante
2896 2811 3137 2883 supplex
3152 2812 3443 2868 obtulerat

1794 2904 2037 2974 spernit.
2074 2902 2142 2956 Ut
2174 2901 2390 2955 bellum
2425 2902 2545 2965 fiat,
2585 2900 2838 2955 fervidus
2872 2902 3053 2956 instat
3078 2919 3091 2968 ;
3116 2905 3173 2955 et
3202 2906 3265 2954 ut
3294 2902 3442 2957 vada

1794 2993 2015 3067 Ligeris
2034 2990 2133 3063 qui
2158 2989 2241 3044 eis
2264 2989 2639 3043 interfluebat
2656 2988 3442 3061 pertranseant,hostemque

1792 3080 2096 3152 impetant,
2132 3077 2398 3133 hortatur
2429 3082 2603 3147 atque
2633 3077 2861 3132 suadet.
2897 3077 3017 3132 Odo
3049 3094 3188 3134 suos
3220 3083 3285 3132 ut
3314 3093 3445 3149 spo-

1795 3170 2119 3241 ponderant
2150 3183 2263 3222 non
2294 3166 2522 3221 venisse
2551 3167 2877 3231 advertens,
2930 3183 2995 3222 eo
3037 3166 3191 3238 quod
3224 3167 3441 3222 exerci-

1797 3260 1955 3314 tibus
1984 3254 2326 3328 colligendis
2356 3254 2535 3325 hujus
2569 3255 2848 3327 temporis
2880 3256 3131 3311 brevitas
3173 3272 3287 3311 non
3319 3255 3440 3311 suf-

1794 3349 2009 3410 ficeret,
2033 3345 2232 3400 animo
2255 3343 2433 3398 nimis
2453 3343 2684 3398 turbato
2703 3345 3281 3400 ferebatur.Attamen
3306 3361 3441 3400 cum

1793 3440 2044 3509 quatuor
2057 3433 2295 3489 milibus
2308 3432 2900 3504 refragratus,vadaLi
2909 3434 3061 3504 geris
3074 3433 3439 3504 prohibebat.

1880 3526 1969 3579 93.
2031 3524 2148 3578 Rex
2203 3522 2333 3575 vadi
2394 3521 2628 3575 incessu
2690 3520 3042 3591 prohibitus,
3093 3522 3164 3575 ad
3222 3522 3442 3576 Amba-

1793 3613 1936 3669 tiam
1969 3611 2119 3682 (l29)
2150 3616 2408 3665 castrum
2442 3613 2740 3680 retorquet
2765 3610 3102 3677 exercitum,
3140 3610 3295 3681 quod
3324 3626 3442 3665 non

1793 3700 1994 3775 procul
2026 3699 2084 3754 iu
2116 3700 2319 3755 eodem
2352 3697 2518 3753 litore
2550 3696 2812 3753 fluminis
2844 3697 2995 3754 inter
3025 3715 3200 3771 rupes
3229 3698 3444 3753 emine-

1794 3792 2058 3859 nebat,ut
2086 3787 2165 3843 ibi
2199 3786 2489 3843 transiens
2519 3791 2575 3842 et
2604 3792 2737 3858 post
2765 3786 3124 3859 obliquatus,
3172 3788 3443 3844 hostibus

1795 3898 1827 3935 a
1859 3885 2022 3951 tergo
2054 3876 2408 3949 improvisus
2440 3876 2708 3946 adsistat,
2740 3893 2956 3949 eosque
2986 3877 3298 3951 adurgeat.
3321 3876 3443 3933 Odo

1794 3970 1947 4043 regis
1977 3967 2291 4023 exercitum
2324 3983 2439 4021 non
2472 3964 2790 4032 sustinens,
2839 3965 3062 4038 legatos
3093 3967 3143 4021 ei
3194 3965 3394 4039 dirigit
3425 3982 3439 4021 :

1793 4058 2021 4114 hostem
2051 4072 2246 4122 suu'n,
2272 4072 2386 4110 non
2405 4071 2599 4128 regem
2625 4072 2752 4110 sese
2771 4054 3093 4127 impetiisse
3114 4055 3401 4110 mandans
3426 4072 3439 4123 ;

1793 4164 1899 4204 nec
1925 4150 2124 4202 contra
2156 4161 2349 4217 regem
2385 4144 2701 4215 quicquam
2736 4143 3098 4211 moliturum,
3151 4149 3211 4199 at
3242 4148 3445 4201 contra

1793 4237 2121 4293 inimicum.
2156 4234 2214 4290 Si
2245 4251 2342 4289 rex
2365 4233 2590 4304 jubeat,
2626 4228 2685 4288 se
2718 4250 2851 4288 mox
2872 4233 3119 4289 ulterius
3140 4234 3359 4288 iturum
3386 4237 3445 4288 et

1794 4325 1904 4383 sibi
1939 4326 2010 4380 de
2054 4323 2329 4380 omnibus
2386 4322 2774 4377 satisfactum.
2834 4322 2952 4376 Rex
3006 4320 3250 4376 rationis
3306 4338 3442 4375 con-

1795 4413 2056 4487 sequenti
2067 4429 2159 4468 am
2183 4412 2743 4478 advertens,tantum
2762 4409 2951 4463 virum
2975 4409 3195 4480 absque
3213 4425 3390 4464 causa
3410 4426 3446 4467 θ.

1794 4503 2441 4571 selazsum,suspectum
2459 4497 2899 4553 habebat.Unde
2922 4501 3061 4552 etne
3078 4498 3311 4568 penitus
3332 4514 3365 4551 a
3380 4513 3444 4551 se

63 4588 283 4650 quatuor
308 4585 556 4642 milibus
582 4590 976 4659 pugnatorum
1012 4604 1126 4644 non
1177 4588 1440 4647 haberet.
1483 4574 1684 4650 Castro
1715 4600 1764 4665 D
1794 4574 2085 4657 deﬁceret,
2119 4589 2191 4644 ab
2214 4604 2279 4643 eo
2302 4586 2537 4642 obsides
2563 4586 2672 4641 sub
2695 4602 2836 4657 pace
2862 4590 3167 4657 sequestra
3186 4585 3442 4659 accepit;

60 4670 224 4727 tamen
252 4674 622 4733 obsidionem
662 4674 918 4743 adhibet,
951 4677 1373 4751 armiferosque
1398 4681 1673 4755 disponit.

60 4755 367 4823 (laeti-enses
397 4763 588 4821 multo
618 4769 831 4820 conatu
857 4765 1123 4839 adurget.

116 4846 193 4904 9|.
219 4853 483 4911 Fulconis
537 4854 863 4925 supplicatio
894 4855 962 4889 ⁹⁷²
992 4854 1167 4910 Odom'
1219 4873 1318 4928 per
1354 4859 1555 4929 legatos
1583 4863 1677 4919 ⁸⁷⁸.

1786 4684 1857 4738 de
1870 4679 2147 4737 omnibus
2171 4694 2297 4749 qua:
2312 4675 2363 4731 ei
2380 4675 2866 4747 intenderet,post
2883 4674 3167 4731 rationem
3183 4675 3253 4730 ab
3267 4692 3333 4731 co
3347 4692 3446 4730 au-

1787 4772 2040 4827 diturus.
2058 4767 2221 4823 Unde
2243 4769 2299 4821 et
2315 4760 2628 4820 exercitum
2649 4765 2954 4827 reducens,
2981 4764 3269 4820 Parisium
3286 4766 3447 4821 deve-

1784 4859 1993 4916 ni.0do
2006 4872 2237 4929 quoque
2254 4853 2395 4910 nihil
2410 4853 3047 4926 amittens,indempnis
3062 4853 3296 4910 Meldim
3311 4871 3445 4909 cum

64 4938 301 4997 ~Fulco
358 4958 559 5016 regem
594 4948 917 4999 morantem
976 4960 1094 5000 non
1151 4946 1588 5017 auxiliaturum,
1620 4957 1678 5007 et
1785 4949 1908 5006 suis
1936 4943 2516 5003 devcnit.lndeetiam
2535 4943 3444 5015 postdiesnonmultos,castrum

63 5019 247 5085 Odonis
274 5031 594 5088 exercitum
646 5031 1071 5089 intolerabilem
1112 5038 1295 5102 ratus,
1356 5038 1675 5097 remissiori
1784 5038 1939 5112 quod
1980 5037 2215 5092 Dunum
2243 5034 2394 5102 (130)
2424 5032 2657 5101 dicitur,
2688 5049 2795 5087 sua
2833 5032 3229 5105 dispositurus
3260 5032 3443 5104 petiit.

1379 5188 1619 5247 VARIxE
1676 5188 2093 5250 LECTIONES.

119 5291 534 5374 “jugulandie
564 5315 703 5374 corr.
762 5301 1042 5359 ferienda.
1076 5301 1147 5337 ⁶⁶⁹
1168 5305 1374 5374 pctus,
1437 5305 1519 5374 in,
1552 5325 1614 5365 se
1662 5310 1891 5365 abscisa.
1926 5307 2018 5342 "0'
2051 5306 2311 5360 castrum
2360 5318 2527 5374 supra

65 5359 404 5455 ξτξῐξᾲἶηῖὶεεε
460 5387 602 5428 corr.
661 5373 1023 5430 ﬂandi-enses
1082 5359 1199 5430 cod:
1224 5375 1293 5409 ⁶τ²
1323 5359 2061 5455 εὗρρἷῖ,“θεῖὧὲ’ἇὸδείδα.
2094 5359 2162 5411 ⁸7³
2193 5390 2223 5430 c
2253 5391 2290 5447 p
2320 5359 2507 5431 codex.
2568 5359 2589 5409 ά

65 5433 267 5495 abscisa.

1623 5568 1841 5630 ΝΟΤιΕ

124 5650 254 5733 (429)
279 5657 575 5719 Amboise.

2585 5304 2754 5409 posito
2807 5302 3085 5428 oppidum
3146 5299 3328 5356 codex.
3379 5298 3443 5333 ⁶⁷¹

2585 5376 2636 5409 lt
2666 5374 2834 5428 ectio.
2920 5374 3028 5428 ica.
3063 5389 3137 5428 IS.
3195 5370 3443 5427 Fulcone

2616 5376 2636 5409 ⁴
2666 5370 2862 5444 θοῐὶο,“
2885 5370 3028 5440 lica,
3063 5374 3137 5441 is,
3195 5370 3444 5427 Fulcone

1864 5665 2014 5741 (130)
2043 5662 2174 5721 Dun
2196 5671 2220 5721 γ

3078 5582 3750 6114 πί
