3838 6238
419 369 534 426 163

1519 365 1834 428 RICHERI
1883 366 1946 429 S.
1998 364 2296 429 REMlGlI
2343 367 2723 430 MONACHI.
3681 370 3758 431 {ﬁt

485 502 574 555 94.
611 501 799 557 Obitus
831 501 896 535 “‘5
929 500 1127 556 Odonis
1157 499 1243 554 5".
1280 499 1441 556 Unde
1489 517 1623 556 cum
1656 501 1727 556 de
1755 500 1879 557 suis
1919 517 2068 574 quos
2093 502 2150 570 Α
2179 506 2327 569 rent,
2362 518 2683 574 eorumque
2712 501 2976 558 animum
3008 519 3077 558 ex
3106 501 3215 558 hoc
3244 503 3359 560 sibi
3388 503 3662 560 referrent.

415 592 524 645 sub
550 607 687 662 pace
711 594 1015 660 sequestra
1035 589 1152 662 regi
1176 589 1818 661 delegaverat,plurima
1839 590 2067 645 consul-

412 679 632 734 tatione
663 678 1029 748 deliberaret,
1082 677 1400 732 humerum
1429 679 1497 713 6"
1531 677 1936 750 superﬂuitate
1961 696 2064 751 pro

411 767 694 839 temporis
723 767 1130 822 immutatione
1151 771 1410 834 vexatus,
1439 766 1499 821 in
1523 767 1912 838 egritudinem
1935 784 2061 838 quae

412 873 445 910 a
476 856 719 928 phisicis
750 856 1067 928 synandiea
1088 855 1303 911 dicitur
1332 855 1564 910 decidit.
1591 858 1725 920 Quae
1756 856 2062 911 cumintra

409 945 557 1017 gulae
591 945 865 1000 interiora
894 946 1092 999 sedem
1136 944 1368 1010 habeat,
1401 961 1470 998 ex
1502 944 1796 999 {leumatis
1828 961 2058 1000 reuma-

410 1035 585 1089 tismo
618 1050 944 1105 progressa,
1001 1039 1194 1088 tamen
1229 1032 1542 1104 aliquando
1574 1033 1645 1087 ad
1704 1032 1974 1088 maxillas
2006 1037 2061 1090 et

407 1140 607 1196 genas,
633 1122 948 1194 aliquando
977 1122 1048 1176 ad
1073 1126 1329 1176 toracem
1361 1127 1418 1177 et
1440 1121 1749 1193 pulmones
1767 1126 2056 1176 tumorem

407 1228 537 1266 cum
569 1211 764 1266 dolore
789 1211 946 1282 gravi
967 1210 1476 1273 immittit.Quibus
1498 1210 1862 1265 tumentibus
1880 1216 2056 1282 atque

406 1300 762 1356 ferventibus
793 1305 1025 1372 excepta
1051 1299 1200 1354 initii
1229 1298 2058 1371 die,postdiatritum,patien-

403 1394 519 1444 tem
553 1389 877 1461 perimit.1n
897 1389 1048 1444 hanc
1066 1389 1245 1462 igitur
1261 1389 1381 1444 Odo
1413 1387 1638 1460 lapsus,
1654 1387 1885 1443 infestis
1906 1387 2053 1460 gula:

403 1478 704 1533 doloribus
759 1478 1218 1548 circumquaque
1274 1476 1656 1547 pulsabatur;
1707 1476 2052 1532 arteriarum

404 1584 636 1638 quoque
671 1567 875 1630 fervor,
911 1569 1200 1620 Stirlllonls
1224 1564 1656 1620 intercisionem
1680 1565 2051 1636 operabatur.

403 1656 518 1710 Nec
551 1654 711 1727 petiit
731 1655 1071 1724 hujusniodi
1088 1652 1251 1707 dolor
1266 1652 1474 1724 capitis
1491 1652 1811 1724 superiora,
1836 1657 1895 1707 at
1913 1671 2054 1724 pra:-

404 1745 602 1800 cordia
620 1747 1039 1815 pertemptans,
1062 1741 1399 1813 pulmonem
1420 1748 1477 1796 et
1499 1758 1638 1813 epar
1659 1747 1934 1812 paracuto
1959 1742 2054 1798 do-

401 1833 520 1888 lore
550 1831 911 1897 stimulabat.
948 1830 1077 1885 Fuit
1104 1831 1298 1902 itaque
1331 1829 1585 1884 militum
1619 1830 1832 1898 luctus,
1868 1830 2051 1885 famu-
2083 1868 2130 1933 B

400 1921 591 1976 lorum
623 1920 862 1986 clamor,
897 1919 1246 1973 feminarum
1281 1919 1556 1990 frequens
1588 1918 1951 1988 exclamatio,
1985 1936 2051 1975 eo

400 2010 554 2080 quod
577 2008 880 2064 dominum
905 2006 1306 2062 inconsultum
1325 2007 1756 2074 amittebant,et
1781 2007 1933 2064 natis
1955 2009 2052 2063 do-

400 2099 656 2153 minandi
693 2114 826 2170 spes
858 2096 1021 2151 nulla
1052 2095 1503 2168 relinqueretur,
1539 2113 1672 2151 cum
1702 2113 1866 2167 reges
1899 2097 2050 2168 patri

398 2189 587 2242 adhuc
618 2186 812 2242 animo
845 2186 990 2240 irato
1024 2190 1372 2256 perstarent,
1407 2189 1463 2239 et
1495 2183 1670 2239 Fulco
1724 2184 2047 2239 insolentiae

396 2277 626 2347 Spiritu,
662 2292 865 2347 pacem
899 2274 1282 2327 multifariam
1316 2274 1598 2327 turbaret.
1651 2273 1720 2327 Et
1751 2278 1946 2328 tamen
1985 2272 2045 2328 in

394 2365 549 2421 brevi
581 2365 866 2430 victurus,
899 2362 1134 2433 regibus
1185 2361 1407 2433 legatos
1438 2361 1653 2416 celeres
1703 2360 1883 2427 misit,
1945 2361 2045 2432 qui

393 2471 496 2526 pro
529 2472 589 2509 se
623 2451 916 2524 supplices
949 2450 1213 2505 suasorie
1246 2456 1536 2521 rogarent,
1586 2455 1644 2505 et
1677 2467 1780 2521 pro
1812 2450 2044 2522 injuriis

393 2542 571 2596 illatis
581 2537 1652 2611 justissimam°77recompensationem
1669 2539 2039 2611 sponderent.

392 2632 512 2686 Rex
528 2636 835 2684 veteranus
867 2627 1156 2682 malorum
1180 2627 1596 2682 correctionem
1619 2627 1692 2682 ab
1715 2627 1922 2700 legatis
1945 2647 2040 2684 ex-

390 2719 580 2792 cipere
601 2716 824 2782 volens,
857 2733 890 2771 a
922 2715 1039 2771 filio
1070 2716 1411 2788 indignante
1438 2715 1738 2771 inhabitus
1759 2716 2040 2774 est.Unde

389 2813 445 2864 et.
457 2807 780 2880 legatorum
796 2805 1203 2878 allegationem
1222 2805 1454 2876 penitus
1469 2805 1885 2876 sprevit,atque
1905 2805 2037 2863 illos

387 2897 686 2952 immunes
717 2896 903 2951 redire
935 2895 1140 2967 coegit.
1198 2894 1420 2960 Quibus
1452 2895 1512 2949 in
1571 2893 1775 2949 itinere
1809 2912 2033 2951 moram

386 2985 714 3058 agentibus,
749 2989 1064 3055 autequam
1089 2983 1378 3038 redissent
1404 2983 1497 3038 die
1528 2988 1738 3054 quarta
1764 2987 1908 3038 natae
1940 3002 2032 3057 sy-

385 3075 629 3129 nanticae
666 3073 836 3138 facta,
860 3072 980 3127 Odo
1012 3071 1336 3127 monachus
1377 3073 1565 3126 factus
1595 3071 1823 3142 defecit,
1857 3077 2032 3145 atque

385 3164 467 3217 sic
495 3163 622 3216 vitae
657 3162 832 3215 finem
865 3160 1069 3214 habuit
1097 3178 1110 3227 ;
1145 3160 1215 3214 ad
1246 3165 1513 3215 sanctum
1538 3160 1855 3215 Martinam
1878 3161 2032 3217 dela-

2244 592 2343 647 96.
2395 591 2546 659 Quod
2575 593 2643 626 ⁶⁸⁰
2672 591 2892 663 regibus
2941 595 3260 648 nuntiatum
3297 594 3367 628 ⁸⁸0
3413 595 3503 659 sit,
3546 596 3758 664 epistolas

2174 682 2488 737 Germania:
2539 682 2606 714 ⁶³⁰
2639 682 2695 735 in
2745 681 3014 752 synodum
3043 683 3112 716 ⁶⁸⁰
3167 685 3475 738 convenire.
3506 714 3570 722 —
3611 683 3759 754 Legati

2174 767 2356 840 igitur
2385 767 2588 823 directi
2624 773 2781 824 sunt.
2822 769 3058 841 Legatio
3108 787 3328 843 proque
3361 770 3591 842 prolata.
3622 772 3758 836 Quam

2171 855 2347 910 etiam
2381 873 2544 928 reges
2575 856 2952 912 serenissima
2982 864 3174 914 mente
3193 859 3701 931 excipientes,papaz
3722 865 3760 913 et

2171 945 2578 1017 episcOporum
2602 946 2896 1002 mandatis
2919 947 2976 1001 in
2998 946 3158 1002 nullo
3189 951 3328 1003 tunc
3353 947 3611 1020 refragati
3631 955 3758 1014 sunt;

2171 1049 2297 1090 sese
2329 1034 2641 1090 consilium
2668 1051 2845 1106 super
2865 1035 2974 1092 hoc
2992 1035 3341 1107 quasituros
3375 1037 3757 1107 respondentes,

2169 1129 2345 1194 atque
2361 1123 2694 1195 aequitatem
2715 1123 2787 1178 de
2798 1124 3074 1180 omnibus
3091 1124 3596 1196 facturos.Legatis
3610 1125 3757 1196 itaque

2168 1212 2476 1279 abductis,
2539 1229 2643 1283 per
2694 1213 2980 1284 quosdam
3032 1213 3269 1286 regibus
3328 1214 3633 1269 indicatum
3681 1221 3756 1278 est,

2163 1300 2589 1356 Adalberonem
2623 1302 3074 1358 Laudunensem
3124 1303 3487 1375 episcopum,
3532 1302 3638 1357 hac
3663 1301 3756 1356 dolo

2165 1389 2468 1445 ordinasse
2493 1407 2505 1457 ;
2526 1390 2765 1445 omnino
2781 1390 2955 1446 etiam
2979 1391 3400 1462 apudOdonem
3423 1391 3563 1462 illup
3583 1391 3756 1462 pridem

2164 1483 2574 1549 pertractasse.
2611 1479 2830 1534 Eorum
2864 1483 3182 1550 utrumque
3205 1479 3262 1534 in
3285 1483 3419 1536 voto
3450 1478 3756 1543 habuisse,ut

2164 1566 2430 1622 Ottonem
2468 1583 2662 1640 regem
2703 1568 2902 1622 Galliis
2926 1567 3288 1635 inducerent,
3312 1573 3372 1624 et
3393 1584 3556 1640 reges
3578 1567 3756 1639 ingenio

2163 1661 2219 1710 et
2240 1656 2460 1711 viribus
2483 1657 2637 1712 teras
2658 1657 3401 1730 expungerent.Episcopos
3422 1673 3638 1730 quoque
3656 1656 3755 1711 Ger-

2163 1745 2526 1810 maniwﬁdeo
2549 1746 2949 1812 convenire,ut
2969 1745 3170 1801 dolum
3189 1746 3504 1818 quasitum
3524 1744 3753 1818 expleant.

2162 1834 2345 1906 Reges
2376 1835 2593 1906 itaque,
2627 1835 2830 1890 fraude
2891 1840 3180 1908 percepta,
3240 1835 3530 1908 episcopis
3575 1835 3679 1906 jam
3704 1834 3752 1888 ad

2162 1922 2355 1978 locum
2388 1923 2762 1995 designatum
2793 1924 2858 1959 ⁵⁸³
2905 1924 3390 1980 convenientibus
3449 1941 3549 1996 per
3587 1923 3753 1994 legatos

2161 2009 2506 2078 indicavere,
2540 2029 2666 2068 sese
2692 2011 2832 2068 illuc
2864 2030 2980 2068 non
3012 2013 3220 2078 ituros,
3252 2030 3316 2068 eo
3372 2013 3527 2084 quod
3566 2027 3752 2068 suorum

2158 2101 2480 2173 praecipuos
2514 2118 2690 2173 penes
2732 2119 2793 2157 se
2841 2119 2955 2156 non
3008 2101 3312 2168 baberent,
3375 2101 3501 2158 sine
3555 2117 3749 2172 quorum

2159 2189 2401 2245 consilio
2435 2189 2582 2244 nihil
2614 2191 2906 2263 agendum
2940 2191 3023 2246 vel
3057 2191 3451 2247 omittendum
3484 2191 3748 2247 videbatur.

2159 2277 2471 2351 Indignum
2500 2278 2674 2334 etiam
2709 2279 2818 2334 sibi
2838 2280 3041 2346 videri,
3067 2281 3116 2335 si
3141 2281 3492 2335 correctioni
3513 2280 3750 2351 episcopo-

2156 2385 2286 2422 rum
2319 2368 2637 2424 Germaniae
2669 2385 2806 2424 suos
2856 2369 3091 2434 subdat,
3125 2386 3257 2424 cum
3293 2369 3396 2425 isti
3453 2387 3562 2424 non
3601 2367 3748 2422 minus

2155 2457 2399 2523 nobiles,
2415 2474 2528 2513 non
2548 2456 2744 2512 minus
2762 2462 3215 2530 potentes,aeque
3231 2458 3412 2514 etiam
3436 2462 3535 2514 aut
3550 2454 3746 2527 amplius

2153 2546 2445 2618 sapientes
2495 2547 2633 2600 sint.
2680 2546 2793 2618 Ipsi
2843 2563 2980 2618 ergo
3027 2547 3075 2601 si
3136 2545 3424 2619 indigent,
3479 2547 3535 2601 in
3582 2543 3746 2601 Gallias

2150 2639 2484 2707 properent,
2520 2635 2675 2690 unde
2704 2634 2905 2690 volunt
2925 2635 3175 2690 edicant.
3208 2635 3509 2707 Alioquin,
3540 2634 3742 2692 redeant.

2149 2729 2205 2779 et
2221 2741 2329 2779 sua
2345 2729 2410 2780 ut
2430 2723 2572 2778 libet
2594 2727 2818 2778 curent.
2841 2723 3058 2779 Horum
3081 2740 3218 2796 ergo
3242 2740 3335 2780 res
3361 2725 3423 2779 in
3441 2722 3743 2779 contrarium

2146 2812 2378 2885 relapsa
2405 2817 2511 2868 est.
2543 2812 2828 2868 Adalbero
2857 2813 3014 2867 enim
3046 2812 3146 2884 qui
3196 2812 3411 2868 horum
3463 2811 3741 2868 ministrum

2145 2919 2272 2958 sese
2304 2902 2652 2974 praebuerat,
2701 2918 2837 2956 cum
2888 2901 3197 2956 delationis
3227 2902 3296 2936 ⁵⁸³
3346 2902 3576 2958 nescius
3620 2911 3742 2968 reges

2145 2996 2426 3058 moneret,
2462 2995 2525 3044 ut
2553 2990 2965 3046 occurentibus
2997 2990 3312 3056 obveniret,
3370 3008 3471 3046 rex
3499 2989 3738 3046 veteratus

2141 3079 2437 3135 fraudium
2471 3096 2584 3134 non
2617 3079 2878 3151 ignarus,
2912 3079 3267 3134 Ludovicum
3291 3073 3739 3135 Karoliﬁliumab

2140 3186 2206 3224 co
2237 3169 2508 3240 reposcit,
2541 3184 2717 3239 quem
2751 3168 2809 3221 in
2841 3168 3109 3239 captione
3140 3167 3410 3223 Lauduni
3444 3172 3677 3239 captum,
3702 3160 3737 3217 ei

383 3257 500 3317 tus,
535 3255 592 3304 et
622 3249 682 3304 in
715 3248 840 3304 loco
873 3249 1027 3320 quod
1061 3248 1251 3320 Majus
1284 3248 1873 3320 monasterium('l3l)
1895 3250 2031 3306 dici-
2063 3234 2104 3300 (ἶ
2139 3234 2591 3312 casto-diendum
2623 3234 3014 3312 commiserat.
3051 3255 3406 3329 Repoposcit
3434 3234 3599 3312 etiam
3626 3254 3738 3322 ejus-

383 3345 498 3404 tur,
524 3355 658 3394 cum
692 3339 876 3393 multo
908 3355 1148 3393 suorum
1180 3337 1459 3409 obsequio
1491 3337 1777 3410 sepultus.

447 3430 538 3486 95.
576 3429 846 3484 Iohannes
897 3428 964 3462 ⁶τ⁸
1001 3445 1140 3500 papa
1191 3429 1420 3483 Leonem
1449 3429 1514 3462 ⁸⁷⁸
1567 3430 1815 3484 abbatem
1873 3430 1930 3483 in
1962 3430 2028 3465 ⁸⁷⁸

377 3521 589 3576 Gallias
618 3518 686 3553 77'
732 3519 900 3573 mittit
936 3518 1002 3551 ⁸⁷⁸
1044 3526 1103 3572 ut
1145 3519 1212 3552 δῖε
1260 3518 1473 3588 Amulﬁ
1519 3517 1918 3575 abdicationem
1959 3519 2027 3554 67°

374 3608 652 3666 dissolvat.
685 3638 753 3648 ——-
784 3608 890 3662 Per
919 3607 1072 3662 idem
1104 3610 1338 3679 tempus
1369 3624 1502 3662 cum
1535 3624 1569 3662 a
1602 3607 2024 3663 Germanorum

375 3697 663 3769 episcopis
694 3697 908 3751 domno
937 3694 1192 3750 Johanni
1223 3712 1384 3767 papa:
1412 3713 1515 3766 per
1544 3695 1821 3766 epistolas
1851 3713 2026 3767 saepe-

377 3802 622 3839 numero
655 3789 1001 3855 suggestum
1061 3785 1225 3849 foret,
1276 3789 1340 3837 ut
1394 3783 1656 3839 Gerberti
1708 3785 2022 3841 Remorum

377 3870 811 3943 metropolitani
860 3871 1284 3941 promotionem
1330 3872 1646 3938 abdicaret,
1697 3878 1753 3927 et
1799 3873 2022 3929 Arnulfi

375 3959 804 4016 abdicationem
825 3961 1136 4030 praeterjns
1155 3959 1366 4014 factam
1389 3959 1853 4032 indignaretur,a
1872 3979 2024 4035 papa

374 4051 432 4104 in
462 4047 836 4104 Germaniam
867 4051 1006 4101 tunc
1037 4047 1294 4102 directus
1323 4051 1412 4103 est
1443 4049 1555 4104 Leo
1604 4050 1928 4105 monachus
1965 4055 2023 4106 et

374 4139 577 4206 abbas,
609 4137 709 4209 qui
767 4136 994 4192 vicibus
1052 4153 1232 4215 papae.
1272 4137 1492 4208 petitis,
1548 4155 1680 4193 cum
1731 4139 2022 4212 episcopis

373 4227 694 4288 Germaniae
727 4231 903 4298 atque
930 4225 1246 4281 Galliarum
1273 4226 1450 4298 hujus
1474 4226 1688 4299 negotii
1720 4227 2020 4301 etindagi-

371 4335 504 4373 nem
537 4317 768 4386 faceret,
802 4316 1155 4387 etjuditium
1175 4315 1578 4387 diligensinde
1606 4317 2020 4388 proferret.0ui

368 4406 796 4463 humanissime
827 4406 898 4460 ab
930 4403 1219 4477 episcopis
1241 4406 1309 4440 ⁶ῖ⁰
1339 4411 1634 4478 exceptus,
1659 4406 1730 4460 de
1751 4406 2020 4462 habenda

367 4497 571 4552 sinodo
594 4513 771 4568 super
783 4495 892 4550 hoc
915 4493 1144 4566 negotio
1166 4511 1298 4549 cum
1323 4494 1406 4550 eis
1427 4496 1784 4551 tractabat.A
1803 4497 2018 4567 quibus

2138 3346 2271 3400 dem
2301 3345 2463 3400 urbis
2495 3361 2709 3412 arcem,
2740 3361 2918 3416 quam
2950 3343 3220 3400 similiter
3248 3346 3632 3400 commiserat.

2208 3434 2297 3488 97.
2330 3433 2596 3489 Adalbero
2626 3434 2694 3469 ⁵⁸³
2723 3435 2884 3489 totius
2921 3433 3137 3504 fraudis
3184 3434 3252 3468 ⁸⁸³
3279 3450 3452 3490 causa
3496 3431 3738 3505 reprehm-

2135 3522 2289 3578 ditur
2307 3522 2394 3577 ⁵⁸³.
2410 3553 2478 3562 -
2492 3521 2613 3586 Quo
2635 3523 2854 3577 credita
2875 3521 3114 3578 reddere
3137 3522 3350 3590 reniso,
3377 3522 3521 3596 regii
3541 3520 3737 3592 stipato.

2135 3628 2230 3666 res
2289 3611 2484 3666 animo
2541 3609 2886 3683 indignante
2934 3610 3309 3666 subinferunt
3350 3629 3364 3666 :
3406 3633 3434 3664 α
3464 3613 3598 3667 Cum
3625 3613 3736 3670 tu,o

2134 3699 2421 3772 episcope,
2455 3698 2514 3754 in
2557 3698 2872 3771 perniciem
2907 3716 3109 3771 regum
3150 3704 3208 3755 et
3238 3699 3588 3772 principum,
3617 3691 3736 3768 apud

2135 3788 2403 3844 Ottonem
2436 3805 2628 3860 regem
2661 3792 2718 3842 et
2747 3787 3006 3844 Odonem
3035 3789 3335 3844 tirannum
3361 3788 3605 3862 plurima
3623 3799 3735 3855 que-

2133 3877 2301 3934 sieris
2350 3878 2642 3948 quomodo
2672 3877 2766 3932 hic
2793 3882 2926 3933 ante
2972 3877 3244 3934 dominos
3301 3882 3438 3934 tuos
3470 3892 3620 3948 reges
3646 3879 3734 3926 tam

2133 3965 2445 4039 magnifica
2473 3967 2805 4038 conﬁngere
2824 3983 2938 4021 non
2962 3967 3175 4022 vereris
3195 3966 3222 4022 ‘I
3242 3966 3390 4030 Quid
3425 3963 3731 4023 Ludovicum

2133 4061 2388 4122 etarcem
2404 4055 2642 4110 reddere
2664 4056 2904 4124 metuis,
2924 4054 2973 4111 si
2988 4055 3163 4111 ﬁdem
3184 4056 3422 4129 regibus
3443 4061 3499 4111 te
3517 4062 3731 4110 servasse

2131 4161 2247 4200 non
2277 4143 2512 4199 dubitas
2532 4144 2559 4199 ‘I
2592 4144 2738 4210 Quid
2785 4160 2920 4216 ergo
2948 4148 3038 4199 est
3068 4145 3285 4200 credita
3333 4143 3487 4200 nolle
3516 4140 3728 4198 reddere.

2131 4232 2243 4288 nisi
2297 4238 2498 4288 contra
2536 4248 2701 4305 reges
2752 4232 3009 4288 infausta
3066 4231 3305 4289 moliri?
3333 4228 3731 4290 Evidentissime

2129 4322 2305 4378 ﬁdem
2319 4314 2776 4393 abrupisti,Cum
2800 4322 2951 4394 apud
2971 4321 3242 4378 Ottonem
3275 4322 3345 4378 de
3368 4337 3566 4395 regum
3593 4319 3730 4373 inter-

2129 4411 2214 4466 itu
2248 4410 2864 4482 tractasti,eorumque
2905 4410 3190 4467 honorem
3222 4411 3506 4468 subruere
3534 4409 3733 4477 tempta-

2128 4500 2223 4555 sti.
2259 4499 2422 4555 Unde
2452 4503 2509 4554 et
2550 4497 2791 4570 perjurii
2829 4504 2992 4555 reatu
3047 4499 3347 4556 detineris.
3404 4497 3731 4572 Legationem

366 4584 665 4638 Gallorum
699 4585 960 4656 regibus,
1011 4583 1239 4656 Hugoni
1273 4583 1543 4639 videlicet
1598 4587 1843 4656 ejusque
1896 4585 2016 4640 ﬁlio
2047 4602 2094 4666 Β
2126 4589 2303 4644 etiam
2336 4594 2618 4660 tanquam
2638 4589 2709 4643 ab
2734 4589 2817 4644 eis
2835 4589 3079 4645 missam
3099 4589 3295 4645 Ottoni
3313 4590 3436 4662 regi
3460 4580 3729 4662 pertulisti.

368 4671 666 4738 Rotberto,
690 4671 864 4742 legati
889 4671 1092 4726 directi
1125 4676 1283 4739 sunt,
1316 4673 1417 4743 qui
1450 4689 1612 4744 papae
1645 4673 2014 4739 mandatum,
2129 4695 2194 4734 ac
2227 4677 2382 4749 apud
2406 4694 2541 4732 eum
2565 4677 2762 4733 dolose
2784 4677 3322 4750 ordinasti,utipse
3343 4695 3477 4734 cum
3501 4668 3732 4750 paucis‘“

365 4774 589 4813 necnon
624 4763 682 4812 et
719 4759 1124 4830 episcoporum
1152 4759 1510 4816 voluntatem
1542 4778 1719 4832 super
1749 4761 1858 4817 hoc
1887 4779 2019 4834 ape—
2125 4766 2440 4832 adveniret,
2510 4769 2567 4821 et
2611 4765 2869 4820 militum
2929 4766 3370 4823 multitudinem
3429 4783 3540 4823 non
3593 4761 3730 4830 longe

366 4846 536 4911 riant,
569 4846 767 4916 eisque
818 4852 881 4901 ut
926 4865 1060 4902 cum
1116 4849 1239 4904 suis
1295 4849 1585 4921 episcopis
1615 4850 2012 4918 _conveniant,
2121 4855 2451 4928 expeditam
2483 4855 2740 4910 haberet.
2776 4855 3030 4927 Regibus
3062 4872 3294 4928 quoque
3324 4854 3540 4912 nostris
3566 4851 3730 4907 adver-

364 4934 786 4990 ralionabiliter
818 4936 1142 5005 suadeant;
1189 4936 1379 4992 locum
1431 4939 1606 4993 etiam
1661 4941 2013 5010 tempusque
2121 4945 2274 4999 sario
2304 4961 2439 4999 cum
2497 4943 2700 5016 paucis
2742 4961 3043 5000 occurrere
3100 4944 3361 5014 suasisti,
3396 4951 3564 5016 atque
3611 4930 3729 4994 nihil

362 5040 479 5097 quo
508 5029 566 5078 et
597 5024 830 5094 quando
853 5025 1316 5082 conveniendum
1339 5031 1494 5082 esset
1515 5043 1548 5082 a
1570 5028 1808 5100 regibus
1831 5029 2014 5084 disce-
2121 5033 2260 5088 mali
2293 5049 2360 5088 ex
2391 5033 2502 5089 hoc
2534 5036 2953 5106 proventurum
2985 5033 3370 5106 spopondisti.
3401 5034 3555 5090 Hanc
3583 5027 3727 5085 etiam

1724 5143 1967 5200 VARIzE
2041 5146 2461 5202 LECTIONES.

430 5238 499 5272 ⁸⁷⁵
531 5237 1084 5318 u-bi,h0do__abscisa.
1117 5240 1184 5318 οἶς
1213 5239 1525 5318 hor_noru_m
1556 5241 1740 5318 eodem.
1773 5243 1840 5277 ⁸⁷⁷
1888 5243 2290 5318 aequissimam
2340 5262 2508 5317 supra
2534 5247 2712 5317 posito
2759 5246 3158 5318 justissimam
3188 5246 3306 5303 cod.
3349 5248 3417 5284 ⁸⁷⁸
3446 5246 3724 5318 JohannGS.

358 5314 532 5391 been,
561 5309 620 5363 in
653 5308 777 5377 Gal,
809 5309 892 5391 tit_
911 5327 980 5391 u,
1005 5309 1203 5376 dicati,
1235 5311 1396 5391 solve.
1415 5314 1738 5391 abscisaf?
1769 5308 2434 5391 e._ge_rmaniaa_de_tetum.
2461 5308 2736 5391 6_*“"quod,
2759 5308 3023 5391 buntiat,
3041 5335 3210 5391 gern,
3235 5315 3723 5391 sinodumiabscisa-

355 5381 421 5418 ⁶⁸¹
454 5397 630 5454 quem
663 5397 830 5453 reges
861 5381 1308 5453 designaverant
1337 5383 1391 5440 l.
1423 5384 1492 5419 ⁶⁸²
1521 5381 1879 5456 proditionis
1903 5387 1952 5442 1.
1981 5387 2050 5422 ⁵⁸³
2093 5386 2402 5457 Adalbero,
2461 5381 2704 5461 fraudis,
2724 5381 2948 5464 'repreh
2995 5381 3226 5448 abscisa.
3257 5390 3327 5427 ⁶⁸⁴
3356 5408 3415 5466 p.
3468 5390 3538 5448 ad
3564 5388 3726 5447 locum

354 5454 510 5528 quod
543 5451 872 5528 appellatur
900 5452 1091 5509 deteta.

423 5641 573 5720 (434)
601 5639 1327 5703 Marmoutier-Ies-Tours.
1946 5555 2180 5618 ΝΟἸῈ·
