3838 6238
34 413 133 473 169
881 406 1426 471 HISTORIARUM
1475 407 1677 468 LIBRI
1724 406 2122 478 QUATUOR.
2158 441 2234 448 —
2262 406 2408 466 LIB.
2456 406 2558 466 IV.
3306 404 3423 463 170

35 544 317 600 testatione
349 541 695 613 impositum
728 545 836 597 est.
869 541 1029 609 Quod
1060 541 1109 596 si
1143 541 1289 598 forte
1320 560 1353 597 a
1373 540 1555 614 sacris
1579 540 1660 597 le-
1690 540 1745 609 Α
1775 542 1908 612 post
1938 538 2163 611 aliquot
2187 556 2486 595 sermones
2518 554 2553 592 a
2581 537 2795 593 domno
2816 553 2967 609 papa
2987 552 3197 610 corpus
3228 540 3428 594 etsan-

35 632 187 704 gibus
212 630 516 703 quippiam
547 629 845 685 deviatum
876 634 982 695 est,
1012 647 1126 686 non
1161 630 1219 685 id
1263 629 1516 695 malicia,
1566 630 1667 685 sed
1777 628 2014 701 guinem
2049 627 2303 697 Domini,
2345 644 2411 682 ac
2442 624 2799 682 sacerdotale
2847 623 3104 679 officium
3138 626 3247 680 sub
3280 643 3431 698 pras-

36 720 292 793 temporis
320 717 661 791 importavit
692 719 1035 774 necessitas.
1084 717 1361 792 Alioquin
1410 724 1669 791 tempore
1777 716 1969 772 sentia
2000 716 2173 789 legati
2207 715 2514 788 prohibere
2540 714 2770 779 vellent,
2804 713 2901 769 ille
2932 730 3065 768 mox
3096 730 3163 768 ex
3196 713 3433 769 canoni-

37 808 213 865 bostili
240 824 413 864 omne
437 809 562 879 jus,
595 823 887 878 omneque
915 805 1144 862 licitum
1168 824 1387 873 cavere,
1417 808 1559 879 quid
1582 810 1670 861 est
1777 805 1889 860 bus
1920 808 1975 861 et
2004 804 2252 860 decretis
2284 804 2643 859 confidenter
2662 800 3095 868 astruxit,nulli
3115 801 3223 857 hoc
3254 802 3439 874 impo-

40 896 175 953 aliud
205 912 380 969 quam
410 894 662 968 patriam
696 895 934 967 perdere
964 898 1020 950 et
1049 912 1250 951 necem
1282 895 1532 951 inferre?
1581 893 1668 950 Si-
1778 893 2061 960 nendum,
2097 892 2209 947 nisi
2246 897 2348 947 aut
2377 910 2445 948 ex
2474 891 2723 947 crimine
2754 890 3039 957 convicto,
3066 893 3167 944 aut
3195 894 3327 961 post
3345 906 3440 945 vo-

40 985 143 1042 lent
168 985 434 1057 equidem
465 983 625 1056 leges
656 983 812 1039 inter
840 1000 1039 1051 arma;
1094 983 1312 1055 quibus
1343 982 1440 1038 ille
1472 982 1668 1039 feralis
1778 982 2064 1037 cationem
2094 980 2290 1037 venire
2320 982 2392 1036 ad
2417 980 2730 1036 consilium
2753 978 2843 1035 vel
2867 979 3151 1034 rationem
3185 982 3441 1034 contem-

42 1075 207 1130 bestia
233 1073 276 1130 Ο
305 1074 373 1110 ⁸⁸⁵
401 1074 553 1142 (132)
583 1071 665 1128 ita
692 1073 762 1107 ⁶⁹⁶
793 1072 1016 1128 abusus
1036 1078 1147 1139 est,
1180 1078 1245 1128 ut
1266 1070 1671 1129 reverendissi-
1778 1069 2001 1142 pnenti.
2038 1069 2352 1141 lluicpenae
2373 1087 2488 1125 non
2503 1086 2631 1124 sese
2645 1085 2771 1124 esse
2787 1068 3127 1133 obnoxium,
3151 1084 3286 1122 cum
3312 1067 3440 1139 ipse

43 1181 155 1220 mos
179 1163 505 1219 sacerdotes
536 1162 660 1232 Dei,
693 1161 863 1234 quasi
895 1159 1035 1217 vilia
1077 1161 1370 1237 mancipia
1417 1164 1668 1233 caperet,
1778 1159 1952 1214 etiam
1998 1158 2329 1230 prohibitus
2378 1158 2708 1224 accesserit,
2760 1159 2815 1213 et
2863 1174 2997 1213 cum
3028 1156 3190 1212 nullo
3239 1156 3435 1211 adhuc

44 1251 378 1324 necabipsis
407 1249 800 1306 sacrosanctis
822 1250 1106 1306 altaribus
1130 1253 1667 1323 temperaret,com-
1778 1246 2021 1302 crimine
2052 1247 2349 1303 convictus
2382 1247 2476 1303 sit.
2511 1245 2818 1317 Simulque
2849 1246 2958 1301 hoc
2988 1262 3057 1300 ex
3086 1245 3357 1300 Africano
3378 1248 3438 1300 et

46 1346 248 1396 meatus
276 1339 544 1413 publicos
577 1338 1015 1395 intercluderet.
1779 1334 2060 1391 Toletano
2091 1335 2353 1391 conciliis
2382 1337 2703 1392 asserebat.
2745 1335 2852 1390 Sed
2886 1351 2958 1389 ne
3003 1335 3221 1389 domno
3273 1350 3436 1405 papa;

110 1431 215 1485 106.
244 1430 524 1501 Epzlogus.
553 1460 620 1469 —
652 1450 681 1477 ‹‹
716 1427 907 1483 Redeo
940 1427 1013 1483 ad
1056 1443 1170 1496 me,
1213 1424 1671 1483 reverentissimi
1779 1424 2041 1480 omnimo
2074 1424 2243 1480 reniti
2274 1424 2589 1492 videretur,
2620 1441 2655 1480 a
2687 1425 3003 1479 missarum
3046 1422 3436 1478 celebratione

44 1522 235 1590 patres,
264 1517 357 1573 cui
386 1516 719 1590 specialiter
748 1517 821 1571 ob
852 1515 1103 1572 salutem
1134 1516 1432 1588 pereuntis
1471 1515 1670 1588 populi
1779 1529 1908 1569 sese
1937 1517 2304 1569 cessaturum
2330 1529 2517 1585 usque
2543 1513 2601 1567 in
2634 1513 2876 1569 alteram
2893 1511 3267 1568 6m"sinodum
3299 1527 3434 1583 spo-

44 1607 313 1679 totiusque
344 1605 425 1661 rei
458 1604 703 1678 publicae
736 1621 939 1659 curam
969 1621 1129 1660 mors
1177 1604 1495 1660 furibunda
1534 1620 1669 1660 cum
1779 1601 2003 1673 pondit.
2036 1601 2106 1656 Et
2135 1600 2333 1658 statim
2361 1601 2454 1657 his
2485 1600 2656 1655 dictis
2686 1616 2917 1656 sessum
2948 1598 3162 1656 reversi
3190 1602 3350 1654 sunt.

43 1695 293 1750 omnibus
321 1693 447 1749 suis
477 1691 746 1749 incubuit
791 1692 998 1765 copiis.
1049 1692 1195 1750 Hinc
1243 1692 1371 1748 dira
1417 1696 1667 1764 egestas,
1853 1690 1975 1744 107.
2009 1689 2232 1753 Quibus
2262 1688 3102 1747 considentibusVirdunensis
3125 1687 3438 1760 episcopus

43 1782 258 1839 horreas
286 1787 343 1837 et
383 1780 699 1853 apothecas
747 1782 977 1836 armata
1018 1797 1198 1835 manu
1249 1780 1360 1836 sibi
1391 1779 1667 1848 vindicat,
1780 1776 1993 1833 iterum
2023 1795 2272 1851 surgens
2302 1796 2368 1834 eo
2401 1779 2554 1850 quod
2577 1776 3428 1851 sinodiinterpreshabebatur,

40 1861 187 1917 illinc
214 1862 349 1917 foris
381 1860 616 1934 gladius
644 1859 876 1915 etintus
898 1860 1241 1932 pavor,dies
1258 1877 1324 1915 ac
1339 1860 1672 1916 noctesred-
1704 1911 1750 1975 Β
1782 1866 1852 1920 ad
1886 1865 2031 1921 alios
2061 1868 2160 1939 qui
2194 1868 2601 1939 episcoporum
2653 1866 2896 1921 consilio
2936 1883 3052 1921 non
3100 1864 3435 1935 interfuere,

46 1951 289 1975 ,κλμ----ι
339 1951 641 1975 :.._-M_-_
690 1951 757 1975 mn
831 1948 963 1975 ΩΛΙ..
998 1953 1184 1975 -.--ι..,
1237 1949 1553 1975 -..ηιλ..ει-,.
1607 1954 1668 1975 ..ι
1784 1954 1861 1975 ,1-
1904 1972 1991 1975 ,μή
2017 1956 2085 1975 ,μ
2106 1974 2125 1975 ,,
2152 1960 2263 1975 ,.,,,
2294 1956 2354 1975 ,2.
2377 1973 2386 1975 4
2488 1957 2565 1975 n,,
2588 1955 2762 1975 _ns_n_
2803 1952 3075 1975 :_-_‘2-__
3130 1953 3237 1975 ι.--
3280 1953 3431 1975 --...1-

44 1951 295 2007 diderunt
339 1951 642 2006 insomnes
690 1951 777 2003 ⁸9⁷.
831 1948 969 2004 Sola
998 1953 1191 2005 vestra
1236 1949 1575 2015 auctoritas,
1607 1954 1672 2004 ut
1708 1948 1750 1975 υ
1780 1954 1864 2010 sic
1895 1956 2389 2011 concionatusait:
2425 1980 2450 2004 ‹‹
2486 1955 2771 2021 Quoniam
2803 1952 3077 2026 inquiens
3130 1953 3240 2008 hoc
3280 1953 3435 2008 unde

44 2046 315 2096 tantorum
346 2037 638 2113 malorum
669 2035 931 2094 levamen
972 2037 1157 2108 ﬁeret,
1207 2042 1506 2110 expectata
1551 2042 1668 2107 est;
1778 2041 1874 2099 hic
1907 2043 2120 2115 agitur,
2151 2043 2396 2099 diffiniri
2430 2060 2587 2099 nunc
2619 2060 2735 2098 non
2766 2047 2979 2116 potest,
3014 2059 3080 2097 eo
3107 2042 3261 2114 quod
3296 2058 3433 2096 con-

45 2146 161 2201 que:
188 2132 403 2185 tantam
434 2128 553 2183 vim
582 2127 798 2183 habere
827 2126 1103 2194 creditur,
1136 2131 1201 2181 ut
1218 2143 1332 2182 non
1347 2126 1537 2183 solum
1562 2127 1670 2183 Re-
1778 2132 2070 2187 troversize
2130 2149 2266 2204 pars
2318 2131 2498 2187 altera
2554 2131 2772 2197 deﬁcit,
2834 2130 3021 2203 placet
3049 2129 3145 2185 his
3199 2129 3435 2186 domuis

48 2217 234 2285 mensi,
264 2218 362 2275 sed
395 2216 574 2273 etiam
604 2215 764 2273 omni
792 2215 1046 2272 ecclesiae
1059 2214 1356 2272 Gallorum
1378 2214 1668 2285 desolata},
1780 2218 2071 2292 episcopis
2102 2224 2165 2275 ut
2189 2219 2353 2276 vobis
2382 2220 2834 2287 demonstretur,
2867 2218 3157 2291 presentis
3188 2217 3433 2274 rationis

47 2311 97 2361 et
123 2324 254 2379 pene
283 2307 354 2362 ad
388 2304 640 2361 nihilum
673 2305 941 2375 redactas,
973 2303 1235 2360 subsidio
1286 2321 1415 2360 esse
1452 2304 1669 2374 valeat;
1781 2324 2044 2375 causam,
2079 2309 2137 2364 in
2170 2308 2329 2365 aliud
2360 2314 2591 2380 tempus
2622 2307 3109 2374 transferendam,
3133 2310 3197 2362 ut
3226 2305 3306 2361 ibi
3328 2314 3432 2378 qui

49 2395 190 2466 quod
239 2393 549 2451 Divinitate
596 2392 853 2467 propitia
899 2397 1296 2465 expectamus,
1347 2398 1405 2450 et
1453 2397 1519 2449 ut
1549 2394 1669 2460 ﬁat,
1781 2395 2063 2465 intendat,
2097 2401 2154 2453 et
2184 2398 2283 2470 qui
2319 2396 2545 2453 refellat
2591 2400 2724 2453 ante
2770 2396 3031 2467 judicem
3082 2394 3429 2462 consistant,

45 2499 231 2551 omnes
258 2482 315 2539 in
347 2498 664 2539 commune
694 2498 953 2538 oramus.
990 2503 1019 2530 »
1782 2490 1847 2541 ut
1876 2484 2244 2558 singulorum
2268 2487 2537 2558 partibus
2567 2486 2877 2558 discussis,
2910 2484 3050 2541 recti
3067 2483 3275 2556 judicii
3308 2499 3435 2555 pro-

110 2574 221 2627 106.
251 2574 433 2639 Quam
467 2570 807 2644 perlectam,
857 2568 1049 2644 legato
1102 2587 1263 2643 papas
1314 2587 1445 2627 mox
1474 2570 1672 2643 legen-
1783 2574 2003 2629 feratur
2041 2591 2308 2631 censura.
2333 2575 2469 2631 nAb
2502 2574 2777 2630 omnibus
2822 2573 3161 2630 conceditur
3206 2576 3263 2629 et
3306 2570 3433 2627 lau-

46 2661 173 2717 dum
200 2661 469 2733 porrexit.
505 2661 669 2716 Tunc
695 2658 951 2732 episcopi
984 2675 1189 2715 omnes
1218 2675 1352 2715 cum
1366 2658 1674 2717 Godefrido
1783 2663 1974 2719 datur.
1990 2664 2331 2720 Destinatur
2353 2680 2489 2737 ergo
2514 2662 2676 2720 locus
2704 2663 2903 2719 Remis
2930 2663 3084 2737 apud
3104 2661 3437 2718 ccenobium

48 2750 236 2806 comite
265 2750 362 2823 qui
392 2750 480 2805 eis
502 2749 782 2805 intererat
803 2746 980 2803 simul
999 2753 1327 2819 surgentes,
1357 2764 1677 2822 orsumque
1785 2752 2207 2809 monachorum
2239 2753 2423 2809 sancti
2457 2752 2742 2826 Remigii;
2775 2757 3004 2824 tempus
3034 2768 3267 2824 quoque
3288 2749 3381 2806 die
3405 2750 3440 2804 8

48 2840 268 2907 seducti,
299 2838 442 2912 quid
474 2838 771 2913 agendum
802 2837 939 2892 inde
966 2840 1121 2892 esset
1151 2835 1574 2893 deliberabant.
1608 2838 1678 2893 Et
1786 2846 1919 2914 post
1948 2840 2644 2898 natalesanctiJobannis
2659 2841 2951 2913 Baptistae.
2971 2840 3197 2905 Quibus
3214 2838 3435 2895 consti-

50 2933 168 2998 post
195 2927 496 3001 paululum
528 2927 723 2999 ipsum
755 2924 1102 2982 Gerbertum
1125 2924 1391 2982 invitant.
1426 2925 1676 2983 Cuicum
1785 2929 1929 2985 tutis
1962 2933 2020 2986 et
2049 2930 2245 2998 dictis,
2281 2930 2526 2986 sinodus
2557 2929 2748 2986 soluta
2778 2933 2886 2985 est.

118 3053 251 3119 Post
278 3052 572 3139 Ηὼζοηίξ
591 3049 1092 3139 ᾕηερημιτηβοᾴίσε
1118 3071 1224 3112 ms.
1258 3052 1483 3139 notitia,
1528 3051 1757 3133 aliqua!
1784 3074 1975 3139 manu
1997 3056 2244 3117 Rz'clzeri
2282 3057 2521 3139 scriptae
2564 3055 2866 3136 leguntur,
2898 3074 3027 3136 quae
3065 3074 3179 3136 pro
3209 3051 3440 3134 funda-

53 3142 221 3195 menta
248 3135 439 3216 operis
466 3130 744 3213 exigendi
773 3130 1051 3193 habenda?
1075 3151 1193 3193 esse
1222 3132 1533 3209 videntur;
1559 3130 1699 3194 sunt
1724 3144 1920 3201 autem
1949 3135 2042 3197 hae
2069 3157 2093 3198 :

112 3257 786 3330 (9%)Temporestatuto
804 3254 1683 3329 Silvauectisinodusepiscopo-
1716 3258 1758 3325 C
1871 3259 2034 3332 Hugo
2065 3275 2164 3315 rex
2191 3259 2423 3332 papulis
2453 3264 2573 3316 toto
2604 3276 2845 3332 corpore
2874 3258 3194 3327 confectus,
3245 3257 3304 3312 in
3336 3274 3441 3331 op-

53 3362 167 3401 rum
196 3346 550 3413 collectaest,
565 3345 665 3401 ubi
679 3343 1371 3400 etiaminterGerbertum
1396 3348 1452 3401 et
1473 3344 1680 3400 Arnul-
1787 3346 1927 3420 pido
1963 3347 2222 3421 llugonis
2247 3349 2453 3404 Judeis
2478 3350 2626 3421 (134)
2656 3348 2945 3403 extinctus
2976 3351 3083 3403 est.

56 3433 160 3490 fam
172 3434 590 3508 praesentaliter
625 3433 776 3489 ratio
815 3432 1085 3490 discussa
1103 3437 1193 3490 est
1226 3434 1337 3489 sub
1373 3433 1681 3506 praesentia
1861 3436 2173 3492 Rotbertus
2187 3452 2281 3491 rex
2294 3436 2441 3508 patri
2454 3437 3041 3503 succedens,suorum
3055 3435 3300 3491 consilio
3314 3438 3443 3490 Ber-

54 3525 235 3580 Leonis
264 3524 494 3580 abbatis
525 3528 584 3580 et
613 3521 887 3578 monachi
907 3520 1082 3595 legati
1102 3521 1683 3596 aliorumquequam—
1788 3527 1909 3579 tam
1940 3524 2106 3579 duxit
2134 3541 2371 3579 uxorem
2395 3523 2868 3595 (Oct,23)eausus
2885 3523 3127 3591 ratione,
3153 3524 3306 3596 quod
3324 3538 3443 3579 me-

56 3610 307 3682 plurium.
337 3612 511 3668 Berta
526 3611 747 3668 Odonis
760 3612 829 3647 “9
846 3627 990 3667 uxor
1004 3626 1245 3667 suarum
1264 3627 1461 3667 rerum
1482 3611 1680 3667 defen-
1789 3608 1904 3665 lius
1919 3609 2247 3683 sitparvum
2263 3610 2496 3683 aggredi
2510 3610 2825 3678 malum,ut
2837 3611 3161 3666 maximum
3173 3610 3448 3666 evitetur:

58 3716 222 3757 sarem
245 3706 419 3774 atque
447 3702 795 3757 advocatum
829 3686 1175 3757 Rotbertum
1208 3716 1403 3773 regem
1435 3701 1679 3773 accepit.
1862 3699 2005 3771 (997)
2036 3699 2353 3755 Rotbertus
2382 3716 2480 3755 rex
2512 3700 2688 3755 ducta
2719 3701 2888 3755 Berta
2917 3716 3095 3757 uxore
3143 3699 3203 3755 in
3235 3698 3445 3755 Fulco-

60 3786 357 3846 Ricbardus
385 3793 725 3863 pyratarum
758 3789 877 3844 dux
907 3788 1209 3861 apoplexia
1235 3788 1461 3845 minore
1489 3788 1680 3861 periit.
1790 3804 1925 3843 nem
1956 3786 2056 3859 qui
2088 3787 2307 3844 Odonis
2330 3789 2700 3844 adversarius
2730 3790 2919 3844 fuerat
2949 3789 3149 3857 fertur,
3182 3792 3239 3843 et
3274 3788 3347 3844 ab
3378 3804 3445 3845 eo

62 3874 345 3934 Hilduinus
373 3894 608 3951 quoque
638 3876 977 3933 vinolentia.
1791 3876 1996 3932 urbem
2028 3877 2382 3933 Turonicam
2398 3882 2455 3933 et
2468 3877 2585 3933 alia
2598 3894 2726 3950 quae
2745 3882 3078 3951 pervaserat
3087 3878 3205 3933 vim
3221 3877 3445 3950 recipit.

120 3966 359 4024 Sinodus
389 3967 649 4039 quinque
688 3964 1092 4038 episcoporum
1123 3964 1183 4020 in
1232 3968 1428 4021 monte
1468 3968 1685 4021 sanctas
1864 3966 2176 4022 Rotbertus
2224 3983 2322 4022 rex
2350 3967 2411 4022 in
2462 3967 2777 4040 Aquitania
2826 3967 2900 4023 ob
2947 3971 3219 4040 nepotem
3271 3982 3448 4023 suum

63 4052 230 4112 Maria
282 4056 481 4112 habita
529 4058 637 4111 est.
686 4053 1016 4126 [Heinricus
1065 4053 1215 4122 (133)
1278 4070 1509 4126 quoque
1568 4054 1687 4110 dux
1791 4052 2133 4111 Wilelmum
2166 4054 2469 4112 obsidione
2500 4056 2903 4113 Hildebertum
2933 4056 3165 4129 premit.

64 4141 186 4198 obiit
203 4145 309 4212 7"].
357 4143 481 4200 Alia
525 4143 666 4200 item
706 4141 953 4198 sinodus
1001 4142 1157 4215 apud
1204 4140 1546 4214 Englebeim
1595 4142 1684 4199 in-
1867 4142 2182 4199 Gerbertus
2212 4143 2426 4199 iterum
2460 4145 2685 4200 Roman
2733 4146 2873 4213 adit,
2907 4146 3110 4217 ibique
3157 4162 3291 4200 cum
3324 4161 3448 4201 mo-

66 4228 194 4287 dicta
219 4238 307 4289 est
335 4236 551 4289 sanctae
580 4230 834 4303 Agatbes
864 4228 1174 4287 festivitate
1213 4229 1507 4297 habenda,
1555 4248 1684 4303 quas
1794 4248 1921 4287 ram
1944 4232 2179 4298 faceret,
2210 4232 2493 4289 Arnulfus
2519 4249 2554 4289 a
2603 4234 2880 4290 Rotberto
2928 4250 3062 4307 rege
3108 4232 3442 4290 dimittitur.

66 4325 111 4373 et
132 4335 230 4378 suo
257 4327 519 4394 tempore
548 4319 750 4376 habita
778 4322 869 4375 est
894 4319 1043 4388 (996,
1073 4319 1233 4375 Febr.
1261 4319 1317 4391 5)
1347 4320 1434 4374 ⁷⁰¹.
1864 4321 2320 4377 Gerbertuscum
2336 4321 2597 4376 Rotberti
2612 4322 2764 4395 regis
2777 4321 3079 4394 perﬁdiam
3099 4322 3445 4392 dinosceret,

120 4413 272 4467 Berta
301 4408 812 4466 Rotbertonuberc
826 4407 1027 4464 volens
1048 4408 1392 4465 Gerbertum
1412 4408 1684 4478 consulit,
1793 4409 2063 4465 Ottonem
2097 4425 2290 4482 regem
2310 4409 2638 4482 frequentat
2650 4415 2706 4465 et
2717 4410 3005 4482 patefacta
3017 4410 3107 4465 sui
3121 4409 3340 4481 ingenii
3352 4426 3447 4480 pe-

70 4510 120 4551 ac
143 4498 207 4554 ab
232 4515 299 4555 eo
327 4498 687 4555 confutatur.
1792 4497 1948 4564 ritia,
1982 4497 2383 4570 episcopatum
2420 4499 2810 4554 Ravennatem
2841 4498 2914 4553 ab
2945 4514 3011 4553 eo
3036 4497 3246 4569 accipit
3272 4496 3445 4567 (998),

127 4585 699 4692 Gerbertus’Romam
725 4584 1182 4692 ratipcinaturus
1209 4584 1461 4692 vadit,ae
1480 4584 1573 4684 ibi
1591 4601 1683 4692 ξει-
1719 4627 1763 4692 D
1799 4674 1830 4692 ρ
1865 4586 2180 4686 Gregorius
2208 4602 2361 4692 papa
2394 4587 2543 4692 (1335)
2568 4588 2773 4686 tandiu
2800 4586 3085 4692 permittit
3101 4586 3343 4687 Arnulfo
3358 4587 3446 4692 of-

72 4672 198 4731 tione
222 4693 383 4749 papas
407 4676 546 4733 data
568 4690 706 4731 cum
737 4673 938 4731 nullus
963 4679 1282 4743 accusaret,
1308 4673 1423 4730 alia
1444 4674 1687 4731 sinodus
1719 4672 1762 4692 ”
1796 4673 1994 4728 ﬁcium
2024 4674 2401 4741 sacerdotale,
2428 4675 2613 4730 donec
2644 4674 2702 4729 in
2736 4675 3098 4747 temporibus
3119 4674 3447 4732 racionabi-

74 4760 315 4822 indicitur
343 4766 430 4821 τοι.
1795 4762 1930 4820 liter
1959 4766 2062 4819 aut
2088 4762 2318 4837 legibus
2348 4764 2622 4838 adquirat
2651 4768 2753 4820 aut
2797 4764 3028 4837 legibus
3076 4764 3310 4821 amittat
3356 4765 3445 4823 τω.

1393 4888 1642 4944 VARI/13
1680 4886 2097 4944 LECTIONES.

136 4984 192 5022 ⁸⁸⁵
220 4987 346 5045 Otto
375 4987 460 5045 ed.
537 4988 609 5024 δθο
638 4986 721 5043 ita
748 4984 858 5042 hoc
888 4989 1146 5059 tempore
1178 5003 1230 5041 a.
1262 4985 1345 5040 ed.
1423 4985 1490 5021 “7
1518 4985 1677 5043 illinc
1706 4986 1745 5041 f.
1778 4986 1963 5093 g.eti.
1996 5003 2054 5059 p.
2089 4987 2143 5041 d.
2166 5004 2230 5042 ac
2263 5005 2321 5041 n.
2356 5005 2399 5044 r.
2424 4985 2724 5044 insomnes
2748 4988 2941 5044 desunt
2973 4991 3029 5044 iu
3044 5005 3092 5044 ε.
3125 4989 3191 5024 ⁸³⁸
3209 4989 3452 5046 alteram

179 5059 241 5093 Μ
268 5060 315 5093 Ω.
346 5059 516 5093 mu)...
611 5059 683 5093 τοο
735 5060 932 5093 ϐίον...»
964 5057 1135 5093 Antam
1235 5057 1299 5091 761
1353 5073 1458 5093 mw
1490 5059 1691 5093 ηλοοριη
1812 5056 1859 5093 0!
1917 5060 2194 5093 Πηρηοιηιρ
2240 5066 2539 5093 ηινηηοηιη
2593 5060 2745 5093 fnum
2778 5076 2880 5093 mm
2915 5062 3046 5093 νηιίιι
3099 5060 3296 5093 nmmum
3329 5063 3347 5093 4
3420 5090 3452 5093 ᾼ

85 5069 134 5132 fg
179 5059 241 5095 ⁹⁹⁹
268 5060 315 5117 G
344 5059 530 5117 codex.
611 5059 683 5132 7°?
735 5060 936 5113 iterum
964 5056 1155 5113 deleta.
1235 5057 1303 5132 7°‘_
1353 5073 1458 5112 vox
1489 5059 1712 5132 obtecta.
1784 5056 1859 5093 Ἷοί
1900 5056 2194 5132 Eurusque
2238 5066 2539 5132 atramento
2586 5060 2746 5132 fusco
2777 5076 2880 5131 quo
2907 5062 3048 5132 folia
3096 5060 3296 5117 codicis
3329 5063 3353 5116 1
3388 5090 3456 5101 ——

87 5126 141 5179 28
161 5140 371 5205 mrum
402 5139 569 5198 sunt;
596 5130 813 5202 reliqua
844 5137 1212 5205 atramentum
1239 5130 1463 5205 nigrum
1490 5130 1753 5205 foliorum
1793 5131 1966 5185 28-55
2017 5126 2345 5205 praeferunt.
2421 5131 2489 5205 "[03
2526 5126 2638 5205 illic
2683 5126 3007 5205 notitiar‘um
3035 5133 3187 5205 ﬁnis.
3224 5134 3460 5205 Reliqua

86 5203 455 5286 minyas-ua
481 5200 779 5286 remansit,
792 5208 1027 5286 excepta.
1039 5202 1365 5286 probatione
1382 5217 1597 5286 pen‘nqz,
1629 5209 1679 5257 et
1708 5200 2107 5286 hac‘sententiu
2128 5200 2374 5286 iri/crius
2422 5202 2638 5286 Richari
2658 5220 2835 5284 ynanu
2882 5200 3119 5286 adjecta:
3172 5200 3459 5286 libellum

90 5273 367 5401 ﬁlatim‘boc
397 5271 962 5402 anaotpreestitistis.
997 5271 1067 5329 de
1098 5271 1411 5329 medicina.
1446 5276 1502 5328 et
1531 5272 1601 5328 de
1630 5272 1938 5344 speciebus
1968 5271 2362 5330 metallorum.
2392 5274 2625 5346 quando
2654 5274 2714 5330 in
2736 5271 2989 5332 armario
3019 5276 3199 5332 simul
3214 5277 3457 5333 fuimus.

190 5358 206 5397 ι
256 5362 474 5402 ranst
529 5363 548 5402 ι
577 5362 629 5402 e.

190 5358 206 5397 ι
232 5358 629 5404 transmittlte.

1635 5440 1871 5498 ΝΟΤίΕ.

149 5536 273 5609 (132)
302 5541 445 5609 Odo,
478 5538 800 5598 Meldensis
829 5543 887 5596 et
914 5538 1223 5596 Trecensis
1251 5553 1471 5595 comes.
1820 5516 2024 5596 Karolo
2047 5538 2217 5595 Calvo
2251 5538 2602 5598 Hincmarus
2632 5542 2855 5598 scribit.

164 5606 281 5684 133)
307 5606 617 5671 Heinricus
648 5613 870 5684 Bajoar.
890 5612 1008 5667 dux
1028 5610 1226 5684 {1.995,
1238 5610 1525 5682 d.Aug27
1544 5609 1706 5684 obiit.
1830 5681 1858 5684 _
1892 5610 2034 5684 (135)
2066 5610 2222 5667 Obiit
2251 5627 2360 5684 an.
2378 5611 2503 5681 999,
2551 5613 2641 5669 die
2673 5614 2839 5679 Febr,
2871 5613 2959 5681 l8,
2992 5618 3049 5669 et
3096 5613 3189 5669 die
3217 5606 3396 5684 April.
3429 5611 3468 5672 2

171 5681 281 5753 134)
333 5686 400 5743 Id
446 5689 539 5742 est
566 5701 601 5741 ι
628 5681 871 5753 Judaeis,
923 5682 1168 5743 medicis
1205 5681 1473 5756 fortasse,
1518 5685 1584 5740 ut
1639 5682 1711 5744 de
1817 5681 2136 5744 Ge‘rbertus
2163 5682 2569 5762 pontiﬁcatum
2594 5684 2924 5744 Romanum
2950 5684 3195 5760 adeptus
3221 5682 3329 5740 est.

371 5812 642 5880 ΡΑτιιοι.
684 5811 1064 5879 CXXXVIII.
3107 5812 3147 5898 ἢ
