  <div class='ocr_page' id='page_1' title='image "/cluster/home/n/w/nwhite01/storage/ocr_20150623/138/uva.x000829786/095.png"; bbox 0 0 3838 6238; ppageno 0'>
   <div class='ocr_carea' id='block_1_1' title="bbox 384 357 3757 427">
    <p class='ocr_par' dir='ltr' id='par_1_1' title="bbox 384 357 3757 427">
     <span class='ocr_line' id='line_1_1' title="bbox 384 357 3757 427; baseline -0.002 -2"><span class='ocrx_word' id='word_1_1' title='bbox 384 365 497 425; x_wconf 81' lang='grc'><strong>1⁸75</strong></span> <span class='ocrx_word' id='word_1_2' title='bbox 1084 364 1417 427; x_wconf 82' lang='lat' dir='ltr'><strong>APPEND.</strong></span> <span class='ocrx_word' id='word_1_3' title='bbox 1467 364 1568 426; x_wconf 90' lang='lat' dir='ltr'><strong>AD</strong></span> <span class='ocrx_word' id='word_1_4' title='bbox 1616 365 1797 425; x_wconf 70' lang='lat' dir='ltr'><strong>S/EC.</strong></span> <span class='ocrx_word' id='word_1_5' title='bbox 1845 362 1917 423; x_wconf 85' lang='lat' dir='ltr'><strong>X.</strong></span> <span class='ocrx_word' id='word_1_6' title='bbox 1953 395 2026 406; x_wconf 91' lang='lat'><strong>——-</strong></span> <span class='ocrx_word' id='word_1_7' title='bbox 2056 361 2466 425; x_wconf 78' lang='lat' dir='ltr'><strong>AUCTORES</strong></span> <span class='ocrx_word' id='word_1_8' title='bbox 2512 362 2699 424; x_wconf 79' lang='lat' dir='ltr'><strong>ANNI</strong></span> <span class='ocrx_word' id='word_1_9' title='bbox 2743 358 3084 425; x_wconf 79' lang='lat' dir='ltr'><strong>INCEBTI.</strong></span> <span class='ocrx_word' id='word_1_10' title='bbox 3666 357 3757 418; x_wconf 80' lang='lat' dir='ltr'><strong>I76</strong></span> 
     </span>
    </p>
   </div>
   <div class='ocr_carea' id='block_1_2' title="bbox 376 492 1595 573">
    <p class='ocr_par' dir='ltr' id='par_1_2' title="bbox 376 492 1595 573">
     <span class='ocr_line' id='line_1_2' title="bbox 376 492 1595 573; baseline -0.002 -18"><span class='ocrx_word' id='word_1_11' title='bbox 376 501 641 572; x_wconf 79' lang='lat' dir='ltr'><strong>Namque</strong></span> <span class='ocrx_word' id='word_1_12' title='bbox 680 499 931 556; x_wconf 75' lang='lat' dir='ltr'><strong>senatori</strong></span> <span class='ocrx_word' id='word_1_13' title='bbox 965 492 1151 573; x_wconf 88' lang='lat' dir='ltr'><strong>sopito</strong></span> <span class='ocrx_word' id='word_1_14' title='bbox 1182 503 1441 572; x_wconf 89' lang='lat' dir='ltr'><strong>tempore</strong></span> <span class='ocrx_word' id='word_1_15' title='bbox 1482 497 1595 554; x_wconf 91' lang='lat' dir='ltr'><strong>leni</strong></span> 
     </span>
    </p>
   </div>
   <div class='ocr_carea' id='block_1_3' title="bbox 369 587 1827 661">
    <p class='ocr_par' dir='ltr' id='par_1_3' title="bbox 369 587 1827 661">
     <span class='ocr_line' id='line_1_3' title="bbox 369 587 1827 661; baseline -0.003 -15"><span class='ocrx_word' id='word_1_16' title='bbox 369 588 629 660; x_wconf 84' lang='lat' dir='ltr'><strong>Angelus</strong></span> <span class='ocrx_word' id='word_1_17' title='bbox 656 605 942 661; x_wconf 83' lang='lat' dir='ltr'><strong>apparens</strong></span> <span class='ocrx_word' id='word_1_18' title='bbox 976 588 1121 644; x_wconf 88' lang='lat' dir='ltr'><strong>facie</strong></span> <span class='ocrx_word' id='word_1_19' title='bbox 1153 587 1553 660; x_wconf 64' lang='lat' dir='ltr'><strong>prmfulgidus,</strong></span> <span class='ocrx_word' id='word_1_20' title='bbox 1584 587 1779 659; x_wconf 81' lang='lat' dir='ltr'><strong>inquit</strong></span> <span class='ocrx_word' id='word_1_21' title='bbox 1813 604 1827 642; x_wconf 88' lang='lat'><strong>:</strong></span> 
     </span>
    </p>
   </div>
   <div class='ocr_carea' id='block_1_4' title="bbox 369 675 1760 744">
    <p class='ocr_par' dir='ltr' id='par_1_4' title="bbox 369 675 1760 744">
     <span class='ocr_line' id='line_1_4' title="bbox 369 675 1760 744; baseline -0.003 -11"><span class='ocrx_word' id='word_1_22' title='bbox 369 676 488 733; x_wconf 81' lang='lat' dir='ltr'><strong>Pax</strong></span> <span class='ocrx_word' id='word_1_23' title='bbox 515 676 623 732; x_wconf 87' lang='lat' dir='ltr'><strong>tibi</strong></span> <span class='ocrx_word' id='word_1_24' title='bbox 664 678 736 733; x_wconf 91' lang='lat' dir='ltr'><strong>de</strong></span> <span class='ocrx_word' id='word_1_25' title='bbox 768 677 928 733; x_wconf 81' lang='lat' dir='ltr'><strong>ccelis</strong></span> <span class='ocrx_word' id='word_1_26' title='bbox 960 677 1054 744; x_wconf 89' lang='lat' dir='ltr'><strong>sit,</strong></span> <span class='ocrx_word' id='word_1_27' title='bbox 1086 678 1176 732; x_wconf 91' lang='lat' dir='ltr'><strong>vir</strong></span> <span class='ocrx_word' id='word_1_28' title='bbox 1214 676 1518 733; x_wconf 90' lang='lat' dir='ltr'><strong>Benedicte</strong></span> <span class='ocrx_word' id='word_1_29' title='bbox 1548 675 1760 743; x_wconf 81' lang='lat' dir='ltr'><strong>fidelis,</strong></span> 
     </span>
    </p>
   </div>
   <div class='ocr_carea' id='block_1_5' title="bbox 371 764 1850 839">
    <p class='ocr_par' dir='ltr' id='par_1_5' title="bbox 371 764 1850 839">
     <span class='ocr_line' id='line_1_5' title="bbox 371 764 1850 839; baseline -0.003 -17"><span class='ocrx_word' id='word_1_30' title='bbox 371 765 599 822; x_wconf 87' lang='lat' dir='ltr'><strong>Gaudia</strong></span> <span class='ocrx_word' id='word_1_31' title='bbox 629 783 843 839; x_wconf 88' lang='lat' dir='ltr'><strong>magna</strong></span> <span class='ocrx_word' id='word_1_32' title='bbox 872 766 977 821; x_wconf 85' lang='lat' dir='ltr'>tibi</span> <span class='ocrx_word' id='word_1_33' title='bbox 1009 767 1255 839; x_wconf 81' lang='lat' dir='ltr'><strong>spondet</strong></span> <span class='ocrx_word' id='word_1_34' title='bbox 1286 767 1576 838; x_wconf 74' lang='lat' dir='ltr'><strong>Regnator</strong></span> <span class='ocrx_word' id='word_1_35' title='bbox 1604 764 1850 837; x_wconf 85' lang='lat' dir='ltr'><strong>olympi,</strong></span> 
     </span>
    </p>
   </div>
   <div class='ocr_carea' id='block_1_6' title="bbox 375 854 1797 928">
    <p class='ocr_par' dir='ltr' id='par_1_6' title="bbox 375 854 1797 928">
     <span class='ocr_line' id='line_1_6' title="bbox 375 854 1797 928; baseline -0.002 -17"><span class='ocrx_word' id='word_1_36' title='bbox 375 855 483 911; x_wconf 88' lang='lat' dir='ltr'><strong>Per</strong></span> <span class='ocrx_word' id='word_1_37' title='bbox 509 873 601 911; x_wconf 91' lang='lat' dir='ltr'><strong>me</strong></span> <span class='ocrx_word' id='word_1_38' title='bbox 631 855 889 928; x_wconf 91' lang='lat' dir='ltr'><strong>legatum</strong></span> <span class='ocrx_word' id='word_1_39' title='bbox 923 857 1023 913; x_wconf 88' lang='lat' dir='ltr'><strong>dat</strong></span> <span class='ocrx_word' id='word_1_40' title='bbox 1052 873 1268 911; x_wconf 91' lang='lat' dir='ltr'><strong>munus</strong></span> <span class='ocrx_word' id='word_1_41' title='bbox 1297 854 1508 909; x_wconf 90' lang='lat' dir='ltr'><strong>habere</strong></span> <span class='ocrx_word' id='word_1_42' title='bbox 1539 855 1797 909; x_wconf 88' lang='lat' dir='ltr'><strong>beatum.</strong></span> 
     </span>
    </p>
   </div>
   <div class='ocr_carea' id='block_1_7' title="bbox 376 943 1842 1016">
    <p class='ocr_par' dir='ltr' id='par_1_7' title="bbox 376 943 1842 1016">
     <span class='ocr_line' id='line_1_7' title="bbox 376 943 1842 1016; baseline -0.002 -16"><span class='ocrx_word' id='word_1_43' title='bbox 376 943 645 1001; x_wconf 75' lang='lat' dir='ltr'><strong>Felicitas</strong></span> <span class='ocrx_word' id='word_1_44' title='bbox 677 944 810 1000; x_wconf 89' lang='lat' dir='ltr'><strong>felix</strong></span> <span class='ocrx_word' id='word_1_45' title='bbox 841 961 1089 1016; x_wconf 88' lang='lat' dir='ltr'><strong>puerum</strong></span> <span class='ocrx_word' id='word_1_46' title='bbox 1123 944 1223 1000; x_wconf 86' lang='lat' dir='ltr'>tibi</span> <span class='ocrx_word' id='word_1_47' title='bbox 1259 943 1472 1016; x_wconf 90' lang='lat' dir='ltr'><strong>pignus</strong></span> <span class='ocrx_word' id='word_1_48' title='bbox 1504 943 1842 1008; x_wconf 85' lang='lat' dir='ltr'><strong>honestum,</strong></span> 
     </span>
    </p>
   </div>
   <div class='ocr_carea' id='block_1_8' title="bbox 378 1032 1868 1105">
    <p class='ocr_par' dir='ltr' id='par_1_8' title="bbox 378 1032 1868 1105">
     <span class='ocr_line' id='line_1_8' title="bbox 378 1032 1868 1105; baseline -0.001 -17"><span class='ocrx_word' id='word_1_49' title='bbox 378 1033 622 1089; x_wconf 88' lang='lat' dir='ltr'><strong>Nomine</strong></span> <span class='ocrx_word' id='word_1_50' title='bbox 655 1034 983 1089; x_wconf 83' lang='lat' dir='ltr'><strong>Romanum</strong></span> <span class='ocrx_word' id='word_1_51' title='bbox 1014 1033 1244 1088; x_wconf 81' lang='lat' dir='ltr'><strong>virtutis</strong></span> <span class='ocrx_word' id='word_1_52' title='bbox 1276 1032 1531 1088; x_wconf 79' lang='lat' dir='ltr'><strong>culmine</strong></span> <span class='ocrx_word' id='word_1_53' title='bbox 1562 1049 1868 1105; x_wconf 88' lang='lat' dir='ltr'><strong>magnum,</strong></span> 
     </span>
    </p>
   </div>
   <div class='ocr_carea' id='block_1_9' title="bbox 380 1120 1683 1195">
    <p class='ocr_par' dir='ltr' id='par_1_9' title="bbox 380 1120 1683 1195">
     <span class='ocr_line' id='line_1_9' title="bbox 380 1120 1683 1195; baseline 0 -19"><span class='ocrx_word' id='word_1_54' title='bbox 380 1122 487 1186; x_wconf 90' lang='lat' dir='ltr'><strong>Qui</strong></span> <span class='ocrx_word' id='word_1_55' title='bbox 519 1121 729 1195; x_wconf 79' lang='lat' dir='ltr'><strong>praesul</strong></span> <span class='ocrx_word' id='word_1_56' title='bbox 754 1122 974 1195; x_wconf 89' lang='lat' dir='ltr'><strong>populi,</strong></span> <span class='ocrx_word' id='word_1_57' title='bbox 1012 1121 1111 1194; x_wconf 91' lang='lat' dir='ltr'>qui</span> <span class='ocrx_word' id='word_1_58' title='bbox 1138 1126 1337 1194; x_wconf 82' lang='lat' dir='ltr'><strong>pastor</strong></span> <span class='ocrx_word' id='word_1_59' title='bbox 1370 1122 1466 1176; x_wconf 81' lang='lat' dir='ltr'><strong>fiet</strong></span> <span class='ocrx_word' id='word_1_60' title='bbox 1496 1120 1683 1188; x_wconf 90' lang='lat' dir='ltr'><strong>ovilis,</strong></span> 
     </span>
    </p>
   </div>
   <div class='ocr_carea' id='block_1_10' title="bbox 383 1209 1791 1283">
    <p class='ocr_par' dir='ltr' id='par_1_10' title="bbox 383 1209 1791 1283">
     <span class='ocr_line' id='line_1_10' title="bbox 383 1209 1791 1283; baseline -0.001 -16"><span class='ocrx_word' id='word_1_61' title='bbox 383 1210 634 1283; x_wconf 87' lang='lat' dir='ltr'><strong>Signifer</strong></span> <span class='ocrx_word' id='word_1_62' title='bbox 658 1211 944 1277; x_wconf 71' lang='lat' dir='ltr'><strong>Ecclesiaz,</strong></span> <span class='ocrx_word' id='word_1_63' title='bbox 978 1210 1257 1283; x_wconf 65' lang='lat' dir='ltr'><strong>prmelara</strong></span> <span class='ocrx_word' id='word_1_64' title='bbox 1282 1210 1520 1266; x_wconf 89' lang='lat' dir='ltr'><strong>lucerna</strong></span> <span class='ocrx_word' id='word_1_65' title='bbox 1552 1209 1791 1281; x_wconf 72' lang='lat' dir='ltr'><strong>sophiae,</strong></span> 
     </span>
    </p>
   </div>
   <div class='ocr_carea' id='block_1_11' title="bbox 383 1299 1850 1357">
    <p class='ocr_par' dir='ltr' id='par_1_11' title="bbox 383 1299 1850 1357">
     <span class='ocr_line' id='line_1_11' title="bbox 383 1299 1850 1357; baseline -0.001 -2"><span class='ocrx_word' id='word_1_66' title='bbox 383 1301 491 1355; x_wconf 89' lang='lat' dir='ltr'><strong>Pro</strong></span> <span class='ocrx_word' id='word_1_67' title='bbox 521 1300 744 1357; x_wconf 89' lang='lat' dir='ltr'><strong>meritis</strong></span> <span class='ocrx_word' id='word_1_68' title='bbox 777 1316 1013 1356; x_wconf 90' lang='lat' dir='ltr'><strong>summa</strong></span> <span class='ocrx_word' id='word_1_69' title='bbox 1043 1300 1284 1356; x_wconf 88' lang='lat' dir='ltr'><strong>Deitatis</strong></span> <span class='ocrx_word' id='word_1_70' title='bbox 1316 1300 1374 1355; x_wconf 92' lang='lat' dir='ltr'><strong>in</strong></span> <span class='ocrx_word' id='word_1_71' title='bbox 1408 1300 1526 1354; x_wconf 71' lang='lat' dir='ltr'>aede</span> <span class='ocrx_word' id='word_1_72' title='bbox 1558 1299 1850 1353; x_wconf 90' lang='lat' dir='ltr'><strong>columna.</strong></span> 
     </span>
    </p>
   </div>
   <div class='ocr_carea' id='block_1_12' title="bbox 383 1387 1679 1450">
    <p class='ocr_par' dir='ltr' id='par_1_12' title="bbox 383 1387 1679 1450">
     <span class='ocr_line' id='line_1_12' title="bbox 383 1387 1679 1450; baseline -0.003 -6"><span class='ocrx_word' id='word_1_73' title='bbox 383 1390 483 1444; x_wconf 88' lang='lat' dir='ltr'><strong>Hic</strong></span> <span class='ocrx_word' id='word_1_74' title='bbox 515 1389 623 1444; x_wconf 88' lang='lat' dir='ltr'><strong>erit</strong></span> <span class='ocrx_word' id='word_1_75' title='bbox 651 1393 707 1445; x_wconf 91' lang='lat' dir='ltr'><strong>et</strong></span> <span class='ocrx_word' id='word_1_76' title='bbox 736 1389 939 1444; x_wconf 89' lang='lat' dir='ltr'><strong>multis</strong></span> <span class='ocrx_word' id='word_1_77' title='bbox 970 1393 1196 1445; x_wconf 69' lang='lat' dir='ltr'><strong>aeterna:</strong></span> <span class='ocrx_word' id='word_1_78' title='bbox 1230 1388 1415 1444; x_wconf 86' lang='lat' dir='ltr'><strong>forma</strong></span> <span class='ocrx_word' id='word_1_79' title='bbox 1450 1387 1679 1450; x_wconf 80' lang='lat' dir='ltr'><strong>salutis,</strong></span> 
     </span>
    </p>
   </div>
   <div class='ocr_carea' id='block_1_13' title="bbox 379 1476 1770 1533">
    <p class='ocr_par' dir='ltr' id='par_1_13' title="bbox 379 1476 1770 1533">
     <span class='ocr_line' id='line_1_13' title="bbox 379 1476 1770 1533; baseline -0.003 0"><span class='ocrx_word' id='word_1_80' title='bbox 379 1480 458 1533; x_wconf 89' lang='lat' dir='ltr'><strong>Ac</strong></span> <span class='ocrx_word' id='word_1_81' title='bbox 490 1479 941 1533; x_wconf 88' lang='lat' dir='ltr'><strong>commissarum</strong></span> <span class='ocrx_word' id='word_1_82' title='bbox 974 1479 1176 1533; x_wconf 89' lang='lat' dir='ltr'><strong>doctor</strong></span> <span class='ocrx_word' id='word_1_83' title='bbox 1205 1477 1387 1532; x_wconf 84' lang='lat' dir='ltr'><strong>solers</strong></span> <span class='ocrx_word' id='word_1_84' title='bbox 1419 1476 1770 1531; x_wconf 85' lang='lat' dir='ltr'><strong>animarum.</strong></span> 
     </span>
    </p>
   </div>
   <div class='ocr_carea' id='block_1_14' title="bbox 381 1564 1773 1640">
    <p class='ocr_par' dir='ltr' id='par_1_14' title="bbox 381 1564 1773 1640">
     <span class='ocr_line' id='line_1_14' title="bbox 381 1564 1773 1640; baseline -0.004 -17"><span class='ocrx_word' id='word_1_85' title='bbox 381 1567 483 1623; x_wconf 88' lang='lat' dir='ltr'><strong>His</strong></span> <span class='ocrx_word' id='word_1_86' title='bbox 513 1568 596 1623; x_wconf 87' lang='lat' dir='ltr'><strong>ita</strong></span> <span class='ocrx_word' id='word_1_87' title='bbox 625 1567 884 1640; x_wconf 80' lang='lat' dir='ltr'><strong>prolatis,</strong></span> <span class='ocrx_word' id='word_1_88' title='bbox 921 1585 981 1622; x_wconf 87' lang='lat' dir='ltr'><strong>se</strong></span> <span class='ocrx_word' id='word_1_89' title='bbox 1015 1567 1268 1622; x_wconf 82' lang='lat' dir='ltr'><strong>reddidit</strong></span> <span class='ocrx_word' id='word_1_90' title='bbox 1300 1565 1543 1637; x_wconf 86' lang='lat' dir='ltr'><strong>angelus</strong></span> <span class='ocrx_word' id='word_1_91' title='bbox 1577 1564 1773 1620; x_wconf 90' lang='lat' dir='ltr'><strong>astris.</strong></span> 
     </span>
    </p>
   </div>
   <div class='ocr_carea' id='block_1_15' title="bbox 380 1654 1739 1728">
    <p class='ocr_par' dir='ltr' id='par_1_15' title="bbox 380 1654 1739 1728">
     <span class='ocr_line' id='line_1_15' title="bbox 380 1654 1739 1728; baseline -0.002 -17"><span class='ocrx_word' id='word_1_92' title='bbox 380 1655 613 1712; x_wconf 86' lang='lat' dir='ltr'><strong>Excitus</strong></span> <span class='ocrx_word' id='word_1_93' title='bbox 636 1674 839 1712; x_wconf 84' lang='lat' dir='ltr'><strong>somno</strong></span> <span class='ocrx_word' id='word_1_94' title='bbox 872 1674 997 1728; x_wconf 72' lang='lat' dir='ltr'><strong>qua:</strong></span> <span class='ocrx_word' id='word_1_95' title='bbox 1028 1656 1253 1711; x_wconf 80' lang='lat' dir='ltr'><strong>viderat</strong></span> <span class='ocrx_word' id='word_1_96' title='bbox 1283 1654 1535 1727; x_wconf 79' lang='lat' dir='ltr'><strong>inclytus</strong></span> <span class='ocrx_word' id='word_1_97' title='bbox 1568 1654 1739 1709; x_wconf 82' lang='lat' dir='ltr'><strong>heros</strong></span> 
     </span>
    </p>
   </div>
   <div class='ocr_carea' id='block_1_16' title="bbox 382 1743 1765 1817">
    <p class='ocr_par' dir='ltr' id='par_1_16' title="bbox 382 1743 1765 1817">
     <span class='ocr_line' id='line_1_16' title="bbox 382 1743 1765 1817; baseline -0.003 -16"><span class='ocrx_word' id='word_1_98' title='bbox 382 1744 554 1802; x_wconf 86' lang='lat' dir='ltr'><strong>Uxori</strong></span> <span class='ocrx_word' id='word_1_99' title='bbox 588 1746 783 1801; x_wconf 89' lang='lat' dir='ltr'><strong>retulit</strong></span> <span class='ocrx_word' id='word_1_100' title='bbox 817 1763 828 1799; x_wconf 92' lang='lat'>:</span> <span class='ocrx_word' id='word_1_101' title='bbox 866 1748 927 1800; x_wconf 85' lang='lat' dir='ltr'><strong>lit</strong></span> <span class='ocrx_word' id='word_1_102' title='bbox 958 1746 1221 1817; x_wconf 87' lang='lat' dir='ltr'><strong>gaudens</strong></span> <span class='ocrx_word' id='word_1_103' title='bbox 1256 1761 1496 1799; x_wconf 91' lang='lat' dir='ltr'><strong>munere</strong></span> <span class='ocrx_word' id='word_1_104' title='bbox 1528 1743 1765 1798; x_wconf 90' lang='lat' dir='ltr'><strong>Christi.</strong></span> 
     </span>
    </p>
   </div>
   <div class='ocr_carea' id='block_1_17' title="bbox 383 1832 1699 1905">
    <p class='ocr_par' dir='ltr' id='par_1_17' title="bbox 383 1832 1699 1905">
     <span class='ocr_line' id='line_1_17' title="bbox 383 1832 1699 1905; baseline -0.003 -16"><span class='ocrx_word' id='word_1_105' title='bbox 383 1834 497 1889; x_wconf 89' lang='lat' dir='ltr'><strong>Nec</strong></span> <span class='ocrx_word' id='word_1_106' title='bbox 527 1850 691 1889; x_wconf 90' lang='lat' dir='ltr'><strong>mora</strong></span> <span class='ocrx_word' id='word_1_107' title='bbox 711 1834 974 1905; x_wconf 90' lang='lat' dir='ltr'><strong>concepit</strong></span> <span class='ocrx_word' id='word_1_108' title='bbox 1000 1852 1011 1901; x_wconf 92' lang='lat'><strong>;</strong></span> <span class='ocrx_word' id='word_1_109' title='bbox 1048 1838 1251 1905; x_wconf 88' lang='lat' dir='ltr'><strong>partus</strong></span> <span class='ocrx_word' id='word_1_110' title='bbox 1287 1832 1533 1887; x_wconf 90' lang='lat' dir='ltr'><strong>feliciter</strong></span> <span class='ocrx_word' id='word_1_111' title='bbox 1562 1832 1699 1899; x_wconf 86' lang='lat' dir='ltr'><strong>exit,</strong></span> 
     </span>
    </p>
   </div>
   <div class='ocr_carea' id='block_1_18' title="bbox 383 1920 2028 1993">
    <p class='ocr_par' dir='ltr' id='par_1_18' title="bbox 383 1920 2028 1993">
     <span class='ocr_line' id='line_1_18' title="bbox 383 1920 2028 1993; baseline -0.002 -17"><span class='ocrx_word' id='word_1_112' title='bbox 383 1921 628 1976; x_wconf 87' lang='lat' dir='ltr'><strong>Nomine</strong></span> <span class='ocrx_word' id='word_1_113' title='bbox 660 1921 1009 1987; x_wconf 87' lang='lat' dir='ltr'><strong>Romanum,</strong></span> <span class='ocrx_word' id='word_1_114' title='bbox 1046 1937 1219 1993; x_wconf 90' lang='lat' dir='ltr'><strong>quem</strong></span> <span class='ocrx_word' id='word_1_115' title='bbox 1248 1920 1491 1992; x_wconf 84' lang='lat' dir='ltr'><strong>protulit</strong></span> <span class='ocrx_word' id='word_1_116' title='bbox 1522 1921 1679 1975; x_wconf 88' lang='lat' dir='ltr'><strong>unda</strong></span> <span class='ocrx_word' id='word_1_117' title='bbox 1718 1924 1987 1975; x_wconf 90' lang='lat' dir='ltr'><strong>renatum</strong></span> <span class='ocrx_word' id='word_1_118' title='bbox 2014 1938 2028 1988; x_wconf 88' lang='lat'><strong>;</strong></span> 
     </span>
    </p>
   </div>
   <div class='ocr_carea' id='block_1_19' title="bbox 385 2008 1655 2075">
    <p class='ocr_par' dir='ltr' id='par_1_19' title="bbox 385 2008 1655 2075">
     <span class='ocr_line' id='line_1_19' title="bbox 385 2008 1655 2075; baseline -0.003 -11"><span class='ocrx_word' id='word_1_119' title='bbox 385 2009 490 2073; x_wconf 89' lang='lat' dir='ltr'><strong>Qui</strong></span> <span class='ocrx_word' id='word_1_120' title='bbox 524 2013 682 2065; x_wconf 88' lang='lat' dir='ltr'><strong>tonet</strong></span> <span class='ocrx_word' id='word_1_121' title='bbox 708 2010 905 2065; x_wconf 70' lang='lat' dir='ltr'><strong>aeterni</strong></span> <span class='ocrx_word' id='word_1_122' title='bbox 940 2009 1135 2064; x_wconf 90' lang='lat' dir='ltr'><strong>divino</strong></span> <span class='ocrx_word' id='word_1_123' title='bbox 1168 2008 1410 2064; x_wconf 86' lang='lat' dir='ltr'><strong>ﬂumine</strong></span> <span class='ocrx_word' id='word_1_124' title='bbox 1443 2008 1611 2063; x_wconf 84' lang='lat' dir='ltr'>Verbi</span> <span class='ocrx_word' id='word_1_125' title='bbox 1641 2025 1655 2075; x_wconf 89' lang='lat'><strong>;</strong></span> 
     </span>
    </p>
   </div>
   <div class='ocr_carea' id='block_1_20' title="bbox 386 2096 1811 2170">
    <p class='ocr_par' dir='ltr' id='par_1_20' title="bbox 386 2096 1811 2170">
     <span class='ocr_line' id='line_1_20' title="bbox 386 2096 1811 2170; baseline -0.001 -17"><span class='ocrx_word' id='word_1_126' title='bbox 386 2098 492 2165; x_wconf 88' lang='lat' dir='ltr'><strong>Qui</strong></span> <span class='ocrx_word' id='word_1_127' title='bbox 526 2099 667 2155; x_wconf 89' lang='lat' dir='ltr'><strong>tuba</strong></span> <span class='ocrx_word' id='word_1_128' title='bbox 696 2098 948 2155; x_wconf 71' lang='lat' dir='ltr'><strong>cmlestis</strong></span> <span class='ocrx_word' id='word_1_129' title='bbox 977 2098 1200 2170; x_wconf 89' lang='lat' dir='ltr'><strong>pellens</strong></span> <span class='ocrx_word' id='word_1_130' title='bbox 1232 2097 1605 2153; x_wconf 89' lang='lat' dir='ltr'><strong>incommoda</strong></span> <span class='ocrx_word' id='word_1_131' title='bbox 1631 2096 1811 2169; x_wconf 90' lang='lat' dir='ltr'><strong>pestis</strong></span> 
     </span>
    </p>
   </div>
   <div class='ocr_carea' id='block_1_21' title="bbox 2061 1868 2109 1933">
    <p class='ocr_par' dir='ltr' id='par_1_21' title="bbox 2061 1868 2109 1933">
     <span class='ocr_line' id='line_1_21' title="bbox 2061 1868 2109 1933; baseline 0 0"><span class='ocrx_word' id='word_1_132' title='bbox 2061 1868 2109 1933; x_wconf 90' lang='lat' dir='ltr'><strong>B</strong></span> 
     </span>
    </p>
   </div>
   <div class='ocr_carea' id='block_1_22' title="bbox 2102 2000 3533 2077">
    <p class='ocr_par' dir='ltr' id='par_1_22' title="bbox 2102 2000 3533 2077">
     <span class='ocr_line' id='line_1_22' title="bbox 2102 2000 3533 2077; baseline -0.002 -14"><span class='ocrx_word' id='word_1_133' title='bbox 2102 2000 2111 2009; x_wconf 81' lang='grc'><em>’</em></span> <span class='ocrx_word' id='word_1_134' title='bbox 2142 2007 2236 2063; x_wconf 91' lang='lat' dir='ltr'><strong>Sic</strong></span> <span class='ocrx_word' id='word_1_135' title='bbox 2269 2007 2474 2063; x_wconf 89' lang='lat' dir='ltr'><strong>insons</strong></span> <span class='ocrx_word' id='word_1_136' title='bbox 2505 2007 2622 2061; x_wconf 88' lang='lat' dir='ltr'><strong>vita</strong></span> <span class='ocrx_word' id='word_1_137' title='bbox 2653 2008 2954 2063; x_wconf 81' lang='lat' dir='ltr'><strong>Romanus</strong></span> <span class='ocrx_word' id='word_1_138' title='bbox 2985 2007 3057 2061; x_wconf 87' lang='lat' dir='ltr'><strong>ab</strong></span> <span class='ocrx_word' id='word_1_139' title='bbox 3088 2005 3283 2061; x_wconf 87' lang='lat' dir='ltr'><strong>indole</strong></span> <span class='ocrx_word' id='word_1_140' title='bbox 3312 2004 3533 2077; x_wconf 86' lang='lat' dir='ltr'><strong>prima.</strong></span> 
     </span>
    </p>
   </div>
   <div class='ocr_carea' id='block_1_23' title="bbox 2053 492 3423 569">
    <p class='ocr_par' dir='ltr' id='par_1_23' title="bbox 2053 492 3423 569">
     <span class='ocr_line' id='line_1_23' title="bbox 2053 492 3423 569; baseline -0.001 -18"><span class='ocrx_word' id='word_1_141' title='bbox 2053 496 2107 563; x_wconf 79' lang='grc' dir='ltr'><strong>Α</strong></span> <span class='ocrx_word' id='word_1_142' title='bbox 2137 496 2211 551; x_wconf 89' lang='lat' dir='ltr'><strong>Ut</strong></span> <span class='ocrx_word' id='word_1_143' title='bbox 2240 495 2521 553; x_wconf 88' lang='lat' dir='ltr'><strong>Salvatori</strong></span> <span class='ocrx_word' id='word_1_144' title='bbox 2554 496 2777 552; x_wconf 92' lang='lat' dir='ltr'><strong>dudum</strong></span> <span class='ocrx_word' id='word_1_145' title='bbox 2809 494 3106 569; x_wconf 87' lang='lat' dir='ltr'><strong>Solymam</strong></span> <span class='ocrx_word' id='word_1_146' title='bbox 3138 492 3423 561; x_wconf 89' lang='lat' dir='ltr'><strong>venienti,</strong></span> 
     </span>
    </p>
   </div>
   <div class='ocr_carea' id='block_1_24' title="bbox 2134 582 3653 658">
    <p class='ocr_par' dir='ltr' id='par_1_24' title="bbox 2134 582 3653 658">
     <span class='ocr_line' id='line_1_24' title="bbox 2134 582 3653 658; baseline -0.002 -17"><span class='ocrx_word' id='word_1_147' title='bbox 2134 584 2313 642; x_wconf 86' lang='lat' dir='ltr'>Obvia</span> <span class='ocrx_word' id='word_1_148' title='bbox 2344 586 2628 658; x_wconf 88' lang='lat' dir='ltr'><strong>processit</strong></span> <span class='ocrx_word' id='word_1_149' title='bbox 2658 586 2755 658; x_wconf 90' lang='lat' dir='ltr'><strong>pia</strong></span> <span class='ocrx_word' id='word_1_150' title='bbox 2789 585 2950 658; x_wconf 87' lang='lat' dir='ltr'><strong>plebs</strong></span> <span class='ocrx_word' id='word_1_151' title='bbox 2977 600 3111 639; x_wconf 90' lang='lat' dir='ltr'><strong>cum</strong></span> <span class='ocrx_word' id='word_1_152' title='bbox 3142 583 3423 640; x_wconf 85' lang='lat' dir='ltr'><strong>laudibus</strong></span> <span class='ocrx_word' id='word_1_153' title='bbox 3450 582 3653 639; x_wconf 88' lang='lat' dir='ltr'><strong>omnis.</strong></span> 
     </span>
    </p>
   </div>
   <div class='ocr_carea' id='block_1_25' title="bbox 2134 671 3687 747">
    <p class='ocr_par' dir='ltr' id='par_1_25' title="bbox 2134 671 3687 747">
     <span class='ocr_line' id='line_1_25' title="bbox 2134 671 3687 747; baseline -0.003 -16"><span class='ocrx_word' id='word_1_154' title='bbox 2134 674 2322 746; x_wconf 90' lang='lat' dir='ltr'><strong>thue</strong></span> <span class='ocrx_word' id='word_1_155' title='bbox 2354 676 2543 747; x_wconf 85' lang='lat' dir='ltr'><strong>magis</strong></span> <span class='ocrx_word' id='word_1_156' title='bbox 2576 679 2835 747; x_wconf 84' lang='lat' dir='ltr'><strong>stupeas,</strong></span> <span class='ocrx_word' id='word_1_157' title='bbox 2870 674 3118 730; x_wconf 91' lang='lat' dir='ltr'><strong>Domino</strong></span> <span class='ocrx_word' id='word_1_158' title='bbox 3146 673 3441 746; x_wconf 69' lang='lat' dir='ltr'><strong>praeconia</strong></span> <span class='ocrx_word' id='word_1_159' title='bbox 3470 671 3687 739; x_wconf 84' lang='lat' dir='ltr'><strong>reddas,</strong></span> 
     </span>
    </p>
   </div>
   <div class='ocr_carea' id='block_1_26' title="bbox 2134 762 3325 835">
    <p class='ocr_par' dir='ltr' id='par_1_26' title="bbox 2134 762 3325 835">
     <span class='ocr_line' id='line_1_26' title="bbox 2134 762 3325 835; baseline -0.002 -16"><span class='ocrx_word' id='word_1_160' title='bbox 2134 762 2241 829; x_wconf 88' lang='lat' dir='ltr'><strong>Qui</strong></span> <span class='ocrx_word' id='word_1_161' title='bbox 2272 762 2360 819; x_wconf 88' lang='lat' dir='ltr'><strong>vir</strong></span> <span class='ocrx_word' id='word_1_162' title='bbox 2386 764 2548 819; x_wconf 84' lang='lat' dir='ltr'><strong>elfari</strong></span> <span class='ocrx_word' id='word_1_163' title='bbox 2579 767 2866 835; x_wconf 88' lang='lat' dir='ltr'><strong>poterant,</strong></span> <span class='ocrx_word' id='word_1_164' title='bbox 2899 762 3181 819; x_wconf 89' lang='lat' dir='ltr'><strong>divinitus</strong></span> <span class='ocrx_word' id='word_1_165' title='bbox 3214 762 3325 818; x_wconf 85' lang='lat' dir='ltr'><strong>acti</strong></span> 
     </span>
    </p>
   </div>
   <div class='ocr_carea' id='block_1_27' title="bbox 2133 851 3649 925">
    <p class='ocr_par' dir='ltr' id='par_1_27' title="bbox 2133 851 3649 925">
     <span class='ocr_line' id='line_1_27' title="bbox 2133 851 3649 925; baseline -0.001 -19"><span class='ocrx_word' id='word_1_166' title='bbox 2133 852 2285 908; x_wconf 88' lang='lat' dir='ltr'><strong>Voce</strong></span> <span class='ocrx_word' id='word_1_167' title='bbox 2316 853 2491 908; x_wconf 90' lang='lat' dir='ltr'><strong>simul</strong></span> <span class='ocrx_word' id='word_1_168' title='bbox 2525 852 2682 908; x_wconf 87' lang='lat' dir='ltr'><strong>clara</strong></span> <span class='ocrx_word' id='word_1_169' title='bbox 2714 853 2878 925; x_wconf 91' lang='lat' dir='ltr'><strong>pueri</strong></span> <span class='ocrx_word' id='word_1_170' title='bbox 2908 851 3322 919; x_wconf 87' lang='lat' dir='ltr'><strong>modulandur,</strong></span> <span class='ocrx_word' id='word_1_171' title='bbox 3357 854 3649 918; x_wconf 85' lang='lat' dir='ltr'><strong>Hosanna,</strong></span> 
     </span>
    </p>
   </div>
   <div class='ocr_carea' id='block_1_28' title="bbox 2136 939 3654 1005">
    <p class='ocr_par' dir='ltr' id='par_1_28' title="bbox 2136 939 3654 1005">
     <span class='ocr_line' id='line_1_28' title="bbox 2136 939 3654 1005; baseline -0.002 -10"><span class='ocrx_word' id='word_1_172' title='bbox 2136 940 2243 1005; x_wconf 88' lang='lat' dir='ltr'>Qui</span> <span class='ocrx_word' id='word_1_173' title='bbox 2276 941 2578 997; x_wconf 89' lang='lat' dir='ltr'><strong>benedicte</strong></span> <span class='ocrx_word' id='word_1_174' title='bbox 2606 941 2769 1004; x_wconf 83' lang='lat' dir='ltr'><strong>venis</strong></span> <span class='ocrx_word' id='word_1_175' title='bbox 2800 941 3124 996; x_wconf 86' lang='lat' dir='ltr'><strong>clamantes</strong></span> <span class='ocrx_word' id='word_1_176' title='bbox 3156 940 3394 995; x_wconf 90' lang='lat' dir='ltr'><strong>nomine</strong></span> <span class='ocrx_word' id='word_1_177' title='bbox 3424 939 3654 994; x_wconf 90' lang='lat' dir='ltr'><strong>Christi.</strong></span> 
     </span>
    </p>
   </div>
   <div class='ocr_carea' id='block_1_29' title="bbox 2136 1028 3766 1102">
    <p class='ocr_par' dir='ltr' id='par_1_29' title="bbox 2136 1028 3766 1102">
     <span class='ocr_line' id='line_1_29' title="bbox 2136 1028 3766 1102; baseline -0.002 -17"><span class='ocrx_word' id='word_1_178' title='bbox 2136 1028 2315 1085; x_wconf 85' lang='lat' dir='ltr'><strong>Dulce</strong></span> <span class='ocrx_word' id='word_1_179' title='bbox 2344 1034 2563 1085; x_wconf 89' lang='lat' dir='ltr'><strong>canunt</strong></span> <span class='ocrx_word' id='word_1_180' title='bbox 2590 1047 2847 1097; x_wconf 89' lang='lat' dir='ltr'><strong>carmen,</strong></span> <span class='ocrx_word' id='word_1_181' title='bbox 2877 1030 3032 1102; x_wconf 91' lang='lat' dir='ltr'><strong>quod</strong></span> <span class='ocrx_word' id='word_1_182' title='bbox 3061 1046 3166 1102; x_wconf 89' lang='lat' dir='ltr'><strong>par</strong></span> <span class='ocrx_word' id='word_1_183' title='bbox 3193 1031 3531 1084; x_wconf 84' lang='lat' dir='ltr'><strong>cantaverat</strong></span> <span class='ocrx_word' id='word_1_184' title='bbox 3560 1043 3766 1100; x_wconf 80' lang='lat' dir='ltr'><strong>agmen,</strong></span> 
     </span>
    </p>
   </div>
   <div class='ocr_carea' id='block_1_30' title="bbox 2137 1117 3698 1189">
    <p class='ocr_par' dir='ltr' id='par_1_30' title="bbox 2137 1117 3698 1189">
     <span class='ocr_line' id='line_1_30' title="bbox 2137 1117 3698 1189; baseline -0.002 -15"><span class='ocrx_word' id='word_1_185' title='bbox 2137 1119 2283 1174; x_wconf 91' lang='lat' dir='ltr'><strong>Cum</strong></span> <span class='ocrx_word' id='word_1_186' title='bbox 2316 1119 2421 1174; x_wconf 85' lang='lat' dir='ltr'>tibi</span> <span class='ocrx_word' id='word_1_187' title='bbox 2455 1123 2590 1174; x_wconf 89' lang='lat' dir='ltr'><strong>nata</strong></span> <span class='ocrx_word' id='word_1_188' title='bbox 2620 1118 2758 1175; x_wconf 89' lang='lat' dir='ltr'><strong>Sion</strong></span> <span class='ocrx_word' id='word_1_189' title='bbox 2789 1117 3033 1176; x_wconf 88' lang='lat' dir='ltr'><strong>humilis</strong></span> <span class='ocrx_word' id='word_1_190' title='bbox 3065 1134 3165 1174; x_wconf 86' lang='lat' dir='ltr'><strong>rex</strong></span> <span class='ocrx_word' id='word_1_191' title='bbox 3193 1121 3367 1189; x_wconf 89' lang='lat' dir='ltr'><strong>atque</strong></span> <span class='ocrx_word' id='word_1_192' title='bbox 3400 1117 3698 1172; x_wconf 83' lang='lat' dir='ltr'><strong>modestus</strong></span> 
     </span>
    </p>
   </div>
   <div class='ocr_carea' id='block_1_31' title="bbox 2136 1203 3742 1280">
    <p class='ocr_par' dir='ltr' id='par_1_31' title="bbox 2136 1203 3742 1280">
     <span class='ocr_line' id='line_1_31' title="bbox 2136 1203 3742 1280; baseline -0.001 -19"><span class='ocrx_word' id='word_1_193' title='bbox 2136 1206 2262 1263; x_wconf 91' lang='lat' dir='ltr'><strong>Non</strong></span> <span class='ocrx_word' id='word_1_194' title='bbox 2297 1207 2615 1263; x_wconf 88' lang='lat' dir='ltr'><strong>Pharaonis</strong></span> <span class='ocrx_word' id='word_1_195' title='bbox 2649 1207 2816 1280; x_wconf 91' lang='lat' dir='ltr'><strong>equis</strong></span> <span class='ocrx_word' id='word_1_196' title='bbox 2844 1207 3129 1280; x_wconf 83' lang='lat' dir='ltr'><strong>graditur,</strong></span> <span class='ocrx_word' id='word_1_197' title='bbox 3163 1221 3268 1262; x_wconf 90' lang='lat' dir='ltr'><strong>nec</strong></span> <span class='ocrx_word' id='word_1_198' title='bbox 3297 1206 3573 1261; x_wconf 86' lang='lat' dir='ltr'><strong>curribus</strong></span> <span class='ocrx_word' id='word_1_199' title='bbox 3601 1203 3742 1269; x_wconf 85' lang='lat' dir='ltr'><strong>altis,</strong></span> 
     </span>
    </p>
   </div>
   <div class='ocr_carea' id='block_1_32' title="bbox 2141 1294 3548 1366">
    <p class='ocr_par' dir='ltr' id='par_1_32' title="bbox 2141 1294 3548 1366">
     <span class='ocr_line' id='line_1_32' title="bbox 2141 1294 3548 1366; baseline -0.003 -14"><span class='ocrx_word' id='word_1_200' title='bbox 2141 1297 2252 1352; x_wconf 91' lang='lat' dir='ltr'><strong>Sed</strong></span> <span class='ocrx_word' id='word_1_201' title='bbox 2286 1296 2524 1352; x_wconf 87' lang='lat' dir='ltr'><strong>veniens</strong></span> <span class='ocrx_word' id='word_1_202' title='bbox 2556 1296 2742 1365; x_wconf 90' lang='lat' dir='ltr'><strong>asino,</strong></span> <span class='ocrx_word' id='word_1_203' title='bbox 2776 1297 2867 1351; x_wconf 90' lang='lat' dir='ltr'><strong>cui</strong></span> <span class='ocrx_word' id='word_1_204' title='bbox 2903 1297 3081 1351; x_wconf 86' lang='lat' dir='ltr'><strong>servit</strong></span> <span class='ocrx_word' id='word_1_205' title='bbox 3109 1294 3345 1351; x_wconf 88' lang='lat' dir='ltr'><strong>ceelicus</strong></span> <span class='ocrx_word' id='word_1_206' title='bbox 3379 1296 3548 1366; x_wconf 86' lang='lat' dir='ltr'><strong>ordo,</strong></span> 
     </span>
    </p>
   </div>
   <div class='ocr_carea' id='block_1_33' title="bbox 2141 1383 3727 1458">
    <p class='ocr_par' dir='ltr' id='par_1_33' title="bbox 2141 1383 3727 1458">
     <span class='ocr_line' id='line_1_33' title="bbox 2141 1383 3727 1458; baseline -0.001 -19"><span class='ocrx_word' id='word_1_207' title='bbox 2141 1384 2283 1439; x_wconf 89' lang='lat' dir='ltr'><strong>Cum</strong></span> <span class='ocrx_word' id='word_1_208' title='bbox 2316 1402 2494 1457; x_wconf 91' lang='lat' dir='ltr'><strong>pecus</strong></span> <span class='ocrx_word' id='word_1_209' title='bbox 2526 1386 2826 1458; x_wconf 87' lang='lat' dir='ltr'><strong>exiguum,</strong></span> <span class='ocrx_word' id='word_1_210' title='bbox 2860 1383 3153 1457; x_wconf 75' lang='lat' dir='ltr'><strong>petulans,</strong></span> <span class='ocrx_word' id='word_1_211' title='bbox 3186 1383 3443 1457; x_wconf 85' lang='lat' dir='ltr'><strong>ignobile</strong></span> <span class='ocrx_word' id='word_1_212' title='bbox 3475 1384 3727 1448; x_wconf 87' lang='lat' dir='ltr'><strong>brutum,</strong></span> 
     </span>
    </p>
   </div>
   <div class='ocr_carea' id='block_1_34' title="bbox 2140 1471 3563 1546">
    <p class='ocr_par' dir='ltr' id='par_1_34' title="bbox 2140 1471 3563 1546">
     <span class='ocr_line' id='line_1_34' title="bbox 2140 1471 3563 1546; baseline -0.002 -17"><span class='ocrx_word' id='word_1_213' title='bbox 2140 1477 2262 1540; x_wconf 92' lang='lat' dir='ltr'><strong>Quo</strong></span> <span class='ocrx_word' id='word_1_214' title='bbox 2296 1474 2481 1546; x_wconf 88' lang='lat' dir='ltr'><strong>spirat</strong></span> <span class='ocrx_word' id='word_1_215' title='bbox 2508 1475 2766 1530; x_wconf 92' lang='lat' dir='ltr'><strong>mundus</strong></span> <span class='ocrx_word' id='word_1_216' title='bbox 2798 1476 3054 1546; x_wconf 82' lang='lat' dir='ltr'><strong>gestaret</strong></span> <span class='ocrx_word' id='word_1_217' title='bbox 3081 1471 3276 1529; x_wconf 89' lang='lat' dir='ltr'><strong>nobile</strong></span> <span class='ocrx_word' id='word_1_218' title='bbox 3305 1472 3563 1544; x_wconf 89' lang='lat' dir='ltr'><strong>pondus.</strong></span> 
     </span>
    </p>
   </div>
   <div class='ocr_carea' id='block_1_35' title="bbox 2142 1560 3415 1635">
    <p class='ocr_par' dir='ltr' id='par_1_35' title="bbox 2142 1560 3415 1635">
     <span class='ocr_line' id='line_1_35' title="bbox 2142 1560 3415 1635; baseline -0.001 -18"><span class='ocrx_word' id='word_1_219' title='bbox 2142 1563 2272 1618; x_wconf 70' lang='lat' dir='ltr'><strong>Ilaec</strong></span> <span class='ocrx_word' id='word_1_220' title='bbox 2304 1580 2495 1635; x_wconf 83' lang='lat' dir='ltr'><strong>regem</strong></span> <span class='ocrx_word' id='word_1_221' title='bbox 2527 1563 2685 1635; x_wconf 86' lang='lat' dir='ltr'><strong>pacis</strong></span> <span class='ocrx_word' id='word_1_222' title='bbox 2719 1563 2912 1619; x_wconf 87' lang='lat' dir='ltr'><strong>decuit</strong></span> <span class='ocrx_word' id='word_1_223' title='bbox 2943 1561 3238 1634; x_wconf 89' lang='lat' dir='ltr'><strong>processio</strong></span> <span class='ocrx_word' id='word_1_224' title='bbox 3261 1560 3415 1629; x_wconf 89' lang='lat' dir='ltr'><strong>talis,</strong></span> 
     </span>
    </p>
   </div>
   <div class='ocr_carea' id='block_1_36' title="bbox 2141 1648 3686 1726">
    <p class='ocr_par' dir='ltr' id='par_1_36' title="bbox 2141 1648 3686 1726">
     <span class='ocr_line' id='line_1_36' title="bbox 2141 1648 3686 1726; baseline -0.002 -19"><span class='ocrx_word' id='word_1_225' title='bbox 2141 1652 2214 1707; x_wconf 90' lang='lat' dir='ltr'><strong>Ut</strong></span> <span class='ocrx_word' id='word_1_226' title='bbox 2243 1652 2355 1708; x_wconf 89' lang='lat' dir='ltr'><strong>sibi</strong></span> <span class='ocrx_word' id='word_1_227' title='bbox 2388 1669 2518 1707; x_wconf 91' lang='lat' dir='ltr'><strong>cum</strong></span> <span class='ocrx_word' id='word_1_228' title='bbox 2555 1651 2790 1726; x_wconf 86' lang='lat' dir='ltr'><strong>palmis,</strong></span> <span class='ocrx_word' id='word_1_229' title='bbox 2823 1668 2940 1707; x_wconf 92' lang='lat' dir='ltr'><strong>non</strong></span> <span class='ocrx_word' id='word_1_230' title='bbox 2973 1667 3106 1705; x_wconf 91' lang='lat' dir='ltr'><strong>cum</strong></span> <span class='ocrx_word' id='word_1_231' title='bbox 3140 1649 3476 1706; x_wconf 90' lang='lat' dir='ltr'><strong>crudelibus</strong></span> <span class='ocrx_word' id='word_1_232' title='bbox 3508 1648 3686 1705; x_wconf 87' lang='lat' dir='ltr'><strong>armis</strong></span> 
     </span>
    </p>
   </div>
   <div class='ocr_carea' id='block_1_37' title="bbox 2142 1739 3520 1812">
    <p class='ocr_par' dir='ltr' id='par_1_37' title="bbox 2142 1739 3520 1812">
     <span class='ocr_line' id='line_1_37' title="bbox 2142 1739 3520 1812; baseline 0.001 -18"><span class='ocrx_word' id='word_1_233' title='bbox 2142 1740 2312 1796; x_wconf 90' lang='lat' dir='ltr'><strong>Plebs</strong></span> <span class='ocrx_word' id='word_1_234' title='bbox 2342 1740 2524 1797; x_wconf 83' lang='lat' dir='ltr'><strong>exiret</strong></span> <span class='ocrx_word' id='word_1_235' title='bbox 2554 1758 2752 1808; x_wconf 89' lang='lat' dir='ltr'><strong>ovans,</strong></span> <span class='ocrx_word' id='word_1_236' title='bbox 2784 1742 2954 1796; x_wconf 89' lang='lat' dir='ltr'><strong>ﬂores</strong></span> <span class='ocrx_word' id='word_1_237' title='bbox 2977 1739 3223 1796; x_wconf 85' lang='lat' dir='ltr'><strong>ramalia</strong></span> <span class='ocrx_word' id='word_1_238' title='bbox 3253 1744 3520 1812; x_wconf 88' lang='lat' dir='ltr'><strong>portans.</strong></span> 
     </span>
    </p>
   </div>
   <div class='ocr_carea' id='block_1_38' title="bbox 2143 1828 3512 1902">
    <p class='ocr_par' dir='ltr' id='par_1_38' title="bbox 2143 1828 3512 1902">
     <span class='ocr_line' id='line_1_38' title="bbox 2143 1828 3512 1902; baseline -0.001 -17"><span class='ocrx_word' id='word_1_239' title='bbox 2143 1832 2276 1896; x_wconf 70' lang='lat' dir='ltr'><strong>Qua:</strong></span> <span class='ocrx_word' id='word_1_240' title='bbox 2308 1830 2435 1885; x_wconf 63' lang='lat' dir='ltr'><strong>vita:</strong></span> <span class='ocrx_word' id='word_1_241' title='bbox 2468 1835 2689 1887; x_wconf 90' lang='lat' dir='ltr'><strong>sertum</strong></span> <span class='ocrx_word' id='word_1_242' title='bbox 2722 1830 2959 1902; x_wconf 87' lang='lat' dir='ltr'><strong>signant</strong></span> <span class='ocrx_word' id='word_1_243' title='bbox 2983 1828 3176 1901; x_wconf 87' lang='lat' dir='ltr'><strong>regale</strong></span> <span class='ocrx_word' id='word_1_244' title='bbox 3204 1833 3512 1901; x_wconf 65' lang='lat' dir='ltr'><strong>tropaeum,</strong></span> 
     </span>
    </p>
   </div>
   <div class='ocr_carea' id='block_1_39' title="bbox 2141 1916 3772 1990">
    <p class='ocr_par' dir='ltr' id='par_1_39' title="bbox 2141 1916 3772 1990">
     <span class='ocr_line' id='line_1_39' title="bbox 2141 1916 3772 1990; baseline 0 -17"><span class='ocrx_word' id='word_1_245' title='bbox 2141 1921 2263 1984; x_wconf 91' lang='lat' dir='ltr'><strong>Quo</strong></span> <span class='ocrx_word' id='word_1_246' title='bbox 2295 1919 2553 1975; x_wconf 89' lang='lat' dir='ltr'><strong>moriens</strong></span> <span class='ocrx_word' id='word_1_247' title='bbox 2584 1921 2832 1974; x_wconf 89' lang='lat' dir='ltr'><strong>mortem</strong></span> <span class='ocrx_word' id='word_1_248' title='bbox 2864 1918 3048 1975; x_wconf 90' lang='lat' dir='ltr'><strong>victor</strong></span> <span class='ocrx_word' id='word_1_249' title='bbox 3077 1934 3317 1990; x_wconf 87' lang='lat' dir='ltr'><strong>pessum</strong></span> <span class='ocrx_word' id='word_1_250' title='bbox 3349 1916 3517 1973; x_wconf 80' lang='lat' dir='ltr'><strong>dedit</strong></span> <span class='ocrx_word' id='word_1_251' title='bbox 3546 1916 3772 1973; x_wconf 79' lang='lat' dir='ltr'><strong>hostem.</strong></span> 
     </span>
    </p>
   </div>
   <div class='ocr_carea' id='block_1_40' title="bbox 2142 2095 3364 2169">
    <p class='ocr_par' dir='ltr' id='par_1_40' title="bbox 2142 2095 3364 2169">
     <span class='ocr_line' id='line_1_40' title="bbox 2142 2095 3364 2169; baseline -0.002 -17"><span class='ocrx_word' id='word_1_252' title='bbox 2142 2096 2381 2152; x_wconf 80' lang='lat' dir='ltr'><strong>Ccelitus</strong></span> <span class='ocrx_word' id='word_1_253' title='bbox 2411 2095 2666 2169; x_wconf 89' lang='lat' dir='ltr'><strong>eligitur,</strong></span> <span class='ocrx_word' id='word_1_254' title='bbox 2701 2096 2897 2151; x_wconf 86' lang='lat' dir='ltr'><strong>divina</strong></span> <span class='ocrx_word' id='word_1_255' title='bbox 2924 2096 3098 2151; x_wconf 87' lang='lat' dir='ltr'><strong>laude</strong></span> <span class='ocrx_word' id='word_1_256' title='bbox 3124 2095 3364 2167; x_wconf 87' lang='lat' dir='ltr'><strong>potitur,</strong></span> 
     </span>
    </p>
   </div>
   <div class='ocr_carea' id='block_1_41' title="bbox 386 2181 3770 2261">
    <p class='ocr_par' dir='ltr' id='par_1_41' title="bbox 386 2181 3770 2261">
     <span class='ocr_line' id='line_1_41' title="bbox 386 2181 3770 2261; baseline -0.002 -18"><span class='ocrx_word' id='word_1_257' title='bbox 386 2187 645 2244; x_wconf 87' lang='lat' dir='ltr'><strong>Crimina</strong></span> <span class='ocrx_word' id='word_1_258' title='bbox 674 2187 1045 2261; x_wconf 91' lang='lat' dir='ltr'><strong>permundet,</strong></span> <span class='ocrx_word' id='word_1_259' title='bbox 1080 2187 1220 2242; x_wconf 88' lang='lat' dir='ltr'><strong>rivis</strong></span> <span class='ocrx_word' id='word_1_260' title='bbox 1253 2186 1487 2258; x_wconf 87' lang='lat' dir='ltr'><strong>pietatis</strong></span> <span class='ocrx_word' id='word_1_261' title='bbox 1522 2186 1802 2253; x_wconf 88' lang='lat' dir='ltr'><strong>abundet,</strong></span> <span class='ocrx_word' id='word_1_262' title='bbox 2142 2188 2324 2252; x_wconf 88' lang='lat' dir='ltr'>Quem</span> <span class='ocrx_word' id='word_1_263' title='bbox 2342 2185 2496 2241; x_wconf 91' lang='lat' dir='ltr'><strong>Deus</strong></span> <span class='ocrx_word' id='word_1_264' title='bbox 2518 2201 2829 2241; x_wconf 88' lang='lat' dir='ltr'><strong>assumens</strong></span> <span class='ocrx_word' id='word_1_265' title='bbox 2847 2189 3132 2256; x_wconf 89' lang='lat' dir='ltr'><strong>tanquam</strong></span> <span class='ocrx_word' id='word_1_266' title='bbox 3155 2184 3264 2240; x_wconf 91' lang='lat' dir='ltr'><strong>sub</strong></span> <span class='ocrx_word' id='word_1_267' title='bbox 3286 2183 3548 2256; x_wconf 89' lang='lat' dir='ltr'><strong>tegmine</strong></span> <span class='ocrx_word' id='word_1_268' title='bbox 3568 2181 3770 2247; x_wconf 87' lang='lat' dir='ltr'><strong>lumen,</strong></span> 
     </span>
    </p>
   </div>
   <div class='ocr_carea' id='block_1_42' title="bbox 460 2268 3772 2348">
    <p class='ocr_par' dir='ltr' id='par_1_42' title="bbox 460 2268 3772 2348">
     <span class='ocr_line' id='line_1_42' title="bbox 460 2268 3772 2348; baseline -0.002 -16"><span class='ocrx_word' id='word_1_269' title='bbox 460 2276 691 2333; x_wconf 87' lang='lat' dir='ltr'><strong>Plaudit</strong></span> <span class='ocrx_word' id='word_1_270' title='bbox 720 2281 965 2348; x_wconf 90' lang='lat' dir='ltr'><strong>uterque</strong></span> <span class='ocrx_word' id='word_1_271' title='bbox 997 2293 1208 2347; x_wconf 88' lang='lat' dir='ltr'><strong>parens</strong></span> <span class='ocrx_word' id='word_1_272' title='bbox 1239 2275 1434 2329; x_wconf 92' lang='lat' dir='ltr'><strong>divino</strong></span> <span class='ocrx_word' id='word_1_273' title='bbox 1466 2292 1707 2330; x_wconf 91' lang='lat' dir='ltr'><strong>munere</strong></span> <span class='ocrx_word' id='word_1_274' title='bbox 1746 2275 2029 2346; x_wconf 87' lang='lat' dir='ltr'><strong>gaudens.</strong></span> <span class='ocrx_word' id='word_1_275' title='bbox 2142 2274 2307 2348; x_wconf 87' lang='lat' dir='ltr'><strong>Cogit</strong></span> <span class='ocrx_word' id='word_1_276' title='bbox 2329 2276 2399 2331; x_wconf 90' lang='lat' dir='ltr'><strong>ad</strong></span> <span class='ocrx_word' id='word_1_277' title='bbox 2413 2273 2743 2346; x_wconf 87' lang='lat' dir='ltr'><strong>exemplum</strong></span> <span class='ocrx_word' id='word_1_278' title='bbox 2757 2274 2987 2330; x_wconf 90' lang='lat' dir='ltr'><strong>cunctis</strong></span> <span class='ocrx_word' id='word_1_279' title='bbox 3003 2272 3195 2330; x_wconf 92' lang='lat' dir='ltr'><strong>lucere</strong></span> <span class='ocrx_word' id='word_1_280' title='bbox 3208 2268 3772 2346; x_wconf 68' lang='lat' dir='ltr'><strong>pereum[i,e.aavum}</strong></span> 
     </span>
    </p>
   </div>
   <div class='ocr_carea' id='block_1_43' title="bbox 387 2361 3419 2436">
    <p class='ocr_par' dir='ltr' id='par_1_43' title="bbox 387 2361 3419 2436">
     <span class='ocr_line' id='line_1_43' title="bbox 387 2361 3419 2436; baseline -0.001 -16"><span class='ocrx_word' id='word_1_281' title='bbox 387 2365 544 2421; x_wconf 83' lang='lat' dir='ltr'><strong>Felix</strong></span> <span class='ocrx_word' id='word_1_282' title='bbox 574 2364 901 2435; x_wconf 88' lang='lat' dir='ltr'><strong>auspicium</strong></span> <span class='ocrx_word' id='word_1_283' title='bbox 935 2364 1096 2436; x_wconf 92' lang='lat' dir='ltr'><strong>pueri</strong></span> <span class='ocrx_word' id='word_1_284' title='bbox 1130 2363 1239 2418; x_wconf 88' lang='lat' dir='ltr'><strong>sibi</strong></span> <span class='ocrx_word' id='word_1_285' title='bbox 1273 2362 1525 2436; x_wconf 62' lang='lat' dir='ltr'><strong>praetulit</strong></span> <span class='ocrx_word' id='word_1_286' title='bbox 1556 2367 1741 2428; x_wconf 88' lang='lat' dir='ltr'><strong>ortus,</strong></span> <span class='ocrx_word' id='word_1_287' title='bbox 2145 2365 2356 2420; x_wconf 89' lang='lat' dir='ltr'><strong>Ardeat</strong></span> <span class='ocrx_word' id='word_1_288' title='bbox 2378 2368 2443 2418; x_wconf 92' lang='lat' dir='ltr'><strong>ut</strong></span> <span class='ocrx_word' id='word_1_289' title='bbox 2471 2380 2605 2420; x_wconf 89' lang='lat' dir='ltr'><strong>vera</strong></span> <span class='ocrx_word' id='word_1_290' title='bbox 2634 2361 2855 2419; x_wconf 91' lang='lat' dir='ltr'><strong>Christi</strong></span> <span class='ocrx_word' id='word_1_291' title='bbox 2886 2362 3110 2434; x_wconf 83' lang='lat' dir='ltr'><strong>fulgore</strong></span> <span class='ocrx_word' id='word_1_292' title='bbox 3137 2362 3419 2429; x_wconf 89' lang='lat' dir='ltr'><strong>lucerna;</strong></span> 
     </span>
    </p>
   </div>
   <div class='ocr_carea' id='block_1_44' title="bbox 384 2450 3517 2524">
    <p class='ocr_par' dir='ltr' id='par_1_44' title="bbox 384 2450 3517 2524">
     <span class='ocr_line' id='line_1_44' title="bbox 384 2450 3517 2524; baseline -0.001 -16"><span class='ocrx_word' id='word_1_293' title='bbox 384 2452 489 2508; x_wconf 90' lang='lat' dir='ltr'>Cui</span> <span class='ocrx_word' id='word_1_294' title='bbox 516 2457 709 2524; x_wconf 88' lang='lat' dir='ltr'><strong>pateat</strong></span> <span class='ocrx_word' id='word_1_295' title='bbox 740 2452 928 2507; x_wconf 90' lang='lat' dir='ltr'><strong>dulcis</strong></span> <span class='ocrx_word' id='word_1_296' title='bbox 955 2450 1272 2523; x_wconf 88' lang='lat' dir='ltr'><strong>tranquilla</strong></span> <span class='ocrx_word' id='word_1_297' title='bbox 1302 2468 1404 2523; x_wconf 90' lang='lat' dir='ltr'><strong>per</strong></span> <span class='ocrx_word' id='word_1_298' title='bbox 1432 2468 1667 2523; x_wconf 71' lang='lat' dir='ltr'><strong>aequora</strong></span> <span class='ocrx_word' id='word_1_299' title='bbox 1698 2455 1899 2523; x_wconf 90' lang='lat' dir='ltr'><strong>portus</strong></span> <span class='ocrx_word' id='word_1_300' title='bbox 2143 2453 2257 2508; x_wconf 90' lang='lat' dir='ltr'><strong>Nec</strong></span> <span class='ocrx_word' id='word_1_301' title='bbox 2290 2456 2751 2521; x_wconf 90' lang='lat' dir='ltr'><strong>consummetur,</strong></span> <span class='ocrx_word' id='word_1_302' title='bbox 2785 2451 3075 2507; x_wconf 85' lang='lat' dir='ltr'><strong>defectum</strong></span> <span class='ocrx_word' id='word_1_303' title='bbox 3106 2450 3194 2506; x_wconf 88' lang='lat' dir='ltr'><strong>vel</strong></span> <span class='ocrx_word' id='word_1_304' title='bbox 3227 2451 3517 2522; x_wconf 88' lang='lat' dir='ltr'><strong>patiatur,</strong></span> 
     </span>
    </p>
   </div>
   <div class='ocr_carea' id='block_1_45' title="bbox 387 2539 3707 2614">
    <p class='ocr_par' dir='ltr' id='par_1_45' title="bbox 387 2539 3707 2614">
     <span class='ocr_line' id='line_1_45' title="bbox 387 2539 3707 2614; baseline -0.001 -20"><span class='ocrx_word' id='word_1_305' title='bbox 387 2540 453 2594; x_wconf 90' lang='lat' dir='ltr'><strong>Et</strong></span> <span class='ocrx_word' id='word_1_306' title='bbox 483 2540 885 2611; x_wconf 88' lang='lat' dir='ltr'><strong>paradisiacus</strong></span> <span class='ocrx_word' id='word_1_307' title='bbox 914 2558 1016 2612; x_wconf 91' lang='lat' dir='ltr'><strong>per</strong></span> <span class='ocrx_word' id='word_1_308' title='bbox 1046 2540 1301 2612; x_wconf 91' lang='lat' dir='ltr'><strong>plurima</strong></span> <span class='ocrx_word' id='word_1_309' title='bbox 1334 2541 1561 2595; x_wconf 84' lang='lat' dir='ltr'><strong>semina</strong></span> <span class='ocrx_word' id='word_1_310' title='bbox 1593 2558 1871 2613; x_wconf 89' lang='lat' dir='ltr'><strong>campus:</strong></span> <span class='ocrx_word' id='word_1_311' title='bbox 2144 2541 2505 2613; x_wconf 89' lang='lat' dir='ltr'><strong>Irradietque</strong></span> <span class='ocrx_word' id='word_1_312' title='bbox 2535 2541 2776 2597; x_wconf 91' lang='lat' dir='ltr'><strong>domum</strong></span> <span class='ocrx_word' id='word_1_313' title='bbox 2810 2558 2926 2597; x_wconf 91' lang='lat' dir='ltr'><strong>non</strong></span> <span class='ocrx_word' id='word_1_314' title='bbox 2957 2539 3384 2614; x_wconf 83' lang='lat' dir='ltr'><strong>exstinguenda</strong></span> <span class='ocrx_word' id='word_1_315' title='bbox 3412 2556 3521 2612; x_wconf 83' lang='lat' dir='ltr'><strong>per</strong></span> <span class='ocrx_word' id='word_1_316' title='bbox 3559 2556 3707 2597; x_wconf 87' lang='lat' dir='ltr'><strong>eum.</strong></span> 
     </span>
    </p>
   </div>
   <div class='ocr_carea' id='block_1_46' title="bbox 383 2628 3480 2703">
    <p class='ocr_par' dir='ltr' id='par_1_46' title="bbox 383 2628 3480 2703">
     <span class='ocr_line' id='line_1_46' title="bbox 383 2628 3480 2703; baseline 0 -20"><span class='ocrx_word' id='word_1_317' title='bbox 383 2628 489 2683; x_wconf 92' lang='lat' dir='ltr'>Cui</span> <span class='ocrx_word' id='word_1_318' title='bbox 520 2628 689 2684; x_wconf 89' lang='lat' dir='ltr'><strong>detur</strong></span> <span class='ocrx_word' id='word_1_319' title='bbox 717 2628 909 2684; x_wconf 89' lang='lat' dir='ltr'><strong>rutilis</strong></span> <span class='ocrx_word' id='word_1_320' title='bbox 939 2630 1151 2684; x_wconf 87' lang='lat' dir='ltr'><strong>ardens</strong></span> <span class='ocrx_word' id='word_1_321' title='bbox 1179 2629 1448 2684; x_wconf 88' lang='lat' dir='ltr'><strong>diadema</strong></span> <span class='ocrx_word' id='word_1_322' title='bbox 1478 2629 1700 2685; x_wconf 89' lang='lat' dir='ltr'><strong>berillis</strong></span> <span class='ocrx_word' id='word_1_323' title='bbox 2216 2631 2364 2703; x_wconf 87' lang='lat' dir='ltr'><strong>Ergo</strong></span> <span class='ocrx_word' id='word_1_324' title='bbox 2402 2630 2495 2685; x_wconf 92' lang='lat' dir='ltr'><strong>Dei</strong></span> <span class='ocrx_word' id='word_1_325' title='bbox 2529 2647 2691 2685; x_wconf 89' lang='lat' dir='ltr'><strong>servo</strong></span> <span class='ocrx_word' id='word_1_326' title='bbox 2721 2629 2875 2685; x_wconf 90' lang='lat' dir='ltr'><strong>sicut</strong></span> <span class='ocrx_word' id='word_1_327' title='bbox 2898 2645 3061 2686; x_wconf 91' lang='lat' dir='ltr'><strong>sacer</strong></span> <span class='ocrx_word' id='word_1_328' title='bbox 3090 2629 3303 2701; x_wconf 78' lang='lat' dir='ltr'><strong>expetit</strong></span> <span class='ocrx_word' id='word_1_329' title='bbox 3335 2628 3480 2684; x_wconf 91' lang='lat' dir='ltr'><strong>ordo</strong></span> 
     </span>
    </p>
   </div>
   <div class='ocr_carea' id='block_1_47' title="bbox 383 2716 3474 2793">
    <p class='ocr_par' dir='ltr' id='par_1_47' title="bbox 383 2716 3474 2793">
     <span class='ocr_line' id='line_1_47' title="bbox 383 2716 3474 2793; baseline 0.001 -22"><span class='ocrx_word' id='word_1_330' title='bbox 383 2717 522 2772; x_wconf 87' lang='lat' dir='ltr'><strong>Post</strong></span> <span class='ocrx_word' id='word_1_331' title='bbox 550 2716 724 2772; x_wconf 89' lang='lat' dir='ltr'><strong>stadii</strong></span> <span class='ocrx_word' id='word_1_332' title='bbox 754 2734 1015 2783; x_wconf 90' lang='lat' dir='ltr'><strong>cursum,</strong></span> <span class='ocrx_word' id='word_1_333' title='bbox 1047 2722 1179 2789; x_wconf 90' lang='lat' dir='ltr'><strong>post</strong></span> <span class='ocrx_word' id='word_1_334' title='bbox 1208 2717 1333 2772; x_wconf 81' lang='lat' dir='ltr'><strong>vitae</strong></span> <span class='ocrx_word' id='word_1_335' title='bbox 1365 2717 1632 2790; x_wconf 80' lang='lat' dir='ltr'><strong>praepetis</strong></span> <span class='ocrx_word' id='word_1_336' title='bbox 1667 2735 1862 2772; x_wconf 91' lang='lat' dir='ltr'><strong>usum.</strong></span> <span class='ocrx_word' id='word_1_337' title='bbox 2145 2719 2330 2774; x_wconf 92' lang='lat' dir='ltr'><strong>Invito</strong></span> <span class='ocrx_word' id='word_1_338' title='bbox 2364 2719 2635 2791; x_wconf 86' lang='lat' dir='ltr'><strong>quamvis</strong></span> <span class='ocrx_word' id='word_1_339' title='bbox 2664 2719 2838 2773; x_wconf 88' lang='lat' dir='ltr'><strong>datur</strong></span> <span class='ocrx_word' id='word_1_340' title='bbox 2865 2718 3051 2793; x_wconf 77' lang='lat' dir='ltr'><strong>infula</strong></span> <span class='ocrx_word' id='word_1_341' title='bbox 3081 2717 3435 2790; x_wconf 81' lang='lat' dir='ltr'><strong>pontificalis</strong></span> <span class='ocrx_word' id='word_1_342' title='bbox 3460 2736 3474 2785; x_wconf 91' lang='lat'>;</span> 
     </span>
    </p>
   </div>
   <div class='ocr_carea' id='block_1_48' title="bbox 385 2805 3377 2880">
    <p class='ocr_par' dir='ltr' id='par_1_48' title="bbox 385 2805 3377 2880">
     <span class='ocr_line' id='line_1_48' title="bbox 385 2805 3377 2880; baseline 0 -19"><span class='ocrx_word' id='word_1_343' title='bbox 385 2806 551 2861; x_wconf 91' lang='lat' dir='ltr'><strong>Nunc</strong></span> <span class='ocrx_word' id='word_1_344' title='bbox 583 2806 804 2879; x_wconf 90' lang='lat' dir='ltr'><strong>puerile</strong></span> <span class='ocrx_word' id='word_1_345' title='bbox 835 2807 1012 2862; x_wconf 90' lang='lat' dir='ltr'><strong>decus</strong></span> <span class='ocrx_word' id='word_1_346' title='bbox 1045 2805 1300 2878; x_wconf 90' lang='lat' dir='ltr'><strong>reliquos</strong></span> <span class='ocrx_word' id='word_1_347' title='bbox 1332 2823 1396 2861; x_wconf 89' lang='lat' dir='ltr'><strong>ac</strong></span> <span class='ocrx_word' id='word_1_348' title='bbox 1429 2806 1696 2878; x_wconf 67' lang='lat' dir='ltr'><strong>praesulis</strong></span> <span class='ocrx_word' id='word_1_349' title='bbox 1738 2811 1903 2861; x_wconf 88' lang='lat' dir='ltr'><strong>actus</strong></span> <span class='ocrx_word' id='word_1_350' title='bbox 2144 2808 2329 2880; x_wconf 88' lang='lat' dir='ltr'><strong>Digne</strong></span> <span class='ocrx_word' id='word_1_351' title='bbox 2360 2812 2645 2873; x_wconf 88' lang='lat' dir='ltr'><strong>sacratur,</strong></span> <span class='ocrx_word' id='word_1_352' title='bbox 2678 2808 2931 2879; x_wconf 89' lang='lat' dir='ltr'><strong>pastoris</strong></span> <span class='ocrx_word' id='word_1_353' title='bbox 2964 2808 3102 2863; x_wconf 84' lang='lat' dir='ltr'><strong>sede</strong></span> <span class='ocrx_word' id='word_1_354' title='bbox 3131 2805 3377 2863; x_wconf 88' lang='lat' dir='ltr'><strong>locatur.</strong></span> 
     </span>
    </p>
   </div>
   <div class='ocr_carea' id='block_1_49' title="bbox 2146 2896 3647 2970">
    <p class='ocr_par' dir='ltr' id='par_1_49' title="bbox 2146 2896 3647 2970">
     <span class='ocr_line' id='line_1_49' title="bbox 2146 2896 3647 2970; baseline -0.001 -19"><span class='ocrx_word' id='word_1_355' title='bbox 2146 2897 2497 2970; x_wconf 88' lang='lat' dir='ltr'><strong>Tripudiant</strong></span> <span class='ocrx_word' id='word_1_356' title='bbox 2528 2914 2730 2952; x_wconf 90' lang='lat' dir='ltr'><strong>omnes</strong></span> <span class='ocrx_word' id='word_1_357' title='bbox 2761 2896 3086 2969; x_wconf 72' lang='lat' dir='ltr'><strong>praesertim</strong></span> <span class='ocrx_word' id='word_1_358' title='bbox 3118 2896 3647 2968; x_wconf 84' lang='lat' dir='ltr'><strong>Rothomagenses,</strong></span> 
     </span>
    </p>
   </div>
   <div class='ocr_carea' id='block_1_50' title="bbox 385 2983 3601 3057">
    <p class='ocr_par' dir='ltr' id='par_1_50' title="bbox 385 2983 3601 3057">
     <span class='ocr_line' id='line_1_50' title="bbox 385 2983 3601 3057; baseline -0.001 -16"><span class='ocrx_word' id='word_1_359' title='bbox 385 2986 655 3041; x_wconf 82' lang='lat' dir='ltr'><strong>Exterius</strong></span> <span class='ocrx_word' id='word_1_360' title='bbox 684 3002 934 3040; x_wconf 86' lang='lat' dir='ltr'><strong>vernans</strong></span> <span class='ocrx_word' id='word_1_361' title='bbox 964 2985 1063 3039; x_wconf 91' lang='lat' dir='ltr'><strong>sed</strong></span> <span class='ocrx_word' id='word_1_362' title='bbox 1097 2988 1152 3040; x_wconf 91' lang='lat' dir='ltr'><strong>et</strong></span> <span class='ocrx_word' id='word_1_363' title='bbox 1182 2984 1341 3039; x_wconf 90' lang='lat' dir='ltr'><strong>intus</strong></span> <span class='ocrx_word' id='word_1_364' title='bbox 1374 2984 1540 3055; x_wconf 91' lang='lat' dir='ltr'><strong>pusio</strong></span> <span class='ocrx_word' id='word_1_365' title='bbox 1570 2983 1705 3039; x_wconf 90' lang='lat' dir='ltr'><strong>talis</strong></span> <span class='ocrx_word' id='word_1_366' title='bbox 2146 2986 2293 3042; x_wconf 88' lang='lat' dir='ltr'><strong>Grex</strong></span> <span class='ocrx_word' id='word_1_367' title='bbox 2322 2986 2516 3041; x_wconf 89' lang='lat' dir='ltr'><strong>ovium</strong></span> <span class='ocrx_word' id='word_1_368' title='bbox 2549 2985 2761 3040; x_wconf 84' lang='lat' dir='ltr'><strong>Christi</strong></span> <span class='ocrx_word' id='word_1_369' title='bbox 2795 2985 3022 3057; x_wconf 89' lang='lat' dir='ltr'><strong>plaudit</strong></span> <span class='ocrx_word' id='word_1_370' title='bbox 3052 2984 3160 3041; x_wconf 91' lang='lat' dir='ltr'><strong>sub</strong></span> <span class='ocrx_word' id='word_1_371' title='bbox 3191 2983 3446 3057; x_wconf 70' lang='lat' dir='ltr'><strong>praesule</strong></span> <span class='ocrx_word' id='word_1_372' title='bbox 3476 2984 3601 3051; x_wconf 87' lang='lat' dir='ltr'><strong>tali,</strong></span> 
     </span>
    </p>
   </div>
   <div class='ocr_carea' id='block_1_51' title="bbox 389 3072 3450 3146">
    <p class='ocr_par' dir='ltr' id='par_1_51' title="bbox 389 3072 3450 3146">
     <span class='ocr_line' id='line_1_51' title="bbox 389 3072 3450 3146; baseline -0.001 -16"><span class='ocrx_word' id='word_1_373' title='bbox 389 3073 685 3130; x_wconf 90' lang='lat' dir='ltr'><strong>Nobilium</strong></span> <span class='ocrx_word' id='word_1_374' title='bbox 717 3074 905 3145; x_wconf 91' lang='lat' dir='ltr'><strong>primo</strong></span> <span class='ocrx_word' id='word_1_375' title='bbox 936 3073 1199 3128; x_wconf 88' lang='lat' dir='ltr'><strong>nutritur</strong></span> <span class='ocrx_word' id='word_1_376' title='bbox 1229 3072 1286 3126; x_wconf 90' lang='lat' dir='ltr'><strong>in</strong></span> <span class='ocrx_word' id='word_1_377' title='bbox 1320 3074 1439 3127; x_wconf 67' lang='lat' dir='ltr'><strong>aede</strong></span> <span class='ocrx_word' id='word_1_378' title='bbox 1471 3077 1805 3145; x_wconf 90' lang='lat' dir='ltr'><strong>parentum,</strong></span> <span class='ocrx_word' id='word_1_379' title='bbox 2146 3074 2253 3141; x_wconf 91' lang='lat' dir='ltr'><strong>Qui</strong></span> <span class='ocrx_word' id='word_1_380' title='bbox 2286 3075 2533 3131; x_wconf 88' lang='lat' dir='ltr'><strong>Domino</strong></span> <span class='ocrx_word' id='word_1_381' title='bbox 2563 3074 2688 3129; x_wconf 76' lang='lat' dir='ltr'><strong>cmli</strong></span> <span class='ocrx_word' id='word_1_382' title='bbox 2722 3091 2783 3130; x_wconf 89' lang='lat' dir='ltr'><strong>sc</strong></span> <span class='ocrx_word' id='word_1_383' title='bbox 2812 3078 2937 3129; x_wconf 90' lang='lat' dir='ltr'><strong>tota</strong></span> <span class='ocrx_word' id='word_1_384' title='bbox 2968 3078 3160 3129; x_wconf 92' lang='lat' dir='ltr'><strong>mente</strong></span> <span class='ocrx_word' id='word_1_385' title='bbox 3192 3074 3450 3146; x_wconf 85' lang='lat' dir='ltr'><strong>subegit.</strong></span> 
     </span>
    </p>
   </div>
   <div class='ocr_carea' id='block_1_52' title="bbox 394 3160 3772 3235">
    <p class='ocr_par' dir='ltr' id='par_1_52' title="bbox 394 3160 3772 3235">
     <span class='ocr_line' id='line_1_52' title="bbox 394 3160 3772 3235; baseline -0.001 -18"><span class='ocrx_word' id='word_1_386' title='bbox 394 3162 468 3217; x_wconf 91' lang='lat' dir='ltr'><strong>Ut</strong></span> <span class='ocrx_word' id='word_1_387' title='bbox 497 3162 674 3218; x_wconf 90' lang='lat' dir='ltr'><strong>Jacob</strong></span> <span class='ocrx_word' id='word_1_388' title='bbox 708 3161 957 3233; x_wconf 77' lang='lat' dir='ltr'><strong>simplex</strong></span> <span class='ocrx_word' id='word_1_389' title='bbox 986 3162 1257 3217; x_wconf 82' lang='lat' dir='ltr'><strong>efflorens</strong></span> <span class='ocrx_word' id='word_1_390' title='bbox 1292 3160 1483 3217; x_wconf 91' lang='lat' dir='ltr'><strong>indole</strong></span> <span class='ocrx_word' id='word_1_391' title='bbox 1516 3178 1767 3217; x_wconf 91' lang='lat' dir='ltr'><strong>morum.</strong></span> <span class='ocrx_word' id='word_1_392' title='bbox 2148 3165 2361 3219; x_wconf 90' lang='lat' dir='ltr'><strong>Terrea</strong></span> <span class='ocrx_word' id='word_1_393' title='bbox 2391 3168 2794 3225; x_wconf 87' lang='lat' dir='ltr'><strong>contemnens.</strong></span> <span class='ocrx_word' id='word_1_394' title='bbox 2826 3162 2905 3219; x_wconf 92' lang='lat' dir='ltr'><strong>nil</strong></span> <span class='ocrx_word' id='word_1_395' title='bbox 2940 3166 3144 3235; x_wconf 66' lang='lat' dir='ltr'><strong>praeter</strong></span> <span class='ocrx_word' id='word_1_396' title='bbox 3163 3163 3477 3218; x_wconf 89' lang='lat' dir='ltr'><strong>commoda</strong></span> <span class='ocrx_word' id='word_1_397' title='bbox 3494 3175 3772 3235; x_wconf 55' lang='lat' dir='ltr'><strong>quaerens:</strong></span> 
     </span>
    </p>
   </div>
   <div class='ocr_carea' id='block_1_53' title="bbox 387 3237 3635 3324">
    <p class='ocr_par' dir='ltr' id='par_1_53' title="bbox 387 3237 3635 3324">
     <span class='ocr_line' id='line_1_53' title="bbox 387 3237 3635 3324; baseline 0 -19"><span class='ocrx_word' id='word_1_398' title='bbox 387 3250 663 3305; x_wconf 88' lang='lat' dir='ltr'><strong>Traditur</strong></span> <span class='ocrx_word' id='word_1_399' title='bbox 693 3250 829 3305; x_wconf 91' lang='lat' dir='ltr'><strong>hinc</strong></span> <span class='ocrx_word' id='word_1_400' title='bbox 859 3249 1096 3318; x_wconf 90' lang='lat' dir='ltr'><strong>scholis,</strong></span> <span class='ocrx_word' id='word_1_401' title='bbox 1131 3250 1496 3322; x_wconf 85' lang='lat' dir='ltr'><strong>sapientibus</strong></span> <span class='ocrx_word' id='word_1_402' title='bbox 1544 3267 1607 3305; x_wconf 88' lang='lat' dir='ltr'><strong>ac</strong></span> <span class='ocrx_word' id='word_1_403' title='bbox 1655 3249 2007 3322; x_wconf 75' lang='lat' dir='ltr'><strong>paedagogis,</strong></span> <span class='ocrx_word' id='word_1_404' title='bbox 2068 3237 2111 3303; x_wconf 86' lang='lat' dir='ltr'><strong>C</strong></span> <span class='ocrx_word' id='word_1_405' title='bbox 2150 3252 2369 3308; x_wconf 65' lang='lat' dir='ltr'><strong>Caetera</strong></span> <span class='ocrx_word' id='word_1_406' title='bbox 2399 3252 2775 3320; x_wconf 86' lang='lat' dir='ltr'><strong>distribuens,</strong></span> <span class='ocrx_word' id='word_1_407' title='bbox 2811 3250 2921 3307; x_wconf 90' lang='lat' dir='ltr'><strong>sibi</strong></span> <span class='ocrx_word' id='word_1_408' title='bbox 2954 3251 3127 3324; x_wconf 85' lang='lat' dir='ltr'><strong>frugi,</strong></span> <span class='ocrx_word' id='word_1_409' title='bbox 3160 3250 3363 3324; x_wconf 89' lang='lat' dir='ltr'><strong>largus</strong></span> <span class='ocrx_word' id='word_1_410' title='bbox 3392 3250 3635 3324; x_wconf 83' lang='lat' dir='ltr'><strong>egenis;</strong></span> 
     </span>
    </p>
   </div>
   <div class='ocr_carea' id='block_1_54' title="bbox 386 3338 3607 3413">
    <p class='ocr_par' dir='ltr' id='par_1_54' title="bbox 386 3338 3607 3413">
     <span class='ocr_line' id='line_1_54' title="bbox 386 3338 3607 3413; baseline 0 -18"><span class='ocrx_word' id='word_1_411' title='bbox 386 3338 459 3395; x_wconf 89' lang='lat' dir='ltr'><strong>Ut</strong></span> <span class='ocrx_word' id='word_1_412' title='bbox 487 3338 811 3412; x_wconf 67' lang='lat' dir='ltr'><strong>tripertitim</strong></span> <span class='ocrx_word' id='word_1_413' title='bbox 845 3343 1077 3411; x_wconf 91' lang='lat' dir='ltr'><strong>caperet</strong></span> <span class='ocrx_word' id='word_1_414' title='bbox 1110 3340 1461 3395; x_wconf 88' lang='lat' dir='ltr'><strong>documenta</strong></span> <span class='ocrx_word' id='word_1_415' title='bbox 1491 3338 1729 3410; x_wconf 70' lang='lat' dir='ltr'><strong>sophize.</strong></span> <span class='ocrx_word' id='word_1_416' title='bbox 2147 3341 2339 3397; x_wconf 83' lang='lat' dir='ltr'><strong>Hostis</strong></span> <span class='ocrx_word' id='word_1_417' title='bbox 2370 3340 2643 3409; x_wconf 66' lang='lat' dir='ltr'><strong>avaritiae,</strong></span> <span class='ocrx_word' id='word_1_418' title='bbox 2679 3358 2805 3412; x_wconf 82' lang='lat' dir='ltr'><strong>quae</strong></span> <span class='ocrx_word' id='word_1_419' title='bbox 2837 3340 3094 3413; x_wconf 89' lang='lat' dir='ltr'><strong>pessima</strong></span> <span class='ocrx_word' id='word_1_420' title='bbox 3124 3344 3332 3412; x_wconf 86' lang='lat' dir='ltr'><strong>regnat</strong></span> <span class='ocrx_word' id='word_1_421' title='bbox 3363 3340 3607 3412; x_wconf 85' lang='lat' dir='ltr'><strong>ubique,</strong></span> 
     </span>
    </p>
   </div>
   <div class='ocr_carea' id='block_1_55' title="bbox 383 3425 3737 3502">
    <p class='ocr_par' dir='ltr' id='par_1_55' title="bbox 383 3425 3737 3502">
     <span class='ocr_line' id='line_1_55' title="bbox 383 3425 3737 3502; baseline -0.001 -18"><span class='ocrx_word' id='word_1_422' title='bbox 383 3427 635 3500; x_wconf 78' lang='lat' dir='ltr'><strong>Spiritus</strong></span> <span class='ocrx_word' id='word_1_423' title='bbox 666 3427 821 3483; x_wconf 92' lang='lat' dir='ltr'><strong>hunc</strong></span> <span class='ocrx_word' id='word_1_424' title='bbox 853 3432 1091 3484; x_wconf 90' lang='lat' dir='ltr'><strong>sanctus</strong></span> <span class='ocrx_word' id='word_1_425' title='bbox 1124 3427 1327 3483; x_wconf 87' lang='lat' dir='ltr'><strong>ditavit</strong></span> <span class='ocrx_word' id='word_1_426' title='bbox 1351 3444 1593 3483; x_wconf 91' lang='lat' dir='ltr'><strong>munere</strong></span> <span class='ocrx_word' id='word_1_427' title='bbox 1622 3425 1748 3498; x_wconf 89' lang='lat' dir='ltr'><strong>tali,</strong></span> <span class='ocrx_word' id='word_1_428' title='bbox 2145 3432 2278 3496; x_wconf 71' lang='lat' dir='ltr'><strong>Quae</strong></span> <span class='ocrx_word' id='word_1_429' title='bbox 2309 3434 2511 3502; x_wconf 88' lang='lat' dir='ltr'><strong>gravat</strong></span> <span class='ocrx_word' id='word_1_430' title='bbox 2539 3428 2696 3484; x_wconf 90' lang='lat' dir='ltr'><strong>hunc</strong></span> <span class='ocrx_word' id='word_1_431' title='bbox 2726 3429 3016 3484; x_wconf 90' lang='lat' dir='ltr'><strong>mundum</strong></span> <span class='ocrx_word' id='word_1_432' title='bbox 3043 3428 3217 3484; x_wconf 81' lang='lat' dir='ltr'><strong>caelos</strong></span> <span class='ocrx_word' id='word_1_433' title='bbox 3248 3445 3321 3484; x_wconf 89' lang='lat' dir='ltr'><strong>ne</strong></span> <span class='ocrx_word' id='word_1_434' title='bbox 3354 3427 3543 3500; x_wconf 81' lang='lat' dir='ltr'><strong>possit</strong></span> <span class='ocrx_word' id='word_1_435' title='bbox 3568 3427 3737 3484; x_wconf 80' lang='lat' dir='ltr'><strong>adire.</strong></span> 
     </span>
    </p>
   </div>
   <div class='ocr_carea' id='block_1_56' title="bbox 382 3514 3702 3591">
    <p class='ocr_par' dir='ltr' id='par_1_56' title="bbox 382 3514 3702 3591">
     <span class='ocr_line' id='line_1_56' title="bbox 382 3514 3702 3591; baseline 0.001 -18"><span class='ocrx_word' id='word_1_436' title='bbox 382 3516 453 3573; x_wconf 91' lang='lat' dir='ltr'><strong>Ut</strong></span> <span class='ocrx_word' id='word_1_437' title='bbox 483 3534 585 3590; x_wconf 92' lang='lat' dir='ltr'><strong>per</strong></span> <span class='ocrx_word' id='word_1_438' title='bbox 613 3532 827 3591; x_wconf 89' lang='lat' dir='ltr'><strong>magna</strong></span> <span class='ocrx_word' id='word_1_439' title='bbox 857 3518 1012 3574; x_wconf 88' lang='lat' dir='ltr'><strong>brevi</strong></span> <span class='ocrx_word' id='word_1_440' title='bbox 1047 3516 1572 3590; x_wconf 87' lang='lat' dir='ltr'><strong>saperetmysteria</strong></span> <span class='ocrx_word' id='word_1_441' title='bbox 1602 3514 1813 3571; x_wconf 90' lang='lat' dir='ltr'><strong>Christi</strong></span> <span class='ocrx_word' id='word_1_442' title='bbox 2142 3519 2267 3575; x_wconf 87' lang='lat' dir='ltr'><strong>Non</strong></span> <span class='ocrx_word' id='word_1_443' title='bbox 2296 3518 2729 3591; x_wconf 89' lang='lat' dir='ltr'><strong>exstinguibilis</strong></span> <span class='ocrx_word' id='word_1_444' title='bbox 2762 3534 2941 3591; x_wconf 90' lang='lat' dir='ltr'><strong>rogus</strong></span> <span class='ocrx_word' id='word_1_445' title='bbox 2974 3518 3207 3586; x_wconf 89' lang='lat' dir='ltr'><strong>ardens,</strong></span> <span class='ocrx_word' id='word_1_446' title='bbox 3240 3517 3431 3573; x_wconf 86' lang='lat' dir='ltr'><strong>tristis</strong></span> <span class='ocrx_word' id='word_1_447' title='bbox 3463 3517 3702 3583; x_wconf 83' lang='lat' dir='ltr'><strong>herinis,</strong></span> 
     </span>
    </p>
   </div>
   <div class='ocr_carea' id='block_1_57' title="bbox 377 3604 3644 3679">
    <p class='ocr_par' dir='ltr' id='par_1_57' title="bbox 377 3604 3644 3679">
     <span class='ocr_line' id='line_1_57' title="bbox 377 3604 3644 3679; baseline -0.001 -17"><span class='ocrx_word' id='word_1_448' title='bbox 377 3606 511 3671; x_wconf 61' lang='lat' dir='ltr'><strong>Quae</strong></span> <span class='ocrx_word' id='word_1_449' title='bbox 542 3607 705 3663; x_wconf 89' lang='lat' dir='ltr'><strong>rudis</strong></span> <span class='ocrx_word' id='word_1_450' title='bbox 735 3625 802 3663; x_wconf 90' lang='lat' dir='ltr'><strong>ac</strong></span> <span class='ocrx_word' id='word_1_451' title='bbox 832 3607 1048 3663; x_wconf 90' lang='lat' dir='ltr'><strong>veteris</strong></span> <span class='ocrx_word' id='word_1_452' title='bbox 1070 3606 1365 3663; x_wconf 89' lang='lat' dir='ltr'><strong>concludit</strong></span> <span class='ocrx_word' id='word_1_453' title='bbox 1397 3605 1614 3679; x_wconf 89' lang='lat' dir='ltr'><strong>pagina</strong></span> <span class='ocrx_word' id='word_1_454' title='bbox 1644 3604 1811 3678; x_wconf 87' lang='lat' dir='ltr'><strong>legis.</strong></span> <span class='ocrx_word' id='word_1_455' title='bbox 2144 3607 2430 3664; x_wconf 89' lang='lat' dir='ltr'><strong>Omnibus</strong></span> <span class='ocrx_word' id='word_1_456' title='bbox 2460 3608 2569 3663; x_wconf 92' lang='lat' dir='ltr'><strong>hoc</strong></span> <span class='ocrx_word' id='word_1_457' title='bbox 2597 3606 2804 3663; x_wconf 89' lang='lat' dir='ltr'><strong>vitium</strong></span> <span class='ocrx_word' id='word_1_458' title='bbox 2835 3606 3024 3663; x_wconf 87' lang='lat' dir='ltr'><strong>vibrat</strong></span> <span class='ocrx_word' id='word_1_459' title='bbox 3051 3606 3266 3662; x_wconf 85' lang='lat' dir='ltr'><strong>lethalc</strong></span> <span class='ocrx_word' id='word_1_460' title='bbox 3298 3623 3591 3662; x_wconf 87' lang='lat' dir='ltr'><strong>venenum</strong></span> <span class='ocrx_word' id='word_1_461' title='bbox 3629 3622 3644 3660; x_wconf 86' lang='lat'><strong>:</strong></span> 
     </span>
    </p>
   </div>
   <div class='ocr_carea' id='block_1_58' title="bbox 448 3692 3623 3768">
    <p class='ocr_par' dir='ltr' id='par_1_58' title="bbox 448 3692 3623 3768">
     <span class='ocr_line' id='line_1_58' title="bbox 448 3692 3623 3768; baseline 0.001 -19"><span class='ocrx_word' id='word_1_462' title='bbox 448 3696 591 3751; x_wconf 89' lang='lat' dir='ltr'><strong>Inde</strong></span> <span class='ocrx_word' id='word_1_463' title='bbox 620 3695 942 3767; x_wconf 81' lang='lat' dir='ltr'><strong>palatinum</strong></span> <span class='ocrx_word' id='word_1_464' title='bbox 977 3696 1047 3750; x_wconf 93' lang='lat' dir='ltr'><strong>de</strong></span> <span class='ocrx_word' id='word_1_465' title='bbox 1082 3712 1240 3751; x_wconf 88' lang='lat' dir='ltr'><strong>more</strong></span> <span class='ocrx_word' id='word_1_466' title='bbox 1270 3700 1510 3749; x_wconf 87' lang='lat' dir='ltr'><strong>vocatur</strong></span> <span class='ocrx_word' id='word_1_467' title='bbox 1539 3694 1611 3749; x_wconf 92' lang='lat' dir='ltr'><strong>ad</strong></span> <span class='ocrx_word' id='word_1_468' title='bbox 1645 3692 1838 3749; x_wconf 89' lang='lat' dir='ltr'><strong>aulam</strong></span> <span class='ocrx_word' id='word_1_469' title='bbox 1867 3712 1880 3761; x_wconf 91' lang='lat'><strong>;</strong></span> <span class='ocrx_word' id='word_1_470' title='bbox 2146 3696 2420 3753; x_wconf 68' lang='lat' dir='ltr'><strong>Praelatos</strong></span> <span class='ocrx_word' id='word_1_471' title='bbox 2451 3696 2742 3767; x_wconf 80' lang='lat' dir='ltr'><strong>stimulat,</strong></span> <span class='ocrx_word' id='word_1_472' title='bbox 2775 3696 3071 3766; x_wconf 88' lang='lat' dir='ltr'><strong>subjectos</strong></span> <span class='ocrx_word' id='word_1_473' title='bbox 3100 3695 3355 3768; x_wconf 90' lang='lat' dir='ltr'><strong>denique</strong></span> <span class='ocrx_word' id='word_1_474' title='bbox 3387 3695 3623 3768; x_wconf 88' lang='lat' dir='ltr'><strong>pulsat;</strong></span> 
     </span>
    </p>
   </div>
   <div class='ocr_carea' id='block_1_59' title="bbox 379 3781 3636 3857">
    <p class='ocr_par' dir='ltr' id='par_1_59' title="bbox 379 3781 3636 3857">
     <span class='ocr_line' id='line_1_59' title="bbox 379 3781 3636 3857; baseline 0 -20"><span class='ocrx_word' id='word_1_475' title='bbox 379 3784 756 3855; x_wconf 83' lang='lat' dir='ltr'><strong>Vestiturque</strong></span> <span class='ocrx_word' id='word_1_476' title='bbox 781 3788 917 3856; x_wconf 90' lang='lat' dir='ltr'><strong>toga</strong></span> <span class='ocrx_word' id='word_1_477' title='bbox 946 3784 1136 3854; x_wconf 90' lang='lat' dir='ltr'><strong>magis</strong></span> <span class='ocrx_word' id='word_1_478' title='bbox 1169 3785 1381 3838; x_wconf 89' lang='lat' dir='ltr'><strong>ardens</strong></span> <span class='ocrx_word' id='word_1_479' title='bbox 1415 3782 1612 3837; x_wconf 81' lang='lat' dir='ltr'><strong>caelibe</strong></span> <span class='ocrx_word' id='word_1_480' title='bbox 1643 3781 1783 3837; x_wconf 89' lang='lat' dir='ltr'><strong>vita.</strong></span> <span class='ocrx_word' id='word_1_481' title='bbox 2145 3786 2464 3842; x_wconf 83' lang='lat' dir='ltr'><strong>Ecclesiam</strong></span> <span class='ocrx_word' id='word_1_482' title='bbox 2493 3788 2701 3852; x_wconf 88' lang='lat' dir='ltr'><strong>vastat,</strong></span> <span class='ocrx_word' id='word_1_483' title='bbox 2731 3784 3043 3857; x_wconf 90' lang='lat' dir='ltr'><strong>populares</strong></span> <span class='ocrx_word' id='word_1_484' title='bbox 3074 3784 3335 3856; x_wconf 90' lang='lat' dir='ltr'><strong>undique</strong></span> <span class='ocrx_word' id='word_1_485' title='bbox 3368 3788 3590 3840; x_wconf 83' lang='lat' dir='ltr'><strong>mactat</strong></span> <span class='ocrx_word' id='word_1_486' title='bbox 3623 3801 3636 3838; x_wconf 93' lang='lat'><strong>:</strong></span> 
     </span>
    </p>
   </div>
   <div class='ocr_carea' id='block_1_60' title="bbox 383 3869 3563 3946">
    <p class='ocr_par' dir='ltr' id='par_1_60' title="bbox 383 3869 3563 3946">
     <span class='ocr_line' id='line_1_60' title="bbox 383 3869 3563 3946; baseline -0.001 -19"><span class='ocrx_word' id='word_1_487' title='bbox 383 3871 544 3928; x_wconf 88' lang='lat' dir='ltr'><strong>Intra</strong></span> <span class='ocrx_word' id='word_1_488' title='bbox 575 3874 767 3926; x_wconf 88' lang='lat' dir='ltr'><strong>castra</strong></span> <span class='ocrx_word' id='word_1_489' title='bbox 797 3871 900 3926; x_wconf 91' lang='lat' dir='ltr'><strong>Dei</strong></span> <span class='ocrx_word' id='word_1_490' title='bbox 930 3871 1171 3926; x_wconf 91' lang='lat' dir='ltr'><strong>devotus</strong></span> <span class='ocrx_word' id='word_1_491' title='bbox 1204 3870 1373 3926; x_wconf 89' lang='lat' dir='ltr'><strong>miles</strong></span> <span class='ocrx_word' id='word_1_492' title='bbox 1405 3869 1626 3925; x_wconf 87' lang='lat' dir='ltr'><strong>haberi.</strong></span> <span class='ocrx_word' id='word_1_493' title='bbox 2146 3876 2427 3930; x_wconf 78' lang='lat' dir='ltr'><strong>Immutat</strong></span> <span class='ocrx_word' id='word_1_494' title='bbox 2457 3891 2671 3940; x_wconf 80' lang='lat' dir='ltr'><strong>mores,</strong></span> <span class='ocrx_word' id='word_1_495' title='bbox 2704 3873 2964 3946; x_wconf 81' lang='lat' dir='ltr'><strong>indignis</strong></span> <span class='ocrx_word' id='word_1_496' title='bbox 2994 3876 3232 3946; x_wconf 61' lang='lat' dir='ltr'><strong>praestat</strong></span> <span class='ocrx_word' id='word_1_497' title='bbox 3257 3872 3514 3929; x_wconf 80' lang='lat' dir='ltr'><strong>honores</strong></span> <span class='ocrx_word' id='word_1_498' title='bbox 3550 3889 3563 3929; x_wconf 76' lang='grc' dir='ltr'>ε</span> 
     </span>
    </p>
   </div>
   <div class='ocr_carea' id='block_1_61' title="bbox 388 3958 3479 4031">
    <p class='ocr_par' dir='ltr' id='par_1_61' title="bbox 388 3958 3479 4031">
     <span class='ocr_line' id='line_1_61' title="bbox 388 3958 3479 4031; baseline 0.001 -15"><span class='ocrx_word' id='word_1_499' title='bbox 388 3960 677 4017; x_wconf 90' lang='lat' dir='ltr'><strong>Mirantur</strong></span> <span class='ocrx_word' id='word_1_500' title='bbox 699 3959 865 4015; x_wconf 88' lang='lat' dir='ltr'><strong>valde</strong></span> <span class='ocrx_word' id='word_1_501' title='bbox 895 3959 1176 4031; x_wconf 89' lang='lat' dir='ltr'><strong>primates</strong></span> <span class='ocrx_word' id='word_1_502' title='bbox 1208 3959 1389 4014; x_wconf 89' lang='lat' dir='ltr'><strong>totius</strong></span> <span class='ocrx_word' id='word_1_503' title='bbox 1421 3958 1566 4014; x_wconf 66' lang='lat' dir='ltr'><strong>aulae</strong></span> <span class='ocrx_word' id='word_1_504' title='bbox 2145 3963 2370 4020; x_wconf 90' lang='lat' dir='ltr'><strong>Nobilis</strong></span> <span class='ocrx_word' id='word_1_505' title='bbox 2401 3968 2457 4019; x_wconf 92' lang='lat' dir='ltr'><strong>et</strong></span> <span class='ocrx_word' id='word_1_506' title='bbox 2486 3962 2682 4020; x_wconf 86' lang='lat' dir='ltr'><strong>clarus</strong></span> <span class='ocrx_word' id='word_1_507' title='bbox 2706 3962 2899 4019; x_wconf 90' lang='lat' dir='ltr'><strong>subito</strong></span> <span class='ocrx_word' id='word_1_508' title='bbox 2925 3962 3215 4019; x_wconf 85' lang='lat' dir='ltr'><strong>vocitatur</strong></span> <span class='ocrx_word' id='word_1_509' title='bbox 3244 3979 3479 4030; x_wconf 87' lang='lat' dir='ltr'><strong>avarus,</strong></span> 
     </span>
    </p>
   </div>
   <div class='ocr_carea' id='block_1_62' title="bbox 388 4048 3599 4128">
    <p class='ocr_par' dir='ltr' id='par_1_62' title="bbox 388 4048 3599 4128">
     <span class='ocr_line' id='line_1_62' title="bbox 388 4048 3599 4128; baseline 0.001 -23"><span class='ocrx_word' id='word_1_510' title='bbox 388 4048 720 4123; x_wconf 89' lang='lat' dir='ltr'><strong>Ingenium,</strong></span> <span class='ocrx_word' id='word_1_511' title='bbox 753 4065 966 4118; x_wconf 91' lang='lat' dir='ltr'><strong>mores,</strong></span> <span class='ocrx_word' id='word_1_512' title='bbox 1002 4065 1241 4104; x_wconf 90' lang='lat' dir='ltr'><strong>sensum</strong></span> <span class='ocrx_word' id='word_1_513' title='bbox 1264 4048 1521 4121; x_wconf 88' lang='lat' dir='ltr'><strong>labiique</strong></span> <span class='ocrx_word' id='word_1_514' title='bbox 1549 4049 1798 4105; x_wconf 89' lang='lat' dir='ltr'><strong>nitorem</strong></span> <span class='ocrx_word' id='word_1_515' title='bbox 2145 4053 2379 4128; x_wconf 88' lang='lat' dir='ltr'><strong>Vertigo</strong></span> <span class='ocrx_word' id='word_1_516' title='bbox 2407 4052 2655 4125; x_wconf 89' lang='lat' dir='ltr'><strong>pridem,</strong></span> <span class='ocrx_word' id='word_1_517' title='bbox 2688 4068 2865 4124; x_wconf 91' lang='lat' dir='ltr'><strong>quem</strong></span> <span class='ocrx_word' id='word_1_518' title='bbox 2897 4052 3113 4107; x_wconf 86' lang='lat' dir='ltr'><strong>fecerat</strong></span> <span class='ocrx_word' id='word_1_519' title='bbox 3140 4068 3261 4108; x_wconf 83' lang='lat' dir='ltr'><strong>una</strong></span> <span class='ocrx_word' id='word_1_520' title='bbox 3289 4051 3599 4118; x_wconf 86' lang='lat' dir='ltr'><strong>Quiritem,</strong></span> 
     </span>
    </p>
   </div>
   <div class='ocr_carea' id='block_1_63' title="bbox 384 4136 3585 4214">
    <p class='ocr_par' dir='ltr' id='par_1_63' title="bbox 384 4136 3585 4214">
     <span class='ocr_line' id='line_1_63' title="bbox 384 4136 3585 4214; baseline 0 -18"><span class='ocrx_word' id='word_1_521' title='bbox 384 4136 501 4196; x_wconf 86' lang='lat' dir='ltr'><strong>Per</strong></span> <span class='ocrx_word' id='word_1_522' title='bbox 526 4155 653 4210; x_wconf 70' lang='lat' dir='ltr'><strong>qum</strong></span> <span class='ocrx_word' id='word_1_523' title='bbox 687 4139 967 4211; x_wconf 86' lang='lat' dir='ltr'><strong>majorem</strong></span> <span class='ocrx_word' id='word_1_524' title='bbox 1003 4137 1156 4210; x_wconf 88' lang='lat' dir='ltr'><strong>regis</strong></span> <span class='ocrx_word' id='word_1_525' title='bbox 1186 4137 1443 4210; x_wconf 86' lang='lat' dir='ltr'><strong>percepit</strong></span> <span class='ocrx_word' id='word_1_526' title='bbox 1472 4155 1751 4194; x_wconf 89' lang='lat' dir='ltr'><strong>amorem.</strong></span> <span class='ocrx_word' id='word_1_527' title='bbox 2145 4142 2253 4198; x_wconf 92' lang='lat' dir='ltr'><strong>Sed</strong></span> <span class='ocrx_word' id='word_1_528' title='bbox 2284 4141 2640 4197; x_wconf 85' lang='lat' dir='ltr'><strong>furiosorum</strong></span> <span class='ocrx_word' id='word_1_529' title='bbox 2675 4158 2789 4196; x_wconf 92' lang='lat' dir='ltr'><strong>non</strong></span> <span class='ocrx_word' id='word_1_530' title='bbox 2820 4140 2907 4197; x_wconf 91' lang='lat' dir='ltr'><strong>vis</strong></span> <span class='ocrx_word' id='word_1_531' title='bbox 2936 4139 3161 4214; x_wconf 90' lang='lat' dir='ltr'><strong>pepulit</strong></span> <span class='ocrx_word' id='word_1_532' title='bbox 3185 4140 3585 4209; x_wconf 86' lang='lat' dir='ltr'><strong>dominorum,</strong></span> 
     </span>
    </p>
   </div>
   <div class='ocr_carea' id='block_1_64' title="bbox 457 4224 3531 4303">
    <p class='ocr_par' dir='ltr' id='par_1_64' title="bbox 457 4224 3531 4303">
     <span class='ocr_line' id='line_1_64' title="bbox 457 4224 3531 4303; baseline 0.001 -23"><span class='ocrx_word' id='word_1_533' title='bbox 457 4230 685 4282; x_wconf 89' lang='lat' dir='ltr'><strong>Interea</strong></span> <span class='ocrx_word' id='word_1_534' title='bbox 714 4225 928 4299; x_wconf 65' lang='lat' dir='ltr'><strong>praesul</strong></span> <span class='ocrx_word' id='word_1_535' title='bbox 960 4224 1230 4299; x_wconf 89' lang='lat' dir='ltr'><strong>migravit</strong></span> <span class='ocrx_word' id='word_1_536' title='bbox 1261 4226 1768 4300; x_wconf 82' lang='lat' dir='ltr'><strong>Rothomagensis,</strong></span> <span class='ocrx_word' id='word_1_537' title='bbox 2147 4232 2457 4303; x_wconf 88' lang='lat' dir='ltr'><strong>Subjectus</strong></span> <span class='ocrx_word' id='word_1_538' title='bbox 2488 4230 2666 4297; x_wconf 88' lang='lat' dir='ltr'><strong>vitiis,</strong></span> <span class='ocrx_word' id='word_1_539' title='bbox 2699 4230 2908 4287; x_wconf 89' lang='lat' dir='ltr'><strong>vinclis</strong></span> <span class='ocrx_word' id='word_1_540' title='bbox 2938 4246 3256 4302; x_wconf 90' lang='lat' dir='ltr'><strong>oppressus</strong></span> <span class='ocrx_word' id='word_1_541' title='bbox 3282 4228 3531 4302; x_wconf 85' lang='lat' dir='ltr'><strong>iniquis,</strong></span> 
     </span>
    </p>
   </div>
   <div class='ocr_carea' id='block_1_65' title="bbox 385 4315 3497 4392">
    <p class='ocr_par' dir='ltr' id='par_1_65' title="bbox 385 4315 3497 4392">
     <span class='ocr_line' id='line_1_65' title="bbox 385 4315 3497 4392; baseline 0 -20"><span class='ocrx_word' id='word_1_542' title='bbox 385 4316 454 4372; x_wconf 87' lang='lat' dir='ltr'><strong>Et</strong></span> <span class='ocrx_word' id='word_1_543' title='bbox 482 4332 622 4390; x_wconf 84' lang='lat' dir='ltr'><strong>grex</strong></span> <span class='ocrx_word' id='word_1_544' title='bbox 650 4316 903 4390; x_wconf 88' lang='lat' dir='ltr'><strong>pastoris</strong></span> <span class='ocrx_word' id='word_1_545' title='bbox 932 4315 1208 4373; x_wconf 87' lang='lat' dir='ltr'><strong>viduatus</strong></span> <span class='ocrx_word' id='word_1_546' title='bbox 1243 4320 1427 4372; x_wconf 91' lang='lat' dir='ltr'><strong>morte</strong></span> <span class='ocrx_word' id='word_1_547' title='bbox 1449 4316 1748 4372; x_wconf 90' lang='lat' dir='ltr'><strong>remansit.</strong></span> <span class='ocrx_word' id='word_1_548' title='bbox 1872 4330 1877 4333; x_wconf 70' lang='lat'><strong><em>‘</em></strong></span> <span class='ocrx_word' id='word_1_549' title='bbox 2146 4321 2214 4375; x_wconf 89' lang='lat' dir='ltr'><strong>Et</strong></span> <span class='ocrx_word' id='word_1_550' title='bbox 2247 4318 2514 4392; x_wconf 89' lang='lat' dir='ltr'><strong>quamvis</strong></span> <span class='ocrx_word' id='word_1_551' title='bbox 2545 4318 2739 4375; x_wconf 90' lang='lat' dir='ltr'><strong>subito</strong></span> <span class='ocrx_word' id='word_1_552' title='bbox 2770 4319 2848 4374; x_wconf 91' lang='lat' dir='ltr'><strong>sit</strong></span> <span class='ocrx_word' id='word_1_553' title='bbox 2868 4319 3053 4390; x_wconf 87' lang='lat' dir='ltr'><strong>judex</strong></span> <span class='ocrx_word' id='word_1_554' title='bbox 3080 4318 3267 4374; x_wconf 90' lang='lat' dir='ltr'><strong>tristis</strong></span> <span class='ocrx_word' id='word_1_555' title='bbox 3294 4334 3497 4391; x_wconf 89' lang='lat' dir='ltr'><strong>agaso,</strong></span> 
     </span>
    </p>
   </div>
   <div class='ocr_carea' id='block_1_66' title="bbox 384 4404 3615 4480">
    <p class='ocr_par' dir='ltr' id='par_1_66' title="bbox 384 4404 3615 4480">
     <span class='ocr_line' id='line_1_66' title="bbox 384 4404 3615 4480; baseline -0 -19"><span class='ocrx_word' id='word_1_556' title='bbox 384 4405 547 4462; x_wconf 91' lang='lat' dir='ltr'><strong>Unde</strong></span> <span class='ocrx_word' id='word_1_557' title='bbox 579 4405 690 4462; x_wconf 91' lang='lat' dir='ltr'><strong>sibi</strong></span> <span class='ocrx_word' id='word_1_558' title='bbox 722 4423 990 4479; x_wconf 66' lang='lat' dir='ltr'><strong>quaerens</strong></span> <span class='ocrx_word' id='word_1_559' title='bbox 1022 4404 1122 4478; x_wconf 90' lang='lat' dir='ltr'><strong>qui</strong></span> <span class='ocrx_word' id='word_1_560' title='bbox 1154 4409 1317 4462; x_wconf 90' lang='lat' dir='ltr'><strong>tanto</strong></span> <span class='ocrx_word' id='word_1_561' title='bbox 1349 4406 1549 4478; x_wconf 72' lang='lat' dir='ltr'><strong>praesit</strong></span> <span class='ocrx_word' id='word_1_562' title='bbox 1578 4405 1736 4474; x_wconf 89' lang='lat' dir='ltr'><strong>ovili,</strong></span> <span class='ocrx_word' id='word_1_563' title='bbox 2147 4408 2234 4464; x_wconf 89' lang='lat' dir='ltr'><strong>Sit</strong></span> <span class='ocrx_word' id='word_1_564' title='bbox 2262 4407 2486 4480; x_wconf 88' lang='lat' dir='ltr'><strong>pollens</strong></span> <span class='ocrx_word' id='word_1_565' title='bbox 2518 4408 2713 4475; x_wconf 87' lang='lat' dir='ltr'><strong>rebus,</strong></span> <span class='ocrx_word' id='word_1_566' title='bbox 2747 4411 2940 4464; x_wconf 87' lang='lat' dir='ltr'><strong>tamen</strong></span> <span class='ocrx_word' id='word_1_567' title='bbox 2972 4407 3088 4463; x_wconf 85' lang='lat' dir='ltr'><strong>exit</strong></span> <span class='ocrx_word' id='word_1_568' title='bbox 3116 4406 3363 4463; x_wconf 91' lang='lat' dir='ltr'><strong>crimine</strong></span> <span class='ocrx_word' id='word_1_569' title='bbox 3393 4424 3615 4463; x_wconf 87' lang='lat' dir='ltr'><strong>servus.</strong></span> 
     </span>
    </p>
   </div>
   <div class='ocr_carea' id='block_1_67' title="bbox 383 4494 3407 4568">
    <p class='ocr_par' dir='ltr' id='par_1_67' title="bbox 383 4494 3407 4568">
     <span class='ocr_line' id='line_1_67' title="bbox 383 4494 3407 4568; baseline 0 -18"><span class='ocrx_word' id='word_1_570' title='bbox 383 4494 489 4559; x_wconf 92' lang='lat' dir='ltr'>Qui</span> <span class='ocrx_word' id='word_1_571' title='bbox 522 4500 680 4567; x_wconf 88' lang='lat' dir='ltr'><strong>reget</strong></span> <span class='ocrx_word' id='word_1_572' title='bbox 709 4496 1030 4552; x_wconf 87' lang='lat' dir='ltr'><strong>Ecclesiam</strong></span> <span class='ocrx_word' id='word_1_573' title='bbox 1074 4496 1269 4568; x_wconf 88' lang='lat' dir='ltr'><strong>digne,</strong></span> <span class='ocrx_word' id='word_1_574' title='bbox 1320 4494 1478 4551; x_wconf 89' lang='lat' dir='ltr'><strong>velut</strong></span> <span class='ocrx_word' id='word_1_575' title='bbox 1528 4494 1754 4552; x_wconf 87' lang='lat' dir='ltr'><strong>assecla</strong></span> <span class='ocrx_word' id='word_1_576' title='bbox 1800 4495 2036 4566; x_wconf 89' lang='lat' dir='ltr'><strong>Christi,</strong></span> <span class='ocrx_word' id='word_1_577' title='bbox 2145 4500 2447 4552; x_wconf 87' lang='lat' dir='ltr'><strong>Humanas</strong></span> <span class='ocrx_word' id='word_1_578' title='bbox 2479 4494 2636 4565; x_wconf 90' lang='lat' dir='ltr'><strong>leges</strong></span> <span class='ocrx_word' id='word_1_579' title='bbox 2667 4495 2871 4567; x_wconf 89' lang='lat' dir='ltr'><strong>regina</strong></span> <span class='ocrx_word' id='word_1_580' title='bbox 2895 4496 3145 4567; x_wconf 89' lang='lat' dir='ltr'><strong>pecunia</strong></span> <span class='ocrx_word' id='word_1_581' title='bbox 3172 4500 3407 4566; x_wconf 89' lang='lat' dir='ltr'><strong>tractat,</strong></span> 
     </span>
    </p>
   </div>
   <div class='ocr_carea' id='block_1_68' title="bbox 382 4583 3775 4673">
    <p class='ocr_par' dir='ltr' id='par_1_68' title="bbox 382 4583 3775 4673">
     <span class='ocr_line' id='line_1_68' title="bbox 382 4583 3775 4673; baseline -0 -37"><span class='ocrx_word' id='word_1_582' title='bbox 382 4583 560 4673; x_wconf 40' lang='lat' dir='ltr'><strong>audit</strong></span> <span class='ocrx_word' id='word_1_583' title='bbox 590 4585 919 4641; x_wconf 83' lang='lat' dir='ltr'><strong>Romanum</strong></span> <span class='ocrx_word' id='word_1_584' title='bbox 955 4586 1110 4641; x_wconf 89' lang='lat' dir='ltr'><strong>fama</strong></span> <span class='ocrx_word' id='word_1_585' title='bbox 1134 4586 1409 4658; x_wconf 88' lang='lat' dir='ltr'><strong>vulgante</strong></span> <span class='ocrx_word' id='word_1_586' title='bbox 1439 4586 1697 4651; x_wconf 89' lang='lat' dir='ltr'><strong>beatum,</strong></span> <span class='ocrx_word' id='word_1_587' title='bbox 2065 4608 2112 4673; x_wconf 83' lang='lat' dir='ltr'>D</span> <span class='ocrx_word' id='word_1_588' title='bbox 2146 4585 2216 4640; x_wconf 90' lang='lat' dir='ltr'><strong>Et</strong></span> <span class='ocrx_word' id='word_1_589' title='bbox 2246 4585 2401 4657; x_wconf 90' lang='lat' dir='ltr'><strong>quod</strong></span> <span class='ocrx_word' id='word_1_590' title='bbox 2430 4584 2751 4657; x_wconf 89' lang='lat' dir='ltr'><strong>lugendum</strong></span> <span class='ocrx_word' id='word_1_591' title='bbox 2784 4584 3020 4657; x_wconf 84' lang='lat' dir='ltr'><strong>gravius</strong></span> <span class='ocrx_word' id='word_1_592' title='bbox 3048 4584 3427 4673; x_wconf 85' lang='lat' dir='ltr'><strong>multumque</strong></span> <span class='ocrx_word' id='word_1_593' title='bbox 3450 4583 3656 4640; x_wconf 90' lang='lat' dir='ltr'><strong>dolend</strong></span> <span class='ocrx_word' id='word_1_594' title='bbox 3671 4595 3775 4646; x_wconf 86' lang='lat' dir='ltr'><strong>um,</strong></span> 
     </span>
    </p>
   </div>
   <div class='ocr_carea' id='block_1_69' title="bbox 385 4669 3425 4746">
    <p class='ocr_par' dir='ltr' id='par_1_69' title="bbox 385 4669 3425 4746">
     <span class='ocr_line' id='line_1_69' title="bbox 385 4669 3425 4746; baseline 0.001 -23"><span class='ocrx_word' id='word_1_595' title='bbox 385 4669 502 4724; x_wconf 69' lang='lat' dir='ltr'><strong>Prae</strong></span> <span class='ocrx_word' id='word_1_596' title='bbox 534 4673 757 4727; x_wconf 90' lang='lat' dir='ltr'><strong>cunctis</strong></span> <span class='ocrx_word' id='word_1_597' title='bbox 787 4678 1078 4739; x_wconf 89' lang='lat' dir='ltr'><strong>sanctum,</strong></span> <span class='ocrx_word' id='word_1_598' title='bbox 1112 4674 1363 4729; x_wconf 88' lang='lat' dir='ltr'><strong>summis</strong></span> <span class='ocrx_word' id='word_1_599' title='bbox 1384 4673 1702 4731; x_wconf 88' lang='lat' dir='ltr'><strong>virtutibus</strong></span> <span class='ocrx_word' id='word_1_600' title='bbox 1734 4678 1997 4743; x_wconf 89' lang='lat' dir='ltr'><strong>auctum,</strong></span> <span class='ocrx_word' id='word_1_601' title='bbox 2066 4669 2101 4673; x_wconf 54' lang='grc'><strong><em>⁷</em></strong></span> <span class='ocrx_word' id='word_1_602' title='bbox 2145 4672 2277 4746; x_wconf 86' lang='lat' dir='ltr'><strong>Ipsa</strong></span> <span class='ocrx_word' id='word_1_603' title='bbox 2303 4676 2618 4746; x_wconf 88' lang='lat' dir='ltr'><strong>potestates</strong></span> <span class='ocrx_word' id='word_1_604' title='bbox 2650 4689 3033 4745; x_wconf 89' lang='lat' dir='ltr'><strong>corrumpens</strong></span> <span class='ocrx_word' id='word_1_605' title='bbox 3065 4671 3425 4745; x_wconf 86' lang='lat' dir='ltr'><strong>spirituales,</strong></span> 
     </span>
    </p>
   </div>
   <div class='ocr_carea' id='block_1_70' title="bbox 384 4757 3512 4833">
    <p class='ocr_par' dir='ltr' id='par_1_70' title="bbox 384 4757 3512 4833">
     <span class='ocr_line' id='line_1_70' title="bbox 384 4757 3512 4833; baseline 0.001 -21"><span class='ocrx_word' id='word_1_606' title='bbox 384 4757 554 4829; x_wconf 91' lang='lat' dir='ltr'><strong>Optat</strong></span> <span class='ocrx_word' id='word_1_607' title='bbox 576 4764 632 4814; x_wconf 89' lang='lat' dir='ltr'>et</span> <span class='ocrx_word' id='word_1_608' title='bbox 662 4761 921 4832; x_wconf 88' lang='lat' dir='ltr'><strong>exposcit</strong></span> <span class='ocrx_word' id='word_1_609' title='bbox 946 4766 1108 4816; x_wconf 89' lang='lat' dir='ltr'><strong>tanto</strong></span> <span class='ocrx_word' id='word_1_610' title='bbox 1139 4767 1370 4833; x_wconf 89' lang='lat' dir='ltr'><strong>pastore</strong></span> <span class='ocrx_word' id='word_1_611' title='bbox 1401 4762 1598 4830; x_wconf 90' lang='lat' dir='ltr'><strong>levari,</strong></span> <span class='ocrx_word' id='word_1_612' title='bbox 2139 4764 2350 4818; x_wconf 88' lang='lat' dir='ltr'><strong>Crebro</strong></span> <span class='ocrx_word' id='word_1_613' title='bbox 2382 4760 2677 4818; x_wconf 88' lang='lat' dir='ltr'><strong>sacricolis</strong></span> <span class='ocrx_word' id='word_1_614' title='bbox 2708 4761 2883 4817; x_wconf 89' lang='lat' dir='ltr'><strong>infert</strong></span> <span class='ocrx_word' id='word_1_615' title='bbox 2912 4760 3253 4816; x_wconf 89' lang='lat' dir='ltr'><strong>discrimina</strong></span> <span class='ocrx_word' id='word_1_616' title='bbox 3284 4760 3512 4816; x_wconf 90' lang='lat' dir='ltr'><strong>mortis.</strong></span> 
     </span>
    </p>
   </div>
   <div class='ocr_carea' id='block_1_71' title="bbox 383 4848 3613 4923">
    <p class='ocr_par' dir='ltr' id='par_1_71' title="bbox 383 4848 3613 4923">
     <span class='ocr_line' id='line_1_71' title="bbox 383 4848 3613 4923; baseline 0.002 -23"><span class='ocrx_word' id='word_1_617' title='bbox 383 4851 503 4902; x_wconf 86' lang='lat' dir='ltr'><strong>Hoc</strong></span> <span class='ocrx_word' id='word_1_618' title='bbox 529 4853 748 4903; x_wconf 92' lang='lat' dir='ltr'><strong>rectore</strong></span> <span class='ocrx_word' id='word_1_619' title='bbox 779 4850 917 4922; x_wconf 86' lang='lat' dir='ltr'><strong>regi,</strong></span> <span class='ocrx_word' id='word_1_620' title='bbox 950 4848 1052 4904; x_wconf 87' lang='lat' dir='ltr'><strong>tali</strong></span> <span class='ocrx_word' id='word_1_621' title='bbox 1084 4866 1318 4923; x_wconf 89' lang='lat' dir='ltr'><strong>gemma</strong></span> <span class='ocrx_word' id='word_1_622' title='bbox 1347 4851 1625 4907; x_wconf 89' lang='lat' dir='ltr'><strong>decorari.</strong></span> <span class='ocrx_word' id='word_1_623' title='bbox 2215 4851 2503 4923; x_wconf 73' lang='lat' dir='ltr'><strong>Praecipue</strong></span> <span class='ocrx_word' id='word_1_624' title='bbox 2537 4850 2779 4920; x_wconf 91' lang='lat' dir='ltr'><strong>multos,</strong></span> <span class='ocrx_word' id='word_1_625' title='bbox 2814 4866 2961 4922; x_wconf 90' lang='lat' dir='ltr'><strong>quos</strong></span> <span class='ocrx_word' id='word_1_626' title='bbox 2992 4850 3199 4905; x_wconf 90' lang='lat' dir='ltr'><strong>dicunt</strong></span> <span class='ocrx_word' id='word_1_627' title='bbox 3228 4849 3613 4918; x_wconf 88' lang='lat' dir='ltr'><strong>simonianos,</strong></span> 
     </span>
    </p>
   </div>
   <div class='ocr_carea' id='block_1_72' title="bbox 384 4936 3529 5012">
    <p class='ocr_par' dir='ltr' id='par_1_72' title="bbox 384 4936 3529 5012">
     <span class='ocr_line' id='line_1_72' title="bbox 384 4936 3529 5012; baseline 0.001 -23"><span class='ocrx_word' id='word_1_628' title='bbox 384 4936 502 4990; x_wconf 81' lang='lat' dir='ltr'><strong>Rex</strong></span> <span class='ocrx_word' id='word_1_629' title='bbox 531 4936 628 4990; x_wconf 90' lang='lat' dir='ltr'><strong>ubi</strong></span> <span class='ocrx_word' id='word_1_630' title='bbox 663 4938 1015 4992; x_wconf 85' lang='lat' dir='ltr'><strong>Francorum</strong></span> <span class='ocrx_word' id='word_1_631' title='bbox 1050 4939 1340 5009; x_wconf 89' lang='lat' dir='ltr'><strong>persensit</strong></span> <span class='ocrx_word' id='word_1_632' title='bbox 1370 4937 1621 4994; x_wconf 88' lang='lat' dir='ltr'><strong>amabile</strong></span> <span class='ocrx_word' id='word_1_633' title='bbox 1654 4943 1873 5008; x_wconf 90' lang='lat' dir='ltr'><strong>votum,</strong></span> <span class='ocrx_word' id='word_1_634' title='bbox 2142 4940 2370 4996; x_wconf 90' lang='lat' dir='ltr'><strong>Invadit</strong></span> <span class='ocrx_word' id='word_1_635' title='bbox 2400 4939 2635 5012; x_wconf 89' lang='lat' dir='ltr'><strong>penitus</strong></span> <span class='ocrx_word' id='word_1_636' title='bbox 2666 4939 3007 4994; x_wconf 80' lang='lat' dir='ltr'><strong>flammante</strong></span> <span class='ocrx_word' id='word_1_637' title='bbox 3038 4938 3334 5011; x_wconf 88' lang='lat' dir='ltr'><strong>cupidinis</strong></span> <span class='ocrx_word' id='word_1_638' title='bbox 3360 4942 3529 4994; x_wconf 61' lang='lat' dir='ltr'><strong>aestu.</strong></span> 
     </span>
    </p>
   </div>
   <div class='ocr_carea' id='block_1_73' title="bbox 2142 5026 3638 5092">
    <p class='ocr_par' dir='ltr' id='par_1_73' title="bbox 2142 5026 3638 5092">
     <span class='ocr_line' id='line_1_73' title="bbox 2142 5026 3638 5092; baseline -0.003 -8"><span class='ocrx_word' id='word_1_639' title='bbox 2142 5029 2383 5085; x_wconf 90' lang='lat' dir='ltr'><strong>Ordinat</strong></span> <span class='ocrx_word' id='word_1_640' title='bbox 2412 5028 2519 5083; x_wconf 91' lang='lat' dir='ltr'><strong>hos</strong></span> <span class='ocrx_word' id='word_1_641' title='bbox 2550 5044 2853 5091; x_wconf 91' lang='lat' dir='ltr'><strong>nummus,</strong></span> <span class='ocrx_word' id='word_1_642' title='bbox 2889 5045 3005 5082; x_wconf 91' lang='lat' dir='ltr'><strong>non</strong></span> <span class='ocrx_word' id='word_1_643' title='bbox 3038 5028 3168 5083; x_wconf 63' lang='lat' dir='ltr'><strong>vita:</strong></span> <span class='ocrx_word' id='word_1_644' title='bbox 3197 5026 3415 5083; x_wconf 90' lang='lat' dir='ltr'><strong>nobilis</strong></span> <span class='ocrx_word' id='word_1_645' title='bbox 3448 5031 3638 5092; x_wconf 88' lang='lat' dir='ltr'><strong>actus;</strong></span> 
     </span>
    </p>
   </div>
   <div class='ocr_carea' id='block_1_74' title="bbox 2142 5116 3555 5189">
    <p class='ocr_par' dir='ltr' id='par_1_74' title="bbox 2142 5116 3555 5189">
     <span class='ocr_line' id='line_1_74' title="bbox 2142 5116 3555 5189; baseline -0.001 -15"><span class='ocrx_word' id='word_1_646' title='bbox 2142 5118 2344 5174; x_wconf 86' lang='lat' dir='ltr'><strong>Servat</strong></span> <span class='ocrx_word' id='word_1_647' title='bbox 2373 5116 2520 5173; x_wconf 88' lang='lat' dir='ltr'><strong>ovile</strong></span> <span class='ocrx_word' id='word_1_648' title='bbox 2552 5116 2747 5188; x_wconf 90' lang='lat' dir='ltr'><strong>lupus,</strong></span> <span class='ocrx_word' id='word_1_649' title='bbox 2782 5120 2978 5188; x_wconf 88' lang='lat' dir='ltr'><strong>captat</strong></span> <span class='ocrx_word' id='word_1_650' title='bbox 3009 5117 3210 5173; x_wconf 86' lang='lat' dir='ltr'><strong>divina</strong></span> <span class='ocrx_word' id='word_1_651' title='bbox 3235 5116 3555 5189; x_wconf 85' lang='lat' dir='ltr'><strong>malignus,</strong></span> 
     </span>
    </p>
   </div>
   <div class='ocr_carea' id='block_1_75' title="bbox 2137 5204 3587 5277">
    <p class='ocr_par' dir='ltr' id='par_1_75' title="bbox 2137 5204 3587 5277">
     <span class='ocr_line' id='line_1_75' title="bbox 2137 5204 3587 5277; baseline -0.003 -15"><span class='ocrx_word' id='word_1_652' title='bbox 2137 5205 2426 5262; x_wconf 74' lang='lat' dir='ltr'><strong>Daemonis</strong></span> <span class='ocrx_word' id='word_1_653' title='bbox 2457 5222 2526 5261; x_wconf 87' lang='lat' dir='ltr'><strong>ex</strong></span> <span class='ocrx_word' id='word_1_654' title='bbox 2555 5205 2692 5260; x_wconf 92' lang='lat' dir='ltr'><strong>nido</strong></span> <span class='ocrx_word' id='word_1_655' title='bbox 2723 5222 2897 5277; x_wconf 90' lang='lat' dir='ltr'><strong>quem</strong></span> <span class='ocrx_word' id='word_1_656' title='bbox 2928 5204 3169 5277; x_wconf 90' lang='lat' dir='ltr'><strong>protulit</strong></span> <span class='ocrx_word' id='word_1_657' title='bbox 3197 5210 3325 5261; x_wconf 87' lang='lat' dir='ltr'><strong>atra</strong></span> <span class='ocrx_word' id='word_1_658' title='bbox 3355 5204 3587 5277; x_wconf 91' lang='lat' dir='ltr'><strong>cupido,</strong></span> 
     </span>
    </p>
   </div>
   <div class='ocr_carea' id='block_1_76' title="bbox 2028 5292 3542 5366">
    <p class='ocr_par' dir='ltr' id='par_1_76' title="bbox 2028 5292 3542 5366">
     <span class='ocr_line' id='line_1_76' title="bbox 2028 5292 3542 5366; baseline -0.006 -11"><span class='ocrx_word' id='word_1_659' title='bbox 2028 5344 2037 5355; x_wconf 88' lang='lat'><strong><em>,</em></strong></span> <span class='ocrx_word' id='word_1_660' title='bbox 2135 5295 2356 5362; x_wconf 89' lang='lat' dir='ltr'><strong>Evolat,</strong></span> <span class='ocrx_word' id='word_1_661' title='bbox 2389 5294 2506 5350; x_wconf 87' lang='lat' dir='ltr'><strong>alta</strong></span> <span class='ocrx_word' id='word_1_662' title='bbox 2536 5294 2699 5366; x_wconf 90' lang='lat' dir='ltr'><strong>petit.</strong></span> <span class='ocrx_word' id='word_1_663' title='bbox 2734 5293 2894 5349; x_wconf 89' lang='lat' dir='ltr'><strong>Facit</strong></span> <span class='ocrx_word' id='word_1_664' title='bbox 2923 5293 3032 5350; x_wconf 90' lang='lat' dir='ltr'><strong>hoc</strong></span> <span class='ocrx_word' id='word_1_665' title='bbox 3062 5294 3333 5350; x_wconf 88' lang='lat' dir='ltr'><strong>absentia</strong></span> <span class='ocrx_word' id='word_1_666' title='bbox 3366 5292 3542 5349; x_wconf 89' lang='lat' dir='ltr'><strong>Petri.</strong></span> 
     </span>
    </p>
   </div>
   <div class='ocr_carea' id='block_1_77' title="bbox 2133 5382 3604 5455">
    <p class='ocr_par' dir='ltr' id='par_1_77' title="bbox 2133 5382 3604 5455">
     <span class='ocr_line' id='line_1_77' title="bbox 2133 5382 3604 5455; baseline -0.005 -14"><span class='ocrx_word' id='word_1_667' title='bbox 2133 5386 2281 5441; x_wconf 88' lang='lat' dir='ltr'><strong>Nam</strong></span> <span class='ocrx_word' id='word_1_668' title='bbox 2312 5384 2482 5440; x_wconf 91' lang='lat' dir='ltr'><strong>credo</strong></span> <span class='ocrx_word' id='word_1_669' title='bbox 2514 5386 2726 5448; x_wconf 89' lang='lat' dir='ltr'><strong>rueret,</strong></span> <span class='ocrx_word' id='word_1_670' title='bbox 2760 5382 2811 5437; x_wconf 90' lang='lat' dir='ltr'><strong>si</strong></span> <span class='ocrx_word' id='word_1_671' title='bbox 2844 5382 3070 5454; x_wconf 90' lang='lat' dir='ltr'><strong>Cephas</strong></span> <span class='ocrx_word' id='word_1_672' title='bbox 3092 5382 3399 5455; x_wconf 81' lang='lat' dir='ltr'><strong>proximus</strong></span> <span class='ocrx_word' id='word_1_673' title='bbox 3429 5383 3604 5437; x_wconf 89' lang='lat' dir='ltr'><strong>esset.</strong></span> 
     </span>
    </p>
   </div>
   <div class='ocr_carea' id='block_1_78' title="bbox 389 2895 1722 2952">
    <p class='ocr_par' dir='ltr' id='par_1_78' title="bbox 389 2895 1722 2952">
     <span class='ocr_line' id='line_1_78' title="bbox 389 2895 1722 2952; baseline -0.001 -1"><span class='ocrx_word' id='word_1_674' title='bbox 389 2896 689 2952; x_wconf 88' lang='lat' dir='ltr'><strong>Percurrat</strong></span> <span class='ocrx_word' id='word_1_675' title='bbox 720 2895 981 2951; x_wconf 86' lang='lat' dir='ltr'><strong>calamus</strong></span> <span class='ocrx_word' id='word_1_676' title='bbox 1011 2895 1205 2950; x_wconf 87' lang='lat' dir='ltr'><strong>divino</strong></span> <span class='ocrx_word' id='word_1_677' title='bbox 1239 2895 1475 2950; x_wconf 83' lang='lat' dir='ltr'><strong>ﬂamine</strong></span> <span class='ocrx_word' id='word_1_678' title='bbox 1508 2899 1722 2950; x_wconf 85' lang='lat' dir='ltr'><strong>tactus.</strong></span> 
     </span>
    </p>
   </div>
   <div class='ocr_carea' id='block_1_79' title="bbox 381 5023 1824 5098">
    <p class='ocr_par' dir='ltr' id='par_1_79' title="bbox 381 5023 1824 5098">
     <span class='ocr_line' id='line_1_79' title="bbox 381 5023 1824 5098; baseline 0.002 -20"><span class='ocrx_word' id='word_1_679' title='bbox 381 5023 586 5078; x_wconf 92' lang='lat' dir='ltr'><strong>Totius</strong></span> <span class='ocrx_word' id='word_1_680' title='bbox 618 5025 869 5079; x_wconf 67' lang='lat' dir='ltr'><strong>occidua:</strong></span> <span class='ocrx_word' id='word_1_681' title='bbox 902 5026 1093 5097; x_wconf 86' lang='lat' dir='ltr'><strong>gentis</strong></span> <span class='ocrx_word' id='word_1_682' title='bbox 1125 5044 1549 5098; x_wconf 89' lang='lat' dir='ltr'><strong>procerumque</strong></span> <span class='ocrx_word' id='word_1_683' title='bbox 1583 5044 1824 5082; x_wconf 90' lang='lat' dir='ltr'><strong>suorum</strong></span> 
     </span>
    </p>
   </div>
   <div class='ocr_carea' id='block_1_80' title="bbox 381 5110 1775 5187">
    <p class='ocr_par' dir='ltr' id='par_1_80' title="bbox 381 5110 1775 5187">
     <span class='ocr_line' id='line_1_80' title="bbox 381 5110 1775 5187; baseline 0.003 -21"><span class='ocrx_word' id='word_1_684' title='bbox 381 5110 635 5167; x_wconf 90' lang='lat' dir='ltr'><strong>Consilio</strong></span> <span class='ocrx_word' id='word_1_685' title='bbox 668 5113 826 5169; x_wconf 87' lang='lat' dir='ltr'><strong>favit.</strong></span> <span class='ocrx_word' id='word_1_686' title='bbox 865 5116 1027 5180; x_wconf 89' lang='lat' dir='ltr'>Quod</span> <span class='ocrx_word' id='word_1_687' title='bbox 1059 5115 1221 5186; x_wconf 85' lang='lat' dir='ltr'><strong>plebs</strong></span> <span class='ocrx_word' id='word_1_688' title='bbox 1252 5115 1581 5187; x_wconf 83' lang='lat' dir='ltr'><strong>expostulat</strong></span> <span class='ocrx_word' id='word_1_689' title='bbox 1610 5116 1775 5171; x_wconf 87' lang='lat' dir='ltr'><strong>audit</strong></span> 
     </span>
    </p>
   </div>
   <div class='ocr_carea' id='block_1_81' title="bbox 378 5199 1765 5272">
    <p class='ocr_par' dir='ltr' id='par_1_81' title="bbox 378 5199 1765 5272">
     <span class='ocr_line' id='line_1_81' title="bbox 378 5199 1765 5272; baseline 0.004 -20"><span class='ocrx_word' id='word_1_690' title='bbox 378 5199 529 5270; x_wconf 90' lang='lat' dir='ltr'><strong>Erga</strong></span> <span class='ocrx_word' id='word_1_691' title='bbox 560 5199 938 5272; x_wconf 82' lang='lat' dir='ltr'><strong>magnificum</strong></span> <span class='ocrx_word' id='word_1_692' title='bbox 969 5202 1185 5256; x_wconf 92' lang='lat' dir='ltr'><strong>summi</strong></span> <span class='ocrx_word' id='word_1_693' title='bbox 1218 5204 1457 5259; x_wconf 87' lang='lat' dir='ltr'><strong>rectoris</strong></span> <span class='ocrx_word' id='word_1_694' title='bbox 1489 5202 1765 5259; x_wconf 89' lang='lat' dir='ltr'><strong>amicum.</strong></span> 
     </span>
    </p>
   </div>
   <div class='ocr_carea' id='block_1_82' title="bbox 378 5288 1936 5365">
    <p class='ocr_par' dir='ltr' id='par_1_82' title="bbox 378 5288 1936 5365">
     <span class='ocr_line' id='line_1_82' title="bbox 378 5288 1936 5365; baseline 0.004 -23"><span class='ocrx_word' id='word_1_695' title='bbox 378 5288 527 5359; x_wconf 86' lang='lat' dir='ltr'><strong>Ergo</strong></span> <span class='ocrx_word' id='word_1_696' title='bbox 560 5288 905 5344; x_wconf 89' lang='lat' dir='ltr'><strong>renitentem</strong></span> <span class='ocrx_word' id='word_1_697' title='bbox 939 5292 1206 5361; x_wconf 89' lang='lat' dir='ltr'><strong>quamvis</strong></span> <span class='ocrx_word' id='word_1_698' title='bbox 1236 5292 1584 5364; x_wconf 84' lang='lat' dir='ltr'><strong>pondusque</strong></span> <span class='ocrx_word' id='word_1_699' title='bbox 1610 5297 1936 5365; x_wconf 89' lang='lat' dir='ltr'><strong>paventem,</strong></span> 
     </span>
    </p>
   </div>
   <div class='ocr_carea' id='block_1_83' title="bbox 377 5376 1734 5436">
    <p class='ocr_par' dir='ltr' id='par_1_83' title="bbox 377 5376 1734 5436">
     <span class='ocr_line' id='line_1_83' title="bbox 377 5376 1734 5436; baseline 0.002 -3"><span class='ocrx_word' id='word_1_700' title='bbox 377 5377 637 5433; x_wconf 86' lang='lat' dir='ltr'><strong>Electum</strong></span> <span class='ocrx_word' id='word_1_701' title='bbox 670 5376 902 5432; x_wconf 89' lang='lat' dir='ltr'><strong>Domini</strong></span> <span class='ocrx_word' id='word_1_702' title='bbox 936 5380 1265 5434; x_wconf 83' lang='lat' dir='ltr'><strong>Romanum</strong></span> <span class='ocrx_word' id='word_1_703' title='bbox 1296 5381 1551 5436; x_wconf 89' lang='lat' dir='ltr'><strong>destinat</strong></span> <span class='ocrx_word' id='word_1_704' title='bbox 1583 5382 1734 5436; x_wconf 87' lang='lat' dir='ltr'><strong>urbi.</strong></span> 
     </span>
    </p>
   </div>
   <div class='ocr_carea' id='block_1_84' title="bbox 448 5465 1885 5539">
    <p class='ocr_par' dir='ltr' id='par_1_84' title="bbox 448 5465 1885 5539">
     <span class='ocr_line' id='line_1_84' title="bbox 448 5465 1885 5539; baseline 0.003 -16"><span class='ocrx_word' id='word_1_705' title='bbox 448 5465 491 5523; x_wconf 93' lang='grc' dir='ltr'>Ο</span> <span class='ocrx_word' id='word_1_706' title='bbox 522 5465 735 5522; x_wconf 88' lang='lat' dir='ltr'><strong>Christi</strong></span> <span class='ocrx_word' id='word_1_707' title='bbox 761 5466 966 5539; x_wconf 88' lang='lat' dir='ltr'><strong>pietas,</strong></span> <span class='ocrx_word' id='word_1_708' title='bbox 1001 5468 1101 5539; x_wconf 91' lang='lat' dir='ltr'><strong>qui</strong></span> <span class='ocrx_word' id='word_1_709' title='bbox 1135 5485 1331 5522; x_wconf 89' lang='lat' dir='ltr'><strong>rerum</strong></span> <span class='ocrx_word' id='word_1_710' title='bbox 1361 5473 1574 5525; x_wconf 88' lang='lat' dir='ltr'><strong>tractat</strong></span> <span class='ocrx_word' id='word_1_711' title='bbox 1603 5469 1885 5539; x_wconf 90' lang='lat' dir='ltr'><strong>habenas,</strong></span> 
     </span>
    </p>
   </div>
   <div class='ocr_carea' id='block_1_85' title="bbox 376 5555 1935 5632">
    <p class='ocr_par' dir='ltr' id='par_1_85' title="bbox 376 5555 1935 5632">
     <span class='ocr_line' id='line_1_85' title="bbox 376 5555 1935 5632; baseline 0.002 -20"><span class='ocrx_word' id='word_1_712' title='bbox 376 5555 622 5612; x_wconf 87' lang='lat' dir='ltr'><strong>Ordinat</strong></span> <span class='ocrx_word' id='word_1_713' title='bbox 651 5560 708 5613; x_wconf 92' lang='lat' dir='ltr'><strong>et</strong></span> <span class='ocrx_word' id='word_1_714' title='bbox 738 5560 931 5611; x_wconf 90' lang='lat' dir='ltr'><strong>servat</strong></span> <span class='ocrx_word' id='word_1_715' title='bbox 963 5574 1091 5629; x_wconf 73' lang='lat' dir='ltr'><strong>quae</strong></span> <span class='ocrx_word' id='word_1_716' title='bbox 1117 5556 1375 5612; x_wconf 90' lang='lat' dir='ltr'><strong>condidit</strong></span> <span class='ocrx_word' id='word_1_717' title='bbox 1407 5561 1580 5630; x_wconf 89' lang='lat' dir='ltr'><strong>atque</strong></span> <span class='ocrx_word' id='word_1_718' title='bbox 1609 5559 1895 5632; x_wconf 87' lang='lat' dir='ltr'><strong>gubernat</strong></span> <span class='ocrx_word' id='word_1_719' title='bbox 1923 5559 1935 5615; x_wconf 90' lang='lat' dir='ltr'><strong>l</strong></span> 
     </span>
    </p>
   </div>
   <div class='ocr_carea' id='block_1_86' title="bbox 373 5645 1873 5721">
    <p class='ocr_par' dir='ltr' id='par_1_86' title="bbox 373 5645 1873 5721">
     <span class='ocr_line' id='line_1_86' title="bbox 373 5645 1873 5721; baseline -0.001 -18"><span class='ocrx_word' id='word_1_720' title='bbox 373 5648 640 5721; x_wconf 87' lang='lat' dir='ltr'><strong>Namque</strong></span> <span class='ocrx_word' id='word_1_721' title='bbox 667 5645 789 5706; x_wconf 86' lang='lat' dir='ltr'><strong>viro</strong></span> <span class='ocrx_word' id='word_1_722' title='bbox 821 5646 1089 5716; x_wconf 89' lang='lat' dir='ltr'><strong>Domino,</strong></span> <span class='ocrx_word' id='word_1_723' title='bbox 1117 5646 1245 5720; x_wconf 85' lang='lat' dir='ltr'><strong>jam</strong></span> <span class='ocrx_word' id='word_1_724' title='bbox 1277 5648 1473 5720; x_wconf 86' lang='lat' dir='ltr'><strong>portas</strong></span> <span class='ocrx_word' id='word_1_725' title='bbox 1502 5646 1873 5719; x_wconf 83' lang='lat' dir='ltr'><strong>ingredienti,</strong></span> 
     </span>
    </p>
   </div>
   <div class='ocr_carea' id='block_1_87' title="bbox 2132 5471 3334 5544">
    <p class='ocr_par' dir='ltr' id='par_1_87' title="bbox 2132 5471 3334 5544">
     <span class='ocr_line' id='line_1_87' title="bbox 2132 5471 3334 5544; baseline -0.002 -14"><span class='ocrx_word' id='word_1_726' title='bbox 2132 5478 2344 5531; x_wconf 88' lang='lat' dir='ltr'><strong>Contra</strong></span> <span class='ocrx_word' id='word_1_727' title='bbox 2375 5473 2675 5529; x_wconf 84' lang='lat' dir='ltr'><strong>Romanus</strong></span> <span class='ocrx_word' id='word_1_728' title='bbox 2707 5487 2903 5527; x_wconf 90' lang='lat' dir='ltr'><strong>arcem</strong></span> <span class='ocrx_word' id='word_1_729' title='bbox 2936 5471 3334 5544; x_wconf 82' lang='lat' dir='ltr'><strong>pontiﬁcatus,</strong></span> 
     </span>
    </p>
   </div>
   <div class='ocr_carea' id='block_1_88' title="bbox 2130 5557 3651 5636">
    <p class='ocr_par' dir='ltr' id='par_1_88' title="bbox 2130 5557 3651 5636">
     <span class='ocr_line' id='line_1_88' title="bbox 2130 5557 3651 5636; baseline -0.004 -16"><span class='ocrx_word' id='word_1_730' title='bbox 2130 5564 2313 5630; x_wconf 90' lang='lat' dir='ltr'><strong>Quem</strong></span> <span class='ocrx_word' id='word_1_731' title='bbox 2345 5562 2442 5636; x_wconf 92' lang='lat' dir='ltr'><strong>pia</strong></span> <span class='ocrx_word' id='word_1_732' title='bbox 2471 5560 2637 5634; x_wconf 91' lang='lat' dir='ltr'><strong>plebs</strong></span> <span class='ocrx_word' id='word_1_733' title='bbox 2667 5560 2859 5617; x_wconf 88' lang='lat' dir='ltr'><strong>omnis</strong></span> <span class='ocrx_word' id='word_1_734' title='bbox 2891 5561 3123 5617; x_wconf 90' lang='lat' dir='ltr'><strong>decreta</strong></span> <span class='ocrx_word' id='word_1_735' title='bbox 3153 5564 3363 5617; x_wconf 88' lang='lat' dir='ltr'><strong>tenens</strong></span> <span class='ocrx_word' id='word_1_736' title='bbox 3389 5557 3651 5633; x_wconf 84' lang='lat' dir='ltr'><strong>pietatis,</strong></span> 
     </span>
    </p>
   </div>
   <div class='ocr_carea' id='block_1_89' title="bbox 2128 5649 3452 5728">
    <p class='ocr_par' dir='ltr' id='par_1_89' title="bbox 2128 5649 3452 5728">
     <span class='ocr_line' id='line_1_89' title="bbox 2128 5649 3452 5728; baseline -0.003 -16"><span class='ocrx_word' id='word_1_737' title='bbox 2128 5654 2434 5728; x_wconf 86' lang='lat' dir='ltr'><strong>Jejunans,</strong></span> <span class='ocrx_word' id='word_1_738' title='bbox 2469 5650 2742 5727; x_wconf 82' lang='lat' dir='ltr'><strong>vigilans,</strong></span> <span class='ocrx_word' id='word_1_739' title='bbox 2774 5649 2923 5711; x_wconf 87' lang='lat' dir='ltr'><strong>votis</strong></span> <span class='ocrx_word' id='word_1_740' title='bbox 2955 5650 3185 5711; x_wconf 86' lang='lat' dir='ltr'><strong>enixius</strong></span> <span class='ocrx_word' id='word_1_741' title='bbox 3216 5650 3452 5708; x_wconf 86' lang='lat' dir='ltr'><strong>instans</strong></span> 
     </span>
    </p>
   </div>
  </div>
