3838 6238
70 382 164 447 177
831 382 1249 446 GERARDUS
1296 382 1360 443 S.
1407 378 1763 445 MEDARDI
1809 381 2217 446 SUESSION.
2261 385 2646 451 DECANUS.
3322 383 3437 448 178

70 517 271 577 Ctelitus
296 514 571 585 obtinuit,
605 513 758 574 sicut
787 517 1130 589 praedixerat
1159 515 1320 587 olim,

68 611 185 681 Ejus
212 606 557 663 mellifluum
587 622 925 679 prazconans
953 606 1197 679 angelus
1227 609 1439 660 ortum.

70 696 341 753 Historiam
373 696 548 766 cujus
574 699 767 767 satyra
799 699 1132 767 repetamus
1162 692 1399 749 omissa.

69 786 134 842 Ne
159 785 295 857 quod
324 801 491 840 amor
522 782 726 838 scribit
756 782 920 839 livori
952 784 1190 855 deputet
1219 782 1429 849 hostis,

72 875 187 931 Cum
215 873 284 929 sit
311 877 620 946 peccatum
649 890 766 929 non
794 873 1028 930 fraudes
1060 873 1493 945 hypocritarum

70 969 159 1020 Pro
182 964 318 1019 dono
347 962 567 1035 linguae
596 962 809 1018 saltem
836 979 1116 1018 mucrone
1148 962 1339 1027 ferire,

72 1055 126 1109 Et
150 1052 373 1108 nimium
405 1052 623 1107 foedam
646 1052 895 1126 Cayphae
926 1053 1235 1124 reprobare
1264 1050 1623 1106 cathedram.

74 1140 253 1198 Taliter
278 1140 524 1196 electum
557 1140 837 1196 divinitus
870 1146 1045 1213 atque
1076 1144 1372 1197 sacratum

74 1231 361 1286 Pontiﬁcem
392 1234 691 1297 sanetum,
725 1230 900 1302 digno
924 1229 1085 1285 cultu
1116 1228 1536 1294 venerandum,

76 1318 371 1391 Rothomagi
400 1319 559 1375 cives
591 1319 809 1375 adeunt
839 1319 1107 1375 consulta
1135 1322 1422 1390 petentes,

75 1407 492 1481 Suppliciterque
525 1411 754 1481 rogant,
780 1425 887 1464 sua
920 1408 1003 1464 sic
1036 1408 1380 1463 discrimina
1398 1411 1675 1462 narrant:

76 1498 245 1554 Sancte
267 1496 453 1561 Pater,
489 1496 665 1551 nobis
695 1496 879 1552 instat
910 1496 1269 1552 saevissimus
1298 1496 1505 1563 hostis,

75 1586 290 1641 Plurima
312 1586 529 1641 damna
554 1584 768 1656 ferens,
797 1602 974 1658 penes
1003 1586 1169 1641 urbis
1202 1584 1418 1640 moenia
1438 1585 1675 1657 degens.

74 1675 154 1731 Est
178 1674 245 1729 ibi
273 1691 401 1730 nam
432 1677 721 1741 castrum,
756 1674 970 1729 murali
1001 1674 1207 1729 robore
1238 1674 1497 1738 firmum,

77 1763 124 1819 In
149 1780 246 1836 quo
273 1763 554 1818 fcedarum
585 1763 798 1818 domus
830 1765 959 1817 atra
984 1761 1126 1817 latet
1158 1761 1550 1829 meretricum,

77 1851 367 1908 Fornicibus
390 1851 573 1907 variis
603 1851 771 1907 cacis
801 1852 1073 1907 obstrusa
1103 1849 1360 1906 latebris.

76 1940 171 1996 Illic
195 1939 411 1996 obsceni
442 1938 656 1995 rivales
686 1956 788 1995 seu
820 1940 1089 2012 parasiti,

76 2028 155 2085 Vel
179 2045 308 2103 quos
332 2028 549 2101 impuri
573 2029 744 2099 juvat
773 2027 1060 2101 ingluvies
1091 2027 1345 2100 Epicuri.

80 2118 219 2175 Sor-de
238 2116 493 2190 lupanari
524 2133 760 2189 semper
788 2116 998 2173 sitiunt
1027 2116 1327 2172 maculari.

81 2206 130 2261 In
152 2205 318 2261 medio
345 2204 518 2261 castri
554 2209 715 2277 patet
742 2221 875 2260 arca
905 2221 1065 2260 more
1094 2204 1329 2271 theatri,

82 2296 176 2360 Quo
201 2295 381 2350 fanum
408 2292 658 2350 Veneris
682 2293 893 2348 titulus
922 2310 1145 2366 spurcae
1178 2292 1445 2349 mulieris

84 2383 212 2440 Falso
233 2384 650 2456 frequentatur,
684 2382 859 2438 scorti
893 2382 1114 2454 species
1144 2386 1471 2437 veneratur.

84 2472 251 2528 Subter
274 2472 435 2528 hians
466 2475 710 2527 antrum
740 2470 977 2543 penitus
1007 2472 1255 2527 tendens
1283 2470 1343 2526 in
1376 2471 1677 2543 abyssum,

83 2560 318 2616 Faucibus
347 2565 670 2633 angustum
702 2563 983 2631 tanquam
1016 2559 1271 2632 Stygiale
1321 2560 1678 2631 profundum

83 2649 179 2704 Non
202 2648 335 2705 valet
362 2649 598 2722 attingi,
629 2647 793 2702 nullo
815 2647 942 2702 visu
974 2647 1263 2719 penetrari
1294 2664 1307 2700 :

83 2736 299 2793 Claustra
324 2737 406 2793 vel
437 2737 546 2792 hos
582 2737 778 2792 aditus
807 2736 996 2808 potuit
1024 2736 1378 2808 perfringere
1405 2734 1639 2803 nullus;

85 2826 231 2881 Tanta
256 2826 641 2897 malignorum
671 2825 761 2881 vis
790 2830 879 2880 est
908 2823 988 2879 ibi
1019 2823 1461 2880 daemoniorum.

84 2913 253 2981 Altera,
281 2916 501 2979 Sancte,
532 2914 660 2970 tuis
692 2931 798 2985 par
827 2917 918 2969 est
947 2914 1195 2985 irruptio
1226 2913 1454 2969 mortis.

85 3000 197 3059 Nam
214 3003 474 3075 Sequanae
493 3007 733 3058 vastum
755 3000 1014 3073 patimur
1033 3000 1346 3057 discrimen
1370 3017 1677 3071 aquarum,

87 3089 201 3145 Dum
227 3096 410 3147 contra
437 3107 665 3147 morem
697 3094 914 3145 metam
945 3089 1274 3162 superando
1301 3088 1576 3160 priorem.
1652 3102 1657 3109 ‘

86 3178 250 3235 Alveus
275 3181 536 3246 exundat,
574 3179 689 3234 late
721 3177 974 3233 confinia
1001 3182 1208 3245 vastat,

84 3265 216 3323 dides
241 3269 524 3337 subvertit,
556 3284 774 3341 parvos
807 3271 864 3321 et
892 3267 963 3321 ad
997 3267 1174 3322 ubera
1206 3265 1413 3337 perdit,

86 3355 285 3412 hitium
314 3357 508 3414 multis
537 3357 722 3413 infert
750 3359 808 3411 et
838 3356 1055 3411 damna
1085 3350 1314 3411 salutis.

85 3444 193 3499 Inde
217 3444 381 3514 dolor,
412 3446 710 3519 planctus,
739 3460 959 3499 mceror
990 3459 1104 3499 non
1130 3446 1320 3498 cessat
1349 3458 1606 3507 amarus,

87 3529 284 3590 Casibus
308 3534 365 3589 in
383 3536 564 3590 tantis
598 3550 747 3605 quos
776 3533 1035 3604 impetus
1068 3529 1284 3603 ingerit
1310 3531 1521 3598 amnis,

88 3618 278 3677 Talibus
297 3622 571 3678 aerumnis
598 3621 920 3694 afﬂigimur
946 3624 1119 3691 atque
1150 3618 1401 3690 periclis.

91 3706 146 3763 De
169 3709 286 3766 ccelo
312 3711 471 3768 nobis
501 3711 622 3767 nisi
648 3709 830 3766 stillet
859 3709 989 3764 fons
1020 3706 1272 3779 pietatis,

91 3793 191 3858 Qua
214 3798 402 3856 relevat
422 3800 676 3856 miseros
705 3798 912 3853 urbem
943 3794 1249 3851 lutulenda
1276 3794 1457 3850 libido

92 3883 153 3938 Ad
176 3886 369 3943 similes
388 3889 654 3945 Sodomae
674 3902 877 3958 pennas
898 3883 1090 3941 trahet
1112 3899 1299 3954 usque
1320 3883 1677 3940 Gomorrhae.

94 3970 176 4028 Sed
199 3978 302 4043 tua,
329 3978 549 4045 Sancte,
592 3988 828 4041 manus,
860 3973 1071 4029 solidat
1099 3990 1227 4044 quae
1258 3971 1465 4027 debilis
1495 3976 1678 4028 artus.

93 4056 300 4119 Monstra
324 4070 560 4125 cruenta
594 4064 778 4136 fugat,
809 4061 942 4118 diva
971 4061 1184 4117 virtute
1214 4063 1502 4126 coruscat,

93 4143 268 4219 Expuat
292 4151 435 4209 hanc
459 4152 684 4221 labem,
711 4149 1024 4223 Babylonis
1056 4149 1304 4206 subruat
1331 4164 1544 4204 arcem.

144 4234 347 4296 Talibus
365 4241 608 4307 auditis,
643 4240 944 4295 Romanus
973 4236 1184 4309 praesul
1215 4234 1415 4291 herilis

91 4318 258 4381 Exorat
280 4326 589 4395 Christum,
613 4327 795 4383 totius
825 4325 1053 4399 egentis
1083 4324 1333 4394 asylum,

97 4406 255 4468 Pareat
279 4419 336 4469 ut
361 4417 595 4473 afﬂictis
624 4413 803 4470 veluti
825 4414 1123 4485 quondam
1154 4411 1426 4468 Ninivitis
1454 4430 1468 4479 ;

101 4496 283 4557 Avertat
306 4509 358 4559 et
374 4512 645 4570 mortem,
672 4502 957 4559 bonitatis
981 4504 1243 4558 conterat
1273 4499 1522 4556 hostem.

97 4582 210 4658 Ergo
224 4590 325 4646 dux
352 4594 479 4649 ﬁdei
506 4608 707 4649 mores
729 4592 801 4648 ad
834 4589 961 4646 loca
990 4589 1290 4662 perniciei.

100 4666 149 4723 Et
170 4680 337 4732 contra
362 4680 534 4737 fortes
568 4677 837 4753 proprias
868 4677 941 4733 ad
974 4675 1127 4732 bella
1156 4675 1446 4743 cohortes,

100 4753 409 4823 Psalmicines
436 4785 503 4824 ex
532 4784 698 4824 more
725 4781 953 4839 greges,
987 4763 1360 4837 reliquosque
1392 4762 1614 4832 fideles,

105 4845 211 4904 Cum
235 4854 484 4913 crucibus
511 4854 720 4922 sacris,
754 4870 886 4910 cum
924 4852 1267 4925 pignoribus
1296 4852 1586 4924 pretiosis.

106 4930 174 4987 Sic
198 4945 421 5000 castrum
451 4944 715 5010 subiens,
746 4941 1061 5013 divinaque
1090 4940 1319 5013 spicula
1349 4940 1556 5012 figens,

110 5018 280 5084 Fanum
304 5030 596 5098 destruxit,
627 5028 945 5101 labyrinthi
978 5028 1237 5084 claustra
1266 5028 1525 5097 revulsit,

110 5106 228 5168 ldola
250 5121 513 5187 contrivit,
543 5122 779 5176 funesta
809 5116 1028 5173 sacella
1055 5116 1319 5183 removit,

109 5193 429 5280 spurcitiique
456 5209 649 5265 locum
682 5206 957 5281 purgavit
987 5205 1431 5261 daemoniorum.

109 5282 312 5349 Territus
338 5298 643 5371 exsanguis
670 5295 763 5351 vis
798 5295 955 5351 illico
987 5294 1241 5366 perdidit
1271 5293 1484 5366 anguis

110 5370 172 5458 {id
190 5373 369 5436 Christi
396 5370 659 5441 labarum
693 5401 811 5458 quo
846 5382 1119 5455 deposuit
1149 5381 1535 5436 dominatum.

120 5456 172 5515 Ut
194 5472 452 5535 quondam
479 5474 653 5532 Josue
682 5456 917 5530 Jericho
944 5470 1192 5526 bellator
1218 5470 1277 5524 in
1310 5470 1453 5525 urbe

119 5544 293 5638 (Inidia
318 5558 545 5618 laudum
575 5580 787 5638 magno
821 5561 1095 5632 clangore
1127 5560 1403 5614 tubarum

128 5632 291 5699 Munia
316 5650 594 5723 subvertit,
629 5632 966 5715 m'unimina
996 5664 1240 5721 quaeque
1272 5647 1502 5719 subegit
1537 5664 1548 5701 :

1705 517 1761 584 Α
1790 516 1880 573 Sic
1912 516 2142 575 Israelis
2174 522 2371 575 noster
2392 521 2508 576 dux
2539 520 2634 576 ille
2666 519 2873 590 fidelis,

1788 606 2025 662 Cinctus
2055 608 2320 679 utrisque
2350 609 2544 665 choris
2573 609 2769 665 divina
2796 609 2968 666 laude
2999 611 3247 678 canoris,

1788 694 2041 752 Delubra
2072 697 2223 752 fudit
2252 697 2441 768 humi,
2474 700 2688 771 quibus
2716 698 2955 754 exitium
2987 699 3097 754 fuit
3124 699 3311 756 humi.

1790 783 1929 839 Inde
1961 788 2166 857 potens
2196 787 2421 841 meritis
2448 788 2693 843 antistes
2725 788 2941 844 flumen
2974 788 3172 855 adivit,

1789 872 2048 944 Stipatus
2081 872 2281 929 nitidis
2312 874 2536 947 reliqua
2568 892 2701 931 cum
2733 876 2899 948 plebe
2929 877 3239 945 ministris,

1787 962 2179 1033 Armatusque
2203 963 2314 1017 fide
2345 963 2623 1018 calcantis
2652 964 2710 1019 in
2743 982 2969 1037 aequore
3001 965 3153 1021 Petri
3191 984 3203 1021 :

1790 1049 1897 1104 Per
1926 1067 2135 1105 nomen
2169 1051 2421 1122 Triarlis,
2450 1068 2553 1124 per
2576 1053 2845 1108 virtutem
2882 1054 3207 1123 Trinitatis,

1790 1139 2011 1210 Perque
2045 1139 2234 1195 crucis
2286 1140 2544 1213 signum,
2578 1143 2733 1214 quod
2783 1143 3087 1199 submovet
3130 1160 3304 1200 omne
3334 1162 3437 1200 no-

1860 1227 2072 1296 civum,

1788 1319 2045 1389 Imperat
2073 1321 2138 1373 ut
2169 1323 2370 1385 staret,
2405 1337 2508 1375 nec
2540 1321 2610 1375 ad
2645 1320 2919 1377 ulteriora
2946 1327 3184 1387 mearet,

1788 1405 1969 1468 Quem
2017 1406 2205 1461 tenuit
2233 1408 2489 1479 primum
2523 1413 2787 1480 repetens
2818 1410 2891 1465 ab
2921 1410 3143 1483 origine
3174 1427 3434 1467 cursum.

1790 1494 1955 1550 Paret
1983 1495 2121 1550 huic
2153 1497 2283 1552 fidei
2319 1500 2529 1552 natura
2560 1499 2746 1553 fluens
2777 1498 3067 1565 elementi,

1787 1586 1974 1654 Atque
2005 1583 2200 1640 sinum
2233 1586 2461 1657 repetit,
2495 1603 2598 1641 nec
2631 1586 2788 1659 ripas
2821 1587 3081 1643 fluminis
3111 1588 3246 1644 exit.

1789 1670 1907 1726 Hoc
1938 1672 2231 1744 siquidem
2264 1675 2417 1729 facto
2450 1675 2659 1730 renitet
2688 1676 3097 1732 sanctissimus
3126 1676 3355 1744 archos,

1788 1760 1912 1816 Non
1940 1760 2133 1833 impar
2159 1762 2355 1829 Josue,
2390 1764 2561 1834 cujus
2594 1766 3046 1821 memoravimus
3078 1770 3230 1835 ante,

1788 1848 1894 1912 Qui
1926 1849 2173 1905 Domino
2204 1850 2329 1905 coeli
2362 1852 2603 1907 devotus
2638 1856 2830 1908 mente
2862 1853 3017 1908 fideli

1787 1937 2096 1994 Debellans
2126 1938 2353 1994 hostem
2378 1940 2560 2010 jussit
2592 1940 2912 1996 subsistere
2944 1942 3149 2007 solem,

1786 2026 1980 2082 Donec
2012 2026 2373 2083 inexhaustis
2404 2028 2557 2084 acies
2589 2033 2959 2085 consumeret
2989 2032 3191 2084 armis.

1786 2115 1898 2171 Par
1924 2114 2110 2171 virtus
2133 2115 2319 2171 radiat
2347 2118 2615 2188 quamvis
2646 2117 2868 2173 distent
2897 2117 3202 2173 elementa.

1787 2203 1935 2259 Nam
1968 2204 2013 2259 si
2039 2204 2320 2274 jussisset
2353 2206 2497 2259 ratio
2526 2205 2613 2261 vel
2645 2222 2823 2261 causa
2851 2206 3077 2273 fuisset,

1788 2293 1952 2348 Sicut
1979 2302 2036 2347 et
2066 2294 2224 2347 unda
2250 2293 2459 2361 ﬂuens,
2495 2293 2581 2349 sol
2614 2294 2739 2366 ipse
2768 2312 2872 2366 per
2900 2295 3084 2349 ardua
3112 2309 3354 2351 currens

1789 2381 2075 2436 Redderet
2106 2381 2476 2453 obsequium,
2509 2399 2611 2438 nec
2645 2383 2875 2439 abesset
2904 2382 3148 2455 praeclue
3180 2384 3436 2456 signum.

1789 2468 1937 2525 Urbs
1963 2468 2046 2524 ita
2076 2469 2355 2535 salvetur,
2388 2471 2684 2543 tantisque
2716 2472 2887 2527 malis
2915 2471 3223 2543 spoliatur,

1790 2557 2017 2613 Fertilis
2048 2562 2105 2613 et
2136 2558 2304 2630 pleno
2338 2558 2486 2613 ridet
2515 2559 2625 2615 sibi
2658 2561 2823 2631 copia
2854 2578 3053 2628 cornu,

1789 2647 1946 2701 Mors
1978 2646 2147 2719 fugit,
2175 2647 2363 2702 hostis
2393 2648 2578 2719 abest,
2614 2666 2766 2721 aqua
2790 2653 2925 2715 stat,
2950 2649 3176 2705 devotio
3200 2651 3435 2723 gaudet;

1789 2734 2004 2790 Praesul
2036 2734 2095 2790 in
2125 2735 2382 2791 Ecclesia
2412 2735 2639 2808 plaudit
2670 2738 2957 2809 prmconia
2987 2739 3186 2811 digna.

1788 2821 2054 2878 Christus
2086 2824 2380 2889 adoratur,
2416 2841 2531 2895 quo
2562 2825 2648 2878 vis
2684 2824 2922 2880 inimica
2953 2826 3205 2897 fugatur,

1786 2910 1961 2984 Virgo
1990 2910 2266 2966 laudatur
2294 2928 2396 2984 per
2426 2928 2602 2983 quam
2630 2912 2923 2984 Cytheram
2953 2919 3265 2981 crematur,

1790 2998 2099 3054 Prostibuli
2132 3016 2361 3054 caenum
2395 3000 2573 3055 decus
2604 3000 2711 3054 hoc
2743 2999 2992 3055 abolevit
3023 3017 3338 3057 amcenum.

1788 3086 1833 3143 Ο
1865 3087 1998 3142 felix
2028 3086 2278 3142 nimium
2310 3087 2523 3143 meruit
2549 3106 2676 3160 quae
2708 3089 2945 3161 gignere
2973 3088 3293 3156 Christum,

1789 3176 2010 3231 Munda
2030 3176 2219 3231 ferens
2240 3177 2547 3242 mundum,
2567 3176 2667 3232 sed
2693 3177 3077 3232 mundificata
3098 3177 3434 3249 peripsum;

1709 3248 1751 3314 C
1788 3263 1966 3336 Virga
1988 3280 2196 3335 gerens
2227 3264 2447 3331 florem,
2483 3265 2717 3337 capiens
2738 3266 2836 3320 sed
2860 3266 2998 3321 flore
3025 3248 3273 3323 virorem
3300 3263 3313 3321 l

1786 3351 1961 3423 Virgo
1995 3356 2179 3406 mater
2210 3368 2332 3418 ave,
2365 3356 2529 3406 tanta
2584 3352 2851 3407 redolens
2881 3353 3114 3423 pietate,

1789 3441 2017 3506 Quanta
2045 3437 2219 3494 laude
2251 3441 2454 3505 micas,
2489 3443 2545 3493 et
2575 3441 2793 3494 sanctis
2826 3440 2999 3495 altior
3023 3445 3239 3508 exstas,

1789 3527 2010 3600 Inclyta
2038 3544 2153 3598 prae
2185 3526 2411 3582 cunctis
2442 3525 2659 3581 carnali
2693 3531 3002 3583 stemmate
3034 3527 3269 3593 functis,

1789 3617 1897 3672 Per
1924 3620 1979 3672 te
2010 3616 2358 3688 gaudentem
2394 3614 2489 3687 pia
2520 3619 2756 3687 protege
2787 3615 3015 3671 cmlitus
3045 3616 3272 3671 urbem.

1788 3705 1871 3760 Ne
1893 3705 2076 3776 judex
2106 3703 2293 3769 feriat,
2328 3701 2586 3775 gladium
2620 3703 2913 3775 suspende
2942 3703 3242 3759 minantis.

1788 3793 1872 3849 Ne
1900 3793 2140 3847 damnet
2171 3791 2440 3858 miseros,
2475 3790 2621 3845 iram
2655 3807 2958 3863 compesce
2993 3790 3295 3847 Tonantis.

1789 3881 1984 3939 Prima
2015 3885 2125 3936 Deo
2156 3897 2412 3952 praesens
2445 3879 2751 3935 mediatrix
2782 3884 2907 3935 esto
2938 3885 3194 3948 tuorum,

1788 3971 1963 4042 Spem
1993 3968 2170 4025 venia:
2204 3969 2475 4033 referens,
2496 3985 2569 4024 ne
2600 3968 2729 4024 labe
2757 3972 2930 4024 ruant
2959 3968 3257 4024 vitiorum.

1787 4057 1966 4114 Stella
1995 4056 2194 4124 maris,
2228 4056 2775 4128 portus,pigmentis
2806 4057 3075 4113 conscius
3105 4057 3312 4126 hortis,

1789 4145 2089 4201 Fluctibus
2120 4161 2150 4200 e
2179 4144 2386 4199 mundi
2416 4144 2580 4200 trahe
2610 4162 2717 4199 nos
2747 4145 2819 4199 ad
2840 4144 3035 4201 littora
3067 4145 3247 4217 pacis.

1790 4233 1893 4288 His
1922 4233 2004 4289 ita
2033 4233 2299 4305 digestis,
2334 4233 2404 4287 ad
2437 4237 2644 4287 caetera
2676 4233 3138 4304 progrediamur,

1792 4322 1932 4394 Ejus
1966 4325 2028 4376 ut
2058 4321 2116 4375 in
2142 4323 2343 4375 sancto
2376 4319 2614 4375 laudare
2645 4320 2830 4375 Deum
2856 4336 3186 4374 mereamur

1862 4410 1937 4466 Ut
1964 4409 2052 4463 vir
2082 4408 2457 4479 apostolicus,
2492 4406 2743 4461 caelestis
2776 4407 2929 4478 regis
2958 4406 3204 4473 amicus,

1795 4496 2071 4553 Reddidit
2094 4496 2419 4551 immunem
2450 4494 2694 4566 paganis
2724 4494 2935 4548 ritibus
2968 4493 3195 4561 urbem,

1715 4603 1762 4667 υ
1799 4586 1958 4642 Fecit
1989 4588 2043 4639 et
2073 4582 2426 4636 incolumem
2460 4580 2611 4636 cives
2644 4597 2877 4653 sperare
2907 4581 3180 4648 salutem,

1799 4674 1937 4730 Inde
1969 4686 2208 4726 movens
2241 4686 2501 4742 gressus,
2525 4669 2570 4724 it
2600 4684 2704 4740 per
2731 4668 2859 4724 loca
2888 4669 3286 4741 pontificatus,

1797 4760 2070 4817 Plebibus
2091 4758 2288 4814 aeterni
2318 4758 2660 4831 dispergens
2690 4757 2919 4814 semina
2947 4756 3126 4813 verbi.

1798 4847 2072 4921 Proponit
2098 4845 2325 4902 cunctis
2356 4845 2533 4901 simul
2564 4850 2620 4901 et
2649 4845 2952 4917 pigmenta
2984 4844 3214 4914 salutis,

1799 4939 1879 4994 De
1909 4953 2012 5009 spe
2042 4934 2283 4998 caelesti,
2318 4950 2423 4989 nec
2456 4951 2571 4988 non
2604 4932 2899 4988 absinthia
2924 4932 3069 5006 legis

1722 5098 1725 5099 ν
1800 5025 2080 5083 Sontibus
2110 5027 2334 5078 aeternae
2368 5021 2698 5076 minitantis
2721 5038 2922 5076 amara
2943 5022 3241 5093 gehennae.

1800 5116 2016 5170 Doctus
2046 5116 2103 5168 et
2133 5111 2365 5184 ingenio
2397 5109 2681 5182 pallentes
2713 5111 2916 5165 radere
2944 5126 3159 5177 mores,

1803 5203 1878 5258 Ut
1906 5201 2151 5257 rationis
2182 5203 2325 5264 erat,
2361 5199 2637 5254 baculum
2668 5198 3008 5271 clavamque
3040 5199 3279 5266 ferebat,

1806 5292 1973 5346 Hunc
2004 5288 2228 5343 civibus
2258 5287 2542 5358 praebens,
2576 5286 2685 5341 hac
2716 5286 2775 5341 in
2810 5286 3183 5357 praedonibus
3219 5289 3410 5341 utens.

1809 5380 1957 5450 Ergo
1990 5376 2272 5431 festinans
2296 5375 2557 5429 dioecesis
2590 5380 2647 5430 et
2677 5375 2878 5431 abdita
2906 5374 3189 5439 lustrans,

1816 5465 2089 5539 Repperit
2118 5464 2331 5519 erroris
2363 5464 2727 5520 monimenta
2760 5464 3012 5518 nefanda
3041 5461 3273 5534 prioris,

1814 5557 1886 5611 Et
1914 5554 2273 5609 cariosorum
2308 5553 2574 5623 quaedam
2609 5551 2928 5609 simulacra
2959 5551 3223 5615 deorum,

1822 5646 1954 5710 Quae
1984 5642 2143 5697 Jovis
2173 5641 2401 5710 incesti,
2431 5641 2519 5697 vel
2549 5640 2853 5713 Apollinis,
2886 5642 3060 5710 atque
3087 5634 3303 5704 Dianae,

2984 5504 3012 5517 μ.
3041 5504 3188 5534 νην.
3203 5504 3273 5527 .-,

2984 5552 3223 5615 leorum,
