3814 6218
358 442 474 506 179
1051 439 1385 502 APPEND.
1431 439 1534 502 AD
1581 441 1768 502 SIEC.
1814 441 1822 501 ξ

2081 439 2436 504 UCTORES
2479 443 2583 503 AN
2591 442 2668 503 NI
2714 437 3051 504 INCERTI.
3645 437 3741 500 180

354 577 580 651 Vulgus
609 576 801 632 adhuc
833 575 1112 631 stolidum
1145 593 1292 631 vano
1325 575 1598 631 censebat
1626 575 1861 642 honore,
2026 575 2082 641 Α
2114 575 2442 647 Perpetiens
2472 575 2718 644 lethum,
2748 575 3012 649 praalibat
3041 574 3115 631 fel
3145 578 3204 630 et
3231 577 3482 643 acetum,

355 667 530 740 Orgia
562 665 670 721 rite
700 665 918 729 colens,
950 669 1007 720 et
1037 669 1168 720 vota
1197 664 1419 720 nefaria
1449 663 1698 720 solvens.
2111 664 2283 719 Morti
2312 665 2429 721 vita
2457 666 2650 735 datur,
2683 682 2800 737 qua
2833 681 2990 720 mors
3021 663 3246 720 devicta
3276 664 3532 737 fugatur.

354 759 518 812 Tunc
551 771 714 811 sacer
743 755 1065 820 infremuit,
1099 753 1260 809 lucos
1291 758 1346 808 et
1376 753 1617 808 delubra
1652 753 1839 825 fregit.
2110 759 2239 809 Haec
2273 755 2329 808 in
2365 761 2558 810 mente
2583 771 2811 826 gerens,
2848 754 2977 809 istis
3007 753 3367 808 cruciatibus
3397 753 3623 808 haerens
3654 769 3666 807 ε

355 843 516 900 ldola
542 843 884 910 combussit,
918 843 1120 915 priscae
1150 841 1394 913 vestigia
1426 841 1648 896 fraudis
2111 844 2195 896 Fit
2225 843 2682 914 sibijueundum
2713 843 2905 898 cordis
2944 842 3197 898 lacerare
3228 842 3608 914 profundum.

357 933 641 989 Funditus
672 932 901 1002 abjeeit,
935 932 1107 996 fudit,
1141 930 1429 996 contrivit,
1465 930 1682 1002 abegit,
2112 933 2368 988 Proferat
2394 938 2457 986 ut
2483 933 2693 989 fluetus
2727 931 2930 999 oculis,
2965 931 3242 1004 suspiria,
3273 931 3507 999 luctus;

353 1022 637 1078 Sordibus
670 1020 914 1086 abrasis,
949 1019 1161 1074 Christi
1194 1036 1341 1074 nova
1371 1019 1584 1090 templa
1618 1019 1847 1087 locavit,
2109 1020 2306 1076 Abluit
2337 1021 2429 1076 his
2460 1021 2697 1077 mundis
2730 1021 3023 1077 maculam
3057 1022 3126 1077 de
3157 1021 3459 1094 gressibus
3492 1019 3680 1084 undis,

354 1111 417 1166 In
450 1111 665 1182 quibus
697 1114 828 1164 ante
859 1109 1002 1164 locis
1033 1113 1154 1163 erat
1185 1126 1284 1163 ara
1315 1107 1772 1180 superstitionis.
2110 1110 2356 1166 Pulcher
2377 1110 2566 1166 adhuc
2584 1111 2819 1166 habitus
2837 1109 3501 1182 tegithune,humeralis
3515 1109 3740 1165 amictus

354 1199 632 1254 Pro'edicat
661 1214 788 1254 esse
821 1199 1002 1254 Deum
1037 1198 1262 1252 sincera
1295 1202 1489 1251 mente
1521 1196 1829 1251 colendum
2110 1198 2479 1253 Praetendens
2511 1199 2702 1270 specie
2736 1197 3032 1254 reverendi
3063 1196 3332 1270 praesulis
3364 1201 3555 1251 actus.

353 1288 556 1344 Omnia
588 1288 686 1358 qui
712 1287 862 1353 fecit,
896 1304 1011 1341 non
1039 1305 1166 1358 qua:
1199 1303 1408 1340 manus
1436 1285 1592 1340 idola
1622 1286 1806 1340 ﬁnxit.

2109 1296 2352 1350 Cuditur
2381 1295 2474 1351 hic
2506 1313 2737 1362 aurum,
2767 1297 2844 1350 sit
2874 1313 3040 1350 mens
3074 1299 3137 1350 ut
3168 1293 3526 1366 pontiﬁcalis

351 1376 456 1440 Ουί
487 1394 594 1432 nos
623 1377 914 1440 formavit.
949 1393 1060 1430 110n
1096 1375 1250 1448 quod
1288 1374 1448 1428 faber
1478 1373 1773 1445 efﬁgiavit.
2112 1384 2173 1438 In
2205 1384 2431 1438 cunctis
2463 1383 2718 1454 sapiens,
2752 1382 2828 1438 sit
2859 1382 3104 1438 consilio
3136 1380 3431 1454 specialis,

353 1466 660 1532 Marmore,
693 1463 780 1519 Vel
815 1481 1018 1536 gypso:
1052 1479 1230 1534 cuPr0
1254 1463 1537 1527 radiante,
1569 1461 1656 1517 νθῘ
1689 1479 1848 1516 διΠῸ-
2111 1473 2312 1536 Cauta,
2346 1471 2578 1543 pudica,
2612 1472 2826 1543 gravis,
2859 1471 3063 1536 solers,
3098 1471 3418 1535 moderata,
3455 1469 3666 1530 suavis,

352 1553 599 1610 Disserit
629 1552 842 1625 agresti
877 1551 1088 1623 populo
1119 1550 1396 1622 mysteria
1426 1549 1662 1616 Christi,
2112 1561 2183 1615 Ut
2213 1562 2289 1615 sit
2320 1578 2516 1616 revera
2547 1561 2778 1616 Domini
2810 1559 3121 1632 symmista
3149 1561 3445 1626 sacerdos,

353 1641 613 1706 Qualiter
637 1640 1020 1712 Omnipotens
1051 1639 1246 1694 divino
1277 1639 1519 1694 numine
1551 1638 1797 1710 pollens,

2111 1649 2334 1720 Sazpius
2367 1650 2594 1706 interno
2627 1650 3030 1722 perstringens
3060 1648 3284 1704 lumine
3310 1646 3513 1711 ccelos,

353 1731 730 1802 compatiens
759 1729 942 1783 εθΓνίε
971 1727 1108 1782 licet
1133 1729 1203 1783 ad
1239 1745 1344 1782 sua
1368 1729 1506 1797 jura
1535 1727 1838 1798 PPOtePViS,
2110 1739 2197 1792 Sit
2226 1737 2345 1803 lux,
2377 1738 2600 1793 eximia:
2632 1738 2945 1793 thesaurus
2975 1743 3034 1792 et
3063 1754 3196 1792 arca
3226 1736 3470 1808 sophiae,

353 1821 507 1884 Quos
537 1819 725 1874 tenuit
757 1823 1035 1888 torquens
1066 1817 1221 1872 ferus
1251 1815 1456 1884 hostis,
1491 1817 1736 1872 acerbus
1767 1821 1822 1872 et
1860 1817 2000 1872 hor-
2108 1838 2232 1902 Qua
2263 1837 2427 1891 rudis
2453 1853 2519 1890 ac
2548 1835 2758 1890 veteris
2789 1839 2995 1890 tractet
3024 1835 3302 1906 mysteria
3331 1834 3503 1906 legis.

545 1997 578 2007 ο.
620 1997 629 2006 I
870 1997 885 2007 ι
1031 2000 1039 2007 ι
1161 1996 1171 2007 ι
1235 1995 1244 2005 ι
1349 1999 1357 2007 ι
1531 1999 1539 2007 ι
1715 1994 1738 2007 ll

2073 1954 2076 1998 ς
2109 1925 2373 1997 Purpura
2405 1924 2614 1996 regalis
2644 1924 2789 1980 tanti
2824 1924 3003 1980 decus
3032 1928 3206 1995 auget
3235 1922 3500 1989 honoris,

350 1997 587 2052 Venerit
617 1997 672 2050 in
706 1997 992 2051 mundum
1025 1995 1367 2084 tenebriset
1396 1999 1580 2084 morte
1604 1994 1992 2065 profundum:
2032 1994 2076 2007 "
2107 1994 2341 2068 Obtfnet
2367 2031 2399 2068 α
2425 1994 2677 2082 Christo,
2711 2012 2989 2084 quoniam
3021 1994 3293 2067 diadema
3324 2012 3577 2076 decoris,

350 2087 420 2142 Et
449 2087 574 2141 Sine
605 2085 734 2141 labe
765 2102 862 2140 03"
865 2102 897 2140 0
928 2085 1113 2138 motus
1145 2085 1214 2139 de
1242 2083 1500 2155 Virginis
1529 2082 1674 2173 aIV'P-
2107 2102 2208 2156 Cui
2243 2107 2538 2173 sceptrum
2568 2082 2832 2167 baculus,
2865 2105 3054 2156 rector
3082 2099 3332 2173 vigilans
3354 2102 3679 2156 animarum

351 2175 655 2230 Pertulerit
685 2179 928 2228 mortem
963 2173 1210 2244 patiens,
1244 2176 1308 2227 ut
1329 2173 1582 2227 vinceret
1615 2170 1822 2225 hosten‘

2105 2191 2258 2254 Quas
2270 2170 2416 2244 trahi
2429 2195 2446 2244 t
2459 2191 2530 2244 ad
2545 2206 2786 2260 regnum
2797 2194 3080 2261 ,satrapas
3093 2170 3354 2261 spolians
3364 2191 3733 2246 tenebrarum.

350 2263 606 2338 Fregerit
635 2263 952 2328 infernum:
987 2262 1203 2317 faeiens
1234 2260 1586 2332 Penetmbile
1611 2259 1850 2349 Palmm:
2106 2279 2368 2333 Libertas
2401 2279 2531 2333 ﬁdei
2565 2259 2738 2334 datur
2767 2278 2860 2332 his
2893 2295 2926 2332 a
2958 2259 3207 2349 praesule
3236 2278 3477 2334 Christi.

350 2353 678 2449 19““???
707 2351 938 2449 ("motis
969 2349 1017 2449 gi
1049 2354 1280 2449 servem}
1305 2347 1779 2449 ,ἀρέξωθίξξὶυθίῗ
1851 2440 1858 2449 ι
1954 2440 1962 2449 ι
2102 2378 2291 2447 Atque
2313 2377 2526 2449 jugum
2551 2377 2775 2431 Satanae
2809 2347 2972 2430 tactu
3000 2375 3285 2447 putrescit
3314 2376 3478 2432 olivi.

348 2442 737 2536 ﬁtquefﬁdfim
768 2444 1024 2536 t‘fne‘mt’
1061 2455 1165 2536 ηεο
1198 2438 1269 2492 ad
1303 2436 1457 2492 ίδοιδ
1485 2435 1636 2536 90.118:
1675 2436 1993 2502 Γθθθθίθηίν
2105 2435 2248 2520 Hinc
2275 2435 2436 2520 notat
2467 2465 2604 2519 aerii
2641 2435 3018 2536 hyacinthina
3050 2465 3238 2518 forma
3263 2463 3503 2531 coloris,

508 2529 760 2626 θξ-ΡῙἯἪ
789 2530 1385 2626 δοθθῖξδνηθεοίῖυφίῖυθ
1412 2523 1675 2626 ξδξυὶπίδ
1697 2539 1991 2594 promens'
2104 2553 2420 2624 Suspirans
2449 2523 2742 2608 Christuin
2775 2569 2888 2625 quo
2920 2552 3131 2623 praesul
3166 2552 3368 2626 dirigit
3398 2523 3621 2622 arcum,

348 2617 909 2712 ᾼδδίυιίί-θηίοτθων
943 2615 1174 2712 άξθίίθίίδ
1205 2625 1261 2712 9t
1292 2615 1452 2712 “fit
1484 2613 1786 2712 139mm“
2103 2613 2238 2705 Quo.
2257 2641 2402 2712 fugit
2429 2645 2680 2695 mentem
2715 2613 2974 2695 coelestia
3005 2657 3245 2712 prorsus
3278 2613 3548 2698 aventem
3583 2660 3595 2698 :

351 2708 575 2809 R‘teﬁea
605 2707 804 2809 dOFtor
833 2705 1146 2809 Ρῗίθεὶξλωδ
1173 2708 1230 2759 et
1260 2702 1666 2809 “’FhiPOHSS’,
1685 2807 1698 2809 _
2102 2702 2221 2801 Quo
2252 2702 2352 2809 pia
2376 2741 2508 2792 vota
2538 2754 2777 2809 precum
2808 2702 3091 2792 libamina
3121 2754 3287 2792 saera
3317 2739 3533 2795 diatim

346 2796 603 2898 ξλεπ-ίετυε
635 2798 699 2898 et
730 2793 1348 2898 εειηςιίε,ἀεουε,ρνηςι
1379 2790 1727 2898 poematum
2103 2790 2365 2880 esse.
2396 2790 2597 2891 sese;
2617 2790 2923 2898 5.3.01...
2953 2790 3407 2882 aestatis:

345 2886 426 2940 Ad
459 2885 607 2940 ritus
637 2885 821 2939 Aaron
855 2883 1047 2956 typieo
1079 2881 1239 2936 cultu
1272 2881 1598 2946 decoratur,

2100 2914 2275 2968 Addit
2303 2913 2394 2968 bis
2420 2881 2670 2968 tinctum
2703 2930 2880 2985 super
2909 2913 3003 2968 his
3035 2912 3125 2969 lex
3155 2913 3411 2985 pristina
3442 2933 3683 2983 coccum,

345 2973 558 3076 egerat
589 2977 653 3028 ut
674 2972 852 3072 ,digne
885 2969 1752 3076 “fu?”“bf‘Tanffliﬁt‘ij
2101 3001 2206 3069 Qui
2240 3003 2408 3074 plane
2429 3003 2643 3075 gemini
2677 2969 2890 3074 pignus
2921 2969 3190 3074 designat
3217 3003 3464 3076 amoris,

342 3063 606 3135 Namque
634 3063 824 3117 virum
857 3059 1088 3132 poderis
1119 3056 1372 3113 contexit
1398 3056 1552 3156 linea
1580 3056 1776 3119 vestis,
2101 3056 2196 3146 gis
2232 3056 2330 3163 aui
2364 3056 2782 3146 {it‘g‘datus‘si’t
2811 3056 3271 3146 dilectib‘ﬁgtrié

341 3153 592 3253 fsfn‘lue
615 3167 831 3253 ῘῖῙὈΡΨ
856 3149 1261 3253 ωθάξηξῳῗῗ
1281 3149 1756 3253 (Brisfftus'
2099 3179 2289 3247 Casta,
2325 3196 2546 3243 serena,
2583 3180 2817 3245 decens,
2851 3179 3044 3234 divino
3076 3183 3304 3234 nectare
3337 3180 3586 3253 fervens,

345 3239 462 3293 Sub
495 3237 659 3293 Sarai
688 3237 851 3307 virga
881 3252 952 3290 ne
982 3235 1129 3290 forte
1160 3233 1459 3304 superbiat
1487 3233 1658 3303 Agar.

346 3329 504 3382 Hanc
534 3327 701 3390 bene,
731 3325 978 3395 castigat
1007 3326 1172 3390 dure,
1205 3320 1416 3393 premit
1445 3324 1620 3392 atque
1652 3320 1877 3392 fatigat,

342 3414 547 3471 Esurie
577 3413 813 3486 frangit,
845 3411 1051 3468 multis
1082 3410 1394 3467 sudoribus
1424 3409 1606 3483 augit,

344 3503 416 3560 Ut
444 3507 756 3576 cognoscat
787 3502 1008 3569 heram,
1041 3500 1247 3555 timeat
1275 3498 1488 3554 lasciva
1519 3513 1799 3564 severam,

341 3597 544 3650 Pareat
572 3591 837 3656 instanti,
871 3589 1085 3646 collum
1119 3588 1354 3660 subigat
1383 3586 1726 3642 dominanti.

339 3681 462 3744 Qua
480 3681 692 3736 virtute
721 3680 874 3735 bona
903 3678 1130 3750 pollens
1161 3678 1219 3731 in
1252 3693 1434 3748 agone
1463 3693 1677 3730 corona

338 3767 644 3838 Tripudiat
671 3767 871 3833 victor,
902 3769 1106 3820 mceret
1133 3781 1236 3836 per
1265 3767 1486 3818 tartara
1514 3763 1700 3828 lictor,

336 3857 406 3910 Et
426 3856 584 3924 jacet
612 3855 840 3909 enervis
870 3870 996 3924 quae
1029 3869 1143 3907 non
1174 3851 1327 3906 valet
1355 3867 1482 3906 esse
1513 3849 1766 3916 rebellis,

336 3943 591 3999 Pectoris
621 3959 652 3997 e
681 3942 866 3997 solido
898 3941 1129 4012 penitus
1161 3939 1404 4010 depulsa
1433 3938 1631 3994 libido.

331 4031 476 4086 Hine
506 4029 773 4084 rationali
807 4030 1112 4084 decoratur
1131 4026 1420 4098 judiciali,

329 4117 625 4174 Pontiﬁcis
656 4134 817 4172 sacro
846 4116 1002 4172 vitiis
1033 4116 1092 4170 in
1124 4120 1351 4187 pectore
1392 4133 1556 4181 nexo,

327 4207 449 4270 Quo
481 4206 849 4261 bissenorum
885 4209 1022 4260 sunt
1052 4204 1268 4275 scripta
1295 4204 1574 4259 vocabula
1599 4209 1852 4276 patrum.

328 4295 538 4350 Mentis
567 4294 934 4367 splendorem
958 4295 1136 4349 decus
1159 4293 1268 4348 hoc
1289 4297 1451 4348 notat
1472 4298 1647 4365 atque
1669 4295 1972 4366 pudorem.

325 4387 447 4450 Quo
481 4383 722 4440 Domino
753 4383 881 4439 eceli
913 4383 1106 4437 studio
1139 4383 1452 4454 conjuncta
1482 4381 1660 4450 ﬁdeli,

325 4473 448 4528 Huc
479 4472 590 4529 sibi
617 4477 960 4545 przesentem
993 4475 1267 4526 retractat
1296 4476 1507 4526 cuncta
1534 4472 1846 4538 videntem,

327 4559 489 4616 Illius
528 4561 599 4614 ad
625 4561 852 4616 vultum
883 4559 984 4632 qui
1015 4559 1094 4614 nil
1127 4559 1371 4614 dimittit
1401 4559 1677 4628 inultum,

326 4647 594 4703 Continet
621 4649 977 4704 omnimodis
1009 4648 1230 4703 ratione
1260 4648 1558 4704 volumina
1587 4649 1797 4715 cordis,

325 4735 632 4807 Castigans
661 4737 900 4804 trutina,
935 4737 983 4791 si
1017 4737 1155 4808 quid
1187 4737 1546 4807 subrepserit
1576 4738 1745 4794 infra.

325 4822 537 4878 Sedulo
569 4827 901 4879 sanctorum
935 4807 1184 4879 rimatur
1213 4825 1363 4880 facta
1389 4826 1670 4895 priorum,
2081 4807 2152 4862 Ut
2183 4808 2404 4879 Placeat
2434 4807 2602 4863 “Obis
2631 4807 2751 4862 ham
2781 4807 3034 4862 dicunt"
3062 4809 3326 4880 Ρυάοΐίδν

2019 3305 2061 3372 C
2099 3277 2419 3333 Consolans
2451 3278 2717 3345 miseros,
2749 3277 2944 3332 visens
2973 3277 3034 3331 in
3065 3293 3292 3334 carcere
3323 3281 3542 3346 tentos,

2099 3366 2468 3438 Compaticns
2500 3367 2690 3438 aegris,
2724 3366 2987 3420 tribuens
3021 3365 3280 3421 solamen
3313 3369 3539 3438 egenis.

2100 3455 2238 3509 Inde
2269 3455 2529 3510 docendo
2561 3455 2736 3508 ﬁdem
2768 3455 2840 3508 de
2871 3453 3015 3509 cmlo
3050 3453 3306 3508 mittitur
3336 3454 3519 3523 idem,

2097 3543 2311 3616 Diligat
2341 3547 2405 3598 ut
2437 3559 2736 3598 summum
2769 3542 2865 3614 pia
2896 3559 3062 3598 mens
3085 3559 3262 3615 super
3289 3546 3494 3601 omnia
3525 3547 3719 3601 Patrem

2096 3634 2218 3698 Quo
2251 3632 2544 3704 seraphim
2578 3648 2739 3687 more
2771 3632 3024 3704 ﬂagrans
3054 3631 3291 3687 deitatis
3324 3649 3546 3701 amore,

2097 3729 2168 3785 Ut
2199 3729 2401 3786 sitiens
2432 3747 2635 3784 cervus
2667 3731 2886 3785 fontem
2916 3729 3291 3785 vehementer
3319 3731 3572 3788 anhelus

2093 3818 2395 3890 Concupit,
2429 3822 2677 3890 exoptat,
2712 3818 3023 3884 desiderat,
3059 3818 3222 3873 ardet
3253 3824 3310 3874 et
3340 3825 3488 3876 orat.

2093 3907 2164 3962 Ut
2197 3907 2404 3962 mulier
2433 3906 2756 3979 lympham,
2782 3907 2916 3962 ﬁdei
2945 3923 3072 3978 quae
3105 3907 3319 3979 reperit
3349 3911 3589 3978 undam,

2089 3997 2134 4050 A
2165 4012 2226 4050 se
2256 3996 2514 4068 projecta
2543 3994 2814 4050 vitiorum
2835 3999 3041 4067 sponte
3071 3993 3297 4067 lagena,

2089 4084 2343 4138 Ornatus
2369 4100 2602 4138 summa
2634 4083 2846 4155 byssus
2887 4082 3032 4137 nitet
3062 4083 3197 4138 inde
3226 4087 3464 4153 retorta,

2088 4172 2384 4227 Pontiﬁcis
2416 4176 2666 4227 mentem
2702 4171 3019 4244 designans
3051 4171 3184 4226 labe
3213 4178 3511 4230 carentem
3538 4194 3550 4242 ;

2086 4262 2268 4325 Quam
2293 4261 2573 4315 decorans
2605 4261 2790 4314 ambit
2819 4265 2955 4332 toga
2983 4261 3232 4314 candida
3261 4262 3610 4336 virginitatis

2089 4348 2157 4403 Ut
2187 4349 2284 4403 lux
2315 4347 2522 4403 solaris
2553 4365 2685 4402 cum
2719 4364 2890 4403 mane
2920 4347 3246 4404 refunditur
3275 4351 3452 4418 arvis,

2081 4439 2271 4492 Aurea
2292 4436 2503 4509 regalis
2533 4436 2718 4492 virtus
2751 4436 2926 4492 micat
2956 4436 3331 4509 integritatis,

2082 4533 2154 4588 Ut
2183 4549 2314 4588 rosa
2344 4533 2714 4606 ﬂagrcseens,
2744 4538 2808 4588 ut
2837 4533 2975 4589 thus
3014 4539 3068 4589 et
3099 4551 3298 4590 aroma
3331 4535 3649 4609 liquescens

2080 4620 2333 4676 Pullulat
2363 4627 2410 4677 et
2449 4621 2688 4689 redolet,
2721 4622 2968 4678 fecundo
2999 4621 3262 4694 germine
3293 4623 3493 4694 pollet,

2081 4670 2102 4676 -
2131 4670 2332 4676 -----—-
2366 4670 2410 4677 ν·
2449 4670 2688 4689 -ν-ν-ντγ
2721 4670 2964 4678 "'""‘-'
2999 4670 3260 4694 0"“"“'
3293 4670 3485 4694 Γν·⁶ν·ι

2001 4670 2048 4733 D
2085 4711 2290 4766 Factus
2320 4715 2520 4765 nostra
2551 4727 2682 4765 caro
2713 4711 2867 4766 Deus
2899 4710 3016 4765 exit
3047 4710 3303 4786 Virginis
3336 4713 3485 4781 alvo,

320 4911 405 4965 Ad
437 4909 731 4981 specimen
761 4929 1012 4983 quorum
1043 4912 1286 4983 pulchra
1319 4914 1463 4968 nitet
1491 4913 1685 4968 indole
1716 4931 1967 4984 morum,
2079 4899 2203 4962 Qua
2233 4897 2365 4968 (Ιυίε
2396 4896 2660 4964 "emitur:
2685 4897 2862 4952 decus
2892 4896 3192 4969 imperiale
3215 4903 3493 4966 meretur,

323 4997 499 5053 Israel
532 5001 597 5052 ut
627 5000 922 5068 quondam
955 5001 1108 5054 flevit
1139 5001 1446 5072 Babylonis
1477 5001 1548 5056 ad
1585 5002 1825 5071 undam,
2079 4985 2234 5041 (30113
2258 4991 2450 5040 terens
2481 4985 2687 5050 hOStiS:
2715 4990 2908 5056 caput
2933 4985 3204 5042 diadema
3233 4987 3460 5044 decoris

320 5087 539 5158 Nempe
561 5085 697 5140 Sion
717 5105 1257 5160 memorans,quam
1281 5089 1634 5160 sitjucunda
1657 5093 1968 5149 recordans
2079 5074 2322 5129 Lamina
2352 5075 2538 5129 fronte
2569 5075 2748 5128 micat
2778 5073 3038 5146 lapidum
3071 5074 3295 5148 fulgore
3328 5093 3584 5142 corusca:

319 5174 550 5246 Optima
579 5190 944 5245 gemmarum
981 5177 1132 5232 rivos
1163 5178 1326 5232 ducit
1348 5177 1735 5251 lacrymarum
1772 5197 1784 5235 ε
2077 5171 2267 5226 Pileus
2299 5177 2356 5227 et
2387 5171 2604 5226 nitidos
2635 5170 2869 5243 stringit
2898 5171 2969 5226 de
3001 5188 3160 5227 more
3191 5172 3456 5244 capillos.

315 5264 400 5318 Ad
434 5263 586 5318 bona
614 5263 893 5318 caelorum
927 5264 1154 5336 ﬁngens
1185 5265 1338 5322 acies
1370 5267 1692 5337 oculorum,
2073 5261 2219 5316 Nam
2252 5261 2348 5331 pia
2379 5277 2566 5328 mens,
2601 5261 2808 5315 animae
2831 5275 3066 5315 summa
3085 5277 3211 5332 quae
3242 5261 3546 5333 praeminet
3566 5273 3695 5314 arce.

315 5353 522 5408 Noctes
548 5355 722 5421 atque
752 5352 876 5406 dies
908 5352 1014 5407 hos
1046 5353 1294 5425 pectoris
1325 5355 1483 5410 elicit
1509 5355 1747 5412 imbres.
2073 5349 2358 5404 Constans
2378 5352 2436 5403 et
2467 5348 2714 5416 stabilis,
2749 5365 2864 5403 non
2898 5350 3071 5416 ﬂuxa,
3104 5365 3348 5423 vagans,
3381 5356 3439 5407 ct
3471 5347 3663 5413 inanis,

315 5442 476 5513 Saepe
503 5440 905 5512 Redemptoris
937 5442 1205 5496 meminit
1231 5441 1514 5514 multique
1545 5443 1783 5512 doloris,
2070 5438 2368 5492 Virtutum
2398 5438 2648 5510 gemmis
2681 5442 2745 5492 ut
2775 5454 2922 5509 opus
2953 5437 3320 5510 resplenduit
3351 5439 3498 5495 auri.

315 5531 472 5596 Quod
506 5529 687 5603 gemit
716 5535 772 5585 et
802 5529 1011 5601 plorat,
1045 5530 1186 5597 sitit,
1221 5530 1403 5586 esurit
1433 5537 1605 5603 atque
1645 5532 1918 5601 laborat“
2071 5526 2171 5582 Hi8
2203 5527 2568 5581 vcstimt‘ntis
2604 5525 2791 5598 typica
2823 5526 3046 5581 ratione
3079 5525 3276 5598 politis

317 5619 421 5674 Pro
453 5619 632 5675 servis
664 5618 948 5674 Dominus
977 5619 1205 5690 patiens
1238 5619 1476 5690 indigna
1506 5621 1815 5694 benignus,
2069 5625 2321 5680 Ornatus
2353 5642 2577 5681 sacram
2610 5625 2804 5680 stabat
2829 5624 3126 5680 Romanus
3157 5625 3228 5680 ad
3261 5643 3427 5682 aram

314 5708 608 5778 Traditur,
643 5711 921 5780 arctatur,
955 5707 1229 5779 colaphos
1261 5708 1438 5777 subit,
1471 5709 1830 5782 exalapatur,
2069 5713 2412 5770 Sacriﬁcans
2443 5716 2673 5786 Agnum
2706 5713 2805 5785 qui
2839 5712 3043 5770 mundi
3072 5713 3322 5771 erimina
3353 5715 3520 5781 tollit,
