3814 6218
79 345 172 409 181
845 347 1260 412 GERARDUS
1305 347 1370 410 S.
1416 346 1774 410 MEDAllDl
1822 346 2227 414 SUESSION.
2276 351 2662 421 DECANUS;
3332 343 3450 413 183

76 482 202 536 Ante
238 478 387 537 diem
420 496 652 537 sacrum
696 498 810 555 quo
839 481 1002 555 plebs
1034 499 1182 538 nova
1211 480 1692 537 Christicolarum
1721 477 1779 548 Α
1809 485 2048 541 Dextera
2077 484 2328 554 virtutis,
2365 488 2523 560 pacis
2551 501 2813 562 veraeque
2843 485 3053 546 salutis

77 569 230 626 Dulce
258 569 392 626 colit
433 569 672 641 Pascha,
705 588 818 643 quo
851 571 1112 643 gaudens
1142 570 1356 627 transit
1385 571 1456 626 ad
1492 573 1648 625 astra
1677 586 1690 624 :
1799 573 1879 627 Ad
1915 574 2167 644 speciem
2200 574 2340 630 solis
2373 577 2749 649 resplendens
2779 577 2908 633 luce
2938 575 3183 642 decoris,

77 659 162 712 Hie
189 657 364 713 athtla
396 657 517 724 Dei,
551 660 816 732 quamvis
848 659 960 715 sibi
991 659 1193 715 sedulo
1217 676 1448 732 parcus,
1800 663 1932 726 Quae
1965 661 2389 733 paradisiacam
2412 670 2575 720 vocat
2606 665 2762 721 hunc
2785 667 3104 722 clementer
3123 666 3194 720 ad
3225 663 3441 731 aulam,

75 747 213 802 Tunc
240 747 423 819 magis
454 749 700 821 urgebat
724 748 967 804 confecti
999 748 1259 820 corporis
1287 753 1468 812 artus,
1803 754 2042 804 Dextera
2072 767 2325 823 namque
2371 753 2527 824 piam
2563 755 2758 827 signat
2797 771 2974 826 super
3002 754 3218 809 aethera
3243 752 3446 818 vitam,

77 834 313 891 Excubiis
341 836 593 906 instans,
627 836 915 908 precibus,
949 837 1088 892 rivis
1119 835 1517 903 lacrimarum,
1804 837 2124 907 Pacificam,
2161 840 2486 911 pulchram,
2520 842 2705 897 nitido
2735 842 2959 916 fulgore
2985 857 3308 898 coruscam.

77 924 241 980 Hostis
267 929 321 980 et
348 925 583 981 insidiis
614 943 784 980 curas
817 926 1102 982 adhibens
1135 926 1490 981 animarum.
1799 927 1958 980 Hanc
1985 927 2390 999 amplexantur
2421 930 2520 1001 qui
2551 930 2692 986 laeva
2724 947 2839 986 non
2873 930 3222 1003 spatiantur,

75 1013 287 1085 Jamque
315 1014 441 1069 dies
474 1014 635 1086 pacis
667 1014 984 1087 populique
1014 1014 1426 1070 reconciliandi
1799 1015 1904 1080 Qui
1937 1016 2220 1087 subigunt
2242 1017 2417 1073 istam
2452 1019 2716 1092 fragilem
2743 1019 2919 1074 simul
2946 1036 3012 1074 ac
3044 1019 3372 1092 fugitivam.

75 1104 306 1171 Venerat,
338 1106 394 1158 et
423 1119 654 1158 sacram
687 1104 877 1158 turbis
910 1103 1252 1175 impleverat
1282 1102 1499 1168 aulam,
1870 1104 2180 1177 Postquam
2212 1107 2299 1159 vir
2329 1107 2557 1162 Domini
2590 1108 2869 1180 mysteria
2897 1125 3064 1163 sacra
3093 1105 3335 1180 peregit,

77 1191 209 1245 Tunc
237 1191 361 1262 pius
392 1191 641 1248 antistes
670 1192 844 1248 ﬂetus
875 1193 1053 1247 dabat
1082 1193 1402 1257 uberiores,
1798 1194 2015 1265 Agmen
2039 1195 2334 1264 justorum
2358 1197 2528 1266 jubet
2558 1196 2836 1252 accersire
2867 1191 3174 1263 virorum,

76 1278 202 1334 lnter
229 1279 512 1353 lugentes,
539 1281 693 1336 inter
723 1299 830 1337 sua
863 1281 1113 1336 crimina
1144 1282 1368 1345 flentes,
1798 1281 2000 1336 Caelica
2033 1283 2157 1338 visa
2188 1285 2382 1351 refert,
2418 1301 2486 1338 ac
2513 1284 2720 1340 leniter
2744 1285 2879 1340 inde
2911 1285 3216 1341 subinfert.

80 1369 227 1438 Atque
255 1367 360 1439 piis
392 1369 666 1440 precibus
695 1370 926 1424 veniam
959 1371 1248 1442 poscendo
1281 1373 1496 1434 reatus,
1797 1369 2029 1434 Discite,
2065 1371 2246 1437 filioli,
2271 1372 2452 1444 patris
2485 1372 2725 1440 ultima;
2752 1375 2996 1446 jamque
3023 1373 3225 1439 valete,

76 1454 243 1511 Plebes
278 1457 544 1522 absolvit,
564 1457 757 1513 oleum
790 1458 1107 1514 chrismate
1137 1457 1402 1514 sacravit.
1796 1460 2227 1531 Excessumque
2259 1477 2452 1515 meum
2488 1478 2654 1532 prece
2685 1479 2850 1516 sacra
2879 1462 3263 1534 protegitote;

77 1543 240 1600 Clerus
269 1550 324 1599 at
356 1546 590 1602 incaute
621 1547 820 1602 minus
853 1546 995 1602 illud
1032 1548 1307 1618 providus
1338 1563 1510 1602 omne
1795 1548 1974 1611 Quem
2002 1548 2125 1617 jam
2160 1548 2410 1604 caelestis
2439 1554 2606 1604 vocat
2633 1551 2704 1604 ad
2737 1567 2799 1605 se
2829 1550 3020 1622 gratia
3049 1549 3225 1623 regis,

74 1631 250 1687 Dividit
280 1634 563 1699 ecclesiis,
593 1635 688 1689 vix
714 1653 832 1690 una
862 1636 1152 1708 superfuit
1182 1635 1298 1690 illis
1796 1637 1868 1691 Ut
1897 1637 2128 1692 tandem
2164 1638 2380 1710 proprii
2413 1640 2558 1694 ditet
2587 1640 2848 1694 mercede
2879 1639 3121 1694 laboris.

72 1722 138 1774 Ad
167 1720 358 1778 lavacri
393 1740 618 1778 morem
642 1724 901 1778 retinens
931 1723 1193 1795 ampulla
1223 1722 1528 1795 liquorem.
1794 1725 1908 1780 Vos
1940 1731 2136 1780 tamen
2169 1727 2453 1782 admoneo
2487 1745 2666 1794 nunc,
2701 1728 2928 1794 fratres,
2963 1727 3076 1782 ista
3103 1727 3288 1792 silete,

73 1809 233 1864 Tertia
259 1827 509 1882 cumque
541 1812 666 1868 dies
693 1812 1046 1868 venerabilis
1077 1812 1434 1880 emicuisset,
1714 1847 1762 1911 B
1795 1815 1981 1886 Hujus
2014 1818 2070 1870 et
2099 1816 2399 1884 oromatis,
2434 1833 2650 1887 quaeso,
2685 1820 2906 1871 secreta
2932 1819 3160 1882 tenete;

71 1900 255 1954 Gaudia
284 1918 494 1973 magna
525 1901 738 1966 ferens,
769 1899 907 1957 imis
937 1901 1192 1957 cmlestia
1213 1903 1472 1973 jungens
1715 1899 1761 1911 ⁵’
1792 1904 1982 1958 Donec
2011 1921 2112 1958 vas
2141 1903 2386 1970 luteum,
2434 1922 2534 1960 seu
2578 1905 2837 1976 corporis
2884 1903 2992 1959 hoc
3033 1907 3438 1976 tegumentum

74 1987 282 2044 Phazbus
307 1993 362 2044 et
390 1989 727 2045 accelerans
747 1991 900 2060 jam.
920 1990 992 2062 (1)
1016 2006 1232 2044 nonam
1265 1991 1558 2045 clauderet
1574 1990 1676 2045 ho-
1787 1993 2013 2047 Matrici
2043 1997 2206 2046 terrae
2237 1997 2405 2065 cogat
2438 1998 2648 2047 natura
2679 1993 2909 2048 referre.

1329 2077 1497 2150 [ram,
1788 2081 2085 2152 Extemplo
2106 2080 2334 2152 gelidus
2364 2086 2514 2137 totos
2547 2098 2724 2154 pavor
2753 2085 2997 2152 occupat
3027 2086 3212 2147 artus,

74 2165 247 2222 Prasul
277 2168 344 2222 ad
375 2167 640 2223 ofﬁcium
672 2171 911 2222 sanctus
945 2167 1228 2239 processit
1260 2168 1551 2239 agendum
1791 2170 2039 2225 Auribus
2069 2175 2133 2224 ut
2163 2170 2358 2224 sonuit
2385 2171 2532 2225 tanti
2565 2187 2693 2226 sors
2723 2171 2939 2225 extima
2973 2169 3171 2242 patris,

74 2256 186 2312 llinc
210 2257 347 2316 inter
376 2274 558 2313 sacra
589 2258 732 2312 dum
765 2274 868 2329 per
887 2255 1171 2312 solemnia
1203 2256 1393 2311 missae
1789 2262 2045 2325 Quorum
2079 2275 2382 2314 mcerorem
2410 2258 2766 2331 compescuit
2797 2266 2972 2329 atque
3004 2257 3303 2324 dolorem;

75 2345 306 2401 Fontibus
334 2350 556 2402 astaret
590 2345 890 2401 lavacrum
924 2362 1038 2418 quo
1071 2345 1480 2412 sanctificaret,
1789 2347 1906 2410 Sal,
1939 2349 2124 2414 favus,
2160 2347 2406 2420 eloquiis
2437 2349 2714 2420 prudens,
2749 2352 2806 2402 et
2835 2348 2907 2402 ad
2941 2347 3140 2402 omnia
3167 2346 3349 2402 mitis.

74 2433 164 2489 Vas
180 2436 331 2505 jubet
353 2435 547 2491 afferri
578 2451 820 2490 sacrum
852 2433 1167 2489 chrismale
1197 2433 1455 2489 ferentis.
1791 2439 1875 2492 Ad
1904 2437 2151 2507 patriam
2184 2441 2423 2492 sanctus
2455 2437 2701 2492 Domino
2725 2437 3040 2491 miserante
3065 2440 3323 2502 vocatus,

76 2521 208 2578 Forte
233 2525 324 2579 sed
353 2525 702 2596 impraaceps
733 2524 906 2578 turba
938 2522 1190 2594 stipante
1221 2521 1507 2591 minister,
1790 2526 2078 2582 Instanter
2108 2525 2333 2597 vigilat,
2367 2543 2578 2597 corpus
2610 2526 2821 2581 sudore
2853 2523 3076 2597 fatigat,

77 2610 195 2666 Dum
216 2613 345 2684 pede
370 2613 632 2680 festinat,
667 2629 738 2668 ne
771 2611 1028 2684 pontifici
1064 2627 1227 2666 mora
1257 2611 1378 2676 ﬁat,
1791 2614 2163 2670 Prcestolatur
2193 2614 2397 2669 herum
2429 2615 2588 2668 velut
2608 2631 2642 2669 a
2669 2612 2946 2668 thalamis
2978 2612 3325 2680 rediturum,

77 2699 274 2755 Labitur
297 2717 324 2755 e
348 2701 646 2768 manibus,
681 2702 930 2756 fractum
961 2717 1062 2756 vas
1093 2704 1426 2767 evacuatur,
1793 2703 1864 2758 Ut
1893 2703 2006 2758 cita
2035 2701 2292 2774 pulsanti
2324 2706 2540 2758 reseret
2569 2719 2677 2758 sua
2707 2701 2911 2756 limina
2941 2700 3112 2772 patri,

79 2787 195 2844 Pene
218 2807 378 2848 vorax
405 2806 647 2847 omnem
679 2789 822 2862 quin
853 2788 1051 2844 hausit
1079 2805 1256 2844 arena
1287 2788 1592 2860 liquorem.
1789 2793 1833 2846 A
1863 2792 2064 2846 mundi
2088 2791 2330 2863 strepitu
2365 2791 2643 2846 semotior
2671 2795 2847 2861 atque
2875 2788 3157 2857 tumultu,

78 2876 312 2934 Fontibus
331 2879 543 2934 astanti
574 2895 672 2935 res
701 2883 791 2933 est
819 2882 883 2932 ut
904 2877 1136 2950 cognita
1166 2877 1336 2949 patri,
1789 2879 2018 2934 Arctius
2050 2880 2110 2934 in
2143 2878 2288 2934 cella
2317 2880 2538 2934 ditatur
2567 2877 2772 2934 cwlibe
2801 2878 2938 2933 vita.

78 2963 145 3019 Nil
165 2983 221 3021 ex
239 2966 340 3024 hoc
366 2968 654 3040 trepidus,
686 2965 820 3022 fidei
853 2967 954 3022 sed
988 2966 1191 3021 robore
1223 2966 1452 3035 firmus,
1794 2969 2024 3024 Lividus
2055 2968 2174 3023 haec
2206 2968 2394 3023 hostis
2425 2985 2666 3023 cernens
2697 2967 2853 3022 dolet
2881 2966 3157 3022 omnibus
3185 2965 3366 3022 horis.

77 3053 344 3127 Fragmina
376 3074 554 3129 parva
584 3056 811 3128 legens,
847 3056 917 3110 ad
953 3055 1251 3110 Christum
1284 3055 1522 3112 brachia
1551 3060 1682 3111 ten-
1793 3057 2059 3112 Calcibus
2092 3057 2331 3112 attritus
2365 3057 2692 3112 reverendis
2721 3056 2815 3112 hic
2839 3055 3120 3111 basilicus

1345 3143 1533 3215 [dens,
1718 3210 1750 3219 _
1793 3145 2042 3219 Ingemit
2071 3144 2276 3210 iratus,
2312 3144 2597 3217 furiisque
2628 3145 2791 3200 novis
2822 3144 3244 3210 stomachatus,

77 3229 292 3288 Membra
317 3234 432 3289 solo
466 3233 701 3300 sternit,
737 3234 944 3288 devota
974 3231 1310 3304 precamina
1333 3210 1483 3286 fudit
1507 3210 1527 3301 ;ν
1709 3210 1752 3278 C
1793 3210 2000 3291 Sibilat
2031 3233 2364 3306 exsanguis,
2399 3210 2532 3288 fano
2567 3233 2852 3305 spoliatus
2883 3236 2941 3288 et
2970 3232 3109 3288 aris.

75 3316 286 3375 Exorans
317 3322 478 3378 illum
514 3322 618 3395 qui
655 3323 901 3378 fractum
932 3321 1168 3376 cardine
1199 3321 1485 3375 mundum
1791 3323 2063 3390 Insidias,
2091 3322 2326 3376 fraudes
2357 3322 2502 3377 alias
2531 3322 2791 3388 molitur,
2823 3326 2881 3377 et
2904 3326 3079 3390 artes,

77 3406 274 3465 Miriﬁce
303 3417 549 3484 reparat,
586 3410 892 3482 proprium
925 3409 1181 3464 fudendo
1213 3424 1500 3477 cruorem,
1791 3411 1988 3467 Exerit
2019 3410 2340 3482 ingenium,
2374 3411 2682 3481 tenditque
2713 3410 2978 3465 libidinis
3004 3426 3227 3472 arcum,

79 3494 132 3549 Ut
152 3498 332 3554 reddat
362 3501 588 3556 maestis
617 3499 775 3571 quod
810 3498 991 3553 diruit
1021 3495 1232 3552 zemula
1265 3497 1466 3568 pestis.
1791 3503 1912 3566 Quo
1931 3501 2057 3570 jam
2106 3500 2473 3564 Samsonem,
2509 3515 2623 3569 quo
2671 3496 3001 3569 perculerat
3031 3496 3424 3561 Salomonem,

78 3584 192 3647 Quid
219 3604 398 3644 morer
423 3589 482 3644 in
513 3588 754 3644 verbis?
784 3587 855 3641 ad
890 3591 1098 3641 nutum
1132 3585 1599 3656 Cunctipotcntis
1794 3589 2029 3643 Pectora
2053 3585 2450 3649 debilitatans,
2482 3585 2744 3641 mulieris
2776 3601 2972 3640 amore
2999 3585 3308 3656 sagittans.

79 3670 188 3728 Ecce
214 3676 568 3745 reformatur,
607 3675 930 3732 resolutum
965 3673 1362 3730 consolidatur
1791 3678 1940 3748 Ergo
1972 3673 2168 3730 dolore
2201 3675 2454 3728 fremens
2485 3675 2652 3745 cujus
2685 3689 2848 3729 sacer
2877 3671 3072 3728 obruit
3099 3688 3291 3728 arcem

81 3757 167 3816 Vas
187 3762 314 3820 illud
343 3766 591 3822 vitreum
625 3764 787 3819 velut
816 3767 950 3818 ante
979 3762 1206 3835 liquore
1238 3762 1535 3818 refertum.
1795 3766 1856 3820 In
1886 3763 2126 3819 Veneris
2147 3763 2339 3835 specie
2364 3763 2523 3817 vafra
2545 3779 2606 3818 se
2637 3761 2856 3835 colligit
2887 3766 3030 3828 arte,

83 3846 248 3906 Sancte
276 3853 452 3922 Pater,
478 3852 738 3910 famulos
769 3852 990 3924 peccati
1020 3851 1150 3907 labe
1177 3851 1399 3906 solutos
1794 3853 2122 3909 Mendicam
2152 3850 2459 3918 simulans,
2487 3855 2543 3905 et
2573 3850 2842 3922 praesulis
2872 3849 3020 3905 atria
3050 3849 3332 3920 lustrans,

83 3933 360 4009 Consolida,
393 3961 626 4015 repara,
665 3941 916 3997 subeant
945 3945 1008 3995 ut
1039 3941 1261 3995 fortiter
1291 3944 1466 3994 astra.
1793 3941 2050 3996 Errando
2081 3940 2290 3996 clausa:
2323 3956 2453 3995 sero
2475 3940 2619 4012 petit
2648 3939 2845 3995 abdita
2870 3938 3048 4007 cellae,

84 4024 165 4086 Qui
188 4032 235 4082 te
259 4031 584 4100 pontiﬁcem
617 4046 903 4103 magnum
936 4032 1199 4084 statuens
1231 4033 1286 4082 et
1315 4027 1557 4082 herilem
1796 4029 2020 4084 Limine
2051 4033 2167 4084 stat
2198 4028 2456 4101 plorans,
2495 4028 2577 4084 sic
2610 4028 2778 4083 illum
2808 4027 3021 4084 ﬂebilis
3051 4044 3261 4084 orans:

86 4111 272 4172 leitus
300 4120 519 4175 ornavit
549 4118 869 4174 virtutibus
900 4121 957 4173 et
987 4116 1272 4184 solidavit,
1794 4119 1836 4173 Ο
1870 4123 2051 4190 pater,
2086 4135 2117 4172 ο
2149 4121 2329 4187 pater,
2365 4135 2396 4172 ο
2429 4121 2641 4173 sanctae
2665 4117 2897 4189 pietatis
2928 4119 3173 4182 amator,

87 4199 264 4274 Dirigat
282 4207 422 4262 hanc
436 4209 734 4281 trepidam
752 4224 880 4279 quae
909 4223 1062 4260 nunc
1084 4210 1242 4260 tenet
1262 4203 1380 4259 alta
1401 4203 1680 4270 carinam,
1795 4206 1964 4261 Urbis
1993 4205 2352 4278 prmsidium,
2387 4206 2565 4260 totius
2596 4205 2819 4276 egentis
2845 4205 3092 4276 asylum,

89 4287 141 4343 Ut
161 4293 282 4350 bene
327 4313 662 4362 curramus,
691 4312 797 4350 nec
828 4296 885 4349 in
917 4295 1010 4350 his
1043 4293 1314 4365 scopulos
1343 4293 1679 4348 subeamus.
1797 4295 2116 4365 Hospitium
2153 4293 2373 4348 miser
2408 4297 2707 4364 prmstans,
2742 4293 2900 4365 inopi
2933 4293 3226 4348 miserere.

89 4376 165 4432 Hic
193 4387 335 4451 pater
361 4384 630 4456 apprime
662 4383 844 4439 Chisti
875 4399 1195 4438 succensus
1224 4398 1442 4444 amore,
1797 4383 1985 4437 Pande
2019 4383 2168 4436 fores
2200 4381 2354 4448 tecti,
2389 4382 2638 4437 vicinam
2673 4381 2912 4453 subripc
2945 4380 3138 4446 morti,

89 4464 211 4538 Saepe
240 4471 542 4528 theoricam
576 4476 820 4544 cuperet
849 4489 981 4526 cum
1009 4471 1220 4525 (lucere
1250 4469 1451 4535 vitam,
1794 4474 1929 4537 Quae
1960 4488 2122 4541 vaga,
2159 4486 2284 4539 qua:
2328 4470 2504 4536 nuda,
2541 4487 2668 4540 quae
2698 4467 2975 4540 languida
3001 4483 3131 4522 sum
3163 4467 3442 4538 peritura.

89 4550 139 4606 Ut
155 4572 300 4626 grave
328 4561 506 4616 sensit
537 4577 714 4625 onus,
747 4577 916 4614 curas
949 4564 1004 4614 ct
1035 4559 1291 4630 pondera
1312 4573 1528 4621 rerum,
1715 4575 1761 4638 Ι)
1795 4560 1914 4614 Huc
1948 4577 2086 4628 agor
2110 4556 2308 4612 infelix
2331 4557 2575 4612 immani
2611 4558 2845 4630 frigore,
2878 4555 3118 4621 nimbis,

89 4640 148 4694 Ad
173 4647 403 4717 requiem
433 4650 598 4720 pacis
633 4665 952 4720 properans
985 4648 1042 4701 in
1076 4647 1189 4700 ﬁne
1213 4645 1462 4711 dierum,
1799 4650 2012 4702 Bruma
2042 4647 2175 4700 terit
2207 4647 2489 4708 membra,
2525 4645 2739 4718 glacies
2767 4649 2925 4700 secat
2975 4661 3184 4715 aspera
3214 4644 3446 4716 plantas

91 4726 261 4804 Nempe
288 4735 416 4792 Sion
457 4736 746 4801 recolens,
791 4735 1036 4808 Solymze
1076 4733 1341 4806 speciosa
1368 4731 1688 4802 revolvens,
1796 4737 1898 4791 Vis
1930 4736 2088 4808 angit
2121 4735 2334 4800 Borea),
2368 4737 2516 4790 tetra
2547 4751 2778 4806 premor
2807 4731 2978 4788 anxia
3008 4736 3196 4788 nocte.

93 4814 321 4879 Exsilium
352 4825 545 4896 ﬂebat,
580 4824 782 4897 patriae
807 4825 1072 4895 jucunda
1094 4823 1346 4895 petebat.
1799 4824 1857 4879 Si
1889 4823 2097 4878 saltem
2129 4823 2289 4891 trita,
2323 4822 2371 4878 si
2397 4840 2529 4877 cum
2557 4839 2768 4895 perone
2799 4820 3034 4877 lacerna

93 4903 301 4965 Quadam
331 4931 582 4985 namque
613 4913 709 4968 die
741 4912 956 4985 praesul
988 4910 1400 4967 sanctissimus
1432 4909 1559 4977 iste,
1798 4911 2032 4967 Texeris
2063 4911 2214 4966 hanc
2248 4913 2487 4978 nudam,
2522 4910 2713 4983 gelido
2737 4912 2864 4981 jam
2902 4925 3030 4966 rose
3062 4910 3316 4966 solutam

96 4991 258 5053 Annua
283 5001 412 5056 dum
439 5019 620 5058 sacra:
654 5001 910 5056 celebrat
940 5000 1224 5056 solemnia
1256 4998 1470 5066 missae,
1798 5001 1932 5073 Igne
1963 5017 2169 5070 parum
2201 5001 2412 5068 foveas,
2449 5001 2602 5056 intra
2633 5005 2734 5054 tua
2764 4999 2971 5054 limina
3001 5017 3228 5070 pascas.

96 5077 250 5140 Hostia
275 5088 390 5144 viva
416 5091 538 5159 Dei,
575 5088 864 5162 templum
893 5089 1221 5144 venerabile
1249 5087 1409 5159 pacis
1435 5106 1447 5152 ;
1796 5091 1928 5154 Qum
1961 5088 2197 5143 dabitur
2218 5089 2420 5160 justis,
2455 5094 2513 5144 tu
2548 5107 2660 5144 non
2698 5090 2962 5143 mercede
2994 5087 3240 5144 carebis.

99 5169 310 5245 Dumque
337 5178 482 5250 polis
512 5179 709 5234 inhiat
736 5178 911 5234 veluti
943 5194 1272 5250 suspensus
1302 5177 1372 5231 ad
1407 5174 1544 5240 alta,
1797 5176 1869 5229 At
1900 5179 2061 5246 pater
2088 5174 2208 5228 hec
2237 5177 2416 5231 surda
2446 5177 2600 5248 capit
2630 5192 2768 5230 aure
2799 5175 3067 5231 susurria
3097 5176 3306 5240 multa,

98 5253 188 5311 Ima
210 5267 650 5338 supergreditur,
683 5267 958 5338 seraphin
989 5267 1195 5322 ardore
1225 5269 1536 5320 crematur.
1803 5265 1870 5317 Et
1898 5262 2235 5317 contectalis
2268 5264 2482 5336 refugit
2511 5265 2805 5319 consortia
2838 5262 2990 5318 talis.

98 5339 174 5400 His
199 5348 514 5426 intendenti,
538 5355 832 5411 libamina
860 5372 1028 5410 sacra
1059 5354 1266 5410 ferenti
1874 5349 2057 5405 Pestis
2088 5352 2158 5405 ad
2203 5351 2324 5405 hazc
2353 5352 2546 5407 dirum
2593 5369 2872 5423 rumpens
2902 5369 2936 5406 a
2965 5357 3194 5424 pectore
3226 5350 3450 5404 luctum

98 5432 298 5506 Apparet
321 5441 548 5499 Domini
580 5461 760 5516 super
788 5462 949 5500 aram
984 5445 1216 5500 dextera
1248 5441 1485 5512 Christi,
1801 5439 1950 5494 Altis
1978 5438 2302 5512 ingemuit;
2336 5439 2630 5512 planctus,
2662 5439 2989 5495 ululamina
3021 5441 3188 5496 fudit.

153 5542 210 5618 {ll
262 5546 500 5606 Sabbato
550 5554 755 5606 sancto
821 5554 954 5606 ante
1016 5550 1219 5604 horam
1271 5564 1505 5612 nonam,
1567 5565 1694 5618 quae
1807 5564 1920 5601 non
1954 5545 2392 5618 conveniebant,
2423 5565 2527 5602 nec
2572 5551 2887 5618 antequam
2937 5544 3106 5601 stella
3143 5541 3454 5611 appareret

102 5617 267 5670 nostra
296 5620 465 5677 tertia
478 5622 892 5695 pomeridianas
911 5621 1314 5694 respondebat,
1343 5619 1413 5674 ad
1435 5615 1694 5675 ofﬁcium
1810 5619 1864 5672 in
1900 5615 2063 5683 cmlo,
2099 5617 2340 5672 missam
2372 5615 2746 5692 incipiebant:
