3814 6218
318 331 435 400 183
1026 332 1339 403 ΑΡΡΕΝῙ)
1383 331 1486 393 AD
1533 332 1725 394 SxEC.
1770 331 1821 391 X

2198 333 2398 394 ORES
2443 333 2631 394 ANNI
2674 332 3020 396 INCERTI.
3605 335 3702 396 {BI

387 465 431 522 Ο
462 466 645 539 pater,
677 482 710 521 o
743 467 963 533 custos,
1000 465 1100 521 ubi
1133 483 1289 522 nunc
1319 470 1422 521 tua
1452 464 1806 535 sollicitudo,
1993 465 2048 534 Α
2078 467 2119 521 E
2154 465 2385 539 regione
2416 467 2594 524 sudes
2624 467 2826 524 dextra
2853 467 3111 540 laevaque
3141 464 3434 539 locantur,

317 559 503 624 Quam
535 556 712 612 debes
743 555 948 611 ovibus
999 572 1146 626 quas
1198 555 1494 611 commisit
1524 555 1631 609 tibi
1659 553 1964 610 Christus?
2087 555 2159 612 Ut
2187 555 2291 610 tibi
2327 557 2482 627 quod
2516 557 2639 612 fieri
2671 557 2895 629 cupias,
2920 558 3078 629 quod
3101 559 3237 628 jure
3267 557 3525 630 rependi,

316 646 396 702 De
427 661 600 719 grege
631 661 806 716 quem
841 661 1036 700 servas
1062 645 1212 717 perit
1243 662 1374 700 ecce
1400 643 1699 700 doloribus
1722 660 1857 712 una,
2087 645 2203 699 Hoc
2234 644 2366 700 aliis
2392 645 2603 701 facias:
2638 646 2794 717 quod
2827 646 2977 702 nolis
3009 647 3284 719 quodque
3315 663 3568 715 recusas,

315 735 386 794 Ni
410 735 582 790 modo
615 732 943 802 subvenias,
978 734 1214 801 morior,
1249 738 1370 798 tua,
1405 739 1623 806 pastor,
1656 731 1848 788 ovilla.
2087 733 2201 788 Nec
2234 734 2412 789 facias
2443 735 2563 790 alii.
2598 735 2692 790 Sic
2725 741 2952 790 mentes
2979 737 3167 809 gratia
3189 737 3417 809 jungit,

320 823 381 880 Si
413 822 658 888 morior,
691 821 924 895 qualem
959 840 1062 894 pro
1095 839 1186 877 me
1218 823 1424 878 reddes
1456 821 1740 877 rationem
2090 822 2184 877 Sic
2217 822 2447 878 Domini
2473 839 2700 878 sacram
2733 823 2908 895 digne
2938 824 3184 880 venietis
3206 825 3279 880 ad
3314 841 3499 891 aram,

319 916 469 968 Ante
501 912 603 968 Dei
631 911 858 967 vultum
891 928 1025 966 cum
1059 911 1136 966 nil
1161 910 1378 967 laxabit
1409 910 1703 966 inultum?
2089 911 2286 965 Dulcis
2318 917 2374 966 et
2404 911 2679 984 angelica:
2711 917 3012 969 sumentes
3045 912 3268 968 fercula
3295 914 3449 969 vita.

393 1002 510 1058 Hos
542 1005 704 1073 pater
733 1003 804 1058 ad
839 1001 1008 1056 fletus
1042 1001 1273 1072 pietatis
1305 1001 1523 1055 viscere
1555 1003 1770 1065 motus,
2089 999 2206 1055 Hac
2237 1004 2292 1055 et
2323 999 2493 1071 plura
2541 1017 2808 1067 monens,
2842 1002 3152 1058 verborum
3183 1006 3420 1058 nectare
3451 1019 3729 1075 promens,

320 1091 556 1164 Excepit
586 1090 822 1145 tandem
856 1089 1263 1146 tauculentum
1289 1090 1522 1144 nescius
1555 1088 1803 1143 hostem.
2087 1087 2384 1152 Obsecrat,
2420 1089 2710 1156 hortatur,
2743 1090 3016 1162 regaliter
3045 1095 3111 1146 ut
3140 1090 3490 1164 gradiantur

326 1179 510 1236 Pestis
543 1184 608 1234 ut
638 1179 876 1234 intravit
904 1178 1109 1250 prunis
1140 1177 1417 1233 calefacta
1449 1177 1685 1240 resedit,
2091 1177 2195 1232 Per
2218 1177 2347 1232 fidei
2384 1195 2672 1246 normam,
2708 1196 2814 1235 nec
2845 1181 2916 1234 ab
2940 1195 3105 1250 aequo
3137 1179 3282 1235 calle
3315 1181 3603 1246 recedant,

325 1269 584 1325 Dilatans
607 1269 826 1324 crimen
863 1269 1077 1323 ﬂavum
1111 1268 1359 1323 mentita
1389 1266 1662 1332 colorem,
2087 1265 2288 1320 Justos
2319 1266 2571 1322 emeritae
2603 1267 2704 1338 qui
2727 1268 2904 1323 ducat
2933 1268 3005 1323 ad
3029 1267 3180 1323 atria
3206 1267 3357 1323 vitae.

325 1359 590 1414 Denudat
622 1361 846 1430 pectus,
881 1357 930 1412 si
963 1357 1149 1429 possit
1184 1357 1410 1412 ﬂectere
1435 1373 1664 1411 sensus.
2089 1353 2189 1408 His
2220 1353 2557 1425 praelibatis,
2588 1355 2815 1411 cunctis
2846 1357 2996 1412 dans
3025 1355 3230 1412 oscula
3257 1357 3446 1428 pacis,

327 1447 639 1503 Candidior
668 1448 901 1515 renitet,
927 1451 1129 1518 gestus
1158 1450 1214 1501 et
1245 1445 1473 1501 ludicra
1503 1445 1731 1510 miscet,
2091 1445 2336 1498 Summo
2368 1444 2587 1515 pastori
2617 1445 2912 1501 commisit
2939 1445 3086 1501 ovile
3114 1445 3462 1518 regendum,

327 1535 468 1592 Tela
497 1535 785 1591 sacerdoti
817 1535 1009 1590 verbis
1032 1534 1177 1606 jacit
1209 1533 1587 1588 illecebrosis.
2089 1533 2136 1586 A
2166 1549 2226 1586 se
2257 1531 2586 1601 collectum,
2621 1533 2972 1605 proprioque
3005 1550 3211 1588 cruore
3246 1534 3625 1606 redemptum,

329 1624 538 1680 Omnia
570 1623 828 1690 molitur,
864 1640 969 1678 nec
1002 1640 1101 1678 cor
1132 1621 1322 1694 regale
1355 1622 1564 1676 feritur
1590 1638 1603 1688 ;
2089 1620 2163 1676 Ut
2194 1621 2304 1676 sibi
2335 1627 2634 1677 conservet
2664 1638 2814 1692 quos
2843 1621 3128 1690 condidit,
3161 1626 3338 1694 atque
3366 1624 3655 1694 gubernet,

330 1714 457 1769 Stat
485 1712 795 1768 vehemens
829 1713 1070 1767 adamas
1105 1711 1264 1766 nulla
1295 1708 1671 1783 penetrabilis
1702 1712 1842 1772 arte,
2093 1709 2287 1765 Hostis
2321 1711 2391 1764 ab
2423 1709 2658 1766 insidiis
2689 1711 3039 1782 praemuniat
3069 1715 3245 1782 atque
3266 1712 3503 1784 sagittis

332 1801 449 1857 Nec
473 1806 638 1872 petra
669 1800 958 1856 mollescit
990 1818 1116 1872 quae
1164 1800 1389 1856 Christo
1440 1815 1683 1870 prorsus
1716 1796 1983 1852 adhaesit.
2016 1836 2064 1901 Β
2093 1797 2237 1852 Hinc
2270 1796 2369 1852 ubi
2401 1797 2695 1853 vivificum
2727 1815 2941 1870 corpus
2967 1804 3360 1872 sanctumque
3391 1815 3646 1856 cruorem

332 1889 629 1963 Angelicis
652 1890 832 1945 armis
865 1889 1158 1961 siquidem
1193 1889 1458 1944 munitus
1481 1888 1552 1943 ab
1586 1885 1780 1942 astris.
2016 1885 2064 1901 ν
2095 1886 2278 1958 Digne
2310 1887 2588 1958 percepit,
2619 1887 2854 1958 qualem
2889 1889 2960 1943 de
2985 1889 3145 1944 fonte
3176 1889 3415 1961 recepit,

332 1980 510 2052 Signa
533 1978 722 2034 crucis
753 1979 961 2045 vibrat,
1002 1996 1116 2050 quo
1148 1977 1266 2050 pilo
1298 1978 1526 2033 fortiter
1555 1980 1684 2031 acta
2098 1976 2253 2030 Inter
2281 1979 2414 2030 vota
2443 1992 2707 2046 precum,
2741 1976 2998 2049 suspiria
3024 1976 3200 2050 longa
3228 1977 3512 2034 clientum

337 2067 701 2139 Diffugiendo
734 2083 911 2138 vagas
940 2067 1173 2122 evanuit
1205 2067 1415 2121 umbra
1446 2083 1549 2138 per
1579 2082 1791 2132 auras;
2099 2063 2370 2119 Reddidit
2398 2064 2668 2121 aethereis
2699 2065 2957 2121 animam
2992 2083 3128 2122 cum
3159 2083 3300 2138 pace
3331 2067 3591 2134 catervis,

335 2157 536 2213 Fetida
566 2173 668 2228 per
699 2160 879 2211 totam
911 2155 1184 2227 linquens
1215 2155 1460 2228 vestigia
1491 2153 1722 2209 cellam.
2099 2155 2283 2218 Quam
2316 2153 2578 2224 speciosa
2608 2153 2862 2226 phalanx
2891 2172 3202 2211 assumens
3233 2155 3618 2212 cmlicoiarum

334 2245 436 2301 Ille
465 2245 564 2301 Dei
597 2248 790 2312 natus,
825 2262 1001 2316 quem
1033 2244 1286 2316 Virginis
1309 2243 1494 2299 edidit
1519 2242 1703 2308 alvus,
2101 2241 2317 2297 Detulit
2348 2243 2419 2296 ad
2452 2241 2629 2298 caelos
2660 2259 2794 2298 cum
2823 2243 3099 2299 laudibus
3131 2245 3589 2301 barmoniarum.

336 2334 578 2405 Semper
606 2334 936 2388 Romanum
971 2337 1135 2387 tanta
1166 2332 1298 2387 fecit
1330 2331 1526 2386 indole
1547 2331 1791 2386 clarum.
2100 2333 2284 2386 Aurea
2314 2331 2641 2388 Jerusalem
2672 2331 2866 2387 valvas
2897 2332 3009 2388 sibi
3036 2333 3240 2404 pandit
3263 2339 3320 2390 et
3348 2351 3562 2400 arcem,

335 2423 410 2478 Ut
439 2425 691 2493 nequeat
718 2421 834 2476 labi
868 2420 1147 2492 nulloque
1171 2422 1342 2475 modo
1375 2418 1595 2474 violari.
2101 2419 2206 2485 Qui
2241 2420 2473 2490 penitus
2505 2421 2721 2491 sprevit
2753 2420 3063 2493 Babylonis
3090 2423 3160 2477 ab
3191 2421 3387 2478 indole
3414 2423 3638 2480 fascem.

337 2511 558 2565 Cursus
589 2509 866 2564 horarum
897 2507 1114 2563 Phoebo
1146 2512 1454 2580 peragente
1486 2525 1728 2562 suarum
2101 2508 2282 2563 Intrat
2313 2509 2702 2580 apostolicum
2739 2509 2871 2564 felix
2901 2510 3124 2584 collega
3151 2517 3426 2568 senatum

335 2598 588 2654 Venerat
619 2597 688 2652 ad
724 2595 1048 2668 metasjam
1082 2597 1265 2652 sancti
1293 2595 1560 2668 praesulis
1589 2601 1752 2664 aetas,
2101 2598 2243 2652 Cum
2277 2613 2393 2668 quo
2417 2597 2628 2667 judicii
2658 2598 2889 2654 scandit
2917 2597 3099 2655 sedile
3128 2599 3387 2670 beatum,

340 2686 559 2742 Christi
591 2684 947 2757 splendifera
977 2703 1124 2757 quas
1156 2690 1392 2741 noverat
1414 2685 1604 2740 indice
1637 2686 1856 2751 dextra,
2102 2685 2286 2740 Fortis
2319 2685 2376 2739 in
2407 2685 2666 2741 adversis
2697 2702 2831 2741 cum
2864 2691 3014 2742 caatu
3046 2688 3369 2760 martyriali

340 2775 415 2831 Ut
445 2775 708 2830 mercede
741 2775 893 2830 bona
913 2775 1192 2847 gauderet
1212 2775 1466 2846 vesperis
1499 2775 1660 2838 hora,
2100 2774 2242 2829 Jure
2273 2774 2536 2829 coronari
2566 2775 2762 2847 palma
2793 2776 3011 2832 meruit
3041 2777 3323 2832 decorari.

339 2864 588 2936 Mystica
610 2863 892 2920 cultorem
925 2864 1131 2920 habuit
1165 2882 1339 2937 quem
1371 2865 1539 2920 vinea
1568 2865 1794 2932 fortem,
2101 2862 2323 2917 Emicat
2353 2862 2412 2916 in
2443 2863 2654 2918 castris
2685 2867 2751 2918 ut
2779 2864 3030 2935 phoebus
3060 2864 3434 2938 virginitatis,

339 2953 467 3009 Non
492 2957 720 3025 torpore
744 2953 998 3026 pigrum,
1034 2971 1137 3008 nec
1171 2954 1243 3008 ab
1274 2957 1416 3008 aestu
1448 2952 1831 3019 desidiosum,
2102 2950 2501 3022 Centuplicem
2535 2953 2788 3008 fructum
2822 2953 2963 3024 quia
2995 2953 3236 3026 protulit
3264 2953 3632 3028 integritatis.

341 3045 522 3109 Quem
556 3043 745 3114 pudor
773 3042 1072 3114 angelicas
1101 3043 1274 3097 decor
1303 3041 1508 3096 extulit
1538 3041 1887 3113 integritatis
2101 3041 2354 3096 Excessu
2387 3041 2571 3112 patris
2597 3041 2778 3096 simul
2810 3058 3016 3098 omnes
3047 3043 3422 3114 meatiﬁcati,

341 3130 415 3186 Ut
444 3148 544 3185 vas
576 3129 834 3185 muditizn
865 3129 1153 3200 templum
1189 3131 1352 3184 ﬁeret
1381 3130 1634 3184 deitatis.
2041 3203 2046 3204 γ
2102 3129 2420 3200 Exsequias
2446 3128 2700 3197 solvunt,
2737 3130 2963 3186 tumulo
2997 3131 3090 3204 pia
3119 3132 3381 3187 membra
3410 3134 3735 3188 recondunt.

341 3223 461 3273 Hac
489 3219 703 3272 etenim
731 3218 946 3272 virtute
978 3217 1206 3272 refulsit
1229 3218 1299 3272 ab
1332 3217 1525 3272 indole
1556 3217 1746 3288 prima
2020 3203 2064 3270 (ἶ
2105 3216 2374 3272 Praesulis
2407 3217 2478 3273 ob
2511 3218 2786 3274 meritum
2819 3203 3218 3292 Rothomagus
3249 3223 3468 3293 gaudet
3490 3223 3549 3277 in
3569 3238 3738 3278 aevum

343 3309 467 3372 Qua
492 3307 720 3362 domuit
745 3323 978 3362 carnem
1013 3323 1139 3378 quae
1169 3307 1306 3361 luxu
1329 3306 1514 3379 vergit
1546 3307 1616 3361 ad
1649 3307 1786 3373 ima,
2101 3307 2348 3362 Assidue
2378 3308 2549 3378 cujus
2581 3309 2866 3379 pretiosos
2897 3307 3106 3364 excolit
3135 3314 3320 3375 artus,

344 3397 418 3454 Ut
449 3395 722 3452 manibus
750 3395 914 3468 puris
946 3400 1003 3450 et
1031 3396 1251 3451 mundo
1285 3395 1455 3450 corde
1490 3395 1728 3450 beatum
2171 3395 2316 3451 Huic
2345 3396 2662 3451 Audoenus
2695 3397 2982 3452 successit
3012 3397 3406 3469 pontiﬁcatus.

343 3488 586 3558 Semper
615 3485 980 3540 adorandum
1012 3484 1222 3540 libaret
1252 3484 1502 3540 dulciter
1529 3486 1783 3556 Agnum.
2101 3484 2228 3539 Non
2261 3482 2457 3538 minus
2479 3483 2750 3556 insignis,
2785 3484 2870 3540 sol
2901 3485 3132 3553 ardens,
3168 3485 3386 3559 fulgur,
3419 3491 3479 3542 et
3508 3486 3628 3551 iris,

339 3575 500 3631 Unde
531 3574 662 3646 polo
695 3575 978 3648 gaudens,
1013 3579 1068 3629 ct
1099 3573 1214 3628 tala
1244 3573 1475 3646 cyclade
1507 3573 1812 3644 plaudens,
2102 3571 2265 3628 Thus
2287 3571 2572 3640 redolens,
2593 3573 3225 3646 cedrus,nux,myrtus,
3245 3574 3736 3648 oliva,cypressus,

337 3663 545 3719 Cantat
566 3662 908 3718 dulcisonus
940 3679 1042 3734 pro
1073 3662 1402 3733 virginitate
1433 3662 1721 3718 melodus.
2103 3661 2266 3716 Pacis
2297 3660 2632 3728 consilium,
2658 3662 2862 3733 patria:
2891 3662 3074 3718 totius
3104 3662 3372 3735 asylum;

408 3752 574 3807 Peste
607 3751 974 3823 philargyrize
1007 3752 1195 3806 caruit
1226 3751 1383 3806 rivus
1415 3751 1669 3822 pietatis,
2102 3748 2345 3804 Francia
2375 3766 2490 3821 quo
2519 3749 2726 3822 viguit,
2761 3768 2876 3822 quo
2907 3755 3028 3806 tota
3056 3750 3337 3807 Nenstria
3364 3750 3548 3817 fulsit,

336 3839 587 3894 Gressus
619 3837 923 3903 debilium,
959 3854 1171 3892 manus
1220 3856 1416 3905 aurea,
1470 3838 1660 3893 cultor
1690 3842 1991 3911 egentum,
2106 3839 2458 3893 Sanctorum
2490 3839 2698 3894 castris
2729 3843 3017 3911 tanquam
3049 3839 3412 3912 fulgentibus
3431 3839 3622 3897 astris.

337 3926 632 3997 Quidquid
665 3930 788 3981 erat
817 3942 1027 3981 census
1060 3925 1301 3998 inopum
1334 3925 1613 3997 dispersit
1642 3927 1714 3982 ad
1747 3944 1909 3997 usus,
2102 3927 2290 3997 Hujus
2324 3931 2380 3982 et
2412 3932 2701 3983 extremos
2733 3927 3052 3999 perlustrat
3083 3929 3240 3984 fama
3269 3929 3618 3998 Britannos;

338 4015 512 4070 Liber
540 4017 606 4068 ut
634 4014 814 4069 exiret
844 4013 969 4068 sine
1001 4013 1130 4069 labe
1161 4014 1365 4069 beatus
1396 4013 1600 4070 obiret.
2107 4015 2228 4070 Hoc
2261 4016 2493 4072 Graecus
2525 4021 2783 4084 rosonat,
2817 4016 3148 4090 promulgat
3176 4021 3234 4072 et
3261 4032 3441 4074 aurea
3471 4017 3665 4085 Roma,

337 4103 603 4174 Cumque
631 4118 911 4174 suprema
941 4100 1066 4157 dies
1097 4101 1208 4156 sibi
1229 4103 1356 4173 jam
1381 4101 1621 4157 vicinior
1641 4106 1816 4173 esset,
2101 4103 2164 4159 In
2196 4122 2312 4176 qua
2343 4105 2460 4160 dux
2491 4105 2625 4160 fidei
2656 4106 2796 4160 dum
2831 4109 2986 4162 totus
3013 4105 3072 4160 in
3103 4106 3288 4162 ardua
3317 4105 3448 4162 oculi

337 4193 405 4247 Et
435 4190 668 4264 fragiles
699 4195 862 4247 artus
898 4191 1076 4246 febris
1110 4191 1390 4247 diuturna
1420 4195 1661 4257 teneret,
2103 4192 2383 4248 Psalleret
2414 4192 2673 4249 intentus
2707 4194 3070 4250 decachordo
3098 4194 3362 4250 carmina
3392 4193 3631 4266 plectro,

339 4280 614 4337 Plebibns
643 4279 867 4347 accitis,
896 4285 955 4336 et
988 4280 1044 4334 in
1080 4297 1264 4336 unum
1295 4280 1405 4336 rite
1435 4281 1672 4348 coactis,
2101 4281 2386 4354 Angelicaa
2420 4282 2576 4338 vocis
2613 4299 2964 4354 responsum
2995 4282 3222 4339 coalitus
3252 4283 3474 4340 hausit.

339 4369 606 4426 Ecclesiae
639 4369 876 4425 famulis
909 4368 1136 4441 profert
1167 4368 1479 4424 monitoria
1507 4370 1667 4440 pacis
1694 4385 1706 4423 :
2103 4370 2214 4426 Sed
2249 4371 2388 4441 quia
2420 4370 2716 4443 magniﬁci
2743 4375 2903 4443 patet
2930 4371 3107 4443 hujus
3137 4371 3256 4427 vita
3285 4372 3516 4444 patroni

337 4459 439 4528 En,
473 4459 573 4526 ait,
599 4477 632 4514 a
662 4459 910 4526 Christo,
945 4458 1038 4514 cui
1070 4457 1314 4530 supplex
1345 4458 1518 4513 corde
1551 4457 1802 4530 benigno
2101 4458 2352 4514 Alterius
2385 4459 2582 4514 studio
2612 4476 2785 4530 prosa
2815 4464 3117 4532 metroqne
3139 4460 3340 4532 polito,

337 4547 629 4602 Hactenus
679 4548 1046 4619 obsequium,
1099 4564 1203 4618 pro
1236 4564 1407 4619 posse
1435 4546 1583 4635 dedi
1617 4546 1989 4616 famulatum,
2026 4571 2070 4635 Ο
2103 4547 2207 4600 Hic
2240 4547 2491 4635 breviter
2510 4550 2726 4601 tectum
2759 4546 3103 4602 concludam
3138 4548 3251 4602 fine
3281 4546 3565 4635 libellum.

335 4637 623 4690 Invitatus
653 4652 739 4700 eo,
773 4636 1072 4692 communi
1105 4641 1260 4692 sorte
1294 4634 1570 4691 resolvor.
2027 4633 2057 4635 θ
2101 4634 2225 4688 Νοη
2252 4637 2445 4688 tamen
2480 4633 2590 4688 hoc
2631 4638 2835 4689 sancto
2866 4651 3100 4690 carmen
3133 4634 3260 4691 sine
3293 4634 3492 4692 fenore
3529 4634 3722 4693 scribo.

335 4724 648 4788 Quorcirca
677 4741 904 4791 moneo,
939 4741 1089 4794 quos
1121 4741 1275 4778 nunc
1303 4741 1370 4779 ex
1401 4729 1565 4796 parte
1596 4724 1880 4797 relinquo.
2101 4723 2211 4778 Sed
2244 4739 2465 4793 precor,
2500 4721 2768 4794 imploro,
2803 4723 2941 4778 totis
2971 4727 3029 4778 et
3055 4721 3282 4778 nisibus
3307 4740 3408 4779 oro

335 4810 410 4865 Ut
438 4813 672 4865 maneat
701 4811 863 4866 vobis
894 4829 1002 4882 pax
1033 4815 1090 4866 ct
1119 4812 1432 4866 concordia
1461 4828 1714 4878 morum,
2099 4811 2171 4865 Ut
2201 4810 2346 4865 mihi
2380 4811 2680 4866 Romanus
2713 4810 2790 4866 sit
2817 4811 3026 4867 ductor
3049 4811 3121 4867 ad
3151 4811 3368 4867 aethera
3394 4815 3648 4868 sanctus.

337 4900 471 4964 Quae
506 4897 639 4953 ﬁdei
672 4899 928 4971 signum,
963 4901 1094 4954 fons
1123 4903 1212 4954 est
1237 4905 1292 4954 et
1322 4899 1546 4971 origine
1579 4900 1888 4956 bonorum.
2100 4899 2296 4954 Lintre
2325 4898 2459 4954 licet
2488 4916 2666 4970 parva
2698 4898 2995 4956 sulcantes
3021 4916 3258 4971 aequora
3284 4917 3503 4974 magna

337 4986 553 5042 Juncta
583 4985 696 5041 sibi
726 4990 921 5041 teneat
950 4986 1183 5041 dilectio
1215 4987 1389 5042 corda
1420 4986 1634 5050 dualis,
2099 4987 2361 5059 Remigio
2385 4986 2596 5053 sancti,
2625 5005 2741 5043 non
2771 4988 2892 5044 ulla
2918 4988 3180 5061 pericula
3206 4989 3391 5060 passi,

339 5078 464 5140 Qua
492 5073 667 5129 veluti
697 5074 949 5146 geminis
981 5076 1052 5129 ad
1084 5075 1293 5130 coelum
1324 5075 1585 5129 tenditur
1615 5075 1743 5130 alis.
2097 5076 2466 5147 Scillzeosque
2486 5092 2660 5131 canes
2683 5076 2845 5132 illaesi
2879 5081 3319 5148 praetereuntes,

339 5161 442 5217 His
475 5163 714 5232 pa'ibus
745 5162 920 5234 lignis
953 5162 1276 5217 contexitur
1305 5179 1483 5218 aurea
1515 5163 1712 5230 vestis,
2095 5164 2375 5218 Venimus
2408 5164 2479 5218 ad
2514 5167 2767 5235 portum.
2802 5164 2891 5220 Sit
2918 5164 3048 5220 laus
3074 5165 3323 5221 Domino
3350 5167 3722 5222 dominorum.

338 5249 568 5323 Integra
599 5268 725 5322 quae
757 5251 931 5306 durat
961 5249 1122 5305 nulla
1153 5249 1482 5306 resolubilis
1513 5257 1654 5306 arte.
2097 5251 2185 5305 Sit
2217 5251 2346 5306 sine
2379 5251 2490 5306 line
2523 5251 2722 5320 decus,
2751 5252 2854 5323 qui
2885 5256 3092 5326 regnat
3119 5252 3313 5309 trinus
3343 5257 3404 5309 et
3431 5270 3602 5310 unus.

1596 5487 2478 5526 *ψ
