3814 6218
353 360 468 424 18³7

630 358 965 421 APPEND.
1001 358 1104 420 AD
1135 357 1328 420 S/EG.
1349 357 1838 420 -—AUC'I‘ORES
1873 357 2061 418 ΑΝΝΙ
2095 355 2521 420 INCERTI.—
2542 353 3024 419 AMBIARDUS
3055 355 3230 418 ABB.
3262 353 3478 416 SOLL.

3635 353 3739 416 l88

351 499 452 553 aut
481 497 633 552 certe
662 493 774 550 ﬁde
805 490 981 549 simul
1019 494 1075 550 et
1110 491 1382 565 operibus
1426 489 1749 547 coluerunt.
1773 489 1988 544 Verum
2019 490 2074 556 Α
2104 489 2267 556 ferat,
2283 491 2455 563 jubet
2480 491 2687 558 facere,
2714 505 2984 547 asserens
3010 506 3072 546 se
3103 487 3461 562 pauperibus
3481 492 3536 542 et
3554 485 3736 559 egenis

353 585 550 659 plures
576 584 691 640 ﬁde
737 583 1307 646 tantummodo,non
1337 581 1621 636 habentes
1671 579 1863 634 locum
1913 579 2001 634 vel

351 678 585 746 tempus
638 671 934 745 Operandi,
969 670 1020 726 ei
1070 670 1434 742 placuerunt,
1469 686 1533 723 ac
1580 668 1999 741 professionem

353 762 610 820 nominis
641 762 768 832 ejus
800 760 955 833 passi
977 764 1133 816 sunt.
1158 761 1238 814 Ex
1259 759 1532 831 operibus
1556 762 1744 812 autem
1779 757 2000 829 absque

356 851 471 906 ﬁde
503 865 674 905 nemo
696 847 746 902 ei
772 864 1030 918 unquam
1054 852 1156 901 aut
1188 845 1409 918 placere
1437 844 1623 916 potuit
1647 848 1747 898 aut
1770 845 1996 915 poterit,

353 944 408 995 et
429 943 494 994 ut
516 938 710 1011 aptius
732 937 1026 992 enuntiem
1047 936 1200 1007 quod
1226 936 1374 999 dico,
1390 933 1509 988 hzec
1532 937 1618 987 est
1641 933 1737 986 illa
1756 933 1999 1004 geminae

354 1025 806 1084 conversationis
857 1025 1151 1089 discretio,
1177 1040 1353 1096 quam
1402 1021 1908 1092 contemplativam
1945 1026 2001 1077 et

353 1116 599 1172 activam
625 1118 965 1185 nuncupant
994 1114 1194 1168 vitam.
1218 1113 1299 1166 Ad
1335 1112 1482 1166 hanc
1504 1127 1735 1182 quoque
1765 1110 1995 1166 distinc—

350 1205 566 1262 tionem
599 1203 889 1276 pertinent
918 1203 1032 1256 duo
1057 1219 1183 1273 quae
1214 1201 1271 1255 in
1306 1199 1580 1254 Psalterio
1603 1200 1803 1254 crebro
1843 1216 1999 1254 com-

352 1297 768 1356 memorantur,
806 1291 1097 1346 canticum
1143 1289 1408 1343 videlicet
1440 1292 1496 1342 et
1534 1286 1818 1358 psalmus.
1853 1289 1998 1342 Nam

349 1382 828 1452 eanticum.quod
868 1397 936 1435 ex
965 1378 1352 1450 intelligentia
1391 1375 1515 1431 sola
1543 1377 1698 1431 vocis
1729 1376 2000 1430 humanas

349 1473 638 1544 profertur
661 1470 995 1533 οιιεξςείοηρ,
1012 1469 1081 1522 ad
1107 1466 1403 1521 interioris
1420 1465 1676 1520 hominis
1695 1465 2000 1520 scientiam

346 1565 404 1615 et
434 1559 566 1614 tidei
601 1559 850 1630 pertinet
873 1556 1208 1620 veritatem;
1243 1553 1508 1626 psalmus
1536 1571 1690 1618 vero,
1716 1553 1813 1624 qui
1845 1553 2005 1614 adhi-

347 1647 467 1702 bito
501 1646 783 1702 materiali
811 1661 1028 1716 organo
1057 1647 1448 1699 consonanter
1471 1642 1788 1714 peragitur,
1813 1643 1885 1697 ad
1915 1660 2004 1697 ex-

347 1735 561 1790 teriora
585 1739 640 1789 et
661 1733 984 1806 corporalia
1013 1732 1262 1787 refertur
1283 1747 1491 1801 opera:
1516 1731 1571 1784 in
1599 1730 1816 1800 quibus
1839 1731 2006 1786 nimi-

2109 579 2326 635 ibidem
2358 579 2814 635 consistentibus
2851 578 3225 634 ministrandi
3261 576 3517 632 officium
3557 593 3735 631 susce-

2110 668 2286 740 pisse.
2320 669 2576 724 Necnon
2628 672 2717 723 est
2766 667 3116 723 Laurentius
3164 667 3438 722 Romana:
3493 655 3735 720 Ecclesia

2111 757 2580 825 archidiaconus,
2606 774 2741 812 cum
2769 762 2826 811 et
2851 757 2975 828 ipse
3005 760 3158 812 esset
3179 756 3290 810 ﬁde
3313 753 3560 816 stabilis,
3578 753 3742 808 scien-

2109 846 2189 900 tia
2221 848 2517 918 providus,
2543 846 3045 918 eleemosynarum
3087 844 3344 918 largitati
3374 843 3630 898 hilariter
3656 843 3741 897 in-

2111 940 2292 1003 stans,
2317 935 2625 991 thesauros
2657 936 2925 1007 ejusdem
2957 934 3223 990 Ecclesiae
3257 933 3366 988 sibi
3391 932 3739 1000 commissos,

2110 1029 2174 1080 ut
2204 1028 2368 1097 gesta
2405 1025 2700 1096 passionis
2731 1024 2860 1095 ejus
2890 1023 3231 1096 loquuntur,
3256 1019 3603 1076 ﬁducialiter
3627 1037 3744 1075 ero-

2109 1113 2263 1186 gavit
2295 1114 2685 1185 pauperibus:
2713 1114 2868 1167 unde
2898 1116 2954 1167 et
2986 1111 3354 1167 solemnitate
3387 1109 3743 1182 ipsiuslectio

2109 1201 2321 1273 legitur
2359 1201 2678 1272 apostolica
2737 1219 2864 1272 qua:
2897 1205 3018 1255 tota
3072 1200 3132 1254 in
3190 1198 3584 1255 exhortatione
3634 1198 3744 1252 sive

2110 1290 2281 1344 laude
2311 1289 2688 1361 eleemosynze
2712 1290 2978 1343 facientis
2999 1287 3330 1359 conscripta
3355 1291 3463 1356 est,
3486 1290 3650 1356 atque
3674 1289 3744 1340 ad

2109 1379 2375 1433 eamdem
2409 1378 2759 1448 pertinentia
2789 1393 3026 1432 causam
3060 1377 3173 1432 alia
3203 1374 3488 1430 nonnulla
3520 1375 3645 1428 huic
3671 1375 3747 1429 of-

2113 1466 2242 1521 ﬁcio
2281 1467 2642 1521 inseruntur.
2677 1467 2805 1521 Hch
2855 1467 3035 1539 igitur
3065 1467 3180 1520 duo
3231 1481 3358 1537 quae
3403 1463 3542 1527 dixi,
3574 1464 3744 1518 canti-

2113 1572 2246 1610 cum
2277 1555 2543 1610 videlicet
2565 1572 2630 1610 ac
2658 1555 2944 1626 psalmus,
2968 1554 3298 1626 pariterque
3321 1553 3540 1625 ﬁguras
3561 1569 3744 1607 eorum

2114 1660 2259 1714 quas
2305 1643 2525 1714 prmfati
2570 1659 2799 1706 sumus,
2825 1642 3008 1696 sancti
3052 1642 3252 1696 Patres
3273 1639 3599 1694 divinorum
3636 1639 3748 1694 ofﬁ-

2114 1731 2336 1785 ciorum
2386 1731 2749 1786 ordinatores
2799 1730 3129 1802 significare
3175 1727 3455 1792 volentes,
3496 1727 3556 1782 in
3585 1727 3746 1798 hujus

352 1841 482 1878 rum
508 1821 754 1895 justitiaa
781 1819 1079 1892 operibus,
1105 1818 1372 1874 maximae
1393 1819 1637 1890 justitian
1659 1836 1824 1890 opus,
1850 1821 2001 1891 quod
2038 1855 2082 1919 Β
2116 1819 2422 1891 utriusque
2453 1819 2639 1874 sancti
2677 1819 2990 1874 festivitate
3023 1834 3156 1873 cum
3189 1816 3527 1888 antiphonis
3555 1817 3749 1871 decan-

347 1912 541 1968 Graeco
573 1908 854 1965 vocabulo
884 1909 1289 1980 elemosynam
1321 1908 1636 1980 appellant,
1662 1907 1914 1962 eminet:
1945 1914 2001 1964 et

343 2018 444 2056 vas
469 1998 770 2054 electionis
799 1997 1014 2052 Paulus
1035 1995 1335 2068 apostolus
1359 2002 1413 2051 et
1436 1995 1713 2067 magister
1735 1995 1997 2067 gentium

345 2105 478 2143 cum
514 2088 627 2143 ﬁde
670 2090 824 2141 esset
863 2084 1662 2178 ﬁrmis’;imus,doctrinaque
1702 2085 1996 2155 perfusus,

343 2182 516 2249 atque
539 2175 732 2230 divino
755 2191 954 2230 amore
973 2173 1092 2228 toto
1112 2174 1380 2245 flagraret
1401 2174 1618 2239 animo,
1637 2174 1791 2244 quod
1815 2173 2000 2228 omni-

341 2267 452 2321 bus
475 2281 785 2320 commune
813 2268 902 2317 est
925 2262 1175 2330 sanctis;
1201 2267 1258 2316 et
1273 2263 1397 2332 jam
1424 2261 1836 2316 misericordia:
1871 2279 2000 2334 epe-

343 2355 509 2410 ribus
567 2351 1106 2423 incomparabiliter
1149 2349 1391 2405 sedulus
1443 2351 1789 2416 insudabat;
1842 2352 1993 2422 quod

344 2448 540 2499 textus
570 2440 960 2512 Epistolarum
1007 2440 1228 2505 edocet,
1263 2439 1361 2492 ubi
1393 2438 1714 2510 discipulos
1747 2440 1865 2494 sive
1896 2457 1998 2494 au-

349 2532 569 2586 ditores
601 2546 740 2585 suos
799 2527 1014 2599 saepius
1043 2528 1114 2581 ad
1149 2527 1577 2599 eleemosynam
1638 2527 1997 2593 exhortatur,

347 2618 771 2690 collectamque
801 2616 1180 2689 pecuniarum
1223 2632 1398 2686 quam
1441 2615 1864 2684 Jerosolymam
1900 2617 1996 2671 de-

2111 1909 2306 1964 taudis
2332 1912 2662 1964 statuerunt
2683 1906 2968 1962 versiculo
2994 1906 3325 1962 recitanda:
3352 1910 3638 1978 quatenus
3657 1924 3748 1978 per

2108 1999 2230 2052 haec
2261 2001 2318 2051 et
2349 1997 2656 2052 sinceritas
2690 1997 2822 2051 fidei
2867 2013 3068 2052 eorum
3102 1996 3160 2050 in
3192 1995 3306 2051 Deo
3346 2000 3400 2050 et
3441 1995 3749 2050 misericor-

2109 2086 2216 2141 diae
2249 2103 2423 2158 opera
2455 2087 2512 2140 in
2541 2086 2823 2158 proximis
2845 2089 3333 2150 monstrarentur,
3359 2087 3422 2138 ut
3443 2084 3746 2156 antipbona

2108 2175 2234 2229 loco
2266 2175 2498 2239 cantici,
2533 2192 2632 2246 per
2663 2176 2840 2246 quod,
2876 2178 2942 2229 ut
2972 2175 3194 2228 dictum
3223 2177 3331 2239 est,
3357 2173 3584 2228 devotio
3606 2191 3746 2229 men-

2107 2263 2185 2318 tis
2215 2262 2578 2334 exprimitur,
2613 2268 2944 2329 resonaret;
2986 2260 3259 2318 versiculi
3288 2278 3422 2316 vero
3480 2265 3740 2334 tanquam

2108 2351 2320 2424 psalmi
2372 2351 2772 2420 recitarentur,
2815 2368 2931 2423 quo
2979 2367 3140 2423 mque
3188 2349 3442 2405 exterior
3493 2351 3656 2417 actio,
3687 2367 3739 2404 ac

2107 2440 2523 2496 misericordia:
2555 2457 2749 2513 opera,
2775 2458 2901 2512 qum
2929 2439 3366 2494 studiosissime
3395 2438 3456 2493 hi
3488 2440 3603 2496 duo
3629 2457 3744 2494 san-

2108 2529 2182 2583 cti
2219 2546 2333 2600 prae
2367 2528 2586 2584 caeteris
2613 2533 3010 2596 exercuerant,
3041 2527 3507 2584 insinuarentur.
3537 2527 3665 2583 Vale
3691 2527 3741 2581 in

2108 2617 2378 2680 Domino,
2412 2616 2779 2673 charissime.

1338 2796 1340 2798 1
1442 2893 2729 3024 aanannus

1653 3109 1847 3154 ABBAS
1890 3109 2444 3154 εοιιΕκΜΑοιηδιε

1035 3234 1613 3324 AMBLARDI
1672 3235 2226 3322 EPISTOLA
2284 3236 2426 3320 AD
2486 3236 3049 3322 HERVEUM

1639 3386 2021 3446 Canonicum
2050 3388 2476 3446 Turonensem

1197 3522 1392 3583 Mittit
1421 3519 1504 3580 ad
1529 3539 1657 3579 cum
1690 3517 1909 3578 librum
1937 3517 2008 3579 de
2050 3517 2179 3578 Vita
2208 3519 2402 3578 sancti
2427 3518 2489 3578 Ε
2493 3518 2630 3597 ligii
2652 3519 2914 3599 episcopi

1267 3653 1458 3723 (Apud
1493 3652 1735 3737 Mabill.,
1767 3651 1966 3706 Annal.
2002 3649 2200 3704 Bened.
2234 3653 2373 3704 tom.
2400 3650 2492 3715 1V,
2521 3666 2653 3722 pag.
2685 3649 2832 3720 155.)

1836 3799 2259 3810 ___.___—

421 3917 979 3985 Praacellentissimo,
1013 3917 1246 3987 Deoque
1307 3913 1565 3982 amabili,
1599 3931 1666 3970 ac
1709 3915 1927 3972 bonoru

2230 3916 2280 3971 is
2309 3915 2507 3988 augeri
2536 3915 2880 3984 virtutibus;
2911 3933 3013 3988 pro
3035 3933 3149 3987 quo
3173 3915 3431 3988 petimus
3455 3923 3521 3972 ut
3543 3931 3736 3973 memo-

349 4024 592 4082 operum
639 4005 946 4076 insigniter
996 4005 1275 4059 adornato
1305 4001 1542 4058 domino
1601 4019 1729 4058 meo
1784 4005 1996 4074 Aavao,

351 4095 725 4152 humillimus
767 4092 1032 4147 omnium
1076 4093 1433 4146 Amenanus
1465 4091 1647 4146 abbas
1676 4096 2000 4163 cunctaque

353 4181 722 4256 congregatio
754 4180 898 4236 mihi
947 4181 1211 4250 subjecta
1241 4178 1752 4234 Sollemniacensis
1799 4197 1997 4235 mona-

353 4273 536 4339 sterii,
571 4274 910 4344 perpetuam
942 4269 1001 4323 in
1031 4268 1262 4324 Christo
1293 4267 1564 4323 salutem.

424 4360 638 4418 Mentio
689 4375 854 4415 sacra
891 4357 1067 4414 vestri
1101 4357 1184 4413 sic
1215 4360 1412 4412 nostro
1462 4372 1693 4429 semper
1749 4356 2003 4414 adhaeret

353 4450 591 4524 pectori,
617 4453 680 4504 ut
725 4448 884 4503 nulla
915 4446 1352 4519 perturbatione
1383 4445 1575 4501 saeculi
1630 4461 1999 4516 nequaquam

353 4539 539 4612 possit
569 4538 738 4593 elabi.
767 4536 1044 4600 Quamvis
1083 4536 1238 4590 enim
1289 4535 1440 4590 inter
1488 4534 1754 4588 turbines
1803 4534 1999 4589 saeculi

354 4628 544 4683 simus
574 4625 766 4697 positi,
789 4630 986 4680 tamen
1018 4624 1077 4678 in
1103 4621 1466 4679 orationibus
1498 4621 1736 4688 nostris,
1759 4622 1872 4677 Deo
1893 4622 2005 4676 lar-

354 4714 566 4786 giente,
583 4713 643 4766 in
667 4717 954 4784 quantum
987 4729 1323 4784 possumus,
1344 4727 1632 4766 memores
1653 4727 1860 4766 sumus
1881 4727 2004 4766 ves-

354 4802 449 4856 tri.
470 4800 748 4856 Novimus
770 4801 945 4867 enim,
971 4800 1043 4854 ab
1069 4799 1213 4870 ipsis
1231 4816 1375 4872 pene
1402 4797 1711 4854 cunabulis
1730 4817 1831 4854 vos
1857 4799 2003 4854 nihil

2108 4021 2200 4059 res
2230 4004 2360 4059 sitis
2391 4005 2574 4059 nostri
2604 4003 2663 4058 in
2694 4004 3057 4060 orationibus
3078 4004 3306 4060 vestris.
3335 4005 3531 4061 Vitam
3557 4003 3738 4062 beatis-

2109 4093 2241 4147 simi
2265 4092 2431 4164 Eligii
2466 4093 2817 4148 confessoris
2843 4097 3016 4165 atque
3047 4093 3512 4165 episcopi,quam
3536 4095 3735 4149 dudum

2108 4197 2143 4234 a
2173 4180 2342 4236 nobis
2373 4181 2740 4252 poposcistis,
2775 4182 3170 4257 expressimus
3202 4185 3268 4236 ut
3314 4181 3636 4253 potuimus,
3665 4196 3735 4240 ac.

2111 4274 2223 4324 Deo
2249 4269 2493 4335 volente,
2515 4274 2718 4324 vestrae
2745 4269 3061 4340 praesentiae
3081 4269 3529 4324 destinavimus.
3561 4271 3738 4325 Preca—

2111 4375 2246 4414 mur
2277 4357 2474 4428 itaque
2503 4375 2625 4422 vos,
2651 4358 3115 4413 reverentissime
3136 4358 3322 4420 Pater,
3345 4365 3408 4412 ut
3431 4375 3569 4413 cum
3601 4355 3737 4413 avide

2111 4463 2237 4501 eam
2280 4445 2672 4517 sumpseritis,
2695 4463 2761 4501 ac
2793 4446 2938 4500 bene
2969 4463 3096 4502 eam
3132 4446 3416 4501 memoria
3464 4461 3738 4502 commen-

2109 4535 2306 4588 datam
2340 4533 2684 4600 habueritis,
2707 4533 2884 4589 etiam
2939 4535 3212 4589 Rotberto
3261 4534 3380 4607 regi
3412 4532 3736 4594 ostendatis,

2112 4627 2177 4676 ut
2206 4639 2274 4678 ex
2303 4639 2370 4677 ea
2393 4627 2706 4693 'cognoseat
2736 4627 2957 4693 quanta
2981 4621 3375 4678 familiaritate
3405 4640 3472 4678 ac
3501 4618 3740 4693 benigni—

2111 4715 2228 4765 tate
2278 4710 2432 4766 circa
2484 4710 2677 4766 locum
2727 4717 2994 4767 nostrum
3043 4710 3498 4766 sollicitudinem
3549 4712 3740 4767 habere

2111 4799 2336 4854 debeat.
2371 4799 2518 4854 Cum
2549 4799 2706 4854 enim
2733 4815 2840 4871 ego
2863 4800 3016 4870 apud
3039 4816 3138 4855 vos
3170 4799 3519 4865 habitarem,
3541 4817 3608 4855 ac
3626 4809 3738 4852 cum

356 4889 519 4944 aliud
542 4904 793 4953 amasse,
819 4891 1027 4959 praeter
1057 4887 1170 4942 Deo
1199 4886 1406 4943 vivere.
1428 4885 1618 4942 Vestri
1665 4891 1857 4942 autem
1891 4888 2000 4943 sub
2035 4925 2080 4989 Β
2112 4887 2209 4942 illo
2242 4887 2574 4959 frequenter
2620 4887 2852 4943 locutus
2897 4888 3164 4953 fuissem,
3192 4887 3318 4959 ipse
3368 4887 3511 4942 mihi
3545 4882 3741 4959 rogavit

357 4976 639 5033 ditionem
671 4974 898 5047 positus
942 4975 1169 5048 agnovi,
1205 4975 1545 5048 diligentius
1592 4991 1693 5030 vos
1745 4975 2006 5046 quotidie

2114 4980 2180 5031 ut
2209 4991 2314 5047 ego
2347 4975 2399 5030 ei
2430 4991 2559 5032 eam
2590 4975 2804 5030 habere
2836 4976 3104 5032 facerem.
