3814 6218
59 411 148 469 189
275 409 610 470 APPEND.
645 410 752 470 AD
783 379 968 470 ssc.
1003 409 1159 469 x.—-
1191 409 1448 469 OPERA
1485 403 1646 463 ΑΔΕ

1846 405 2024 464 .‘IKA.
2057 408 2258 468 —DE
2290 409 2521 470 FUND.
2558 409 2620 468 s.
2655 409 2944 470 ARNUL.
2975 410 3161 471 MET.
3310 398 3439 472 19οτ

56 541 3424 570 m

1134 667 2057 797 S/ECULI
2205 667 2336 791 Χ

1285 871 1567 942 OPERA
1623 878 2143 941 ΔΔΕΣΠΟΤΙΚΔ

999 1103 1188 1203 DE

1358 1099 2444 1206 FUNDATIONE

527 1292 1216 1383 MONASTEBII
1277 1296 1672 1381 SANCTI
1732 1295 2308 1382 ARNULPHI
2368 1295 2922 1381 METENSIS

824 1445 1009 1517 (Apud
1043 1445 1108 1500 D.
1143 1444 1386 1510 Calmet,
1417 1446 1652 1502 Histoire
1680 1445 1744 1500 de
1773 1447 2056 1512 Lorrainc,
2092 1445 2356 1511 Preuves,
2391 1462 2444 1517 p.
2477 1446 2626 1511 545.)

110 1684 358 1748 Quoniam
381 1685 626 1757 quidem
648 1701 848 1740 eorum
866 1685 1205 1741 memoriam
1226 1686 1567 1741 summatim
1583 1690 1664 1741 at-
1695 1687 1748 1753 Α
1849 1691 1928 1742 De
1979 1695 2214 1759 tempore
2258 1688 2438 1742 sancti
2500 1688 2799 1762 Patientis,
2832 1760 2839 1762 _
2869 1703 3036 1760 usque
3082 1688 3153 1742 ad
3223 1697 3428 1762 tempus

58 1773 237 1845 tingere
257 1775 552 1847 cupimus,
578 1791 828 1845 quorum
854 1773 1203 1846 patrimonio
1221 1775 1466 1831 ecclesia
1484 1775 1667 1830 sancti

57 1862 316 1935 Arnulphi,
335 1881 461 1936 quas
496 1863 762 1936 antiquis
784 1864 1147 1935 temporibus
1178 1864 1423 1919 ecclesia
1445 1869 1668 1920 sancto-

59 1969 159 2006 rum
187 1952 576 2024 apostolorum
611 1951 1042 2020 nominabatur,
1078 1970 1265 2025 usque
1297 1955 1466 2008 modo
1498 1954 1666 2008 reﬁo-

62 2040 166 2105 ruit,
194 2058 504 2115 congruum
536 2041 769 2096 videtur
817 2042 1020 2113 paucis
1053 2042 1264 2097 referre
1295 2044 1463 2113 cujus
1496 2044 1664 2099 indu-

61 2129 170 2183 stria
195 2130 511 2185 sanctitatis
543 2129 803 2202 primum
836 2130 930 2184 hic
981 2147 1141 2186 aram
1174 2132 1450 2203 posuerit.
1502 2133 1664 2187 Anti-

61 2235 262 2287 quorum
289 2219 542 2292 denique
582 2219 781 2274 relatio
812 2219 920 2273 sibi
955 2221 1393 2275 succedentium
1428 2222 1666 2276 tradidit

61 2309 351 2376 posteritati,
381 2309 540 2380 quod
581 2308 787 2362 beatus
821 2307 1052 2363 Patiens
1075 2309 1288 2380 przesul
1314 2310 1661 2365 Metensium

62 2401 281 2466 quartus,
309 2398 456 2452 beati
480 2397 734 2453 Joannis
756 2396 1000 2470 apostoli
1025 2402 1080 2452 et
1100 2397 1466 2470 evangelista:
1491 2399 1665 2454 fuerit

63 2483 368 2556 discipulus:
403 2487 505 2558 qui
543 2487 754 2541 beatus
777 2485 1075 2557 apostolus
1098 2487 1517 2558 condiscipulis
1539 2488 1663 2543 suis

57 2573 151 2642 jam
178 2574 303 2629 coelo
333 2575 742 2648 regnantibus,
777 2573 1059 2646 prolixius
1088 2575 1215 2629 vitm
1249 2577 1505 2646 spatium
1537 2577 1666 2632 ade-

63 2667 185 2731 ptus.
212 2681 374 2720 messi
407 2663 733 2720 Dominica:
766 2680 1007 2718 suorum
1040 2664 1371 2736 complures
1397 2664 1662 2721 alumno-

64 2766 162 2805 rum
191 2769 280 2824 per
306 2751 427 2808 loca
458 2752 680 2809 direxit
701 2751 957 2824 plurima
979 2753 1304 2826 regionum.
1333 2754 1488 2810 Inter
1518 2771 1666 2826 quos

64 2839 193 2895 beato
221 2841 452 2897 Patienti
475 2841 825 2897 meritorum
849 2840 974 2897 luce
996 2841 1260 2914 fulgenti,
1297 2843 1436 2897 dum
1469 2842 1667 2898 divina

65 2928 358 2986 revelationa
378 2948 528 3002 opus
552 2929 856 2986 consimile
878 2931 1233 3003 injungitur,
1256 2930 1351 2986 ille
1384 2931 1664 2987 nimirum

67 3017 282 3088 magistri
321 3019 575 3092 diligens
619 3019 1012 3091 praesentiam,
1043 3023 1215 3093 negat
1247 3036 1308 3076 se
1339 3020 1448 3076 hoc
1479 3021 1662 3075 adim-

65 3104 204 3175 plere,
225 3108 327 3163 nisi
349 3107 738 3180 reliquiarum
761 3109 1002 3181 pignore
1024 3109 1283 3182 corporis
1322 3111 1450 3182 ejus
1469 3109 1666 3182 aliquo

65 3195 199 3251 modo
214 3196 502 3268 potiretur.
530 3197 714 3268 Cujus
739 3197 914 3252 ﬁdem
932 3197 1254 3253 devotionis
1274 3198 1481 3254 beatus
1497 3199 1668 3254 Joan-

65 3298 141 3338 nes
166 3286 442 3356 apostolus
482 3285 871 3358 amplectens,
906 3286 1222 3342 Dominum
1268 3287 1376 3343 hoc
1409 3287 1531 3342 ﬁeri
1562 3304 1664 3359 po-

63 3374 230 3440 poscit,
259 3377 418 3446 cujus
451 3379 603 3430 nutu
637 3375 830 3430 omnis
853 3379 1064 3431 natura
1091 3375 1206 3431 vim
1241 3375 1486 3448 propria-
1518 3375 1664 3449 legis

63 3462 313 3518 convertit.
348 3463 624 3520 Oratione
680 3463 862 3536 igitur
919 3464 1088 3532 facta,
1123 3469 1472 3536 evocatoque
1505 3463 1663 3520 ﬁdeli

62 3547 316 3622 discipulo,
340 3553 581 3609 dentem
603 3551 730 3607 sine
752 3551 946 3608 dolore
969 3551 1080 3608 sibi
1104 3553 1415 3609 detrahens
1437 3553 1508 3608 ab
1529 3569 1659 3609 ore:

62 3637 235 3710 Habeto,
265 3640 471 3713 inquit,
534 3641 636 3696 hoc
694 3643 799 3696 tibi
848 3643 1037 3713 pignis
1089 3644 1294 3697 amoris
1351 3645 1479 3697 mei.
1533 3641 1661 3697 Tibi

63 3721 200 3780 etiam
227 3731 417 3784 auctor
445 3727 684 3800 pietatis
706 3727 923 3800 pariter
943 3729 1226 3796 concedit,
1259 3734 1324 3784 ut
1353 3729 1490 3783 dum
1529 3729 1663 3784 civi-

63 3812 141 3864 tati
167 3813 386 3870 Metensi
418 3816 793 3889 propinquus
824 3816 959 3883 eris,
983 3817 1075 3872 cui
1101 3817 1302 3872 doctor
1321 3819 1658 3889 destinaris,

64 3895 331 3959 incolarum
361 3903 572 3978 lingua
616 3904 866 3976 pleniter
920 3904 1249 3978 eloquaris:
1284 3907 1466 3975 fertur
1505 3906 1661 3962 enim

63 3985 222 4060 lingua
247 3993 468 4050 Grmcus
499 3993 706 4049 fuisse.
739 3995 900 4049 Sicut
945 3999 1003 4049 et
1031 3995 1238 4050 beatus
1268 3995 1540 4051 Nicolaus
1572 3996 1660 4051 di-

65 4074 166 4131 vina
189 4080 514 4138 revelatione
549 4083 623 4137 ad
655 4099 957 4138 summum
1006 4083 1315 4139 sacerdotii
1355 4088 1659 4156 provectus

65 4168 130 4216 est
152 4170 389 4238 gradum,
422 4171 506 4227 sic
545 4171 655 4226 iste
686 4175 926 4226 sanctus
977 4171 1210 4226 Patiens
1241 4173 1442 4227 eadem
1471 4172 1662 4244 gratia

64 4266 139 4319 per
161 4255 418 4314 Joannem
447 4259 785 4332 apostolum
814 4261 886 4314 ad
919 4261 1239 4316 Metensem
1263 4261 1551 4317 civitatem
1577 4279 1661 4317 re-

62 4343 281 4412 gendam,
295 4348 458 4404 beato
470 4347 661 4404 Felice
674 4347 946 4421 episcopo
965 4349 1220 4405 Metense
1237 4351 1658 4422 praedecessore

63 4442 140 4490 suo
161 4433 327 4490 adhuc
355 4437 414 4492 in
446 4454 690 4509 corpore
718 4437 961 4505 vivente,
997 4444 1084 4494 est
1115 4439 1461 4494 destinatus.

316 4530 390 4582 De
413 4529 606 4598 prima
645 4529 1049 4583 consecratione
1077 4529 1338 4585 ecclesiae.

113 4609 287 4667 Beatus
338 4614 518 4687 igitur
580 4615 834 4680 Patiens,
896 4617 1354 4683 consecratione,
1415 4617 1650 4672 benedi-

63 4691 223 4766 ctione,
253 4700 583 4776 insignique
605 4703 985 4776 reliquiarum
1014 4722 1254 4760 munere
1277 4705 1467 4761 dilecti
1490 4706 1658 4762 Joan-

64 4780 128 4835 nis
153 4785 396 4857 donatus,
431 4793 545 4849 iter
565 4793 925 4865 aggreditur,
951 4810 1320 4866 supernaque
1346 4794 1656 4851 ordinante

65 4866 336 4946 clementia,
367 4880 730 4937 Metensibus
762 4886 960 4953 pastor
1005 4881 1203 4939 herilis
1252 4883 1522 4952 efﬁcitur,
1553 4883 1654 4956 qui

65 4959 274 5021 animum
301 4968 503 5024 divina:
561 4969 870 5026 intendens
928 4970 1404 5044 contemplationi
1438 4976 1494 5027 et
1525 4990 1653 5028 ora-

65 5043 188 5118 tioni,
214 5053 501 5114 basilicam
535 5063 650 5114 Deo
681 5063 736 5114 et
766 5061 1100 5132 praeceptori
1135 5043 1241 5116 suo
1269 5061 1479 5117 Joanni
1514 5079 1651 5134 apo-

64 5135 175 5192 Stolo
199 5148 344 5200 extra
372 5147 637 5218 ejusdem
671 5165 871 5204 muros
896 5149 1058 5204 urbis
1089 5150 1159 5204 ad
1185 5149 1487 5204 meridiem
1521 5167 1654 5205 con-

64 5225 230 5284 struxit
254 5236 304 5287 et
317 5237 690 5304 consecravit,
714 5235 1018 5309 ipsiusque
1040 5239 1233 5304 dente,
1254 5242 1311 5293 et
1341 5239 1650 5294 duodecim

64 5313 311 5376 Particulis
336 5323 404 5378 de
453 5324 851 5396 apostolorum
907 5327 1292 5395 vestimentis,
1336 5344 1470 5382 cum
1519 5327 1650 5384 aliis

63 5407 341 5488 fanctorum
371 5412 735 5486 pignoribus,
769 5431 896 5470 eam
928 5414 1276 5483 honestavit,
1297 5420 1354 5472 et
1373 5416 1473 5488 qui
1503 5416 1648 5471 inibi

63 5481 150 5542 Deo
174 5499 434 5556 servirent
463 5501 739 5570 instituit,
763 5521 1055 5576 cursuque
1078 5504 1346 5560 laborum
1378 5505 1560 5572 ﬁnito,
1588 5506 1645 5560 in

63 5588 169 5666 Pace
218 5583 419 5645 ibidem
477 5593 712 5665 quievit,
772 5594 1136 5666 temporibus
1187 5594 1422 5650 Antonii
1480 5595 1558 5666 pii
1592 5598 1647 5648 et

63 5662 249 5727 Adriani
301 5662 734 5751 imperatorum,
795 5682 855 5737 in
895 5662 1118 5740 diebus
1177 5683 1385 5757 Hygini
1460 5662 1644 5758 1531‘“?-

2356 1760 2534 1814 8ancti
2562 1759 2856 1829 Amulphi.

1846 1868 1890 1920 A
1922 1864 2285 1937 temporibus
2339 1864 2519 1935 hujus
2571 1865 2780 1931 sancti,
2835 1882 3021 1937 usque
3069 1867 3139 1921 ad
3190 1867 3424 1925 beatum

1775 1953 2144 2025 Arnulphum
2177 1954 2543 2008 deﬂuxerunt
2573 1952 2878 2024 quingenti
2903 1954 3040 2007 anni
3071 1958 3127 2008 et
3148 1956 3425 2027 amplius,

1774 2043 1977 2114 viginti
2012 2047 2263 2114 quatuor
2291 2041 2580 2112 episcopis
2619 2041 2809 2096 medio
2863 2045 3121 2113 tempore
3151 2043 3264 2098 sibi
3295 2063 3427 2100 suc-

1775 2131 2135 2197 cedentibus,
2179 2130 2315 2185 licet
2362 2129 2605 2185 ecclesia
2652 2129 2852 2185 multis
2903 2131 3073 2185 annis
3117 2135 3424 2200 vacaverit,

1775 2238 1808 2275 a
1842 2220 1898 2275 B.
1937 2219 2236 2291 Arnulpho
2294 2236 2481 2290 usque
2540 2219 2610 2272 ad
2662 2218 3043 2273 Deodericum
3085 2219 3424 2292 episcopum

1776 2309 2114 2375 Metensem,
2148 2307 2246 2379 qui
2278 2307 2582 2362 ecclesiam
2617 2307 2768 2361 beati
2799 2307 3086 2362 Vincentii
3138 2309 3422 2379 fundavit,

1775 2397 2014 2452 trecenti
2048 2397 2184 2451 anni
2218 2402 2272 2452 et
2305 2396 2559 2468 amplius
2591 2397 2980 2462 deﬂuxerunt,
3015 2397 3214 2452 decem
3245 2404 3301 2454 et
3331 2416 3426 2455 se-

1773 2491 1928 2558 ptem
1957 2485 2244 2558 episeopis
2267 2486 2376 2540 sibi
2400 2485 2868 2551 succedentibus,
2904 2503 3154 2556 quorum
3179 2486 3423 2545 ultimus

1774 2574 1884 2628 fuit
1913 2575 2105 2630 dictus
2139 2573 2506 2629 Deodericus.
2533 2573 2634 2628 Hic
2657 2572 2912 2628 ecclesia:
2933 2575 3238 2645 prasdictaz,
3271 2576 3424 2631 scili-

1773 2668 1862 2718 cet
1889 2667 2226 2718 sanctorum
2259 2661 2655 2734 apostolorum
2687 2666 2744 2717 et
2773 2662 2925 2717 beati
2957 2663 3265 2735 Arnulphi,
3287 2666 3426 2720 Gor-

1773 2752 1996 2824 giaque
2027 2752 2297 2824 (l’abbaye
2324 2751 2389 2805 de
2442 2751 2638 2822 Gorw)
2687 2755 2744 2806 et
2800 2756 3012 2806 sanctae
3061 2751 3422 2822 Glodesindi,

1774 2841 2058 2912 beatoque
2092 2840 2386 2912 Stephano
2417 2839 2730 2912 subripuit,
2765 2839 2981 2910 quibus
3013 2839 3202 2911 ipsam
3242 2843 3426 2898 eccle-

1775 2929 1924 2984 siam
1985 2930 2168 2984 sancti
2211 2929 2496 2984 Vincentii
2551 2927 2918 2992 instauravit,
2969 2931 3026 2982 et
3073 2930 3145 2983 ad
3201 2931 3424 3003 Gorgia:

1775 3018 2077 3090 sanctique
2109 3017 2395 3090 Arnulphi
2429 3017 2708 3072 coenobiis
2761 3017 3047 3088 quosdam
3105 3018 3424 3075 monachos

1774 3108 2040 3173 extraxit,
2074 3107 2172 3179 qui
2204 3106 2349 3161 inibi
2381 3106 2768 3162 monasticam
2809 3105 3086 3160 ducerent
3136 3107 3336 3174 vitam,
3369 3111 3425 3164 et

1766 3195 1989 3268 jugiter
2017 3195 2212 3251 divino
2245 3195 2550 3250 famulatui
2586 3193 2943 3250 insisterent.

1847 3284 1970 3356 (Hic
2002 3283 2214 3355 legitur
2242 3283 2541 3356 catalogus
2598 3283 3005 3355 episcoporum
3051 3283 3421 3356 Metensium,

1775 3390 1808 3428 a
1828 3377 2030 3428 sancto
2053 3373 2347 3428 Clemente
2368 3372 2555 3444 primo
2579 3372 2871 3443 episcopo,
2897 3373 2967 3426 ad
2996 3373 3422 3430 Adalberoncm

1774 3461 1873 3532 qui
1905 3460 2015 3516 fuit
2041 3460 2530 3533 quadragesimus
2559 3458 2802 3530 quintus
2833 3459 3097 3529 ejusdem
3122 3461 3279 3517 sedis
3308 3463 3426 3534 epi-

1773 3567 2005 3621 scopus,
2041 3549 2148 3604 sub
2177 3549 2345 3618 cujus
2378 3546 2659 3620 regimine
2691 3547 2750 3600 in
2781 3547 3085 3602 ecclesiam
3135 3549 3288 3604 beati
3318 3552 3422 3604 Ar-

1773 3637 1917 3693 nulﬁ
1951 3638 2090 3692 ordo
2124 3637 2486 3692 monasticus
2525 3639 2612 3691 est
2664 3635 3054 3690 introductus.
3105 3637 3423 3711 Subjungit

1772 3727 2015 3798 auctor):
2054 3725 2250 3798 Usque
2281 3725 2452 3780 hodie
2474 3724 2643 3780 annis
2667 3723 2917 3796 singulis
2938 3725 3420 3782 convenientibus

1770 3815 1913 3870 inibi
1937 3813 2421 3870 eonventualibus
2443 3812 2735 3879 Ecclesiis,
2759 3817 2815 3868 et
2838 3812 3156 3881 canonicis,
3189 3818 3246 3870 et
3267 3815 3419 3871 clero

1769 3909 1826 3959 et
1846 3904 2078 3977 populo,
2105 3903 2435 3976 palmarum
2458 3920 2492 3958 a
2513 3900 2760 3974 praesule
2778 3901 2934 3958 sedis
2951 3901 3016 3956 ﬁt
3035 3904 3418 3972 consecratio,

1768 3997 1825 4049 et
1853 4010 2056 4049 omnes
2089 3992 2408 4065 presbyteri
2441 3992 2621 4048 totius
2652 3990 2902 4046 civitatis
2933 3995 3206 4047 tenentur
3224 3994 3420 4051 venire

1768 4082 1828 4136 in
1858 4084 2060 4138 eadem
2109 4082 2355 4137 ecclesia
2395 4082 2464 4136 ad
2516 4080 3011 4136 consecrationem
3063 4080 3415 4153 palmarum,

1769 4176 2083 4244 antequam
2119 4169 2380 4226 canonici
2413 4170 2667 4235 veniant,
2699 4173 2756 4224 et
2786 4169 2999 4224 debent
3030 4170 3262 4226 mittere
3293 4172 3416 4243 pal-

1769 4278 1896 4316 mas
1927 4278 2066 4315 suas
2097 4261 2166 4314 ad
2201 4259 2684 4314 consecrandum.

1767 4350 1826 4404 In
1855 4351 2104 4405 omnibus
2137 4351 2320 4403 beatus
2367 4349 2590 4401 Patiens
2631 4347 2840 4402 Joanni
2888 4347 3121 4417 apostolo
3159 4348 3412 4404 adha’sit.

1689 4421 1732 4488 C
1838 4439 2088 4493 Sanctus
2121 4437 2301 4508 igitur
2331 4435 2560 4490 Patiens
2590 4435 2865 4488 fundator
2893 4433 3146 4488 ecclesias
3178 4439 3415 4490 sancto-

1765 4543 1895 4581 rum
1919 4524 2335 4598 apostolorum,
2361 4521 2512 4578 sicut
2532 4539 2565 4578 a
2586 4521 2878 4593 prioribus
2898 4520 3112 4576 vicaria
3133 4521 3412 4578 relatione

1763 4613 2162 4688 cognovimus,
2182 4629 2249 4668 ex
2267 4610 2478 4683 inclyta
2502 4610 2831 4666 Graecorum
2850 4609 3122 4682 prosapia
3141 4614 3407 4681 exortus;

1766 4704 1918 4760 sicut
1948 4701 2252 4758 nobilitate
2284 4701 2605 4769 mundana,
2657 4698 2740 4754 sic
2798 4704 2855 4754 et
2906 4715 3084 4770 opum
3137 4699 3411 4772 gloriai-n

1766 4792 2010 4847 minoris
2041 4790 2186 4846 Asia:
2218 4789 2449 4861 regione
2479 4788 2672 4843 clarus
2703 4787 2938 4843 effulsit.
2965 4787 3125 4843 Hanc
3154 4789 3301 4843 Asia:
3328 4807 3414 4845 re-

1762 4882 1992 4955 gionem
2012 4879 2258 4935 dilectus
2280 4877 2508 4934 Domini
2529 4876 2884 4949 evangelista
2901 4877 3158 4932 Joannes
3180 4877 3238 4931 in
3257 4883 3410 4934 sorte

1762 4969 2192 5044 przedicationis
2209 4967 2405 5022 divina
2421 4965 2858 5038 dispensatione
2871 4965 3410 5040 suscepit,ﬁdeique

1753 5061 1898 5132 jugo
1932 5058 2286 5131 subjugavit.
2320 5057 2466 5112 Nam
2491 5057 2631 5110 dum
2657 5055 2879 5128 fulgore
2900 5055 3179 5111 virtutum
3198 5058 3408 5112 conﬁr-

1762 5153 1949 5204 maret
1968 5165 2210 5203 suorum
2235 5145 2557 5202 claritatem
2578 5145 2910 5213 verborum,
2936 5145 3317 5216 quamplures
3337 5147 3407 5200 ad

1761 5239 1938 5292 vitam
1992 5235 2287 5302 destinati,
2337 5238 2603 5307 potentes
2643 5239 2699 5289 et
2727 5233 2935 5290 divites
2971 5250 3035 5289 ac
3086 5233 3410 5290 mediocres

1759 5325 2092 5397 compuneti
2116 5324 2307 5396 gratia
2336 5323 2464 5395 ejus
2489 5323 2768 5379 doctrina:
2807 5322 3174 5378 obediebant.
3207 5323 3408 5394 Itaque

1761 5417 1915 5471 Inter
1939 5413 2085 5469 alios
2116 5413 2398 5485 insignes,
2439 5416 2497 5467 et
2526 5412 2734 5468 beatus
2791 5411 3023 5468 Patiens
3068 5410 3405 5467 obedientia

1759 5505 1892 5560 ﬁdei
1924 5519 1985 5559 se
2009 5501 2294 5566 subdidit,
2327 5517 2602 5574 pompam
2650 5501 2854 5556 mundi
2899 5500 3155 5571 reliquit,
3203 5500 3404 5552 sancto

1756 5591 2020 5666 apostolo
2051 5590 2256 5645 intime
2284 5590 2548 5646 adhaesit.
2582 5589 3006 5658 Joannes,dum
3039 5587 3162 5642 suis
3206 5585 3262 5638 in
3295 5601 3403 5637 nu-

1757 5682 1894 5757 ptiis
1927 5680 2192 5737 Christus
2221 5697 2434 5753 aquam
2485 5679 2545 5735 in
2573 5680 2775 5736 vinum
2825 5679 3133 5744 mutasset,
3163 5675 3403 5730 secutus

3053 5771 3521 6113 Γ

3605 5573 3707 5653 ,Ι
