3814 6218
367 366 478 441 ibi

1140 364 1480 430 APPEND.
1523 363 1629 428 AD
1674 364 1866 427 S/EC.

2168 366 2385 427 >PERA
2433 356 2974 422 ΔΔΕΣΠΟΤῙΚΔ.
3645 363 3735 427 192

362 520 521 575 eum,
553 498 786 561 carnale
814 498 1174 558 connubium
1204 499 1477 573 reliquit;
1507 498 1742 556 Patiens
1762 497 2008 555 audiens
2034 497 2090 566 Α
2122 498 2509 572 plurimorum
2524 496 2867 556 liberatione
2886 494 3348 555 febricitantium
3365 490 3737 569 comprobata,

364 595 436 654 ab
467 593 597 668 ipso
625 594 850 650 Joanne
879 591 1121 647 verbum
1167 590 1290 658 Dei,
1338 588 1712 645 ahrenuntiat
1755 587 2009 643 oblecta-

362 684 579 742 mentis
611 680 835 738 mundi.
869 681 1125 736 Joannes
1148 678 1502 734 sociabiliter
1520 677 1765 734 adhaesit
1783 676 2011 732 Christo

360 773 424 830 in
453 769 899 828 resuscitatione
946 768 1392 841 archisynagogi
1434 765 1566 822 ﬁlia:
1599 767 1657 821 in
1701 765 2009 833 cubiculo;

360 861 598 920 Patiens
622 857 833 915 Joanni
864 874 1119 930 praesens
1151 856 1261 912 fuit
1290 857 1431 911 dum
1464 855 1777 911 resuscitat
1824 853 2009 909 ﬁlium

358 950 546 1008 viduae
604 946 811 1003 ﬁdelis.
866 947 1122 1001 Joannes
1178 944 1678 1017 transﬁgurationi
1742 943 1905 998 factm
1949 942 2010 997 in

361 1042 559 1096 monte
588 1035 812 1091 Christo
836 1035 902 1090 ad
915 1034 1025 1089 fuit
1050 1060 1063 1101 ;
1097 1033 1328 1089 Patiens
1358 1032 1568 1089 Joanni
1594 1032 1843 1097 astabat,
1868 1032 2009 1085 dum

360 1129 508 1185 duos
539 1140 806 1199 proceres
837 1128 967 1196 post
996 1123 1434 1178 conversionem
1468 1121 1851 1176 dimissurum
1886 1137 2009 1191 poe-

361 1218 613 1273 nitentes
645 1212 979 1269 divitiarum
1013 1212 1084 1267 ad
1116 1215 1334 1267 aeterna
1359 1211 1736 1265 damnatione
1760 1226 1861 1280 per
1881 1209 2007 1263 auri

360 1304 569 1363 miram
622 1303 680 1357 in
742 1301 1051 1356 frondibus
1105 1298 1622 1372 reciprocationem
1672 1298 2008 1353 reducebat.

356 1391 613 1450 Joannes
644 1390 801 1445 cruci
832 1388 1020 1444 astitit
1040 1388 1256 1445 Christi
1282 1406 1295 1456 ;
1328 1386 1564 1442 Patiens
1590 1386 1777 1441 eidem
1800 1385 2013 1440 Joauni

358 1481 541 1538 misso
572 1479 633 1535 in
664 1478 788 1531 oleo
821 1476 1085 1531 ferventi.
1136 1476 1403 1531 Christus
1454 1478 1640 1551 morte
1672 1473 1895 1529 devicta
1924 1473 2010 1528 di-

360 1567 603 1643 scipulis
627 1566 817 1622 mellis
835 1566 960 1621 favo
984 1582 1129 1620 veras
1147 1564 1383 1620 deitatis
1400 1580 1465 1619 ac
1488 1581 1606 1618 suae
1626 1561 2013 1617 humanitatis

360 1657 640 1717 unionem
669 1653 1131 1721 commendavit;
1163 1653 1440 1721 Joannes,
1464 1650 1711 1707 Patienti
1732 1668 1866 1707 cum
1888 1649 2013 1706 suis

362 1742 780 1816 condiscipulis
809 1747 942 1815 post
968 1741 1301 1798 libertatem
1330 1740 1541 1808 exsilii,
1562 1738 2011 1812 inseparabilem

360 1832 546 1909 patris
577 1819 644 1891 ac
673 1830 832 1888 verbi
861 1829 1257 1886 substantiam
1289 1828 1504 1901 scripto
1537 1827 1867 1885 elucizlavit.

360 1939 586 2000 De'Vita
608 1938 789 1995 sancti
816 1938 1111 2004 Amatarii,
1143 1944 1196 1993 et
1222 1936 1295 2009 de,
1315 1936 1435 2009 ejus
1463 1936 1700 2009 glorioso
1743 1935 2010 2007 sepulcro,

749 2016 801 2065 et
824 2009 892 2065 de
917 2010 1036 2081 ejus
1063 2008 1351 2065 miraculis
1392 2008 1618 2064 sanctis.

424 2098 849 2157 “Subnectimus
879 2097 1055 2154 etiam
1090 2096 1223 2152 huic
1244 2097 1472 2170 pagina;
1502 2094 1845 2152 memoriam
1875 2094 2014 2168 piis-

362 2188 495 2245 simi
527 2186 845 2245 sacerdotis
873 2185 1151 2241 Amalarii
1172 2185 1532 2241 Trevirensis
1562 2184 2009 2256 archiepiscopi,

361 2281 429 2334 ut
457 2276 693 2338 dicitur.
725 2274 826 2347 qui
856 2273 1239 2330 cancellarius
1273 2273 1487 2330 dicitur
1507 2273 1797 2329 exstitisse
1827 2271 2013 2328 Caroli

362 2365 578 2438 Magni,
614 2365 785 2435 cujus
806 2366 1255 2418 monumentum
1282 2361 1342 2417 in
1368 2362 1562 2417 medio
1583 2366 1794 2435 crypta":
1816 2378 2015 2416 mona-

365 2455 541 2513 sterio
560 2453 835 2523 subjectae
858 2450 1217 2523 conspicitur
1232 2450 1580 2506 venerabile.
1604 2451 1746 2521 Ejus
1775 2449 2011 2521 quidem

365 2540 836 2613 sepultura,dum
855 2556 1033 2594 causa
1049 2538 1333 2593 fundandi
1348 2538 1656 2611 augustius
1668 2538 2010 2607 oratorium,

283 2646 294 2653 °
365 2628 870 2700 ossareliquorum
888 2627 1139 2683 etlractis
1154 2626 1552 2682 monumentis
1567 2630 2011 2699 exponerentur,

367 2718 649 2775 divinitus
676 2716 925 2772 minime
943 2715 1134 2788 potuit
1164 2715 1482 2772 immutari.
1508 2717 1769 2771 Tandem
1801 2717 1916 2772 Deo
1939 2718 2016 2771 fa-

363 2811 534 2864 vente
563 2804 722 2879 operi
753 2803 1025 2878 perfectio
1058 2804 1416 2876 imponitur;
1452 2807 1508 2860 et
1536 2821 1667 2860 ecce
1688 2805 1865 2860 frater
1894 2803 2015 2876 qui-

365 2896 500 2955 dam
533 2900 732 2952 custos
761 2893 1039 2958 ecclesias,
1072 2893 1385 2967 Gregorius
1434 2894 1690 2961 nomine,
1735 2894 2012 2966 scrupulo

365 2986 515 3045 forte
527 2984 872 3058 tangitur,et
888 2983 1072 3056 raptis
1088 2983 1440 3055 quibusdam
1456 2980 1727 3039 ossiculis
1741 2983 1811 3038 de
1824 2982 2011 3055 ipsius

364 3072 656 3146 sepulcro,
678 3072 952 3128 meritum
980 3070 1091 3126 viri
1112 3088 1462 3143 cognoscere
1483 3071 1858 3144 aggreditur;
1884 3088 2011 3143 quas

367 3162 508 3217 dum
539 3160 745 3233 prunis
775 3159 1119 3215 ardentibus
1148 3158 1407 3227 inferret,
1429 3160 1678 3215 vidisses
1698 3158 1849 3226 illas,
1880 3159 2010 3216 visu

2120 589 2275 661 quod
2309 589 2381 643 ad
2413 604 2669 660 praesens
2701 587 2893 643 dicere
2946 586 3313 653 omittimus;
3351 585 3495 658 quia
3525 586 3572 642 si
3621 586 3736 642 ﬁdes

2117 677 2295 745 adsit,
2324 677 2583 749 quotidie
2614 676 2825 749 agitur.
2858 676 3001 731 Item
3025 673 3300 731 mulieres
3323 675 3542 732 debent
3560 674 3737 730 habere

2117 782 2320 839 pacem
2352 783 2486 821 cum
2518 765 2747 821 maritis
2769 765 2913 833 suis,
2939 781 3073 820 cum
3096 764 3169 819 ad
3192 764 3395 836 ipsum
3416 764 3649 819 veniunt
3666 766 3738 820 de-

2117 859 2456 929 precaturae,
2512 859 2569 911 et
2598 854 2776 910 etiam
2824 854 3094 910 homines
3125 870 3229 926 per
3258 853 3558 909 orationes
3586 857 3637 908 et
3660 869 3739 924 per

2119 944 2336 1000 missas
2364 960 2515 1017 saepe
2545 944 2789 1000 credunt
2820 943 3138 999 subveniri.

2121 1103 2352 1178 Quando
2371 1111 2621 1178 mutatus
2668 1105 2776 1174 fuit
2805 1103 2956 1178 ordo,
2990 1102 3047 1158 id
3077 1111 3156 1158 est
3203 1104 3467 1178 canonici
3502 1103 3739 1178 regulam

2192 1177 2253 1231 in
2281 1176 2533 1230 ordinem
2589 1177 2976 1238 monasticam,
3026 1182 3156 1228 tunc
3202 1176 3387 1243 factus
3417 1182 3495 1229 est
3524 1175 3741 1228 Arbertus

2188 1247 2404 1318 primus
2435 1247 2601 1301 abbas
2634 1248 2695 1300 in
2722 1247 2948 1302 ecclesia
2975 1246 3156 1300 sancti
3191 1245 3492 1317 Arnulphi.

2119 1389 2237 1461 Ego
2283 1387 2565 1443 Arbertus
2614 1386 2935 1443 monachus
2984 1385 3335 1452 Gorziensis,
3369 1390 3574 1443 notum
3610 1387 3742 1441 vobis

2119 1477 2286 1543 facio,
2321 1477 2474 1549 quod
2527 1475 2699 1531 Ottho
2730 1475 2925 1531 divina
2956 1474 3319 1548 providentia
3345 1477 3673 1548 imperator,
3696 1478 3739 1529 et

2120 1564 2405 1621 Adelbero
2437 1563 2715 1619 Metensis
2734 1564 3064 1636 episcopus,
3094 1563 3357 1635 expulsis
3379 1564 3664 1619 canonicis
3680 1579 3744 1617 re.

2121 1653 2449 1727 gularibus,
2483 1670 2577 1708 me
2607 1652 2668 1708 in
2700 1653 2974 1708 abbatem
2996 1653 3183 1708 sancti
3213 1652 3450 1708 Arnulﬁ
3473 1652 3746 1708 constitue-

2123 1747 2278 1798 runt.
2313 1743 2677 1814 Quapropter
2705 1741 2921 1797 furoris
2953 1741 3193 1797 stimulo
3236 1741 3477 1797 accensi
3505 1740 3667 1798 veluti
3691 1741 3744 1795 de

2043 1871 2091 1936 Β
2122 1830 2382 1905 paternis
2404 1830 2733 1886 rcdditibus
2748 1829 2928 1903 pulsi,
2944 1830 3182 1903 quidam
3196 1847 3404 1886 eorum
3419 1830 3740 1887 adieruntre

2121 1937 2255 1995 gem
2286 1919 2577 1977 seniorem
2598 1924 2890 1986 nostrum,
2909 1918 3178 1976 videlicet
3198 1919 3541 1989 Otthonem,
3567 1935 3741 1975 vanam

2120 2027 2299 2082 super
2328 2009 2439 2064 hoc
2465 2008 2787 2082 garrientes
2814 2008 3324 2075 declamationem,
3360 2009 3523 2082 quod
3560 2009 3741 2081 injuste

2120 2098 2423 2172 proprium
2436 2097 2837 2166 abstulissem,
2852 2100 2908 2153 et
2917 2095 3092 2153 veluti
3105 2097 3549 2154 haareditarium
3562 2096 3737 2153 locum.

2120 2192 2382 2260 Cumque
2414 2191 2478 2242 ut
2506 2204 2739 2261 egeram
2771 2186 3011 2259 prmfato
3044 2185 3259 2242 seniori
3289 2190 3491 2242 totum
3529 2185 3739 2242 indicas

2122 2293 2279 2343 sem,
2302 2276 2537 2332 illorum
2569 2274 2997 2347 ﬂoccipendens
3017 2274 3327 2342 rationem,
3362 2279 3432 2331 ut
3462 2276 3678 2348 sapiens
3697 2278 3739 2329 et

2114 2367 2318 2438 justus
2348 2382 2465 2432 rex,
2492 2380 2564 2419 ne
2587 2366 2644 2420 in
2666 2363 2959 2435 reliquum
2985 2363 3372 2436 querimoniis
3394 2364 3542 2419 inibi
3565 2364 3667 2419 Deo
3684 2363 3741 2416 fa-

2122 2454 2415 2511 mulantes
2433 2451 3244 2520 molestarenturinvidorum,
3262 2456 3409 2508 tunc
3421 2457 3479 2508 et
3492 2452 3606 2525 ipse
3617 2450 3736 2523 quod

2122 2545 2371 2600 feceram
2400 2541 2767 2598 confirmavit
2793 2544 3142 2597 testamento
3176 2540 3348 2613 regiae
3391 2540 3737 2603 auctoritatis,

2121 2631 2463 2706 praecipiens
2494 2634 2559 2685 ut
2591 2630 2713 2703 pari
2743 2646 3034 2685 consensu
3065 2630 3139 2685 ad
3160 2630 3642 2686 corroborationis
3659 2645 3735 2681 au-

2121 2721 2449 2777 steritatem
2481 2718 2801 2775 identidem
2833 2723 3035 2774 nostra
3055 2719 3298 2775 sentiret
3319 2719 3589 2775 ecclesia.
3610 2715 3738 2783 Quod

2112 2813 2285 2883 juxta
2314 2808 2585 2865 desiderii
2616 2809 2886 2863 ardorem
2918 2824 3262 2880 exsequens,
3294 2813 3367 2863 ut
3387 2808 3597 2864 dehinc
3619 2806 3736 2861 sicut

2121 2898 2437 2956 statuimus
2469 2901 2734 2953 maneret
2762 2914 2897 2953 cum
2929 2913 3218 2953 consensu
3248 2897 3422 2953 ducis
3454 2895 3645 2959 nostri,
3669 2894 3738 2948 0t-

2117 2987 2315 3046 thonis
2336 2987 2619 3058 videlicet,
2643 2986 2943 3058 totiusque
2958 2984 3214 3041 ecclesiae
3236 2989 3478 3051 nostra,
3507 2985 3607 3040 hoc
3626 2998 3735 3056 prs-

2119 3080 2353 3149 ceptum
2385 3074 2847 3131 conﬁrmationis
2876 3074 3162 3147 scriptum
3194 3073 3477 3130 manibus
3524 3070 3734 3146 propriis

2119 3165 2604 3232 roboravimus,et
2618 3164 2863 3219 robcran
2871 3164 3009 3218 dum
3022 3167 3145 3218 tam
3158 3162 3439 3236 praedicto
3453 3162 3583 3219 duci
3593 3172 3733 3233 quam

368 3249 659 3316 mirabile,
709 3247 988 3313 resilisse,
1038 3251 1097 3303 et
1147 3248 1315 3319 quasi
1363 3247 1622 3303 motibus
1662 3237 2089 3305 reclamasseC
2127 3252 2615 3326 quecoepiscopis
2632 3251 2850 3309 nostris
2867 3250 3256 3324 ﬁdelibusque
3275 3250 3571 3319 dedimus,
3590 3247 3734 3305 ἰηΠο-

363 3355 503 3397 ossa
532 3337 636 3413 viri
668 3337 767 3394 Dei
824 3353 938 3393 non
971 3352 1102 3393 esse
1130 3353 1308 3392 ausas
1339 3336 1649 3409 attingere,
1681 3336 1819 3409 quia
1873 3337 2013 3392 dum

360 3427 599 3494 adﬁxit,
642 3426 701 3482 in
720 3443 789 3482 se
818 3424 1038 3483 cmlesti
1069 3442 1198 3481 rore
1227 3425 1503 3482 vitiorum
1538 3426 1837 3481 ﬂammam
1878 3443 2014 3498 pru-

360 3517 507 3573 dens
528 3516 831 3575 exstinxit.
864 3516 988 3582 Quo
1019 3514 1187 3588 signo
1216 3515 1581 3586 perterritus,
1610 3513 1881 3586 sepulcro
1927 3530 2013 3569 re-

357 3605 525 3679 ponit
538 3621 677 3663 σεῦα
693 3604 959 3663 festinus.
984 3604 1252 3660 Insecuta
1265 3602 1622 3677 igiturnocte
1635 3603 1777 3659 dum
1801 3602 2017 3675 quietis

359 3696 513 3753 dono
540 3695 851 3760 frueretur,
885 3694 1052 3749 adest
1080 3692 1168 3747 vir
1197 3691 1299 3746 Dei
1340 3708 1475 3747 cum
1508 3691 1765 3763 quodam
1798 3692 2014 3763 pedum

360 3783 580 3847 sonitu,
612 3798 650 3837 a
671 3781 809 3837 lavo
841 3784 1065 3853 cpyptze
1095 3780 1279 3835 aditu.
1314 3779 1453 3835 Illac
1477 3779 1716 3851 quidem
1739 3783 1861 3835 erat
1890 3796 2018 3851 per-

362 3869 649 3927 nomiuati
676 3869 878 3925 fratris
926 3871 1168 3934 stratus,
1211 3872 1271 3922 et
1313 3867 1544 3923 verberi-
1585 3884 1721 3922 cum
1764 3873 2015 3924 tremore

362 3957 716 4027 subjectum,
769 3955 1088 4028 increpavit
1134 3954 1327 4010 acrius
1377 3955 1530 4028 quod
1579 3971 1643 4011 se
1690 3954 2016 4028 inquietare

2122 3342 2351 3399 minum
2373 3345 2429 3398 et
2449 3345 2685 3414 propter
2704 3339 3033 3406 Dominum,
3059 3356 3265 3396 omnes
3284 3353 3645 3396 successores
3660 3350 3737 3390 no-

2123 3434 2276 3487 stros
2306 3429 2608 3486 humiliter
2638 3429 2967 3502 postulans,
3002 3432 3067 3484 ut
3096 3428 3248 3484 sicut
3284 3428 3664 3491 definivimus,
3688 3426 3735 3476 ut

2123 3518 2223 3592 qui
2247 3518 2450 3574 volunt
2479 3535 2589 3574 sua
2608 3518 2762 3590 quod
2791 3516 3147 3572 deﬁnierunt
3163 3519 3290 3571 rata
3307 3515 3544 3580 habere,
3561 3518 3616 3571 et
3632 3527 3734 3567 con-

2123 3607 2381 3664 sentiant
2399 3610 2619 3663 nostra.
2642 3606 2954 3678 Propterea
2972 3621 3080 3679 ego
3099 3603 3575 3661 Arbertustalem
3592 3597 3736 3659 susci-

2122 3694 2218 3768 pio
2240 3711 2451 3751 curam
2484 3698 2724 3767 prOpter
2768 3693 3107 3760 Dominum,
3139 3696 3197 3748 et
3247 3708 3355 3764 pro
3407 3692 3507 3749 his
3552 3690 3641 3764 qui
3665 3702 3735 3743 me

2123 3782 2415 3856 deprecati
2436 3786 2578 3838 sunt
2604 3781 2828 3837 scilicet
2858 3796 3062 3837 curam
3086 3779 3468 3853 pastoralem,
3491 3782 3733 3853 quatenus

2123 3871 2270 3928 mihi
2299 3875 2358 3927 et
2385 3870 2688 3927 monachis
2709 3868 2976 3942 proficiat
2995 3868 3054 3924 in
3076 3872 3382 3927 aeternum.
3414 3869 3533 3925 Iste
3560 3883 3659 3924 non
3675 3868 3734 3919 te-

2120 3961 2249 4019 nuit
2278 3961 2393 4018 nisi
2427 3961 2658 4016 duobus
2679 3957 2850 4015 annis
2881 3957 3187 4015 ecclesiam
3208 3958 3587 4030 pastoralem.

360 4043 538 4101 fuerit
562 4061 769 4101 ausus.
803 4041 1074 4099 Molestia
1094 4059 1232 4116 ergo
1264 4042 1524 4115 corporis
1545 4044 1871 4100 monachus
1892 4062 2017 4117 per-

358 4133 613 4202 vaditur,
649 4134 751 4189 sed
784 4131 1186 4190 satisfactione
1216 4131 1398 4205 digna
1425 4130 1729 4205 levigatur.

434 4222 560 4279 Non
592 4225 726 4295 post
754 4220 1007 4277 multum
1038 4223 1274 4292 tempus
1295 4221 1510 4277 domno
1529 4219 1881 4277 Adalberoni
1903 4222 2017 4294 epi-

2259 4104 2388 4159 Post
2415 4103 2560 4157 hunc
2586 4101 2821 4174 suscepit
2851 4101 3095 4171 ofﬁcium
3123 4099 3355 4156 domnus
3397 4104 3636 4186 Aristona

2194 4227 2311 4283 Nec
2339 4226 2585 4300 dignum
2617 4228 2707 4281 est
2734 4223 3026 4297 praterire
3063 4222 3293 4280 silentio
3345 4223 3622 4280 domuum
3644 4219 3730 4272 An-

360 4328 536 4385 scopo
562 4309 808 4368 Metensi
838 4308 950 4367 loci
972 4309 1166 4366 nostri
1192 4308 1387 4366 amico
1439 4308 1618 4378 ﬁdeli,
1653 4309 1763 4365 fuit
1786 4310 2014 4367 deside-
2124 4319 2316 4372 steum
2346 4313 2705 4370 monachum
2734 4316 2792 4368 et
2822 4313 3092 4370 abbatem
3125 4310 3612 4384 gloriosissimum
3639 4320 3733 4362 mo-

359 4401 515 4458 rium
532 4404 602 4457 ut
628 4400 689 4457 in
706 4403 912 4474 crypta
931 4399 1135 4455 eadem
1159 4397 1271 4455 sibi
1294 4397 1601 4455 collocaret
1622 4395 2011 4456 mauseolum.
2112 4403 2362 4461 ~nasterii
2393 4402 2580 4460 sancti
2613 4401 2851 4458 Arnulii.
2885 4400 2988 4457 Hic
3015 4400 3077 4456 in
3107 4400 3313 4457 habitu
3345 4397 3605 4461 saeulvari
3630 4408 3737 4468 prae

358 4491 521 4557 Quod
545 4490 625 4547 ihi
650 4487 1287 4560 fuisset'adimpletum,
1308 4488 1452 4543 dum
1474 4486 1709 4561 praesuli
1732 4488 1859 4544 vitae
1880 4488 2015 4546 ﬁnis
2124 4493 2280 4549 dicto
2313 4491 2463 4565 patri
2493 4491 2712 4559 socius,
2740 4493 2799 4546 et
2829 4488 3139 4562 sanguinis
3168 4491 3379 4545 catena
3406 4487 3733 4560 conjunctae,

356 4577 711 4668 immineret.
734 4578 836 4633 Vir
860 4577 1017 4633 idem
1049 4576 1153 4668 Dei
1172 4575 1505 4668 Amalarius
1528 4576 1693 4668 fratri
1714 4577 2013 4668 nominato
2046 4603 2093 4668 D
2124 4581 2288 4654 prius
2321 4578 2537 4635 relictis
2571 4577 2971 4647 facultatibus,
3002 4577 3132 4649 ejus
3152 4576 3334 4637 etiam
3354 4581 3585 4634 secutus
3603 4567 3738 4628 vcsti-

361 4666 635 4738 superius
660 4682 976 4738 apparens,
1010 4665 1151 4721 talia
1178 4665 1547 4721 sciscitatur:
1582 4664 1683 4722 Cui
1704 4666 1874 4737 juxta
1922 4683 2016 4723 me
2046 4664 2082 4668 —
2125 4671 2243 4743 gia,
2277 4685 2347 4725 ex
2374 4667 2784 4724 archidiacono
2807 4666 2867 4721 in
2891 4681 3209 4738 pauperem
3228 4664 3446 4722 Christi
3466 4680 3591 4721 vere
3617 4672 3737 4717 com-

2125 4761 2389 4815 mutatus
2428 4760 2539 4827 est,
2588 4755 2781 4813 factus
2829 4753 3178 4811 monachus.
3234 4757 3352 4810 Iste
3397 4748 3666 4827 sapientia
3694 4747 3737 4799 et

2123 4845 2459 4918 eloquentia
2482 4845 2544 4900 in
2570 4847 2803 4902 tantum
2842 4841 3123 4911 effloruit,
3154 4845 3222 4898 ut
3268 4842 3342 4899 ab
3383 4858 3470 4910 ee,
3521 4831 3736 4897 velutab

2124 4933 2344 5007 optimo
2368 4933 2598 4989 rhetore
2627 4931 2904 4989 continuo
2935 4946 3072 4987 cum
3101 4933 3257 4988 esset
3276 4946 3536 4995 necesse,
3561 4935 3737 4984 serm0°

2124 5039 2270 5079 num
2288 5020 2464 5078 mella
2491 5019 2975 5077 discurrerent.ln
2996 5019 3400 5076 architecturae
3421 5029 3639 5091 quoque
3661 5023 3735 5083 pe-

2123 5112 2262 5168 ritia
2289 5128 2407 5167 non
2434 5109 2730 5167 modicum
2761 5107 2963 5165 valuit.
2992 5107 3095 5164 Hic
3126 5107 3317 5181 primo
3342 5107 3404 5164 in
3424 5095 3735 5165 monasterio

2124 5197 2418 5256 Gorzienzi
2452 5197 2709 5254 decanus
2738 5196 3006 5264 effectus,
3039 5212 3211 5268 opere
3240 5199 3299 5252 et
3319 5193 3575 5268 exemplo
3598 5200 3734 5245 mon-

2125 5286 2331 5344 stravit
2362 5290 2653 5359 quantum
2685 5284 2996 5342 sanctitate
3046 5288 3103 5341 et
3152 5301 3349 5341 rerum
3405 5279 3735 5341 administrib

2124 5377 2282 5433 tione
2312 5375 2593 5432 ﬂoruerit.
2620 5374 2843 5431 Meritis
2864 5374 3062 5447 itaque
3083 5373 3472 5448 exigentibus,
3496 5370 3659 5430 abbas
3676 5360 3736 5418 el-

2124 5466 2323 5522 ﬁcitur
2351 5464 2411 5519 in
2442 5463 2798 5521 monasterio
2831 5462 3020 5521 sancti
3040 5462 3297 5534 Arnulﬁ,
3314 5467 3451 5535 post
3469 5459 3735 5521 Arbertum

2125 5554 2317 5610 virum
2345 5552 2666 5626 egregium,
2701 5551 2801 5624 qui
2833 5550 3064 5624 primus
3093 5551 3285 5608 eidem
3316 5551 3442 5610 loco
3473 5568 3506 5608 a
3533 5542 3736 5605 domino

2131 5640 2489 5699 Adelberone
2517 5639 2812 5715 pontiﬁce,
2837 5638 3061 5697 clericis
3092 5638 3230 5701 inde
3261 5639 3571 5706 submotis,
3603 5643 3737 5703 res?

361 4755 603 4825 paratur
629 4752 987 4826 sepultura?
1014 4756 1086 4809 At
1141 4752 1239 4808 ille
1286 4753 1517 4825 inquit:
1560 4753 1671 4809 Piie
1720 4753 2014 4810 memoriae

358 4839 711 4897 Adalberoni
742 4840 1015 4913 episcopo
1046 4840 1312 4897 Metensi.
1343 4841 1429 4896 Ad
1460 4840 1583 4896 haec
1608 4841 1694 4896 vir
1723 4841 1821 4898 Dei
1847 4847 2018 4899 Ama-

361 4927 584 4984 larius:
618 4926 861 4985 Publica
890 4927 1022 4994 hoc,
1053 4928 1263 5002 inquit,
1290 4929 1349 4984 in
1379 4927 1616 5001 populo,
1644 4929 1783 5001 quia
1813 4931 2018 4988 divini-

361 5018 480 5075 tate
511 5015 763 5088 propitia
795 5017 980 5072 donec
1025 5016 1161 5073 istic
1206 5017 1387 5074 humo
1434 5020 1623 5074 tectus
1663 5034 1781 5088 ero,
1814 5019 2016 5076 nullus

363 5120 596 5161 mecum
627 5104 1075 5177 participatibur
1100 5105 1369 5178 sepulcro
1400 5121 1412 5160 :
1448 5121 1585 5161 nam
1620 5108 1886 5178 quamvis
1917 5109 2015 5165 ille

365 5193 564 5249 minus
594 5193 735 5265 quid
769 5192 1174 5259 notiﬁcaverit,
1200 5195 1388 5250 exitus
1414 5198 1613 5250 tamen
1640 5194 1722 5251 rei
1752 5212 2015 5270 compro-

364 5282 561 5341 bavit:
596 5299 735 5339 nam
764 5280 981 5354 praesul
1013 5281 1204 5338 adhuc
1236 5282 1435 5339 vivens
1466 5282 1607 5339 dum
1640 5300 1702 5340 se
1731 5283 1883 5341 istuc
1913 5288 2016 5343 de-

363 5370 500 5428 ferri
523 5371 828 5443 jussisset,
862 5370 1254 5443 quorumdam
1284 5371 1525 5428 consilio
1550 5371 1607 5428 id
1636 5373 1747 5429 fuit
1778 5373 2017 5447 impedi-

364 5464 516 5529 tum,
546 5464 606 5517 et
635 5459 695 5515 in
723 5458 971 5517 basilica
1000 5459 1188 5514 sancti
1240 5459 1554 5516 Salvatoris
1581 5463 1654 5518 ab
1684 5463 1887 5519 eodem
1914 5482 2017 5520 au-

364 5549 737 5623 gustabiliter
752 5551 1090 5606 constructa
1104 5548 1348 5604 sortitus
1365 5553 1456 5605 est
1468 5549 1764 5607 tumulum
1775 5594 1787 5606 .
1803 5552 2015 5616 Quanti

365 5654 499 5699 vero
526 5640 686 5712 apud
702 5639 806 5696 Dei
841 5636 1210 5710 maiestatem
1232 5636 1324 5693 hic
1346 5637 1682 5695 Amalarius
1710 5639 2014 5712 habeatur,
