3814 6218
70 370 167 431 193
896 367 1005 432 DE
1049 366 1558 433 FUNDATIONE
1604 369 1668 430 S.
1714 368 2113 431 ARNULPHI
2158 366 2581 436 METENSI&

3326 371 3446 434 ξέοι

71 502 161 558 lari
179 501 591 559 monachorum
623 502 815 559 ordini
844 503 1152 575 praefectus
1173 505 1279 559 est.
1303 504 1554 561 Ansteus
1577 501 1686 557 iste
1712 501 1771 570 Α
1799 517 1965 573 spere
1999 501 2186 559 ﬁlium
2234 502 2401 560 enixa
2456 507 2563 559 est.
2597 501 2835 559 Genitor
2880 519 3013 559 vero
3060 503 3211 561 clam
3258 506 3445 561 matre

73 591 480 658 monasterium,
517 592 674 665 quod
708 591 897 648 multa
926 591 1230 648 laborabat
1258 591 1475 663 inopia,
1496 590 1687 663 copio-

75 682 142 736 sis
165 680 451 753 ampliavit
482 681 889 737 facultatibus.
930 684 1148 736 Cuncta
1181 680 1428 736 fratrum
1459 679 1689 735 habita-

76 769 184 826 cula
200 769 339 825 infra
356 769 813 842 quadriennium
835 769 1101 842 explevit.
1119 769 1429 825 Abbatiam
1454 785 1689 841 operam

77 859 279 914 domino
307 858 668 915 Adelberone
699 858 974 932 pontiﬁce
999 859 1313 932 praabente,
1334 875 1439 931 per
1459 874 1692 913 menses

78 952 311 1020 quatuor,
344 948 501 1020 quod
561 953 652 1004 est
701 947 969 1004 mirabile
1018 947 1206 1014 dictu,
1237 946 1350 1002 nisi
1385 945 1547 1019 regni
1577 947 1691 1001 im-

78 1037 295 1109 pedisset
321 1037 637 1103 dissensio,
670 1054 798 1110 qum
847 1041 970 1093 erat
1013 1037 1169 1092 inter
1207 1034 1520 1091 Otthonem
1551 1040 1692 1092 tunc

80 1130 400 1198 regem,post
431 1126 812 1192 Caesarem,et
842 1125 1029 1181 filium
1062 1142 1237 1181 suum
1271 1124 1616 1192 Luitulfum,
1636 1128 1693 1179 et

81 1230 315 1285 generum
345 1215 700 1271 Conradum.
734 1215 1003 1270 Proxima
1022 1219 1219 1270 tamen
1242 1217 1441 1269 aestate
1464 1212 1691 1269 Christo

76 1304 274 1373 juvante
302 1320 447 1376 opus
480 1303 802 1376 incoeptum
836 1303 1097 1375 perfecit,
1126 1318 1230 1358 nec
1263 1307 1498 1374 propter
1520 1318 1693 1357 curas

84 1393 347 1447 exteriores
375 1391 663 1464 pastorali
694 1392 1073 1448 minuebatur
1111 1391 1368 1447 solertia.
1405 1391 1693 1447 Omnibus

84 1479 353 1536 Dominicis
383 1485 439 1537 et
471 1481 786 1554 praecipuis
819 1480 1225 1549 festis,missas
1249 1478 1481 1552 publice
1503 1483 1695 1542 canta-

84 1570 175 1636 bat,
203 1573 253 1624 et
280 1570 335 1625 in
376 1586 736 1642 unaquaque
783 1573 995 1641 quarta
1044 1569 1189 1623 feria
1234 1567 1507 1640 privatim
1558 1584 1693 1623 cum

83 1674 277 1714 summa
302 1659 629 1727 devotione,
653 1663 710 1714 et
728 1657 1004 1731 lacrymis
1025 1657 1249 1722 multis,
1273 1656 1330 1712 in
1348 1656 1617 1728 jejuniis,
1634 1658 1694 1712 in

81 1746 277 1819 vigiliis,
308 1748 362 1802 in
394 1747 787 1814 orationibus,
821 1746 881 1802 in
912 1745 1266 1811 humilitate,
1302 1745 1362 1800 in
1411 1762 1554 1801 cura
1600 1745 1694 1801 in-

1801 596 2105 662 sumptum
2132 609 2377 664 puerum
2405 610 2521 648 una
2542 608 2673 648 cum
2690 592 2913 647 nutrice
2927 594 2997 647 ad
3023 593 3443 650 monasterium

1800 680 2071 752 superius
2104 681 2326 736 dictum
2358 680 2557 737 abbati
2584 681 2794 737 Joanni
2828 681 3447 753 diti‘ert,postu‘nnsnt

1800 769 1873 824 ab
1895 770 2022 841 ipso
2053 770 2509 827 catechumenus
2528 769 2835 826 efﬁciatur.
2855 770 2978 825 Non
3002 771 3195 825 renuit
3211 770 3299 826 vir
3317 788 3449 827 san-

1801 861 1950 925 ctus,
1983 859 2127 930 quin
2158 860 2311 931 quod
2345 875 2540 917 comes
2572 864 2974 933 rogarat,aetu
3007 864 3132 915 tum
3164 858 3445 933 implevit,

1800 963 2132 1019 nomenque
2162 947 2462 1019 imposuit.

1871 1035 2127 1107 Expletis
2148 1035 2258 1102 his,
2282 1053 2479 1093 comes
2502 1050 2747 1108 puerum
2771 1036 2947 1110 pallio
2973 1054 3266 1110 purpureo
3288 1037 3449 1094 invo-

1799 1122 1993 1179 lutum
2013 1124 2266 1181 ecclesiae
2290 1125 2485 1193 infert,
2507 1131 2683 1198 atque
2709 1125 2877 1182 altari
2910 1128 3452 1198 superponens,da-

1802 1212 1961 1268 mino
1983 1218 2297 1286 sanctoque
2315 1214 2525 1270 obtulit
2544 1214 2804 1283 Arnulfo,
2821 1216 3032 1271 abbate
3054 1216 3452 1288 fratribusque

1803 1301 2150 1359 astantibus.
2185 1302 2463 1359 Sublatus
2494 1303 2629 1359 inde
2660 1305 2731 1359 ab
2760 1304 3220 1374 abbate,nutrici
3251 1305 3323 1359 ad
3349 1321 3453 1360 nu-

1800 1390 2096 1446 triendum
2130 1392 2412 1460 redditur,
2446 1393 2646 1465 sicque
2675 1393 2833 1449 domi
2884 1393 3153 1450 refertur.
3188 1393 3454 1455 Matrona

1803 1478 2054 1552 denique
2090 1486 2220 1553 post
2248 1481 2687 1537 incommodum
2722 1481 3296 1551 convalescente,ubi
3319 1498 3454 1539 con-

1803 1584 2015 1640 gruum
2059 1569 2220 1638 vidit,
2270 1571 2392 1626 viro
2442 1587 2548 1626 suo
2597 1571 2679 1626 ait
2713 1587 2726 1625 :
2760 1594 2789 1621 «
2823 1568 3036 1628 Christi
3071 1570 3453 1628 sacramentis

1803 1660 2089 1721 nostram,
2115 1657 2163 1711 si
2194 1662 2397 1714 vestrae
2430 1657 2623 1730 placet
2650 1658 3007 1727 celsitudini,
3024 1658 3284 1715 sobolem
3306 1663 3453 1716 tem-

1806 1761 1914 1816 pus
1937 1745 2119 1801 instat
2137 1750 2199 1801 ut
2212 1747 2473 1818 jubeatis
2496 1747 2735 1815 initiari,
2758 1752 2818 1804 et
2839 1747 2912 1803 ab
2932 1746 3089 1804 linea
3108 1761 3455 1820 proavorum

85 1836 343 1891 ﬁrmorum
375 1838 651 1903 fratrum,
686 1837 745 1891 in
790 1834 1189 1908 hospitalitate
1218 1839 1275 1890 et
1301 1835 1522 1890 caeteris
1553 1851 1689 1907 ope-
1726 1866 1770 1932 Β
1808 1833 2045 1889 titulum
2069 1852 2301 1891 sumere
2314 1836 2944 1910 nominis.Nuperrime
2962 1837 3071 1892 hoc
3094 1842 3290 1893 actum
3308 1842 3455 1905 est,»

86 1924 215 1980 ribus
234 1925 642 1981 misericordia:
664 1924 1031 1980 clarissimus
1053 1924 1292 1980 exstitit.
1312 1925 1559 1978 Cursum
1586 1923 1694 1995 igi-

87 2016 161 2067 tur
176 2030 535 2082 consumans,
562 2015 622 2070 in
646 2015 761 2069 fine
782 2018 998 2069 sanctae
1023 2012 1460 2085 perseverantia:
1482 2012 1693 2068 labori-

87 2102 174 2157 bus
198 2104 398 2159 exactis
428 2121 536 2176 per
569 2119 756 2159 annos
776 2103 863 2170 16,
887 2101 1073 2175 pridie
1103 2094 1424 2161 nativitatis
1457 2101 1555 2157 Dei
1587 2100 1694 2156 Ge-

90 2191 289 2262 mtricis,
320 2193 667 2248 devotorum
698 2192 957 2247 virorum
990 2190 1337 2263 frequentia,
1371 2190 1609 2245 domino
1641 2193 1698 2245 et

88 2279 356 2335 venerabili
392 2280 757 2337 Adelberone
805 2278 1078 2351 pontifice
1124 2295 1344 2334 munus
1392 2277 1695 2349 exsequia-

92 2384 193 2422 rum
207 2369 477 2441 explente,
497 2386 568 2425 ex
583 2374 748 2441 parte
762 2367 1100 2441 Aquilonari
1121 2366 1372 2423 basilicae
1398 2366 1697 2438 depositus

90 2460 159 2511 est
183 2458 232 2513 in
260 2458 501 2527 tumulo,
533 2476 692 2514 anno
723 2456 954 2513 Domini
984 2457 1111 2511 960.

92 2566 189 2617 Post
213 2565 441 2620 abbatem
484 2566 749 2619 Amicam
790 2562 1107 2629 secundum,
1139 2563 1417 2632 elegerunt
1444 2561 1700 2618 monachi

246 2638 416 2692 sancti
441 2637 665 2707 Arnulﬁ
692 2638 959 2692 Joannem
983 2634 1231 2689 abbatem
1260 2635 1498 2689 tertium.

143 2723 258 2780 Post
274 2727 554 2781 Ansteum
580 2725 840 2797 suscepit
854 2724 1114 2779 Joannes
1127 2723 1191 2779 of
1190 2723 1386 2777 ﬁcium
1406 2727 1571 2797 pasto
1582 2720 1698 2777 rale

89 2812 240 2870 sancti
266 2814 505 2870 Arnulﬁ.
542 2814 735 2886 Hujus
784 2812 1171 2885 temporibus,
1205 2811 1377 2885 primi
1429 2810 1700 2867 Ottbonis

91 2902 343 2974 magniﬁci
372 2901 881 2974 famosissimique
912 2900 1285 2975 imperatoris
1306 2900 1586 2973 genitoris
1618 2915 1703 2955 se-

87 2990 232 3045 cundi
258 2990 518 3062 ejusdem
548 2990 832 3057 nominis,
853 2991 952 3063 qui
985 3007 1087 3063 pro
1118 2988 1456 3047 defensione
1485 2991 1700 3044 sanctae

92 3077 171 3133 Dei
196 3079 448 3137 Ecclesiae
495 3084 705 3137 contra
751 3079 1073 3136 Saracenos
1101 3079 1162 3134 in
1192 3078 1404 3151 Apulia
1434 3077 1699 3150 prmlium

92 3167 240 3226 totius
265 3170 484 3226 saeculis
518 3169 970 3225 memorandum
1003 3167 1319 3236 commisit,
1353 3171 1475 3223 erat
1506 3182 1701 3222 comes

1804 1924 2231 1996 comesinquit.
2259 1926 2363 1981 Illa
2385 1943 2500 1998 quo
2519 1926 2665 1983 vela
2687 1944 2803 1999 quo
2835 1927 3170 1983 sciscitante
3194 1945 3207 1983 :
3233 1950 3262 1977 κ
3286 1927 3453 1999 Apud

1805 2014 2131 2069 coenobium
2166 2014 2317 2070 beati
2346 2014 2869 2089 Arnulfi,inquit,a
2888 2017 3113 2072 Joanne
3134 2016 3244 2072 loci
3265 2016 3455 2089 ipsius

1806 2102 2035 2170 abbate,
2070 2102 2169 2175 qui
2200 2107 2258 2158 et
2285 2120 2419 2159 eum
2452 2105 2830 2160 Benedictum
2864 2105 3156 2161 nominari
3179 2104 3382 2176 jussit.
3419 2126 3449 2154 »

1803 2191 2192 2247 Constristata
2221 2197 2489 2249 matrona
2522 2209 2536 2250 :
2576 2216 2596 2242 α
2632 2194 2770 2261 Hoc,
2804 2193 2904 2264 ait,
2934 2193 3284 2249 vocabulum
3315 2192 3455 2249 solis

1806 2279 2015 2335 sacculo
2064 2281 2538 2337 renuntiantibus
2590 2282 2896 2337 monachis
2926 2286 3014 2338 est
3043 2297 3390 2355 congruum,
3421 2298 3457 2339 ιι

1806 2373 2008 2424 sancto
2042 2370 2352 2425 Benedicto
2382 2371 2453 2426 ad
2487 2387 2586 2427 eos
2619 2372 2965 2427 derivatum.
2993 2403 3062 2412 -—
3093 2371 3230 2439 Hoc,
3264 2372 3459 2443 inquit

1802 2474 2022 2524 comes,
2055 2463 2111 2513 et
2138 2457 2263 2531 ipse
2294 2458 2353 2514 in
2380 2476 2658 2532 processu
2686 2461 2970 2533 temporis
3001 2460 3166 2516 erit.»
3199 2462 3322 2527 Quo
3352 2475 3455 2516 au-

1807 2546 1926 2602 dito
1955 2546 2103 2603 illa:
2149 2570 2176 2598 «
2212 2548 2459 2603 Tantam
2516 2548 2846 2617 infamiam,
2905 2548 3120 2622 inquit,
3175 2548 3460 2604 Dominus

1806 2638 2006 2690 nostro
2038 2652 2152 2690 non
2204 2634 2360 2691 sinat
2407 2637 2603 2709 generi
2654 2635 2879 2691 illatam
2912 2636 3005 2702 iri,
3037 2640 3104 2690 ut
3133 2652 3203 2691 ex
3231 2652 3326 2691 me
3356 2648 3460 2691 na-

1808 2728 1934 2779 tum
1975 2741 2221 2796 puerum
2267 2724 2493 2781 videam
2545 2742 2807 2798 unquam
2855 2725 3237 2797 professionis
3282 2724 3460 2797 bujm

1808 2813 2089 2868 ferentem
2111 2813 2441 2869 habitum.»
2456 2816 2641 2880 Quam
2666 2831 2861 2870 comes
2884 2813 3097 2869 blande
3116 2813 3458 2885 corripiens,

1806 2901 2104 2973 simulque
2120 2901 2227 2956 viri
2240 2902 2340 2957 Dei
2356 2902 2720 2975 prophetiam
2739 2902 3117 2970 denuntians,
3137 2918 3253 2957 non
3268 2901 3460 2957 solum

1808 2992 1881 3047 ab
1913 2992 2235 3049 intentione
2262 2992 2570 3060 revocavit,
2606 2992 2707 3048 sed
2741 2993 2917 3048 etiam
2966 2991 3461 3064 gratulabundam

1810 3097 1877 3135 ex
1908 3081 2060 3137 dono
2091 3080 2201 3137 sibi
2233 3097 2267 3135 a
2298 3080 2414 3136 Deo
2446 3097 2723 3137 concesso
2746 3081 3027 3137 reddidit.
3046 3085 3163 3136 Iste
3183 3081 3461 3153 Joannes,

1812 3170 1911 3242 qui
1945 3174 2142 3242 pastor
2173 3174 2261 3225 est
2288 3169 2540 3226 ecclesiae
2572 3169 2750 3243 hujus
2780 3170 2969 3226 sancti
3000 3168 3461 3236 Arnulﬁ,multis

93 3256 258 3326 palatii
279 3260 508 3315 nomine
538 3258 886 3327 Teubertus,
921 3256 1132 3330 opibus
1163 3257 1396 3321 florens,
1420 3255 1583 3310 virin
1616 3254 1700 3309 di-
1730 3238 1772 3304 ε
1812 3238 1975 3314 fulsit
2024 3258 2346 3314 miraculis.
2380 3238 2818 3330 Subjectionem
2866 3260 3074 3332 utique
3103 3262 3162 3315 et
3189 3258 3463 3314 obedien-

93 3346 214 3403 vinis
232 3352 393 3422 atque
415 3347 700 3404 humanis
729 3348 905 3403 rebus
933 3346 1401 3413 strenuissimus,
1426 3343 1703 3415 omnique

95 3434 314 3493 bonitate
345 3438 720 3511 conspicuus.
754 3437 857 3492 Hic
906 3453 976 3492 ex
1017 3435 1404 3491 Ermentrude
1458 3434 1705 3505 conjuge

96 3522 291 3582 feminei
303 3544 473 3584 sexus
491 3526 717 3600 prolem
733 3528 1100 3598 susceperat;
1115 3524 1214 3580 sed
1237 3523 1377 3596 quia
1392 3521 1703 3579 masculini

93 3612 275 3682 deerat,
296 3617 491 3674 creber
512 3617 578 3671 in
608 3615 975 3672 orationibus
1006 3614 1347 3687 persistens,
1382 3628 1416 3668 a
1444 3612 1560 3668 Deo
1591 3611 1703 3668 sibi

95 3698 249 3759 filium
260 3704 378 3760 dari
400 3704 701 3778 poscebat.
719 3703 822 3760 His
838 3702 1121 3769 intentus,
1137 3701 1347 3757 accidit
1371 3705 1436 3756 ut
1449 3701 1704 3773 quadam

96 3789 168 3845 die
192 3795 597 3850 monasterium
632 3793 819 3849 sancti
849 3791 1074 3848 Arnulﬁ
1106 3808 1176 3846 ea
1199 3792 1270 3846 de
1290 3806 1469 3846 causa
1496 3790 1704 3861 adiret,

97 3877 275 3953 diuque
302 3882 464 3938 humi
496 3887 722 3939 stratus
752 3887 889 3937 ante
920 3883 1360 3937 sacrosanctum
1383 3877 1563 3934 altare
1584 3896 1707 3935 ora-

98 3970 275 4025 tionem
305 3972 640 4043 protelaret.
670 3971 930 4027 Joannes
983 3973 1179 4024 autem
1228 3968 1409 4024 abbas
1441 3967 1705 4039 ejusdem

98 4053 183 4111 loci
218 4066 341 4116 ante
383 4060 585 4117 valvas
636 4058 892 4117 basilica:
943 4058 1137 4114 stabat
1186 4056 1491 4126 immotus,
1523 4056 1707 4112 donec

100 4159 257 4203 comes
284 4148 581 4205 Palatinus
607 4150 808 4216 exiret,
840 4148 940 4221 qui
971 4147 1043 4203 ab
1081 4145 1327 4202 ecclesia
1356 4144 1708 4218 digredienti

101 4239 205 4303 post
229 4237 629 4296 salutationem
660 4236 861 4294 oscula
888 4235 1201 4309 praelibans
1233 4252 1246 4289 :
1276 4256 1304 4285 ‹‹
1340 4235 1577 4305 Laetare,
1612 4234 1707 4290 in-

100 4322 219 4393 quit,
242 4327 491 4384 virorum
522 4326 908 4394 nobilissime,
932 4329 1182 4397 tuasque
1208 4323 1500 4379 orationes
1533 4340 1566 4379 a
1596 4323 1707 4380 Do-

100 4412 228 4469 mino
245 4418 539 4474 exauditae
560 4432 866 4489 cognosce.
888 4438 917 4465 »
940 4415 1204 4485 Cumque
1225 4411 1321 4468 ille
1343 4412 1425 4468 rei
1455 4412 1709 4469 novitate

102 4496 297 4561 horrore
312 4507 585 4578 perfusus
599 4504 1052 4563 venerabundus
1072 4506 1536 4576 astaret,rogans
1556 4502 1710 4558 unde

1812 3347 1953 3402 tiam
1987 3348 2184 3403 abbati
2217 3365 2345 3413 suo,
2378 3363 2513 3403 cum
2560 3352 2716 3403 esset
2757 3348 3107 3415 Gorziensis,
3142 3347 3270 3403 sine
3300 3363 3465 3402 mora

1813 3436 2138 3492 obediebat.
2154 3436 2565 3506 Abbasltamen
2590 3435 2864 3491 subditus
2889 3439 3013 3491 erat
3033 3434 3461 3507 spiritualibus.

1812 3526 2069 3581 Joannes
2101 3524 2284 3579 abbas
2314 3523 2500 3580 sancti
2530 3523 2754 3579 Arnulﬁ
2780 3528 2992 3579 cuncta
3021 3523 3306 3578 exteriora
3327 3536 3465 3595 pro-

1810 3613 1960 3681 vide,
2013 3629 2147 3668 cum
2201 3615 2356 3668 esset
2413 3611 2769 3680 claustralis,
2817 3610 3166 3685 procurabat
3220 3608 3464 3666 consilio

1815 3700 2036 3758 domini
2060 3701 2291 3757 abbatis
2314 3701 2837 3773 Gorziensis.Sa3pe
2858 3701 2971 3757 ista
2992 3700 3223 3757 dicebat
3241 3699 3427 3755 abbas
3449 3713 3462 3753 :

1815 3789 2139 3847 Manifestis
2193 3790 2469 3863 operibus
2508 3790 2729 3846 indicat
2776 3791 2946 3847 nobis
2992 3790 3170 3846 frater
3210 3790 3466 3845 Joannes

1812 3884 2044 3953 quanta:
2083 3879 2380 3953 religionis
2414 3879 2616 3936 ﬂoreat
2646 3880 2873 3949 studio;
2899 3881 3176 3952 priorque
3206 3878 3336 3950 ejus
3356 3876 3467 3932 hu-

1815 3969 2144 4038 militatem,
2175 3968 2539 4040 jejuniorum
2588 3968 3041 4037 observantiam,
3089 3966 3464 4040 sapientiam,

1816 4064 1989 4131 atque
2019 4058 2428 4127 constantiam,
2462 4059 2534 4114 ad
2566 4058 2929 4131 probandam
2961 4058 3090 4130 ejus
3125 4054 3466 4129 patientiam

1817 4148 2043 4204 diversa
2065 4146 2176 4202 sibi
2199 4147 2424 4219 injunxi
2448 4147 2659 4217 officia,
2680 4164 2835 4203 nunc
2858 4147 2991 4213 ista,
3007 4162 3163 4202 nunc
3184 4144 3316 4201 illa:
3341 4143 3468 4217 ipse

1816 4253 2117 4309 nunquam
2142 4235 2945 4302 contradicens,omnistudio
2964 4234 3198 4307 singula
3210 4232 3466 4307 perficit;

1817 4323 2205 4382 contumelias
2237 4329 2295 4380 et
2324 4325 2637 4398 opprobria
2687 4324 2944 4398 plurima
2990 4324 3208 4396 injuste
3243 4321 3407 4377 illata
3434 4336 3469 4375 a

1817 4415 2171 4487 quibusdam
2209 4412 2487 4469 fratribus
2518 4413 2738 4469 nostris
2782 4408 3465 4485 patientissime'tolerat.

1814 4504 1961 4559 Vere
1992 4501 2217 4558 amicus
2250 4500 2465 4556 Christi
2498 4505 2606 4570 est,
2630 4506 2686 4557 et
2708 4499 3038 4573 discipulus
3068 4496 3251 4554 nostri
3282 4496 3467 4570 patris

102 4586 146 4642 id
169 4592 339 4662 sciret,
368 4594 464 4652 ille
496 4595 582 4651 ait
614 4611 629 4650 :
658 4618 691 4645 ‹‹
725 4593 830 4650 Cui
883 4592 1175 4649 mentium
1237 4594 1460 4648 secreta
1510 4594 1710 4663 patent
1737 4609 1785 4673 Β
1818 4591 2180 4648 Benedicti...
2213 4589 2308 4645 Sic
2338 4590 2520 4646 abbas
2551 4591 2691 4662 ejus‘
2708 4590 2995 4646 Joannem
3024 4588 3327 4645 absentem
3355 4586 3468 4642 fre-

104 4678 345 4739 revelante
374 4683 554 4740 didici
584 4688 638 4739 te
681 4681 1072 4739 masculinam
1120 4679 1340 4753 prolem
1382 4680 1510 4753 jam
1543 4680 1643 4735 diu
1674 4697 1709 4735 a

104 4763 193 4822 Deo
212 4778 430 4841 precatu
464 4772 773 4846 quesitam
804 4770 1219 4844 promeruisse.
1252 4769 1517 4840 Namque
1547 4769 1707 4824 brevi

106 4854 250 4931 stirps
272 4861 448 4919 virilis
478 4879 549 4918 ex
582 4866 740 4918 casto
759 4860 864 4916 tibi
886 4858 1259 4915 matrimonio
1281 4858 1408 4925 erit,
1424 4856 1710 4913 vocabulo

109 4940 422 5019 Benedictus,
455 4952 529 5006 ab
561 4967 629 5007 eo
660 4949 761 5023 qui
789 4952 957 5005 vocat
984 4965 1052 5003 ea
1081 4964 1211 5019 quae
1247 4963 1362 5002 non
1414 4950 1552 5002 sunt
1579 4951 1708 5003 tan-

109 5045 250 5102 quam
269 5054 331 5093 ea
352 5054 479 5111 quae
509 5044 650 5095 sunt
669 5055 771 5112 per
790 5037 990 5095 omnia
1012 5035 1467 5092 benedicendus.
1493 5035 1637 5092 Cave
1659 5035 1709 5092 ei

108 5135 282 5180 nomen
308 5127 604 5197 immutes,
632 5128 786 5200 quod
813 5126 913 5200 qui
948 5129 1157 5181 cuncta
1178 5141 1245 5180 ex
1268 5123 1451 5179 nihilo
1473 5125 1707 5194 creavit,

109 5206 588 5290 deditmatumqne
610 5216 848 5273 domino
870 5212 1438 5287 sanetoqueArnulfo
1456 5215 1711 5270 nutrien-

109 5296 221 5355 dum
248 5306 348 5360 sub
370 5305 619 5379 regulari
641 5305 951 5380 praeposito
973 5303 1156 5371 trade,
1173 5304 1342 5375 cujus
1360 5303 1711 5376 quandoque

110 5397 419 5465 Propagator
450 5393 729 5451 enitescet
756 5394 929 5467 longe
959 5392 1210 5464 lateque.
1248 5413 1275 5441 »
1308 5389 1594 5447 Credulus
1615 5390 1712 5447 ille

106 5473 192 5530 viri
219 5478 308 5535 Dei
351 5482 642 5553 affatibus,
675 5484 920 5541 domum
975 5496 1083 5554 pro
1141 5496 1423 5554 responso
1479 5483 1711 5552 accepto

108 5576 337 5626 mersus
366 5577 453 5628 est
481 5572 663 5631 laetus.
699 5573 928 5630 Interea
957 5587 1081 5626 non.
1116 5568 1319 5625 multis
1346 5568 1561 5641 elapsis
1592 5569 1711 5625 die-

109 5648 218 5726 bus:
240 5665 432 5735 muter,
465 5678 636 5739 quem
668 5663 905 5741 auspice
925 5659 1158 5719 Christo
1187 5661 1552 5737 conceperat,
1578 5674 1711 5736 pro-

1819 4686 2065 4755 quenter
2095 4679 2563 4735 commendabat.

1888 4771 2102 4826 Beatus
2134 4767 2329 4840 itaque
2359 4768 2616 4824 Joannes
2648 4769 2874 4824 fervens
2923 4767 3117 4825 studio
3146 4764 3467 4839 religionis,

1815 4861 2072 4916 laternas
2103 4858 2350 4913 fratrum
2384 4874 2537 4930 saepe
2585 4857 2928 4924 mandabat,
2962 4856 3111 4912 mira
3140 4854 3466 4911 humilitas.

1817 4950 1963 5006 Cum
2003 4952 2126 5004 erat
2174 4946 2670 5003 hebdomadarius
2717 4946 2999 5019 coquinae,
3032 4944 3158 5018 ipse
3187 4943 3335 5001 collo
3363 4958 3469 4999 suo

1819 5038 2155 5111 asportabat
2179 5053 2413 5108 aquam,
2430 5040 2487 5091 et
2508 5036 2856 5092 infundebat
2876 5035 3169 5103 caldariis,
3193 5039 3251 5090 et
3270 5032 3468 5089 cibum

1819 5127 2126 5199 coquebat.
2158 5127 2319 5198 Saepe
2363 5124 2547 5192 solus,
2580 5124 2823 5197 puerulo
2855 5141 3068 5197 aquam
3102 5123 3467 5190 infundente,

1820 5217 2067 5272 farinam
2091 5214 2270 5270 trium
2302 5214 2631 5271 modiorum
2656 5214 3046 5283 commiscuit,
3082 5209 3467 5280 fcrmentavit,

1820 5310 1878 5361 et
1906 5305 2041 5360 inde
2073 5320 2252 5376 panes
2291 5304 2557 5360 coniecit.
2594 5305 2657 5359 In
2690 5304 2856 5373 cibis,
2889 5303 3171 5374 vestibus,
3205 5302 3372 5368 lecto,
3407 5298 3468 5354 in

1821 5393 2044 5450 balneis
2065 5396 2122 5448 et
2147 5391 2453 5448 medicinis
2476 5395 2842 5465 spernendis,
2868 5394 2926 5448 in
2951 5408 3091 5448 cura
3112 5392 3379 5452 fratrum,
3406 5386 3467 5441 in

1822 5481 2016 5539 studio
2034 5480 2353 5537 lectionum
2382 5498 2513 5538 vere
2543 5487 2785 5539 sanctus
2815 5482 3300 5554 comperiebatur.
3326 5472 3469 5528 Imi-

1822 5572 2057 5628 tabatur
2071 5588 2175 5645 pro
2196 5586 2368 5643 posse
2388 5572 2761 5628 Ambrosium
2784 5569 3226 5628 sanctissimum
3248 5563 3309 5615 in
3328 5572 3467 5616 con-

1823 5661 2060 5736 stantia,
2091 5662 2326 5719 beatum
2362 5659 2681 5724 Martinam
2712 5660 2771 5718 in
2802 5655 3154 5724 humilitate,
3178 5651 3466 5711 Joannem
