3814 6218
378 341 502 403 195

1245 337 1580 397 APPEND.
1627 338 1728 396 AD
1775 335 1960 395 SEO.
2007 335 2080 396 X.
2114 370 2190 378 —
2222 335 2476 396 OPERA
2526 337 2751 382 ΑΔΕΣΠΟ

2242 335 2476 396 )pERA
2526 337 2921 382 ΛΔΕΣΠΟΤΙΚΑ.
3661 337 3748 394 196

386 472 842 530 Alexandrinum
876 471 931 526 in
965 469 1468 541 elcemosynarum
1508 469 1936 544 largitionibus,
1969 468 2029 524 in
2057 468 2116 538 Α
2145 487 2276 525 rum
2308 473 2506 542 pastor
2548 469 2728 536 ﬁeret,
2759 467 3185 541 benignissime
3233 467 3542 524 consensit.
3575 468 3749 523 Statim

387 562 704 619 exercenda
716 560 973 632 justitia,
997 577 1128 615 cum
1154 577 1256 632 pro
1280 578 1458 615 causa
1479 559 1815 616 monasterii
1841 575 2032 631 agerc-

383 671 503 731 ‘ur,
538 651 788 706 maxime
819 654 1113 705 strenuus.
1151 651 1210 705 ln
1253 650 1626 715 molendinis,
1663 649 2031 717 ﬂuminibus,

385 738 956 808 vinariis,armentis,
973 739 1268 811 gregibus,
1284 739 1489 793 avibus
1505 739 1576 793 ad
1596 755 1768 793 usum
1791 738 2032 792 fratrum

2147 577 2347 615 eorum
2373 559 2482 614 loci
2519 559 2732 612 famam
2755 559 2881 628 jam
2916 558 3131 629 ubique
3164 557 3474 627 celebrem,
3491 556 3750 612 studiolit-

2147 652 2402 703 terarum
2427 649 2568 702 adeo
2595 647 2937 713 nobilitavit,
2962 652 3026 701 ut
3048 664 3164 702 non
3192 646 3384 701 solum
3413 664 3480 701 ex
3509 646 3746 718 proximis

2145 737 2498 802 civitatibus,
2533 752 2733 790 verum
2767 752 2835 790 ex
2865 735 3126 792 Saxonia:
3149 740 3325 807 atque
3347 735 3614 807 Bajoaria
3643 752 3746 807 par-

389 830 673 887 sollicitus
685 833 740 884 et
753 826 1007 900 Optimus
1019 827 2032 900 acquisitor.Magistrisdiversarum
2142 825 2300 880 tibus
2315 826 2703 896 undecunque
2715 825 2786 879 ad
2807 825 2936 895 ejus
2949 825 3354 897 magisterium
3369 822 3748 896 quamplurimi

388 919 599 975 artium
617 915 918 974 conductis
937 914 1254 970 fortissimo
1277 931 1446 970 muro
1471 915 1889 970 monasterium
1914 915 2029 970 cir—

387 1007 700 1063 cumdedit.
735 1005 1013 1064 Ofﬁcinas
1057 1022 1183 1076 quae
1233 1005 1466 1059 ruinam
1518 1004 1701 1058 nimia
1744 1008 2029 1060 vetustate

384 1097 782 1160 minabantur,
817 1093 1014 1149 refecit
1041 1112 1052 1160 ;
1087 1092 1266 1165 pallia
1310 1110 1444 1149 vero
1474 1097 1530 1148 et
1562 1093 1816 1148 cortinas
1843 1093 2024 1158 albas,

383 1185 620 1252 infulas,
643 1183 874 1239 tabulas
897 1183 1190 1250 aureas,in
1214 1181 1463 1255 singulis
1486 1181 1770 1237 altaribus
1791 1180 2021 1248 calices,

383 1291 583 1331 cruces
622 1270 934 1345 ampullas,
968 1288 1212 1326 coronas
1264 1275 1320 1325 et
1359 1271 1672 1342 pulpitum,
1709 1270 1806 1326 ubi
1839 1271 2022 1325 Evan-

379 1363 596 1437 gelium
628 1361 861 1434 legitur,
895 1366 949 1416 ct
980 1365 1186 1415 caetera
1211 1377 1406 1426 aurea,
1432 1364 1487 1414 et
1517 1358 1818 1431 lampades
1843 1359 2024 1414 diver-

379 1469 475 1508 sas
507 1451 813 1507 distinctas
860 1449 1187 1515 ordinibus,
1221 1454 1277 1503 et
1322 1452 1528 1504 caatera
1574 1447 1857 1503 beneficia
1903 1465 2021 1503 non

377 1557 619 1614 possum
645 1539 837 1595 verbis
867 1537 1146 1593 evincere.

449 1627 702 1700 Contigit
741 1632 936 1682 autem
970 1644 1035 1680 eo
1066 1625 1126 1679 in
1175 1631 1434 1697 tempore
1482 1642 1658 1697 quam
1709 1625 2018 1697 episcopus

378 1718 657 1774 Adelbero
671 1713 958 1771 subtraxit
970 1714 1316 1770 beneficium
1339 1713 1575 1770 solitum
1592 1715 1868 1770 fratribus
1881 1715 2018 1770 Gor-

2141 913 2518 981 conﬂuerent,
2553 929 2619 968 ex
2649 913 2864 984 quibus
2897 912 3212 969 nonnullos
3234 918 3292 968 et
3321 912 3449 968 vitae
3483 913 3689 976 merito,
3707 917 3750 965 et

2139 1003 2437 1075 sapientiae
2468 1001 2807 1058 excellentia
2838 1007 2970 1075 post
2998 1003 3068 1058 ad
3101 1001 3478 1074 episcopatus
3505 1000 3746 1072 aspirem,

2135 1091 2222 1146 vel
2255 1093 2326 1146 ad
2359 1092 2612 1164 regenda
2656 1090 3012 1146 monasteria
3057 1090 3268 1146 electos
3305 1090 3488 1146 fuisse
3515 1090 3746 1161 cognovi-

2135 1197 2289 1236 mus.
2324 1185 2483 1236 Inter
2512 1197 2732 1236 cozevos
2764 1197 2923 1249 suos,
2948 1185 3006 1235 et
3036 1197 3267 1235 morum
3295 1179 3600 1252 elegantia,
3617 1183 3663 1233 et
3682 1179 3746 1232 in-

2133 1270 2303 1343 genio
2335 1287 2517 1342 capax
2544 1269 2858 1325 laudabilis
2902 1269 3218 1324 eminebat.
3253 1268 3356 1324 Hic
3387 1268 3633 1340 denique
3661 1267 3744 1338 piae

2133 1359 2428 1414 memoriae
2459 1359 2715 1414 Joannes
2747 1358 2896 1413 inter
2917 1357 3192 1430 perplura
3209 1376 3337 1430 quae
3359 1358 3514 1412 intra
3532 1373 3744 1430 gymna-

2131 1447 2285 1504 sium
2333 1446 2560 1520 SOpbiae
2612 1447 2834 1519 peregit
2871 1447 3162 1513 exercitia,
3197 1446 3569 1518 responsoria
3595 1446 3742 1499 beate

2128 1535 2371 1608 virginis
2403 1540 2459 1590 et
2489 1535 2760 1607 martyris
2793 1535 2980 1589 Luciae
3011 1533 3351 1590 authentica
3382 1533 3742 1589 modulatione

2127 1624 2715 1697 composuit,necnon
2747 1628 2804 1678 et
2835 1625 3012 1679 beata:
3043 1622 3417 1678 Glodesindis
3440 1622 3614 1677 vitam
3635 1637 3740 1675 cum

2126 1714 2315 1770 officio
2330 1711 2681 1769 nocturnali.
2697 1712 2888 1767 Vitam
2905 1729 3038 1768 vero
3059 1711 3450 1768 antecesseris
3463 1712 3552 1767 sui
3574 1711 3739 1766 domni

377 1805 702 1872 ziensibus;
729 1804 828 1860 sed
849 1802 1384 1874 divinainspirante
1412 1804 1602 1875 gratia
1623 1803 1887 1860 Gorziam
1917 1821 2015 1858 ve-
2047 1839 2094 1904 Β
2126 1804 2354 1859 abbatis
2373 1801 2616 1859 Joannis
2643 1799 3742 1874 scribereaggressus,imperfectamim-

377 1894 466 1950 nit
485 1895 708 1950 Joanne
729 1892 1148 1958 insinuante,et
1163 1891 1359 1947 villam
1379 1910 1504 1964 qua":
1524 1893 1818 1963 quondam
1833 1893 2016 1964 adjus
2050 1890 2093 1904 "
2125 1897 2358 1949 matura
2387 1896 2574 1948 morte
2605 1895 2924 1963 praereptus
2954 1890 3209 1963 reliquit.

376 1983 705 2055 pertinebat
736 1980 1096 2046 monasterii,
1127 1980 1273 2052 ipsis
1318 1981 1593 2048 reddidit,
1622 1998 1747 2053 qum
1778 1987 2018 2037 vocatur

373 2071 627 2144 Warigis
657 2069 793 2126 villa
825 2070 1257 2142 (Varengevitle).
1289 2070 1545 2126 Joannes
1583 2075 1778 2125 autem
1807 2070 1911 2125 ivit
1942 2071 2012 2125 ad

371 2165 682 2235 tyrannum
717 2162 1023 2227 Bosonem,
1049 2159 1235 2213 filium
1270 2159 1542 2214 Richardi
1575 2159 1854 2232 principis
1877 2160 2014 2214 Bur-

372 2251 760 2323 gundionum,
793 2254 858 2304 ut
887 2248 1221 2304 restitueret
1274 2247 1549 2302 fratribus
1599 2247 2012 2303 Gorziensibus

370 2339 584 2412 praedia
608 2356 734 2410 quae
758 2337 973 2408 injuste
995 2337 1080 2391 eis
1101 2335 1422 2391 abstulerat
1449 2354 1461 2404 ;
1487 2337 1586 2408 qui
1605 2336 1714 2392 sibi
1737 2336 2012 2408 primitus

353 2429 511 2486 satis
523 2427 770 2500 superbe
785 2425 1102 2497 respondit,
1117 2428 1172 2479 et
1184 2425 1375 2479 minas
1399 2425 1555 2480 necis
1568 2424 1675 2480 sibi
1691 2425 1971 2497 imposuit
1995 2443 2007 2481 :

369 2517 572 2587 atipse
603 2516 857 2572 Joannes
888 2531 1002 2568 non
1036 2512 1477 2585 pertimescens,
1491 2514 1591 2568 sed
1623 2514 2009 2570 virilitercon-

368 2603 800 2670 tradicens,sibi
825 2601 1026 2657 multis
1048 2601 1392 2657 discrimina
1411 2601 2007 2669 latronum,nihilsibi

263 2702 270 2704 “
367 2698 562 2748 tamen
611 2708 816 2748 nocere
864 2689 1232 2763 queuntium,
1262 2691 1333 2745 ad
1366 2689 1624 2746 claustra
1665 2692 1857 2759 rediit,
1887 2697 2006 2748 sta-

364 2781 588 2854 timque
618 2785 900 2853 tyrannus
957 2784 1224 2852 arreptus
1272 2780 1432 2852 gravi
1481 2780 1703 2847 morbo,
1740 2781 2003 2837 Gorziam

364 2869 527 2926 misit
556 2870 883 2936 nuntios,et
911 2873 1123 2924 cuncta
1147 2867 1342 2924 ablata
1369 2867 1640 2924 restituit.
1667 2867 1820 2924 Fecit
1838 2873 1895 2923 et
1911 2887 2005 2942 pe-

362 2959 596 3015 titiones
619 2957 834 3013 multas
857 2958 1061 3013 beatus
1085 2956 1342 3011 Joannes
1359 2955 1431 3011 ab
1449 2955 1721 3028 episcopo
1750 2955 2003 3012 Adalbe-

361 3065 522 3114 rone,
556 3047 656 3119 qui
686 3063 820 3101 cum
872 3045 1035 3118 prius
1086 3045 1453 3116 acquiescere
1511 3043 1708 3112 nollet,
1742 3049 2002 3116 postmo-

360 3139 503 3193 dum
523 3136 848 3192 visionibus
866 3133 1053 3189 sancti
1071 3133 1219 3188 Petri
1244 3134 1500 3201 territus,
1517 3138 1726 3188 cuncta
1738 3135 2001 3206 perficie-

2121 2065 2476 2136 Epitaphz’um
2506 2061 2757 2146 bodovici
2798 2061 3020 2146 regis-et
3052 2063 3420 2146 imperatoris,
3450 2062 3562 2132 ﬁlii
3591 2060 3740 2117 Caroli

2513 2133 2713 2204 Magni,
2738 2135 2834 2204 qui
2855 2133 2914 2187 in
2944 2134 3044 2188 isto
3077 2133 3186 2188 loco
3208 2133 3376 2204 jacet.

2124 2259 2354 2333 Imperii
2389 2258 2630 2325 fulmen,
2666 2259 3023 2313 Francorum
3056 2257 3248 2313 nobile
3278 2257 3542 2324 culmen,

2263 2350 2476 2404 Erutus
2507 2365 2542 2402 a
2572 2346 2805 2412 saeculo,
2837 2347 3109 2403 conditur
3140 2346 3251 2401 hoc
3279 2347 3537 2411 tumulo,

2120 2439 2238 2494 Rex
2270 2436 2608 2503 Lodovicus,
2643 2435 2875 2507 pietatis
2902 2439 3102 2491 tantus
3133 2435 3381 2503 amicus,

2261 2527 2423 2592 Quod
2457 2525 2592 2580 Pius
2623 2542 2657 2578 a
2685 2523 2898 2596 populo
2931 2523 3163 2592 dicitur,
3199 2528 3257 2580 et
3284 2523 3456 2580 titulo
3482 2543 3496 2592 ;

2116 2615 2413 2689 Hildegart
2443 2613 2673 2671 soboles
2703 2612 2889 2668 Caroli
2921 2613 3115 2685 Magni
3147 2615 3244 2685 pia
3274 2613 3488 2686 proles,

2257 2711 2322 2760 In
2355 2703 2514 2776 pacis
2545 2706 2752 2769 metas,
2783 2701 3003 2774 colligit
3033 2701 3189 2757 hunc
3219 2703 3430 2774 pietas.

2116 2793 2484 2851 Rumelicum
2515 2791 2736 2858 villam,
2758 2791 3164 2862 quidquidque
3193 2791 3446 2847 refertur
3474 2793 3554 2849 ad
3583 2791 3730 2852 illam,

2253 2881 2497 2939 Arnulfo
2528 2885 2730 2936 sancto
2763 2879 3026 2945 contulit,
3058 2879 3312 2952 huicque
3343 2879 3490 2936 loco.

2112 2975 2474 3046 Stirpsaquo
2508 2986 2814 3042 procerum
2845 2985 3173 3041 regumque
3201 2968 3289 3024 vel
3315 2969 3730 3042 imperatorum,

2253 3064 2509 3127 Quorum
2543 3058 2887 3114 muneribus
2919 3057 3153 3113 sistitur
3176 3057 3284 3114 iste
3313 3056 3504 3114 locus.

361 3227 480 3281 bat.
517 3225 651 3280 Post
697 3224 804 3278 hoc
852 3223 1177 3289 sciendum,
1215 3223 1490 3294 quoniam
1549 3222 2000 3279 Adelberamum
2033 3219 2075 3285 C.
2117 3213 2464 3286 Epitaphium
2496 3211 2755 3294 Prggom's
2785 3208 3178 3294 arcfziepiscopi
3206 3209 3472 3294 Mettensi},
3514 3213 3620 3282 ﬁlii
3646 3211 3730 3266 σα-

362 3331 460 3369 rex
505 3315 828 3369 Saracenus
869 3311 1283 3383 Hispaniarum
1316 3311 1478 3366 misit
1509 3328 1647 3367 suos
1676 3311 1897 3384 legatos
1927 3314 1999 3368 ad

361 3402 670 3458 Otthonem
720 3400 1162 3457 serenissimum
1212 3401 1642 3472 imperatorem,
1677 3401 1998 3456 amicitiam

356 3496 581 3565 petens,
607 3492 706 3546 sed
731 3496 932 3546 contra
955 3491 1128 3545 ﬁdem
1153 3490 1339 3545 multa
1363 3491 1726 3558 describens;
1748 3491 1819 3545 ad
1843 3491 1999 3561 quod

355 3581 575 3637 missus
607 3585 694 3639 est
725 3581 929 3636 beatus
959 3581 1213 3636 Joannes
1244 3580 1426 3635 abbas
1457 3584 1674 3647 noster,
1698 3581 1769 3634 ad
1796 3579 1999 3651 praedi-

355 3672 608 3726 candum
643 3671 955 3740 baptisma,
989 3673 1045 3724 et
1075 3686 1328 3724 errorem
1362 3669 1866 3724 commutandum.
1890 3669 2002 3724 Iste

354 3759 510 3814 enim
536 3759 644 3813 fuit
665 3760 923 3830 prudens
945 3757 1004 3811 in
1025 3757 1192 3812 factis
1217 3776 1228 3825 ;
1255 3758 1398 3812 bene
1420 3758 1612 3830 arguit
1632 3757 1920 3825 subditos,
1947 3763 2003 3813 et

357 3848 589 3902 monuit
609 3851 674 3900 ut
695 3847 971 3901 omnibus
994 3845 1119 3899 vita:
1147 3862 1347 3900 eorum
1381 3846 1739 3918 temporibus
1773 3863 2005 3918 semper

355 3934 618 4006 regulam
651 3935 1030 3989 custodirent.

357 4043 593 4099 Joannes
630 4043 829 4114 junior
873 4043 1125 4096 successit
1164 4049 1283 4111 post
1327 4045 1615 4109 Joannem,
1651 4044 1712 4096 in
1740 4043 2003 4112 regimine

1061 4121 1308 4184 quartus.

425 4202 682 4260 Joannes
701 4201 1030 4259 afratribus
1052 4201 1473 4257 sanctiArnulfi
1495 4201 1828 4275 postulatus
1843 4207 2006 4260 uteo-

2430 3283 2534 3338 roli
2562 3283 2764 3351 Magni,
2793 3284 2890 3353 qui
2921 3285 2981 3336 in
3011 3284 3112 3337 isto
3142 3283 3254 3338 loco
3272 3283 3436 3354 jacet.

2111 3408 2392 3465 Conditur
2408 3405 2514 3460 hoc
2531 3407 2704 3461 busto
2728 3404 2939 3478 praesul
2963 3406 3172 3479 Drogo,
3199 3424 3491 3463 marmore
3511 3407 3725 3478 sculpta,

2251 3497 2502 3568 Spiritus
2534 3495 2592 3549 in
2625 3495 2825 3566 requie
2855 3494 3020 3550 laetus
3049 3499 3179 3550 ovat
3206 3495 3474 3552 Abrahae.

2109 3585 2287 3641 Filius
2319 3585 2414 3640 hic
2444 3584 2635 3656 Magni
2669 3583 2855 3638 Caroli
2891 3583 3000 3638 fuit
3028 3584 3400 3655 imperatoris
3435 3602 3447 3639 :

2251 3674 2352 3728 Vir
2385 3674 2516 3746 pius
2548 3677 2604 3727 et
2635 3672 2914 3743 prudens,
2946 3672 3034 3727 vir
3064 3671 3354 3745 probitate
3385 3673 3607 3730 cluens.

2108 3763 2264 3818 Aula:
2296 3761 2508 3833 regalis
2541 3761 2890 3828 moderator,
2925 3765 3123 3832 pastor
3153 3760 3342 3830 ovilis,

2252 3851 2420 3908 Metis
2449 3855 2507 3906 et
2536 3848 2802 3905 Ecclesiae
2832 3866 2964 3905 vere
2990 3855 3153 3922 pater
3181 3850 3406 3922 patriae.

2111 3940 2211 3995 Hic
2245 3939 2478 4012 praasul,
2512 3937 3062 4011 praeses,dominus,
3086 3938 3433 4012 primasque
3466 3943 3548 3997 cis
3567 3940 3730 4013 Alpes.

2257 4029 2394 4098 Ejus
2415 4027 2642 4099 judicio
2670 4044 2814 4099 paca
2845 4027 2954 4083 fuit
2988 4028 3162 4100 regio.

2113 4120 2227 4173 Iste
2258 4116 2629 4173 Glodesindis
2661 4116 3001 4174 solemniter
3029 4134 3163 4173 ossa
3192 4117 3424 4187 levavit,

2255 4205 2668 4278 Condigneque
2698 4204 2821 4262 loco
2855 4205 3115 4261 condidit
3143 4206 3378 4263 eximio.

888 4531 1275 4620 SERMO
1334 4534 1476 4618 DE
1537 4533 1628 4621 S.
1690 4532 2408 4623 CLODOALDO
2469 4530 3223 4622 CONFESSOBE

1468 4710 1656 4781 (Apud
1691 4708 1934 4780 Mabill.,
1968 4711 2119 4781 Acta,
2153 4710 2293 4769 Saec.
2327 4711 2371 4780 Ι,
2405 4728 2462 4784 p.
2499 4710 2648 4780 134.)

425 4991 559 5049 Dies
601 4991 811 5049 laetitia
835 4997 890 5048 et
910 4992 1109 5065 gaudii
1137 4993 1301 5048 adest
1330 4993 1620 5066 praecipue
1640 4998 1844 5050 vestrae
1876 4997 2006 5052 urbi
2037 5001 2083 5066 Ι)
2116 4999 2186 5053 de
2203 5000 2390 5052 morte
2411 4995 2652 5065 natalis;
2673 4995 2766 5051 cui
2790 4995 3023 5051 initium
3036 4995 3260 5052 vivendi
3280 4996 3442 5052 dedit
3461 4997 3592 5052 ﬁnis
3609 4993 3735 5058 vitae;

351 5099 586 5138 summa
606 5083 910 5138 devotione
932 5081 1297 5152 celebranda,
1324 5101 1440 5155 qua
1459 5083 1826 5140 venerandus
1847 5085 2004 5140 Chri-

350 5170 426 5227 sti
439 5171 738 5226 confessor
750 5171 1100 5227 Clodoaldus
1123 5173 1198 5242 [8.
1228 5172 1437 5243 Cloud],
1455 5171 1701 5228 vinculis
1715 5190 2000 5246 corporea:

349 5258 682 5331 fragilitatis
700 5265 929 5325 exutus,
941 5260 1098 5316 adire
1113 5261 1323 5316 meruit
1335 5262 1617 5333 gaudium
1637 5266 1860 5318 aeternae
1875 5264 2004 5319 bea-

351 5348 644 5415 titudinis,
679 5349 960 5422 angelicis
994 5349 1298 5420 spiritibus
1348 5351 1623 5417 sociatus,
1657 5356 1721 5406 ut
1751 5369 2000 5424 quorum

350 5438 705 5494 munditiam
727 5443 987 5509 tempore
1006 5455 1124 5493 sua:
1145 5437 1519 5495 mortalitatis
1543 5441 1769 5496 studuit
1790 5441 2001 5497 habere

348 5527 407 5583 in
429 5528 623 5596 terris,
645 5544 846 5584 eorum
888 5527 1180 5583 consortio
1204 5526 1329 5582 sine
1351 5529 1464 5584 fine
1487 5529 1778 5585 frueretur
1798 5530 1857 5584 in
1885 5547 2002 5585 cce-

349 5615 442 5680 lis.
469 5616 572 5675 Cui
603 5620 915 5694 praestante
944 5617 1133 5693 gratia
1155 5615 1468 5676 Salvatoris
1499 5616 1670 5676 hodie
1703 5620 1890 5675 factus
1913 5622 2003 5677 est

2110 5087 2226 5156 cui,
2262 5091 2325 5141 ut
2357 5085 2593 5152 Paulus,
2627 5085 2813 5140 vivere
2846 5083 3113 5140 Christus
3158 5085 3267 5139 fuit
3301 5086 3524 5157 (Philip.
3558 5103 3595 5154 1,
3625 5082 3734 5152 2t};

2112 5176 2205 5230 cui
2229 5175 2355 5230 sine
2383 5174 2610 5230 Christo
2640 5173 2758 5228 vita
2787 5191 2901 5229 non
2936 5173 3065 5230 fuit.
3099 5173 3305 5230 Merito
3337 5191 3474 5248 ergo
3516 5173 3737 5230 satiatur

2110 5263 2169 5318 in
2201 5264 2370 5319 bonis
2401 5263 2757 5318 desiderium
2790 5264 2938 5334 ejus,
2976 5262 3132 5334 quia,
3167 5263 3308 5318 dum
3343 5264 3401 5318 in
3433 5263 3541 5319 hac
3589 5273 3735 5317 carne

2109 5352 2342 5419 viveret,
2361 5352 2713 5406 mundatum
2737 5356 2824 5407 est
2841 5352 2912 5406 ab
2937 5351 3096 5407 omni
3129 5351 3440 5423 iniquitate
3463 5356 3519 5407 et
3539 5347 3735 5406 malitia

2111 5459 2210 5497 cor
2232 5441 2380 5512 ejus.
2407 5441 2592 5514 Digne
2625 5442 2752 5513 jam
2783 5445 3047 5497 versatur
3077 5442 3204 5513 ejus
3235 5441 3355 5496 vita
3386 5439 3664 5496 mirabilis
3690 5435 3734 5489 in

2113 5530 2395 5586 memoria
2414 5530 2852 5601 hominum,qui
2876 5531 3086 5586 merito
3103 5524 3736 5587 sanclitatistransiitad

2109 5619 2391 5696 gaudium
2423 5619 2784 5696 angelorum.
2822 5620 3026 5679 Merito
3058 5625 3115 5678 et
3145 5620 3377 5679 laudem
3433 5622 3741 5680 sanctorum
