3814 6218
68 364 167 429 19⁸1

1209 364 1473 431 SERMO
1517 364 1618 430 DE
1662 370 1730 431 Β.
1774 364 2261 435 CLODOALDO.

3324 376 3442 440 198

68 500 291 555 virorum
323 498 564 555 mandat
594 496 767 555 nobis
794 497 1007 555 habere
1051 498 1353 572 Scriptura
1402 500 1682 559 divinitus
1712 496 1765 572 Α
1794 504 2028 575 quando
2059 494 2359 578 dissipasti
2379 498 2975 581 patrimonium'quod
3000 509 3239 567 dederat
3253 510 3442 567 dulcis

70 589 318 663 inspirata
345 588 576 645 dicens:
613 588 945 644 Laudemus
974 588 1129 644 viros
1157 589 1443 661 gloriosos
1474 590 1571 663 qui
1604 590 1682 645 vi-

72 681 244 733 cerunt
270 692 447 749 regna
476 676 685 732 mundi
703 676 832 749 ;qui
851 676 1116 733 vicerunt
1136 695 1252 733 non
1275 679 1373 750 qui
1395 678 1531 734 victi
1552 678 1682 735 fue-

74 763 321 822 runt.Non
341 768 431 821 est
450 764 611 821 enim
634 764 926 821 contraria
947 765 1059 822 sibi
1081 766 1381 839 Scriptura
1400 784 1527 839 quae
1540 767 1683 823 dicit

73 854 165 909 alio
188 853 302 909 loco
323 870 338 909 :
359 853 481 911 Non
513 853 701 910 laudes
726 853 1000 910 hominem
1029 856 1087 910 in
1117 858 1231 911 vita
1261 872 1362 911 sua
1384 857 1573 929 (Eccli.
1599 873 1678 925 χι,

73 944 162 1005 30).
180 942 303 1006 Qum
322 947 521 999 autem
547 947 682 999 ante
713 946 958 1000 mortem
980 947 1217 1017 propter
1235 944 1488 1001 incertos
1509 962 1682 1001 casus

75 1033 267 1087 caducae
292 1032 422 1088 vitae
451 1031 747 1105 prohibet,
774 1037 907 1105 post
937 1037 1184 1089 mortem
1207 1034 1381 1105 jubet
1418 1033 1679 1089 laudare.

75 1120 212 1177 Modo
229 1120 412 1177 securi
444 1121 725 1177 laudibus
754 1121 1102 1178 extollamus
1131 1124 1258 1195 ejus
1280 1122 1681 1179 excellentiam

77 1210 381 1277 sanctitatis,
414 1212 654 1284 quando
683 1227 791 1267 nec
829 1211 1088 1268 adulatio
1127 1215 1290 1268 notat
1318 1212 1679 1279 laudantem,

76 1315 161 1355 nec
178 1298 330 1356 elatio
346 1303 537 1356 tentet
552 1299 1219 1358 laudatum.Laudemus
1230 1305 1362 1373 post
1377 1317 1681 1357 emensum

80 1388 360 1459 periculum
383 1391 515 1461 jam
547 1405 825 1445 securum
852 1407 866 1457 ;
899 1388 1214 1447 laudemus
1250 1390 1549 1456 victorem,
1582 1389 1682 1445 sed

80 1480 345 1549 postquam
364 1478 531 1534 venit
564 1479 637 1534 ad
653 1478 1310 1551 triumphum.0perum
1329 1480 1459 1550 ejus
1477 1478 1686 1533 merita

73 1566 172 1635 jam
198 1567 247 1620 in
275 1572 394 1622 tuto
424 1567 623 1640 posita
650 1567 839 1623 securi
870 1566 1315 1640 magnificemus
1341 1586 1354 1637 ;
1388 1568 1490 1640 qui
1520 1566 1686 1640 galea

79 1655 175 1726 spei
200 1660 249 1712 et
276 1660 436 1712 scuto
468 1656 607 1712 fidei
629 1660 686 1711 et
715 1656 910 1729 gladio
938 1656 1096 1712 verbi
1126 1656 1227 1713 Dei
1258 1657 1466 1714 tandiu
1496 1656 1685 1712 infati-

78 1743 306 1815 gabiliter
331 1750 535 1801 contra
563 1744 872 1817 antiquum
890 1745 1117 1801 hostem
1140 1752 1402 1803 armatus
1426 1746 1683 1812 incessit,

80 1822 342 1908 quousque
360 1851 427 1891 eo
447 1834 677 1891 devicto
707 1835 953 1907 ejusque
977 1835 1227 1907 pedibus
1258 1839 1547 1908 prostrato
1570 1851 1687 1891 me-

80 1921 253 1977 ruisset
280 1922 537 1996 accipere
569 1922 828 1996 palmam
862 1927 1087 1979 aeternae
1117 1923 1627 1980 remunerationis.

132 2013 177 2065 2.
204 2010 351 2067 illius
371 2028 534 2085 ergo,
553 2015 843 2083 quantum
860 2028 1201 2084 possumus,
1217 2012 1376 2069 omni
1402 2012 1686 2069 instantia

82 2098 296 2171 vestigiis
312 2098 685 2167 insistemus,
699 2100 918 2172 quibus
935 2115 1040 2173 per
1057 2104 1276 2157 arctam
1293 2101 1445 2158 viam
1467 2102 1539 2157 ad
1558 2100 1683 2155 cmli

84 2184 401 2244 latitudinem
424 2188 719 2246 festinans
733 2205 851 2261 qua
861 2205 995 2245 eum
1017 2206 1397 2262 sequeremur
1409 2189 1681 2246 ostendit.

84 2274 226 2332 Hodie
243 2281 492 2350 optatam
509 2294 716 2334 vocem
738 2276 1134 2335 laudabilibus
1154 2277 1426 2350 operibus
1439 2278 1684 2350 acquisi-

87 2368 178 2420 tam
202 2366 382 2423 audire
418 2366 644 2422 meruit
672 2365 988 2423 Salvatoris
1018 2383 1116 2423 ore
1146 2367 1433 2440 prolatam
1467 2384 1479 2421 :
1514 2369 1682 2436 Euge,

85 2468 200 2510 serve
221 2456 338 2512 bone
361 2462 412 2513 et
437 2455 643 2527 ﬁdelis,
675 2457 810 2527 quia
851 2472 1015 2527 super
1053 2472 1234 2527 pauca
1279 2458 1442 2528 fuisti
1484 2456 1683 2527 fidelis,

86 2556 213 2613 super
248 2546 409 2601 multa
438 2554 490 2601 te
518 2546 873 2612 constituam,
907 2547 1055 2601 intra
1085 2547 1145 2600 in
1175 2545 1441 2617 gaudium
1467 2546 1688 2601 Domini

86 2632 153 2685 tui
171 2632 365 2700 (Matth.
395 2651 527 2702 xxv,
566 2633 680 2701 23).
713 2635 1027 2704 Acceptum
1071 2634 1229 2689 enim
1275 2632 1563 2690 talentum
1596 2650 1686 2689 re-

86 2718 189 2774 tulit
213 2722 729 2793 geminatum..lam
751 2740 855 2794 per
874 2723 1048 2778 fidem
1070 2723 1257 2795 gratia
1289 2722 1689 2797 salvatur,glo-

87 2806 202 2865 riam
228 2811 441 2868 Domini
471 2811 818 2885 speculatur
846 2810 1301 2868 transformatus
1330 2813 1389 2867 in
1420 2813 1684 2867 eamdem

86 2896 373 2971 imaginem.
392 2901 523 2957 Jam
539 2901 702 2957 enim
724 2900 917 2957 hiems
938 2918 1351 2973 pressurarum
1372 2901 1689 2969 transiit,et

86 2984 238 3043 imber
259 2990 700 3047 tribulationum
733 2990 1001 3057 recessit;
1018 2991 1145 3061 jam
1176 2989 1689 3046 indissociabiliter

88 3080 258 3133 aeterno
294 3079 432 3135 fonti
473 3080 792 3146 inhaerens,
826 3079 1153 3134 inebriatur
1182 3079 1255 3135 ab
1287 3080 1550 3135 ubertate
1579 3080 1687 3134 do-

89 3178 194 3221 mus
219 3167 327 3235 Dei,
357 3172 412 3227 et
440 3172 704 3226 torrente
731 3167 1047 3240 voluptatis
1079 3186 1196 3224 suae
1229 3172 1393 3241 potat
1417 3185 1552 3223 eum
1574 3168 1685 3224 Do—

1792 592 1998 662 Pater;
2033 611 2238 667 porcos
2270 596 2573 667 pavisti,et
2595 599 2665 654 de
2688 598 3050 655 Hierusalem
3081 599 3443 656 descendens

1790 680 1850 736 in
1882 680 2137 739 latrones
2180 685 2457 752 incidisti,
2487 687 2588 759 qui
2636 688 2813 743 etiam
2865 688 3333 760 despoliaverunt
3361 695 3439 759 te,

1790 773 1847 825 et
1865 768 2054 842 plagis
2078 772 2373 845 impositis
2393 776 2663 831 abierunt
2685 776 3030 833 semivivum
3048 781 3103 832 te
3118 775 3445 849 relinquen-

1790 862 1899 914 tes.
1934 861 2045 916 Sed
2078 877 2192 917 non
2225 862 2465 937 reliquit
2493 865 2791 921 miseriam
2830 869 2992 921 tuam
3040 865 3444 921 misericordia

1791 947 2146 1005 Samaritani
2178 950 2337 1008 illius
2379 953 2479 1025 qui
2530 954 2720 1010 factus
2769 958 2858 1010 est
2895 954 3062 1010 nobis
3093 954 3383 1026 sapientia
3409 970 3445 1009 a

1791 1036 1928 1106 Deo,
1951 1042 2008 1093 et
2021 1039 2369 1110 justiticatio
2400 1045 2456 1098 et
2485 1043 2947 1115 redemptio,qui
2979 1047 3216 1115 peccata
3246 1047 3445 1099 nostra

1790 1125 2033 1197 pertulit
2064 1129 2121 1183 in
2151 1145 2390 1201 corpore
2434 1148 2540 1187 suo
2589 1148 2767 1203 super
2812 1131 3063 1203 lignum,
3097 1135 3162 1186 ut
3191 1132 3444 1204 peccatis

1793 1214 2286 1289 mortui,justitiae
2318 1217 2600 1275 vivamus.
2635 1220 2741 1286 Qui
2773 1220 2913 1275 dicit
2942 1220 3112 1275 nobis
3146 1237 3158 1274 :
3193 1220 3439 1288 Currite,

1791 1306 1847 1358 et
1868 1319 1973 1376 ego
1996 1306 2332 1377 perducam.
2358 1308 2419 1363 1n
2443 1325 2560 1380 qua
2577 1308 2812 1380 justitia
2840 1308 3119 1376 viventes,
3146 1308 3319 1380 positi
3342 1324 3439 1363 su-

1794 1408 1926 1447 mus
1960 1393 2019 1448 in
2050 1394 2143 1448 via
2164 1395 2233 1449 ad
2258 1397 2508 1468 patriam
2540 1398 2868 1465 redeuntes,
2894 1400 2953 1453 et
2972 1397 3044 1452 ad
3079 1395 3440 1453 Hierusalem

1792 1480 2085 1537 cmlestem
2108 1499 2237 1554 quae
2259 1483 2580 1540 aedificatur
2602 1490 2668 1541 ut
2684 1486 2885 1542 civitas
2909 1489 3255 1553 remeantes,
3272 1486 3442 1557 cujus

1793 1569 1996 1642 partici
2004 1572 2162 1643 patio
2184 1576 2271 1628 est
2292 1572 2349 1628 in
2374 1573 2847 1646 idipsum.0uam
2871 1574 3179 1630 denuntiat
3196 1576 3441 1646 Aposto-

1793 1656 1887 1715 lus
1916 1658 2159 1716 liberam
2193 1665 2250 1716 et
2277 1664 2524 1718 matrem
2557 1663 2822 1719 omnium
2855 1667 3143 1731 nostrum,
3170 1663 3339 1734 cujus
3368 1661 3444 1716 ci-

1792 1746 1988 1804 vitatis
2018 1749 2284 1807 conditor
2312 1755 2368 1806 et
2398 1751 2605 1807 artifex
2642 1751 2817 1809 Deus.
2850 1752 3004 1820 Quae,
3038 1757 3103 1807 ut
3127 1751 3186 1807 in
3217 1752 3441 1824 Apoca-

1795 1834 1945 1908 lypsi
1966 1836 2198 1910 legitur,
2223 1855 2329 1895 non
2360 1847 2477 1908 eget
2502 1840 2711 1896 lumine
2730 1839 2886 1907 solis,
2908 1839 3000 1896 sed
3014 1841 3277 1896 Dominus
3298 1844 3444 1896 Deus

1794 1925 2078 1981 illuminat
2106 1942 2247 1993 eam,
2279 1935 2332 1983 et
2362 1928 2588 1984 lucerna
2633 1929 2751 2000 ejus
2790 1936 2870 1985 est
2899 1928 3081 2000 Agnus
3114 1928 3292 2000 (Apoc.
3326 1945 3441 1995 xxi,

1791 2012 1904 2085 23).
1938 2013 2042 2069 Cui
2073 2015 2442 2087 suspiramus
2473 2015 2737 2074 nolentes
2765 2016 3097 2089 exspoliari,
3122 2017 3223 2072 sed
3248 2033 3446 2089 super-

1792 2102 1989 2157 vestiri
2022 2106 2086 2158 ut
2114 2103 2498 2159 absorbeatur
2528 2105 2683 2177 quod
2714 2104 2959 2160 mortale
2989 2108 3079 2160 est
3107 2121 3141 2159 a
3169 2104 3305 2160 vita.

1864 2191 1917 2246 3.
1951 2190 2061 2245 Sed
2096 2191 2155 2247 in
2188 2192 2297 2247 hac
2321 2193 2571 2264 justitia:
2602 2193 2714 2260 via,
2734 2194 3047 2266 quaimus,
3072 2192 3338 2265 plurima:
3359 2192 3444 2248 in-

1794 2279 1955 2335 sidize
1977 2284 2034 2336 et
2054 2280 2245 2353 laquei
2271 2282 2622 2355 ingeruntur
2641 2280 2809 2338 nobis
2832 2299 2865 2338 a
2885 2280 3443 2353 desertoribusejus-

1794 2369 1925 2424 dem
1949 2386 2124 2427 sacrze
2149 2370 2369 2426 militiae
2392 2370 2616 2444 angelis
2638 2370 3110 2442 Satanae,quibus
3132 2369 3287 2426 Deus
3308 2385 3441 2442 pec-

1794 2458 2065 2515 cantibus
2097 2477 2210 2514 non
2233 2459 2510 2533 pepercit,
2539 2464 2602 2515 ut
2620 2460 2702 2515 ait
2724 2459 2949 2526 Petrus,
2973 2459 3073 2515 sed
3096 2458 3445 2514 rudentibus

1793 2546 2005 2603 inferni
2038 2548 2327 2605 detractos
2360 2548 2418 2604 in
2452 2552 2761 2617 tartarum,
2786 2548 2845 2603 in
2867 2547 3093 2620 judicio
3125 2546 3322 2620 magni
3342 2545 3443 2602 Dei

1796 2636 2142 2692 cruciandos
2176 2637 2505 2693 reservavit.
2539 2637 2728 2702 Quare
2772 2637 2925 2692 sicut
2954 2635 3043 2693 leo
3076 2636 3314 2723 rugiens
3334 2636 3445 2691 cir-

1796 2730 2094 2793 cumeunt,
2120 2731 2445 2797 quaerentes
2467 2743 2643 2798 quem
2667 2727 2960 2795 devorent,
2986 2730 3053 2781 ut
3072 2726 3214 2782 avia
3238 2726 3444 2781 verita-

1796 2814 1872 2869 tis
1895 2813 2258 2869 abstrahant.
2292 2814 2506 2870 Contra
2535 2831 2683 2887 quos
2715 2814 2934 2870 bellum
2960 2812 3307 2869 inexorabile
3338 2829 3445 2869 no-

1796 2901 1887 2958 bis
1917 2906 2006 2959 est
2034 2903 2504 2975 agendum,quia
2524 2920 2639 2959 non
2666 2906 2755 2959 est
2785 2902 2953 2959 nobis
2986 2901 3318 2958 colluctatio
3349 2902 3447 2957 ad-

1796 3008 1997 3047 versus
2036 3007 2270 3046 carnem
2302 2996 2361 3047 et
2390 2991 2758 3064 sanguinem,
2796 2992 2896 3047 sed
2929 2991 3210 3047 adversus
3240 2990 3445 3046 mundi

1796 3083 2047 3136 rectores
2070 3080 2442 3136 tenebrarum
2466 3080 2697 3151 harum,
2713 3084 2915 3136 contra
2937 3078 3222 3153 spiritalia
3246 3078 3446 3151 nequi-

1797 3168 1888 3223 tiae
1922 3169 1976 3224 in
2020 3169 2372 3225 coelestibus.
2405 3170 2485 3226 Ne
2537 3186 2674 3243 ergo
2732 3169 3077 3226 deficiamus
3125 3168 3184 3223 in
3243 3184 3445 3224 eorum

89 3253 249 3310 minus
273 3261 326 3311 et
343 3258 485 3313 bibit
504 3272 825 3329 perennem
840 3256 1272 3327 jucunditatem
1285 3258 1457 3328 juxta
1476 3257 1568 3312 sui
1599 3274 1689 3312 ca-
1718 3243 1760 3311 C
1799 3258 2093 3325 conflictu,
2111 3263 2165 3313 et
2187 3259 2491 3330 capiamur
2510 3275 2712 3314 eorum
2744 3258 2991 3331 laqueis,
3016 3261 3257 3330 paratur
3277 3256 3447 3313 nobis

88 3343 368 3413 pacitatem.
391 3346 505 3403 Nec
527 3349 868 3402 nostrarum
899 3345 1266 3401 obliviscitur
1291 3346 1682 3414 miseriarum,

89 3446 193 3488 cum
203 3450 412 3506 semper
422 3436 585 3492 claro
596 3434 897 3490 intueatur
912 3433 1132 3490 lumine
1155 3434 1353 3490 omnia
1371 3436 1684 3502 videntem,

89 3522 275 3595 (itaque
278 3526 403 3596 jure
425 3526 842 3598 disponentem
860 3539 925 3579 ac
942 3524 1361 3580 moderantem.
1382 3527 1429 3580 A
1452 3542 1686 3581 summo

90 3624 239 3682 usque
265 3614 330 3670 ad
354 3614 538 3670 imum
577 3617 797 3669 statum
836 3617 1237 3669 creaturarum
1268 3617 1441 3685 atque
1472 3631 1541 3669 ex
1571 3613 1688 3670 alta

92 3712 191 3754 arce
208 3703 505 3776 respiciens
525 3704 653 3759 ima
671 3706 1154 3775 terrarum,reges
1176 3703 1685 3775 tremendos,quos

91 3784 333 3846 innumeri
362 3792 566 3866 populi
611 3794 904 3856 metuunt,
935 3791 1118 3845 cernit
1148 3790 1304 3846 velut
1335 3792 1564 3848 exsules
1596 3797 1684 3865 ty-

93 3889 281 3934 rannos.
295 3880 722 3952 Miseratusque
744 3896 968 3935 errores
989 3879 1281 3935 humanos
1303 3878 1517 3936 clamat
1534 3898 1689 3936 com-

95 3966 318 4031 patientis
361 3971 573 4026 atl'ectu
620 3966 955 4023 miserantis
988 3985 1001 4023 :
1035 3968 1079 4023 Ο
1110 3967 1369 4024 infelices
1398 3973 1456 4024 et
1487 3970 1684 4026 miseri

96 4051 228 4122 cives,
254 4073 360 4129 qua
386 4059 485 4114 itis
505 4060 534 4115 ‘t
566 4075 682 4113 non
723 4060 813 4112 est
857 4056 979 4111 haec
1008 4057 1099 4112 via
1128 4074 1255 4129 quae
1286 4059 1448 4113 ducit
1479 4059 1550 4114 ad
1583 4078 1683 4133 pa-

93 4139 243 4211 triam,
265 4148 354 4204 sed
377 4165 501 4221 quae
531 4146 700 4203 ducit
719 4146 791 4201 ad
823 4145 1006 4218 impia
1034 4149 1272 4202 tartara.
1299 4147 1522 4216 Redite,
1538 4166 1683 4221 pra:-

89 4228 399 4302 varicatores,
419 4237 492 4292 ad
524 4253 652 4302 cur,
674 4233 985 4306 relinquite
1021 4234 1145 4291 vias
1185 4235 1419 4304 erroris,
1442 4240 1499 4293 et
1525 4237 1685 4294 vive-

89 4315 163 4374 tis.
188 4320 314 4384 Quid
341 4329 498 4382 extra
527 4323 794 4397 quaeritis
823 4323 1017 4379 obtusi
1040 4323 1293 4379 caecitate
1326 4326 1558 4395 mentis,
1593 4327 1681 4383 in-

88 4407 249 4466 travos
266 4413 506 4484 positam
538 4412 990 4486 perpetuitatem
1018 4412 1398 4469 beatitudinis
1415 4413 1443 4468 ‘2
1466 4415 1514 4470 si
1537 4416 1682 4471 bene

90 4508 293 4563 Quaerere
313 4500 509 4569 vultis,
532 4501 694 4557 intra
712 4516 814 4556 vos
841 4500 1103 4573 quaerite,
1127 4499 1207 4556 ibi
1228 4500 1554 4572 invenietis,
1579 4503 1679 4559 ubi

90 4578 267 4642 invenit
299 4589 393 4661 qui
431 4588 579 4646 dixit
611 4606 626 4645 :
660 4590 787 4646 Haec
830 4589 1144 4645 recordatus
1190 4606 1314 4678 sum
1342 4598 1394 4647 et
1420 4592 1592 4664 effudi
1620 4594 1681 4648 in
1708 4612 1756 4678 Ι)

91 4683 153 4725 me
174 4677 387 4734 animam
409 4696 615 4747 meam,
649 4679 909 4750 quoniam
936 4678 1178 4735 transibo
1210 4677 1267 4735 in
1300 4680 1477 4736 locum
1506 4683 1679 4738 taber-

91 4761 238 4816 naculi
257 4764 592 4823 admirabilis
621 4783 790 4839 usque
809 4766 1113 4822 addomum
1141 4770 1246 4824 Dei
1274 4769 1332 4824 in
1361 4786 1485 4826 voce
1502 4772 1681 4827 exsul-

94 4848 265 4929 tatian
301 4863 348 4909 et
390 4856 749 4928 confessionis
792 4856 968 4925 (Psal.
996 4873 1106 4925 xLi,
1137 4856 1214 4929 5),
1261 4857 1362 4913 ubi
1412 4863 1501 4916 est
1544 4876 1681 4916 vera

92 4927 167 4989 lux
186 4927 616 5016 luminis,quam
647 4960 763 5000 non
795 4949 1045 5017 possunt
1074 4927 1578 5007 fuscaretenebrze
1594 4968 1680 5007 er-

95 5023 222 5081 roris.
249 5028 392 5087 Hanc
440 5034 778 5106 quicunque
822 5033 1017 5089 videre
1063 5035 1360 5105 meruerit,
1396 5039 1676 5098 candidos

96 5109 203 5191 solis
226 5118 398 5176 radios
426 5121 785 5195 negabit.lbi
814 5122 1121 5179 invenietis
1153 5128 1209 5179 et
1240 5126 1491 5183 audietis
1510 5128 1676 5184 Chri-

96 5198 216 5257 stum
240 5205 507 5266 dicentem
542 5228 555 5267 :
589 5212 708 5283 Ego
740 5228 871 5267 sum
902 5210 1023 5279 lux,
1054 5229 1160 5285 ego
1190 5230 1324 5269 sum
1349 5214 1459 5271 via.
1495 5218 1606 5275 Sed
1624 5220 1674 5275 si

94 5297 249 5347 iurem
285 5298 463 5354 cordis
509 5300 921 5373 apposueritis,
956 5300 1297 5373 prophetam
1342 5303 1511 5377 longe
1542 5312 1675 5364 ante

93 5385 216 5431 nove
239 5385 416 5453 gratis:
444 5391 708 5461 tempora
738 5393 1259 5462 preconantem,et
1289 5397 1420 5463 post
1443 5397 1672 5468 tergum

93 5474 366 5529 monentem
400 5492 413 5530 :
444 5478 570 5535 Hzec
593 5481 709 5547 via,
742 5479 1019 5535 ambulate
1038 5481 1099 5534 in
1126 5496 1211 5547 ea,
1243 5497 1413 5553 neque
1441 5483 1511 5538 ad
1538 5487 1676 5541 sini-

90 5554 572 5647 stramgdeclinantes
601 5565 753 5628 (lsai.
781 5585 915 5637 xxx,
945 5568 1052 5640 11).
1087 5568 1219 5625 Haec
1268 5569 1380 5639 via,
1431 5572 1503 5629 de
1557 5590 1676 5647 qua

89 5645 253 5716 ruont
268 5650 533 5729 gb’errasti
554 5662 609 5716 et
631 5658 821 5721 tactus
842 5674 907 5717 es
929 5657 1034 5717 tibi
1057 5658 1169 5737 ipsi
1190 5659 1347 5739 regio
1371 5645 1668 5741 egestatis,

1797 3363 2002 3402 mensa
2022 3347 2080 3401 in
2113 3347 2206 3402 via
2234 3348 2361 3418 ejus
2387 3351 2596 3403 nostra:
2624 3346 3129 3420 peregrinationis,
3152 3346 3445 3401 variarum

1796 3452 1975 3508 opum
2008 3436 2218 3490 referta
2244 3435 2678 3503 deliciis,omne
2711 3435 2934 3491 habens
2955 3434 3445 3491 delectamentum

1795 3529 1853 3579 et
1872 3524 2217 3579 suavitatem
2250 3524 2443 3579 omnis
2474 3523 2721 3596 saporis.
2747 3524 2858 3579 Sed
2896 3523 3185 3595 praefinita
3213 3526 3271 3578 et
3299 3538 3443 3594 pras-

1795 3611 2015 3685 scripta
2034 3616 2122 3667 est
2140 3611 2231 3667 lex
2248 3612 2523 3667 omnibus
2544 3611 3046 3667 aceumbentibus.
3069 3611 3155 3666 Ad
3179 3626 3444 3666 mensam

1796 3717 2091 3773 magnam,
2126 3701 2335 3773 inquit,
2369 3701 2571 3756 sedisti
2601 3701 2786 3774 (Eccli.
2818 3717 2970 3769 xxxi,
3000 3700 3017 3754 Ι
3030 3700 3105 3772 2),
3141 3699 3445 3755 considera

1795 3806 1921 3861 quae
1953 3795 2331 3862 apponuntur
2360 3789 2695 3858 tibi,sciens
2717 3788 2995 3862 quoniam
3019 3787 3163 3843 talia
3193 3791 3248 3843 te
3271 3804 3442 3860 opor-

1794 3882 1876 3934 tet
1896 3896 2240 3951 praeparare.
2264 3879 2408 3935 Ecce
2430 3882 2625 3934 autem
2647 3895 2677 3934 e
2699 3877 2877 3934 latere
2898 3876 3035 3933 hinc
3061 3877 3198 3932 inde
3224 3875 3439 3949 palam,

1794 3967 1931 4023 hinc
1958 3967 2095 4023 inde
2124 3966 2391 4039 plurima:
2439 3966 2688 4023 latenter
2726 3967 3044 4039 insurgunt
3070 3965 3356 4021 vanitates
3386 3967 3443 4019 et

1795 4056 2103 4112 mortiferae
2129 4056 2444 4113 suavitates
2466 4060 2523 4112 et
2543 4055 2977 4112 delectationes.
3003 4055 3114 4111 Sed
3137 4054 3278 4126 quid
3302 4052 3442 4108 dicit

1792 4144 2063 4201 Psalmus
2086 4146 2114 4200 ?
2142 4146 2520 4201 Narraverunt
2548 4147 2690 4201 mihi
2718 4146 2904 4217 iniqui
2928 4143 3318 4217 fabulationes,
3347 4141 3441 4198 sed

1790 4250 1902 4290 non
1928 4236 2069 4290 sicut
2116 4235 2205 4289 lex
2249 4236 2352 4290 Dei
2381 4235 2551 4303 (Psal.
2580 4251 2774 4301 cxvm,
2805 4233 2916 4305 25),
2951 4249 3079 4305 quae
3111 4230 3252 4287 dicit
3284 4246 3296 4285 :
3332 4231 3439 4287 No-

1793 4323 1886 4379 lite
1914 4323 2144 4393 diligere
2190 4322 2459 4378 mundum
2503 4338 2676 4394 neque
2705 4338 2769 4377 ea
2799 4338 2919 4393 qua:
2948 4322 3008 4375 in
3047 4319 3260 4375 mundo
3286 4326 3437 4390 sunt,

1790 4413 1920 4484 quia
1937 4428 2093 4468 omne
2110 4412 2250 4483 quod
2274 4413 2333 4466 in
2356 4410 2555 4466 mundo
2584 4418 2663 4465 est
2689 4408 3123 4478 concupiscentia
3158 4407 3440 4463 oculorum

1789 4508 1841 4556 et
1866 4502 2122 4573 superbia
2167 4502 2297 4556 vitae
2326 4499 2373 4571 (I
2397 4501 2553 4556 Joan.
2587 4513 2651 4565 ιι,
2686 4499 2771 4566 15,
2812 4496 2918 4569 16).
2954 4494 3256 4552 Continete
3299 4510 3437 4566 ergo

1789 4606 1891 4646 vos
1921 4590 1993 4645 ab
2050 4588 2295 4644 immani
2351 4587 2577 4643 feritate
2634 4584 2921 4659 superbiae
2952 4589 3008 4641 et
3036 4583 3109 4640 ab
3142 4581 3314 4640 inerti
3340 4599 3436 4638 vo-

1785 4678 2010 4751 luptate
2039 4676 2279 4733 luxuriae
2310 4681 2365 4733 et
2390 4694 2423 4732 a
2452 4674 2788 4732 curiositate
2820 4673 2951 4731 falsi
2977 4671 3235 4730 nominis
3255 4671 3438 4729 scien-

1786 4767 1898 4823 tia.
1935 4766 2131 4823 Videte
2161 4782 2233 4823 ne
2263 4764 2636 4839 decipiamini
2668 4780 2772 4820 nec
2802 4762 3108 4820 fallamini.
3128 4762 3434 4836 Optimum

1786 4860 1876 4912 est
1896 4854 2050 4912 enim
2073 4855 2263 4928 gratia
2283 4852 2532 4910 stabiliri
2553 4869 2671 4924 cor,
2696 4870 2812 4908 non
2842 4851 2993 4908 escis
3012 4868 3140 4925 quae
3164 4868 3278 4908 non
3301 4866 3435 4923 pro-

1787 4945 2021 5001 fuerunt
2050 4943 2490 5000 ambulantibus
2522 4943 2582 4998 in
2610 4942 2714 4999 eis.
2748 4940 2938 4998 Nolite
2983 4941 3148 4998 vobis
3178 4939 3432 4998 inaniter

1785 5035 2121 5106 promittere
2144 5032 2590 5089 diuturnitatem
2614 5031 2759 5087 vitae.
2789 5031 2922 5096 Quae
2954 5033 3044 5086 est
3072 5030 3228 5087 enim
3250 5027 3435 5102 gloria

1782 5124 2012 5179 vestra?
2029 5126 2218 5195 Vapor
2242 5126 2330 5178 est
2359 5121 2430 5178 ad
2464 5121 2758 5177 modicum
2791 5136 3026 5195 parens,
3052 5118 3328 5191 deinceps
3344 5135 3435 5175 ex-

1786 5212 1993 5268 tcrmin
2002 5212 2159 5268 abitu
2168 5230 2213 5267 r.

1856 5303 1907 5355 4.
1943 5302 2003 5356 In
2027 5301 2136 5357 hac
2163 5301 2255 5356 via
2284 5299 2654 5356 ambulantes
2687 5304 2874 5355 tenete
2896 5298 3228 5371 justitiam;
3254 5311 3430 5368 quam

1785 5407 1918 5445 cum
1952 5390 2121 5445 nobis
2164 5389 2561 5461 proposuisset
2610 5389 2873 5445 Salvator
2920 5387 3287 5451 servandam,
3319 5384 3433 5439 tria

1783 5479 2190 5536 tantummodo
2212 5478 2272 5533 in
2293 5478 2657 5535 exsecutione
2673 5480 2803 5550 ejus
2825 5481 3169 5550 prosecutus
3181 5476 3431 5536 est,ora-'-

1784 5570 2002 5626 tionem
2016 5567 2693 5642 scilicet,eleemosynam
2707 5564 3154 5638 etjejunium;in
3168 5556 3431 5649 oratione

1783 5661 2118 5719 monstrans
2135 5674 2339 5719 omnes
2355 5657 2587 5740 regulas
2603 5655 2790 5719 sancti
2801 5652 3095 5714 desiderii.
3109 5648 3253 5707 Tota
3271 5644 3431 5710 enim
