3814 6218
343 363 458 427 ιω

1195 355 1532 417 APPEND.
1576 352 1678 412 AD
1724 351 1913 413 SEO.
1961 351 2040 412 Χ.
2071 375 2150 398 «-
2182 349 2443 412 OPERA
2488 351 2880 398 ΑΔΕΣΠΟΊΊΚΑ.

3653 349 3763 415 200

339 497 459 551 vita
510 492 636 566 veri
672 488 987 547 Christiani
1045 491 1315 546 sanctum
1359 491 1450 545 est
1497 483 1891 552 desiderium;
1924 482 1986 538 in
2013 481 2070 556 Α
2098 482 2258 540 cultu
2292 483 2590 540 nutriebat
2616 487 2674 540 et
2699 481 3048 540 instituebat
3074 497 3277 540 eorum
3301 479 3596 552 aviajam
3611 480 3766 539 dicta

341 585 708 656 eleemosyna
739 597 974 636 omnem
1007 577 1429 649 benignitatem
1451 571 1992 631 etbeneficientiam

342 673 656 728 ostendens
687 671 746 724 in
780 669 990 725 dandis
1021 665 1317 723 beneficiis
1347 669 1404 721 et
1434 663 1808 736 ignoscendis
1839 663 1896 715 in
1932 678 1993 716 se

343 761 570 818 delictis
583 761 654 816 ab
668 757 798 813 aliis
817 753 1616 827 commissis,quamprimum
1635 769 1667 807 a
1680 750 1992 822 semetipso

341 849 511 905 debet
533 847 724 903 omnis
755 846 1034 917 accipere.
1069 845 1360 915 Scriptum
1392 846 1482 898 est
1510 841 1702 897 enim:
1737 839 1988 895 Miserere

344 940 551 994 enim
581 944 709 1003 tuae,
742 937 962 1005 placens
991 939 1101 990 Deo
1140 933 1335 1003 (Eccli.
1369 946 1498 997 xxx,
1533 933 1644 996 24).
1672 933 1735 983 In
1761 928 1991 999 jejunio

343 1043 475 1083 vero
498 1026 803 1082 insinuans
835 1039 1066 1080 omnem
1098 1021 1354 1094 corporis
1387 1018 1990 1090 castigationem,quae

342 1116 410 1172 ﬁt
440 1113 688 1170 maxime
720 1112 777 1167 in
810 1110 1035 1167 cunctis
1066 1109 1442 1181 passionibus
1473 1107 1681 1162 animas
1733 1105 1991 1176 compri-

343 1201 887 1259 mendis.Attendite
911 1200 1078 1271 quasi
1105 1199 1161 1253 in
1181 1197 1445 1270 prmsenti
1468 1195 1654 1268 posito
1678 1199 1989 1266 patronum

340 1297 598 1348 vestrum
651 1293 983 1345 monentem
1030 1304 1151 1353 vos,
1187 1291 1245 1341 et
1275 1287 1343 1341 ad
1380 1284 1754 1358 percipienda
1785 1282 1991 1337 exhor-

340 1385 560 1436 tantem
596 1383 880 1452 perpetua
909 1377 1178 1450 praemia:
1212 1375 1406 1430 Estote
1437 1373 1590 1428 sicut
1622 1376 1677 1427 et
1705 1387 1810 1444 ego
1838 1388 1850 1437 ;
1884 1370 1991 1425 No-

340 1468 438 1526 lite
469 1467 694 1524 causari
725 1467 795 1522 de
828 1463 1187 1529 fortitudine,
1221 1463 1376 1518 unde
1408 1478 1514 1534 ego
1564 1459 1746 1532 potui,
1780 1462 1838 1514 et
1867 1475 1987 1527 vos,

341 1559 392 1614 si
419 1554 896 1628 vultis,potestis.
923 1553 1122 1624 Neque
1151 1551 1309 1606 enim
1342 1568 1375 1606 a
1407 1566 1499 1604 me
1527 1566 1632 1622 ego
1665 1548 1990 1620 quidquam

342 1645 537 1719 potui;
572 1661 739 1717 posse
773 1660 903 1698 vero
936 1657 1132 1696 meum
1164 1641 1236 1695 ab
1264 1636 1361 1694 illo
1394 1638 1503 1693 fuit
1533 1637 1631 1709 qui
1665 1635 1834 1692 dixit:
1857 1639 1991 1693 Sine

340 1751 426 1790 me
469 1734 614 1788 nihil
667 1733 888 1803 potestis
944 1732 1124 1800 facere
1174 1732 1357 1798 (Joan.
1391 1744 1482 1794 xv,
1516 1727 1592 1798 5).
1629 1726 1689 1782 Si
1722 1725 1821 1798 qui
1853 1741 1989 1798 ergo

341 1822 482 1878 estis
516 1821 615 1893 qui
645 1821 718 1875 ad
753 1819 1160 1891 perfectionem
1205 1816 1462 1882 tenditis,
1498 1815 1984 1887 perseverantiam

342 1911 401 1966 in
423 1910 592 1966 bonis
614 1909 886 1981 operibus
908 1925 942 1961 a
964 1907 1128 1961 Patre
1158 1904 1450 1960 luminum
1485 1902 1842 1975 quotidianis
1867 1919 1988 1974 pre-

339 2000 505 2054 cibus
538 1996 774 2070 poseite,
809 2000 986 2066 atque
1017 1994 1126 2050 hoc
1158 1994 1383 2067 agendo
1415 1991 1688 2048 confidite
1738 2009 1851 2047 non
1885 2008 1986 2046 vos

339 2105 464 2144 esse
487 2087 706 2143 alienos
722 2085 792 2140 ab
816 2083 1092 2140 electione
1122 2082 1463 2149 electorum,
1489 2099 1635 2154 quos
1657 2080 1832 2153 elegit
1853 2085 1986 2138 ante

338 2177 539 2232 mundi
571 2173 1071 2238 constitutionem,
1096 2176 1161 2226 ut
1185 2174 1382 2226 essent
1405 2169 1593 2226 sancti
1617 2174 1675 2225 et
1697 2169 1984 2224 immacu-

337 2266 438 2321 lati
486 2265 544 2320 in
597 2267 912 2334 conspectu
963 2262 1112 2332 ejus.
1144 2260 1313 2314 Absit
1361 2263 1559 2314 autem
1591 2275 1624 2314 a
1651 2258 1816 2314 vobis
1856 2258 1985 2314 ideo

337 2356 646 2426 desperare
677 2352 748 2407 de
779 2350 964 2416 vobis,
999 2349 1137 2420 quia
1183 2365 1348 2420 spem
1376 2353 1629 2403 vestram
1662 2347 1720 2402 in
1752 2347 1850 2402 illo
1883 2347 1984 2402 ha-

337 2445 472 2500 bere
511 2439 802 2512 jubemini
851 2443 908 2493 et
955 2455 1070 2493 non
1119 2437 1178 2491 in
1226 2436 1409 2491 vobis.
1444 2435 1787 2492 Maledictus
1828 2435 1985 2491 enim

339 2531 531 2589 omnis
561 2529 661 2600 qui
693 2527 932 2582 confidit
973 2525 1034 2580 in
1077 2524 1313 2580 homine
1345 2528 1402 2578 et
1431 2541 1464 2578 a
1493 2525 1739 2579 Domino
1770 2524 1986 2580 recedit

338 2615 952 2691 corejus.Benedictus
965 2619 1159 2670 autem
1173 2614 1260 2668 vir
1271 2614 1371 2685 qui
1387 2612 1696 2669 confiditin
1713 2613 1981 2681 Domino,

337 2713 396 2765 et
429 2708 538 2765 erit
567 2705 853 2763 Dominus
885 2704 1100 2759 fiducia
1130 2703 1278 2774 ejus,
1313 2702 1453 2774 quia
1480 2703 1698 2757 bonum
1730 2707 1818 2758 est
1847 2719 1982 2758 con-

339 2799 515 2854 ﬁdere
544 2797 605 2851 in
638 2793 906 2852 Domino.
940 2793 1088 2859 Quid
1119 2809 1253 2848 vero
1300 2791 1490 2846 adhuc
1521 2791 1578 2846 in
1613 2795 1982 2863 peccatorum

337 2884 761 2942 damnabilium
775 2880 1151 2939 remoramini
1168 2879 1550 2936 delectatione
1563 2880 1588 2935 ?
1601 2879 1983 2952 apprehendi-

337 2981 392 3031 te
421 2972 868 3030 saluberrimam
901 2970 1150 3026 salutem
1183 2973 1240 3025 et
1270 2967 1662 3040 disciplinam,
1689 2974 1744 3024 et
1773 2967 1982 3024 servits

336 3064 578 3121 Domino
591 3063 650 3118 in
663 3062 895 3128 timore,
909 3064 968 3116 et
983 3059 1266 3115 cxsultate
1286 3058 1336 3112 ei
1353 3057 1409 3112 in
1425 3062 1692 3112 tremore.
1714 3059 1781 3112 Et
1803 3057 1982 3113 nolite

338 3166 688 3225 praesumere
719 3150 790 3204 de
819 3148 1003 3214 vobis,
1037 3163 1141 3202 nec
1190 3145 1378 3201 velitis
1429 3145 1664 3217 gloriari
1711 3146 1876 3217 quasi
1910 3147 1982 3201 de

337 3221 609 3313 operibus
638 3237 883 3304 vestris;
918 3236 1018 3291 sed
1051 3235 1149 3306 qui
1187 3234 1491 3307 gloriatur,
1526 3251 1640 3289 non
1672 3234 1730 3288 in
1765 3252 1825 3290 se
1856 3234 1977 3306 glo-
2011 3221 2055 3287 C

337 3331 539 3398 rietur,
555 3327 654 3384 sed
671 3326 728 3380 in
745 3325 989 3381 Domino
1011 3324 1109 3395 qui
1129 3323 1289 3379 dedit
1305 3322 1467 3378 vobis
1483 3328 1538 3378 et
1555 3321 1697 3378 velle
1715 3328 1770 3379 et
1786 3340 1979 3395 posse.

337 3418 439 3474 Cui
463 3417 716 3474 dicimus
737 3431 873 3470 cum
899 3413 1216 3486 prepheta:
1244 3412 1439 3468 Omnia
1467 3429 1630 3483 opera
1649 3421 1828 3468 nostra
1853 3429 1982 3484 cpe-

335 3517 485 3564 ralu:
505 3515 584 3564 est
605 3509 666 3562 in
684 3507 842 3560 nobis
865 3505 1018 3576 (Isai.
1044 3521 1194 3566 xxvx,
1224 3505 1331 3571 12).
1359 3503 1425 3557 Et
1455 3502 1581 3558 ideo
1613 3502 1672 3556 in
1705 3502 1866 3558 nullo
1895 3506 1985 3558 est

2105 571 2322 644 regina,
2347 574 2587 645 cupiens
2618 590 2716 630 eos
2739 573 2864 628 loco
2889 571 2991 627 filii
3015 571 3073 626 in
3100 571 3398 644 fastigium
3428 569 3765 628 sublimare

2103 663 2286 734 regni.
2323 663 2432 718 Sed
2467 680 2569 734 spe
2595 679 2704 718 sua
2733 662 3012 717 frustrata
3043 666 3133 716 est
3164 661 3362 716 fraude
3394 659 3670 716 filiorum
3699 661 3766 720 de

2102 751 2501 808 innocentium
2525 753 2678 807 caede
2696 750 3363 821 tractantium.Denique
3375 766 3517 805 cum
3537 748 3769 806 Cbilde-

2102 840 2301 898 bertus
2329 841 2604 896 resideret
2652 839 2911 906 Parisiis,
2946 853 3126 895 suasu
3185 837 3410 909 antiqui
3464 837 3768 908 serpentis

2101 928 2440 1000 instigatus,
2476 933 2539 984 ut
2569 945 2814 1001 regnum
2857 928 3051 984 fratris
3081 927 3340 984 defuncti
3371 927 3687 985 invader-et
3715 933 3768 983 et

2102 1017 2318 1089 injuste
2349 1019 2693 1090 possideret,
2723 1034 2858 1073 cum
2883 1032 3162 1089 germano
3193 1015 3466 1073 factionis
3497 1019 3565 1070 et
3584 1015 3766 1072 scele-

2101 1106 2182 1161 ris
2211 1106 2302 1162 sui
2335 1107 2638 1178 participe,
2672 1106 2908 1162 mittens
2960 1104 3112 1160 clam
3162 1104 3465 1160 accersivit
3521 1103 3764 1164 fratrem

2100 1193 2478 1258 Clotharium,
2503 1194 2603 1265 qui
2631 1199 2771 1249 tunc
2803 1193 3084 1265 temporis
3117 1193 3449 1248 Suessionis
3469 1193 3631 1246 urbe
3653 1209 3768 1246 mo-

2100 1283 2338 1338 rabatur
2354 1301 2366 1350 ;
2385 1284 2652 1354 ﬂagitans
2676 1287 2969 1354 quatenus
2991 1283 3251 1338 Parisius
3272 1281 3469 1336 venire
3491 1279 3767 1343 celeriter

2101 1389 2215 1427 non
2239 1371 2513 1437 differret,
2537 1376 2600 1426 ut
2625 1388 2740 1426 una
2757 1369 2930 1443 positi
2965 1370 3294 1426 commodis
3312 1374 3369 1426 et
3390 1369 3762 1426 utilitatibus

2100 1459 2212 1516 sibi
2243 1461 2700 1532 congruentibus
2730 1459 3089 1526 insisterent,
3122 1465 3179 1514 et
3209 1474 3457 1532 regnum
3485 1459 3760 1532 germani

2100 1549 2200 1620 qui
2240 1553 2380 1604 tunc
2427 1549 2547 1604 vita
2592 1552 2940 1618 excesserat,
2971 1547 3122 1603 inter
3152 1564 3215 1603 se
3246 1547 3626 1614 dividerent;
3665 1546 3762 1601 filii

2098 1653 2232 1694 vero
2261 1635 2418 1694 illius
2447 1637 2603 1692 velut
2632 1635 2886 1693 imbellis
2938 1653 3150 1692 manus
3199 1635 3492 1692 infantilis
3548 1636 3759 1702 etatis,

2098 1732 2200 1782 aut
2231 1724 2424 1799 gladio
2457 1726 2664 1791 necati,
2692 1731 2794 1780 aut
2815 1729 2966 1780 certe
2998 1723 3221 1796 plebeio
3252 1723 3514 1797 tegmine
3547 1724 3759 1780 obscu-

2101 1816 2207 1870 rati
2257 1820 2430 1887 atque
2472 1815 2804 1869 obumbrati
2867 1817 3189 1870 manerent.
3225 1813 3328 1869 llis
3374 1811 3474 1868 ille
3538 1812 3758 1868 auditis

2098 1904 2285 1976 ruptis
2308 1904 2585 1959 horarum
2611 1902 2864 1958 modulis
2878 1901 3178 1958 celerrime
3198 1901 3759 1974 advolavit.Sparse-

2097 1999 2188 2049 rat
2218 1999 2414 2049 autem
2446 1991 2690 2048 subdole
2720 1992 2995 2063 praefatus
3018 1991 3430 2047 Childebertus
3452 1990 3646 2047 falsos
3671 2008 3758 2048 ru-

2098 2101 2288 2139 mores
2322 2083 2379 2138 in
2413 2100 2584 2138 aures
2614 2081 2946 2154 populares,
2974 2081 3045 2137 ob
3076 2080 3185 2136 hoc
3217 2079 3604 2137 solummodo
3637 2097 3756 2136 ma-

2095 2177 2262 2228 tuum
2291 2171 2649 2243 colloquium
2677 2170 2890 2225 habere
2923 2168 3177 2226 voluisse
3198 2169 3346 2225 duos
3369 2169 3754 2240 fratres,qua¢

2096 2265 2266 2317 tenus
2289 2260 2439 2316 filios
2461 2259 2658 2316 fratris
2678 2276 2818 2315 suos
2838 2263 3077 2330 nepotes
3099 2258 3357 2314 facerent
3375 2274 3632 2331 regnare
3654 2272 3749 2329 pro

2095 2347 2446 2420 patre.Unde
2459 2353 2514 2402 et
2530 2346 2776 2402 celerem
2799 2345 3075 2403 nuntium
3097 2345 3359 2418 dirigunt
3379 2346 3453 2401 ad
3471 2352 3749 2412 matrem,

2095 2454 2222 2509 quae
2266 2435 2524 2492 Parisius
2563 2439 2686 2490 erat
2716 2451 2788 2489 ea
2813 2438 3183 2505 tempestate,
3214 2439 3495 2507 rogantes
3528 2451 3669 2498 eam.
3692 2439 3748 2490 ut

2095 2543 2306 2598 pueros
2338 2525 2593 2580 mitteret
2623 2523 2750 2579 sine
2796 2523 3094 2590 dilatione,
3128 2528 3192 2579 ut
3219 2524 3294 2578 ab
3323 2523 3411 2579 eis
3442 2524 3745 2579 mitteren-

2093 2620 2208 2683 tur,
2226 2614 2313 2669 vel
2335 2613 2866 2669 sublimarenturin
2893 2629 3136 2684 regnum
3161 2611 3608 2685 patris.Regina
3624 2628 3746 2670 vero

2093 2703 2388 2759 hilaritate
2419 2702 2674 2774 perfusa,
2707 2702 2912 2773 ignara
2941 2700 3058 2756 doli
3089 2705 3146 2756 et
3175 2700 3744 2766 simulationis,con«

2092 2794 2289 2848 festim
2323 2791 2485 2846 misit
2521 2808 2732 2862 pueros
2791 2790 3062 2862 plurimis
3110 2790 3412 2862 obsequiis
3455 2790 3665 2855 fultos,
3694 2794 3747 2844 et

2092 2886 2321 2938 caterva
2350 2897 2666 2952 puerorum
2698 2878 2814 2934 illis
2857 2878 3270 2934 famulantium
3305 2879 3582 2950 stipatos,
3619 2894 3746 2951 pre-

2093 2986 2371 3040 rumpens
2402 2969 2460 3024 in
2495 2969 2617 3024 haec
2647 2968 2824 3023 verba
2855 2984 2867 3022 :
2901 2967 3027 3023 Non
3077 2985 3170 3024 me
3218 2971 3423 3039 reputo
3470 2967 3745 3022 amisisse

2093 3059 2301 3128 filium,
2334 3058 2384 3113 si
2414 3057 2558 3114 istos
2587 3055 2860 3130 parvulos
2888 3056 3114 3112 videam
3148 3055 3207 3112 in
3241 3072 3422 3128 regno
3451 3057 3593 3128 ejus
3622 3072 3742 3112 con-

2093 3149 2354 3204 stitutos.
2389 3147 2520 3202 Mox
2547 3163 2681 3202 vero
2712 3149 2778 3200 ut
2819 3146 2889 3201 ad
2937 3150 3177 3218 patruos
3225 3150 3541 3213 venerunt,
3577 3163 3611 3200 a
3641 3142 3742 3200 sibi

2093 3236 2551 3308 obsequentibus
2579 3239 2639 3291 et
2667 3233 3053 3291 nutritoribus
3085 3234 3336 3306 separati
3363 3238 3512 3289 sunt.
3536 3253 3550 3301 ;
3577 3238 3741 3305 atque

2092 3343 2159 3382 ex
2189 3325 2480 3381 industria
2509 3328 2854 3396 procuratur
2901 3321 3445 3378 truculentissimus
3474 3323 3738 3389 nuntius,

2094 3415 2329 3472 nomine
2369 3413 2717 3479 Archadius,
2766 3412 2866 3484 qui
2910 3429 3157 3484 pergens
3187 3411 3259 3467 ad
3292 3415 3548 3467 matrem
3580 3413 3741 3466 ferret

2093 3505 2464 3577 evaginatum
2495 3501 2755 3575 gladium
2779 3507 2835 3557 et
2856 3501 3154 3573 forcipem.
3172 3501 3302 3556 Mox
3324 3517 3456 3556 vero
3479 3507 3552 3556 ut
3573 3500 3740 3566 venit,

332 3596 701 3672 gloriandum
732 3594 965 3666 quando
997 3597 1264 3648 nostrum
1294 3591 1439 3646 nihil
1465 3597 1572 3657 est,
1597 3591 1735 3663 quia
1757 3608 1869 3647 non
1893 3595 1984 3654 est
2083 3596 2254 3666 juxta
2269 3597 2620 3666 praeceptum
2639 3591 3036 3658 dominorum,
3059 3591 3319 3646 ostendit
3341 3589 3559 3662 regina:
3584 3591 3738 3663 signa

332 3688 391 3742 in
415 3689 697 3759 potestate
746 3689 946 3739 nostra
989 3700 1088 3738 cor
1115 3687 1384 3738 nostrum
1418 3685 1473 3736 et
1499 3686 1708 3735 nostrae
1739 3697 1980 3753 congre-

332 3774 719 3848 gationis,sed
740 3772 1036 3827 aDomino
1067 3787 1305 3842 gressus
1339 3769 1523 3824 nostri
1555 3770 1985 3842 diriguntur,ut

333 3863 487 3919 viam
536 3862 665 3931 ejus
711 3860 979 3916 velimus.
1010 3859 1126 3914 Hoc
1158 3859 1553 3926 crediderunt,
1585 3857 1695 3912 hoc
1739 3862 1985 3930 egerunt

337 3950 674 4023 quicunque
705 3949 777 4003 ab
809 3947 974 4002 initio
1001 3947 1118 4002 Deo
1149 3946 1516 4018 placuerunt.

404 4042 459 4095 5.
494 4039 612 4094 Hoc
643 4041 700 4092 et
728 4035 837 4092 iste
867 4039 1108 4092 sanctus
1152 4035 1320 4090 Pater
1364 4039 1562 4090 noster
1609 4034 1981 4092 indubitabili

335 4131 530 4184 mente
561 4123 825 4192 credidit,
845 4127 901 4180 et
923 4123 1115 4179 verbis
1147 4123 1365 4189 docuit,
1400 4127 1457 4178 et
1485 4139 1670 4195 usque
1701 4124 1772 4178 ad
1805 4124 1984 4184 finem

335 4216 459 4272 suis
483 4214 758 4287 operibus
779 4211 1253 4284 servavit.Neque
1269 4209 1424 4268 enim
1449 4209 1618 4266 aliter
1639 4216 1834 4284 posset
1854 4228 1984 4269 esse

334 4308 596 4371 sanctus,
630 4303 802 4374 cujus
851 4300 1184 4374 prosapiam
1234 4300 1488 4373 generis,
1518 4301 1786 4372 quamvis
1838 4301 1985 4358 bene

334 4400 476 4451 nota
503 4393 583 4450 sit
610 4391 910 4456 omnibus,
941 4390 1106 4446 vobis
1135 4388 1274 4445 huic
1305 4388 1528 4462 paginae
1559 4389 1696 4444 duxi
1728 4389 1986 4447 inserere

332 4488 390 4540 et
407 4484 480 4540 ab
503 4483 632 4556 ipsa
651 4483 780 4554 ejus
801 4478 1051 4553 pueritia
1071 4479 1364 4552 insignem
1385 4479 1662 4551 pietatem
1675 4483 1731 4535 et
1749 4496 1980 4535 morum

334 4572 682 4645 probitatem
715 4585 969 4626 narrare.
1004 4569 1203 4624 Traxit
1261 4576 1456 4657 autem
1513 4585 1700 4641 genus
1753 4569 1824 4624 ab
1866 4567 1984 4624 alto
2011 4593 2063 4657 Β

333 4659 619 4732 sanguine
669 4674 892 4731 regum.
939 4657 1123 4728 Cujus
1171 4675 1314 4714 avus
1361 4656 1680 4713 Clodoveus
1733 4674 1980 4730 regnum

334 4749 688 4804 Francorum
726 4747 998 4803 nobiliter
1044 4762 1271 4819 regens,
1306 4745 1546 4817 pulchre
1578 4746 1896 4818 disponens
1925 4749 1986 4802 et

336 4836 637 4899 ordinans,
661 4850 797 4889 cum
819 4834 1079 4890 Parisius
1100 4850 1274 4890 cursu
1291 4833 1422 4890 vitea
1434 4851 1552 4890 suae
1565 4833 1790 4906 expleto
1805 4836 1980 4890 ﬁnem

334 4924 562 4980 vivendi
587 4922 1079 4994 fecisset,reliquit
1101 4923 1158 4978 in
1183 4939 1360 4995 regno
1382 4924 1690 4996 conjugem
1703 4923 1984 4980 vocabulo

337 5011 660 5080 Clotildem,
712 5028 845 5066 cum
907 5012 1093 5067 tribus
1152 5011 1290 5068 filiis
1347 5011 1637 5067 Clothario
1694 5011 1981 5082 videlicet,

338 5101 728 5167 Childeberto,
776 5105 950 5172 atque
1001 5099 1364 5168 Clodomero,
1418 5101 1635 5172 quibus
1682 5099 1986 5172 dispositis

341 5189 707 5265 portionibus
728 5187 925 5244 divisit
945 5188 1345 5244 monarchiam
1369 5187 1459 5244 sui
1483 5187 1988 5261 principatus.Sed

342 5277 721 5336 Clodomerus
751 5276 979 5349 genitor
1017 5276 1195 5347 hujus
1244 5275 1429 5332 sancti
1478 5277 1828 5333 confessoris
1859 5277 1986 5333 Clo-

343 5363 560 5431 doaldi,
592 5363 686 5420 cui
735 5367 889 5420 sorte
935 5368 1192 5420 cesserat
1241 5365 1596 5438 Burgundia,
1641 5382 1754 5422 non
1805 5365 1989 5426 multo

315 5469 318 5472 ’
344 5460 479 5531 post
501 5453 835 5522 defunctus,
867 5457 924 5509 et
952 5451 1077 5525 ipse
1112 5457 1230 5508 tres
1262 5451 1496 5525 reliquit
1526 5453 1698 5510 filios.
1733 5455 1990 5518 Quorum

345 5559 502 5604 unus
539 5543 854 5599 vocabatur
901 5540 1292 5607 Theodaldus,
1334 5540 1479 5597 alter
1507 5542 1842 5610 Gontarius,
1876 5548 1992 5600 ter-

2091 3682 2331 3739 terroris
2361 3685 2417 3737 et
2449 3680 2694 3753 perculit
2724 3697 2853 3735 eam
2902 3684 3120 3735 terrore
3173 3679 3369 3751 gravis
3409 3679 3630 3746 nuntii,
3660 3677 3736 3733 di-

2093 3788 2258 3828 cens:
2294 3771 2337 3827 Ο
2373 3769 2624 3842 gloriosa
2655 3769 2877 3840 regina,
2902 3767 3002 3822 filii
3035 3768 3121 3823 tui
3153 3768 3376 3824 domini
3411 3767 3601 3823 nostri
3625 3783 3736 3823 ma-

2093 3876 2346 3934 gnopere
2375 3858 2522 3915 scire
2551 3857 2757 3914 volunt
2795 3857 2935 3929 quid
2966 3857 3037 3912 de
3067 3857 3264 3929 pueris
3294 3873 3540 3913 censeas
3572 3872 3737 3930 agen-

2092 3951 2320 4016 dum,et
2335 3946 2657 4002 voluntsibi
2671 3945 2833 4000 ocius
2846 3945 3130 4012 nuntiari,
3144 3951 3344 4001 utrum
3361 3949 3538 4000 tonso
3561 3943 3736 4016 capite

2090 4037 2233 4094 velis
2279 4053 2379 4094 eos
2422 4036 2632 4103 vivere,
2667 4052 2738 4090 an
2771 4032 2968 4106 gladio
3017 4035 3194 4090 vitam
3247 4037 3603 4106 praesentem
3630 4039 3733 4088 ter-

2092 4127 2336 4183 minare.
2378 4125 2509 4180 Haec
2538 4123 2639 4180 illa
2669 4123 2915 4179 audiens
2944 4122 3297 4179 intolerabili
3328 4123 3511 4178 animi
3547 4121 3738 4178 dolore

2091 4215 2379 4281 sauciata,
2400 4211 2560 4269 velut
2588 4212 2649 4268 in
2681 4213 2899 4268 exstasi
2932 4215 3116 4284 rapta,
3143 4212 3423 4284 ignorans
3445 4210 3633 4266 nimia
3651 4207 3736 4264 tri-

2092 4305 2256 4362 stitia
2304 4301 2445 4375 quid
2494 4301 2731 4369 diceret,
2766 4301 2849 4356 ait
2881 4318 2894 4356 :
2948 4324 2976 4352 «
3014 4300 3210 4357 Satius
3241 4301 3414 4369 duco,
3445 4304 3504 4355 et
3534 4299 3738 4356 melius

2092 4393 2235 4450 mihi
2265 4392 2493 4447 videtur
2525 4408 2624 4448 eos
2681 4390 2859 4446 vitam
2909 4390 3060 4446 hanc
3109 4394 3300 4446 morte
3341 4388 3532 4454 finire,
3571 4402 3739 4462 quam

2091 4482 2295 4539 incisis
2346 4480 2607 4536 crinibus
2650 4479 2905 4536 viventes
2959 4479 3275 4552 degeneres
3303 4483 3363 4534 et
3391 4477 3739 4550 ingloriosos

2089 4571 2300 4628 videre.
2320 4593 2347 4619 »
2380 4569 2493 4626 Sed
2526 4567 2621 4624 ille
2652 4568 2905 4640 perversi
2927 4567 3116 4624 animi
3146 4567 3321 4630 homo
3352 4567 3454 4639 qui
3485 4572 3616 4622 tam
3644 4581 3736 4621 ex-

2093 4658 2372 4717 secrabile
2403 4675 2470 4714 ac
2499 4657 2713 4712 durum
2745 4655 3036 4713 detulerat
3066 4657 3434 4726 mandatum,
3464 4673 3588 4714 non
3620 4670 3736 4728 par-

2089 4749 2225 4806 tulit
2253 4747 2459 4804 tandiu
2490 4746 2834 4814 subsistere,
2865 4747 3048 4802 donec
3089 4745 3292 4818 regina
3317 4745 3521 4804 sedata
3551 4745 3738 4801 ments

2092 4837 2352 4910 poscenti
2385 4851 2708 4908 congruum
2742 4835 2910 4891 daret
2939 4851 3322 4906 responsum;
3342 4835 3440 4891 sed
3466 4834 3736 4890 rediitoo-

2092 4926 2307 4996 leriter,
2341 4923 2621 4980 nuntians
2670 4927 2918 4979 matrem
2969 4924 3280 4981 decernere
3331 4924 3488 4995 quod
3532 4923 3643 4995 ipsi
3673 4921 3740 4976 ds

2093 5015 2291 5088 pueris
2321 5013 2699 5068 instituerant
2731 5027 2922 5083 agere.

2152 5105 2345 5159 6.Mox
2357 5119 2492 5174 ergo
2506 5117 2690 5156 unum
2707 5100 3481 5172 apprehensumClotharius
3495 5115 3736 5173 puerum

2098 5193 2248 5249 elisit
2270 5193 2330 5246 in
2351 5195 2525 5257 terra,
2550 5190 2856 5260 defixoque
2877 5190 2936 5244 in
2959 5187 3138 5246 latere
3167 5192 3296 5261 ejus
3327 5189 3516 5246 cultro
3537 5189 3736 5246 crude-

2099 5281 2232 5337 liter
2253 5278 2558 5335 interfecit.
2591 5279 2714 5344 Quo
2753 5277 3105 5334 vociferante
3136 5279 3313 5335 frater
3339 5280 3472 5350 ejus
3499 5280 3738 5352 pedibus

2099 5367 2448 5427 Childeberti
2478 5366 2889 5440 prosternitur,
2912 5366 3412 5440 apprehensisque
3433 5368 3569 5440 ejus
3596 5363 3740 5441 geni-

2100 5460 2235 5528 bus,
2259 5474 2392 5514 cum
2412 5456 2687 5528 lacrymis
2708 5453 2928 5511 aiebat:
2954 5457 3262 5524 Succurre,
3276 5456 3548 5530 piissime
3566 5461 3740 5530 pater:

2101 5565 2174 5605 ne
2197 5563 2302 5619 ego
2332 5561 2569 5619 peream
2598 5543 2753 5600 sicut
2783 5543 2956 5616 periit
2984 5544 3161 5602 frater
3183 5545 3606 5604 meus.Flexus
3621 5557 3742 5604 vom

343 5633 468 5696 tius
515 5648 649 5692 vero
700 5632 888 5692 isdem
947 5629 1315 5690 Clodoaldus.
1348 5630 1501 5697 Quos
1551 5631 1708 5706 regio
1747 5648 1907 5693 more
1937 5640 1995 5696 et
2105 5639 2176 5698 ad
2210 5634 2671 5695 misericordiam
2720 5631 3148 5707 Childebertus,
3182 5638 3241 5693 et
3265 5649 3542 5712 respersa
3569 5635 3741 5718 lasryf
