3814 6218
66 357 175 417 se;
1207 346 1471 417 SERMO
1515 356 1616 417 ne
1662 357 1725 417 s.
1774 356 2257 418 CLODOALDO.
3310 318 3465 419 26s

69 489 173 544 mis
200 486 347 554 facie,
374 486 470 543 ait.
504 484 661 553 Peto,
691 486 867 544 frater
897 486 1262 554 charissime,
1294 491 1359 544 ut
1398 488 1680 544 concedas
1710 489 1763 557 Α
1792 488 1908 555 bat,
1944 488 2239 561 castigans
2264 488 2433 560 juxta
2463 487 2827 562 Apostolum,
2861 490 3143 562 scipsum,
3168 495 3224 547 et
3256 490 3432 557 servi-

67 576 200 633 mihi
225 576 388 648 hujus
416 577 596 633 vitam
627 580 729 632 tua
757 576 1134 650 benignitate,
1166 582 1232 633 ut
1264 592 1379 633 non
1412 576 1675 633 differam
1789 577 1898 632 tuti
1930 577 2248 649 subjiciens
2282 578 2326 648 (l
2365 581 2488 635 Cor.
2520 595 2594 646 1x,
2624 579 2719 648 27)
2740 577 2798 632 in
2833 579 2983 634 fame
3014 584 3069 634 et
3089 579 3206 647 siti,
3236 580 3294 634 in
3321 579 3423 635 fri-

66 683 187 738 qua:
234 666 472 738 jusseris
523 682 625 738 pro
654 667 782 737 ejus
803 666 920 722 vita
940 667 1098 723 dare.
1125 666 1225 723 Ille
1246 683 1380 723 vero
1402 665 1677 722 conviciis
1787 682 1922 738 gere
1956 671 2011 721 et
2043 666 2326 721 nuditate.
2359 666 2690 739 Omnesque
2712 671 3076 722 terrenarum
3107 684 3298 723 rerum
3330 669 3430 723 de-

64 772 190 811 eum
215 755 463 823 adorsus,
497 759 555 811 et
575 759 904 810 commotus
927 754 1341 811 amaritudinis
1370 754 1527 811 felle:
1552 753 1676 811 Nisi
1788 755 2125 811 lectationes
2158 772 2191 810 a
2218 771 2455 828 corpore
2486 760 2542 811 et
2574 755 2770 811 animo
2794 757 2979 830 gratia
3012 755 3110 811 Dei
3142 772 3201 811 se
3225 773 3434 828 praave-

65 846 227 900 istum
252 845 352 900 cito
381 860 413 901 a
439 848 497 900 te
528 843 830 916 repuleris,
863 860 969 916 pro
1001 860 1066 900 eo
1099 844 1365 900 morieris
1398 843 1526 911 .Qui
1558 849 1677 900 sta-
1787 840 1983 900 niente
2014 848 2070 900 et
2118 844 2513 917 subsequente
2560 862 2851 915 resecans,
2904 846 3225 918 satagebat,
3264 846 3436 917 juxta

59 933 690 1005 timejecitasepuerum
708 932 1011 989 madidum
1035 932 1329 1006 lacrymis,
1353 950 1469 989 non
1485 933 1675 990 ferens
1786 933 2057 988 eumdem
2086 932 2449 1006 Apostolnm,
2482 934 2641 991 dives
2673 935 2795 989 ﬁeri
2822 934 2881 989 in
2926 934 3201 1007 operibus
3239 934 3430 1003 bonis,

61 1022 454 1078 animositatem
481 1020 699 1077 fratris.
734 1022 845 1077 Sed
873 1019 993 1087 ille,
1018 1024 1085 1076 ut
1114 1021 1430 1077 immanior
1459 1022 1673 1077 imma-
1786 1037 1851 1076 ac
1883 1022 2275 1079 thesaurisare
2304 1023 2413 1078 sibi
2447 1024 2896 1079 fundamentum
2929 1024 3147 1078 bonum
3182 1023 3239 1077 in
3275 1023 3432 1078 futu-

63 1110 306 1179 nissimo,
332 1128 441 1167 non
474 1124 684 1185 gerens
715 1111 1119 1183 paeni-tentiam
1145 1112 1271 1183 jam
1305 1128 1339 1165 a
1370 1128 1431 1167 se
1462 1109 1673 1184 patrati
1785 1127 1938 1179 rum,
1972 1116 2029 1167 et
2058 1112 2246 1167 vivere
2268 1111 2326 1167 in
2359 1111 2466 1168 hoc
2498 1111 2708 1168 saeculo
2730 1113 2891 1185 juste
2914 1116 2970 1168 et
2990 1112 3103 1185 pie,
3136 1117 3199 1167 ut
3221 1127 3430 1184 appre-

62 1200 292 1269 seeleris,
320 1200 465 1256 hunc
495 1216 728 1273 quoque
753 1200 906 1256 sicut
937 1201 1190 1273 priorem
1234 1201 1354 1256 vita
1404 1199 1671 1272 privavit,
1782 1198 2063 1255 henderet
2086 1217 2281 1256 veram
2315 1202 2488 1257 ﬁdem
2522 1201 2566 1275 (l
2612 1204 2743 1257 Tim.
2795 1218 2870 1269 vr,
2937 1202 3045 1273 18).
3097 1202 3231 1267 Quae
3276 1204 3429 1256 retro

65 1288 340 1344 immemor
365 1288 540 1345 futuri
562 1287 773 1362 jndicii
804 1294 861 1345 et
890 1290 1088 1346 aeterni
1111 1289 1286 1363 ignis.
1315 1288 1550 1345 Tertius
1573 1306 1672 1345 au-
1782 1292 1923 1344 sunt
1953 1288 2169 1345 oblitus
2202 1290 2459 1363 quidem,
2493 1290 2554 1346 in
2586 1308 2653 1347 ea
2672 1308 2806 1347 vero
2839 1307 2965 1362 quae
2989 1294 3122 1346 ante
3155 1293 3296 1345 sunt
3330 1306 3429 1345 ex-

65 1384 167 1433 tem
184 1380 247 1434 ad
276 1377 455 1435 simile
486 1377 729 1434 exitium
761 1378 1130 1451 quaerebatur
1154 1377 1529 1448 Clodoaldus,
1567 1376 1668 1433 sed
1781 1381 1978 1434 tentus
1998 1379 2269 1434 currebat
2282 1380 2351 1434 ad
2368 1379 2623 1453 palmam
2639 1397 2902 1452 superum
2917 1377 3426 1446 remunerationis,

64 1467 340 1540 nonpotuit
358 1467 616 1541 reperiri,
638 1471 787 1523 nutu
801 1467 1335 1540 Deiomnipotentis
1348 1471 1667 1539 protectus,
1779 1467 2020 1539 cupiens
2053 1468 2543 1541 comprehendere
2568 1469 2885 1535 Christum,
2918 1486 2951 1524 a
2980 1484 3096 1541 quo
3128 1469 3255 1541 jam
3300 1468 3429 1540 ejus

60 1559 107 1610 et
132 1557 320 1613 auxilio
345 1558 600 1613 virorum
633 1556 873 1612 fortium
905 1557 976 1611 de
1010 1556 1286 1612 manibus
1339 1554 1666 1612 crudelium
1779 1556 2180 1613 misericordia
2210 1561 2332 1613 erat
2361 1557 2839 1631 comprehensus.
2875 1558 2987 1613 Sed
3029 1562 3085 1613 et
3129 1556 3427 1612 variarum

57 1644 323 1703 liberatus.
355 1648 609 1713 Quorum
641 1645 819 1702 etiam
851 1662 956 1718 ope
989 1645 1250 1717 adjutus,
1279 1646 1462 1701 bieres
1486 1644 1667 1718 patris
1777 1649 2157 1702 contemnens
2188 1645 2424 1702 delicias
2455 1663 2743 1712 escarum,
2778 1647 2835 1701 in
2870 1663 3053 1720 agone
3102 1645 3215 1701 isto
3262 1645 3427 1701 thea-

55 1734 594 1792 seiusestinstitutus
612 1751 645 1791 a
661 1737 893 1807 patruo,
912 1733 1214 1790 exstinctis
1232 1733 1669 1790 duobustratri-
1775 1733 1906 1790 trali
1938 1733 2160 1791 vilioris
2184 1740 2239 1790 et
2254 1734 2563 1808 grossioris
2590 1735 2703 1791 cibi
2726 1752 2826 1791 esu
2853 1735 3302 1791 sustentabatur
3323 1751 3425 1808 po-

54 1825 173 1892 bus,
193 1825 281 1896 qui
302 1825 450 1882 male
468 1823 825 1880 blandientis
852 1822 1049 1879 saeculi
1074 1823 1305 1879 inanem
1330 1822 1664 1879 felicitatem
1698 1862 1742 1896 D
1774 1822 1894 1878 tius
1925 1840 2102 1895 quam
2135 1824 2519 1880 reficiebatur.

59 1915 195 1968 velut
213 1912 455 1969 immane
466 1912 839 1986 naufragium
863 1911 1051 1985 magis
1065 1912 1245 1967 vitare
1256 1911 1502 1978 studuit,
1517 1915 1573 1967 et
1590 1912 1663 1968 ad
1698 1911 1743 1927 ”
1844 1913 1897 1967 8.
1922 1914 1992 1967 Et
2012 1916 2077 1967 ut
2099 1912 2319 1985 peritus
2340 1916 2397 1968 et
2416 1914 2622 1969 doctus
2636 1913 2962 1987 negotiator
2976 1912 3422 1969 mercimonium

53 2002 224 2057 aeterni
246 2003 412 2076 Regis
425 2001 886 2058 misericordiam
900 2003 1229 2074 pertingere
1252 2000 1665 2056 misericordia:
1775 2017 1949 2056 suum
1970 2002 2212 2057 studens
2234 2001 2534 2074 ampliare,
2554 2002 3013 2075 parvipendebat
3028 2002 3197 2057 vilem
3231 2007 3286 2056 et
3317 2002 3424 2057 ab-

56 2091 297 2162 operibus
312 2090 655 2161 insistendo,
673 2106 851 2163 quam
870 2091 979 2145 snb
998 2090 1154 2164 regio
1177 2089 1411 2145 nomine
1425 2093 1665 2144 terrenae
1766 2091 1984 2162 jectam
2016 2106 2138 2145 rem
2158 2091 2296 2147 dare
2328 2094 2384 2145 et
2405 2091 2719 2163 pretiosam
2742 2108 2953 2147 emere.
2982 2091 3089 2157 Qui
3122 2089 3418 2163 reperiens

58 2179 423 2253 prosperitatis
443 2180 671 2237 deviare
691 2196 724 2235 a
741 2179 930 2253 patria
951 2178 1150 2235 aeterni
1178 2177 1383 2234 Patris.
1409 2179 1666 2251 Repente
1774 2179 1987 2234 bonam
2022 2179 2399 2253 margaritam
2424 2184 2480 2235 et
2508 2179 2850 2235 thesaurum
2899 2174 3310 2236 absconditum
3360 2178 3419 2233 in

59 2267 229 2341 itaque
254 2269 501 2343 regalem
523 2284 803 2342 pompam
826 2267 1091 2342 despicit,
1110 2268 1348 2323 sordent
1363 2266 1445 2322 illi
1470 2265 1664 2339 fulgu-
1774 2283 1912 2340 agro
1943 2268 2271 2323 divinarum
2303 2268 2738 2341 Scripturarum
2761 2268 2923 2324 dedit
2945 2268 3143 2324 omnia
3165 2285 3291 2341 qua
3314 2267 3420 2325 ha-

58 2358 227 2414 rantia
243 2359 362 2415 auri
376 2359 714 2432 argentique
732 2352 990 2426 metalla,
1004 2357 1401 2413 contemnitur
1413 2355 1666 2429 pulchri-
1772 2358 1905 2414 bere
1923 2360 2165 2430 poterat,
2185 2357 2331 2413 nihil
2351 2357 2461 2413 sibi
2487 2374 2787 2414 reservans
2817 2362 2873 2413 et
2895 2358 3273 2431 comparavit.
3298 2358 3417 2413 Praa

58 2447 184 2503 tudo
210 2464 582 2520 gemmarum,
639 2450 832 2503 vestes
861 2463 1002 2502 auro
1031 2449 1198 2502 textse
1229 2449 1286 2501 et
1330 2444 1662 2501 holosericaa
1772 2461 1968 2502 amore
1982 2445 2308 2502 dulcedinis
2326 2450 2383 2502 et
2399 2445 2856 2502 claritatisillins
2874 2452 3109 2520 repente
3125 2445 3421 2503 viluerunt

55 2541 397 2609 respuuntur.
425 2538 653 2593 Interea
667 2553 768 2592 cor
787 2537 916 2607 ejus
937 2534 1357 2591 instituebatur
1375 2539 1433 2591 et
1455 2535 1664 2590 forma—
1773 2551 1897 2607 quae
1928 2534 2092 2607 prius
2114 2533 2308 2591 dulcia
2324 2536 3031 2607 ctjocundavidebantur,
3052 2540 3111 2592 et
3130 2535 3419 2593 aestimata

52 2627 204 2682 batur
230 2626 431 2682 divinis
458 2624 956 2691 institutionibus,
980 2628 1045 2679 ut
1064 2624 1405 2680 vilescerent
1425 2622 1509 2679 illi
1542 2640 1661 2678 om-
1771 2627 1909 2679 sunt
1938 2628 2003 2678 ut
2049 2628 2324 2680 stercora.
2358 2625 2766 2681 Contemnitur
2797 2626 3055 2682 mundus
3100 2624 3330 2681 fallacia
3359 2629 3417 2680 et

50 2715 133 2770 nia
159 2731 500 2789 quacunque
525 2714 801 2771 videntur
828 2712 1192 2786 temporalia,
1221 2716 1278 2768 et
1299 2728 1661 2785 quaecunque
1769 2712 2107 2786 deceptione
2125 2712 2356 2786 plenus,
2383 2714 2790 2770 desiderantur
2824 2714 3045 2782 habita,
3067 2718 3416 2788 congregata

49 2802 287 2860 nonnulli
315 2804 575 2861 homines
606 2818 712 2876 pro
743 2802 964 2876 ingenti
998 2802 1281 2875 deputant
1312 2801 1494 2871 lucro,
1532 2802 1658 2874 jam
1768 2802 2195 2876 spargunturin
2209 2803 3083 2877 necessitatibusindigentium,
3104 2807 3169 2858 ut
3180 2803 3414 2874 justitia

47 2895 364 2950 sorduerant
379 2894 499 2950 viro
529 2897 757 2961 sancto,
790 2895 846 2947 et
884 2891 1139 2948 maxime
1171 2891 1530 2964 deputantur
1559 2892 1658 2948 de-
1767 2894 1895 2964 ejus
1927 2896 2187 2947 maneret
2204 2892 2260 2946 in
2281 2891 2582 2958 saeculum,
2602 2909 2783 2947 cornu
2814 2894 2941 2965 ejus
2974 2890 3329 2948 exaltaretur
3348 2891 3410 2948 in

47 2981 318 3039 trimento.
1766 2982 1969 3054 gloria.
1996 2980 2094 3036 Dei
2105 2981 2215 3037 nde
2227 2998 2294 3037 ex
2314 2980 2541 3055 integro
2556 2984 2785 3037 certans
2812 2980 3133 3054 exspoliare
3150 2984 3407 3037 veterem

103 3073 397 3129 Sacrorum
454 3071 789 3145 frequenter
828 3069 1133 3126 fruebatur
1176 3069 1427 3127 lectione
1476 3068 1658 3126 libro-
1765 3068 2063 3125 hominem
2095 3086 2229 3126 cum
2259 3070 2488 3126 actibus
2511 3071 2635 3127 suis
2666 3070 2980 3126 etinduere
3009 3086 3246 3137 novum,
3272 3087 3407 3126 eum

45 3178 177 3228 rum,
204 3178 448 3235 quorum
478 3177 689 3218 sensus
727 3159 1005 3233 mysticos
1053 3159 1232 3216 animi
1284 3160 1553 3216 acumine
1601 3163 1659 3215 et
1702 3233 1715 3235 _
1764 3159 2457 3232 quirenovaturinterius
2481 3159 3285 3234 sccundumimaginemejus
3305 3158 3407 3232 qui

44 3233 315 3307 alacritate
344 3251 572 3307 intuens
605 3252 780 3322 atque
810 3248 1109 3307 intellectu
1148 3249 1656 3320 diseernens,pas-
1689 3233 1730 3300 (Ξ
1770 3247 1985 3304 creavit
2015 3265 2170 3318 eum,
2204 3249 2347 3305 abiit
2372 3250 2443 3304 ad
2475 3250 2710 3305 beatum
2734 3233 3072 3305 Severinum
3106 3250 3203 3322 (1),
3224 3250 3323 3322 qui
3348 3249 3408 3306 in

45 3339 259 3396 cebatnr
280 3339 426 3396 sacri
453 3339 612 3395 verbi
641 3336 839 3395 edulio
858 3342 915 3394 et
932 3336 1228 3393 lambebat
1248 3337 1442 3393 dulcia
1462 3336 1655 3394 mella.
1766 3337 1912 3394 cella
1941 3337 2205 3393 reclusus
2224 3338 2701 3410 contemplationi
2730 3338 2935 3393 divinae
2960 3356 3062 3411 pro
3100 3338 3323 3394 viribus
3347 3356 3410 3394 se

44 3428 205 3491 Quam
251 3428 463 3497 dulcia,
505 3427 722 3501 inquit,
758 3427 1029 3483 faucibus
1074 3426 1219 3483 meis
1261 3426 1495 3499 eloquia
1533 3430 1657 3495 tua,
1763 3443 1893 3481 vere
1922 3425 2311 3497 plurimorum
2341 3424 2786 3491 vociferabatur,
2812 3440 3057 3496 poscens
3092 3424 3164 3479 ab
3196 3440 3261 3479 eo
3295 3424 3409 3479 sibi

49 3534 201 3591 super
216 3517 328 3575 mel
349 3522 406 3574 et
424 3517 647 3574 favum!
673 3517 844 3589 (Psal.
866 3531 1054 3585 cmn,
1086 3515 1245 3585 3.)in
1267 3516 1462 3571 divina
1486 3513 1658 3571 laude
1765 3513 2034 3571 habitum
2069 3530 2245 3569 saera:
2277 3511 2573 3585 religionis
2606 3512 2851 3585 imponi,
2883 3512 2942 3567 in
2971 3511 3133 3567 vultu
3156 3527 3408 3584 quoque,

46 3607 216 3665 choris
252 3607 624 3681 psallentium
670 3605 859 3679 magis
885 3605 1115 3661 volebat
1143 3605 1444 3673 interesse,
1478 3620 1657 3677 quam
1766 3619 1945 3659 manu
1967 3604 2095 3674 ejus
2125 3602 2425 3657 immutari
2456 3619 2558 3674 per
2586 3601 2913 3657 tonsionem
2943 3599 3286 3673 capillorum
3308 3600 3407 3674 (2).

46 3695 355 3755 illecebrosa
383 3698 557 3753 verba
576 3696 840 3751 virorum
871 3692 1072 3750 illicite
1102 3694 1303 3750 audita
1340 3694 1653 3767 percipere,
1765 3693 1943 3763 Cujus
1961 3691 2225 3747 devotam
2252 3690 2590 3763 petitionem
2605 3691 2879 3764 praefatus
2898 3690 3299 3746 desideranter
3314 3705 3410 3744 cu-

47 3783 439 3843 Patrimonium
464 3801 720 3857 namque
738 3798 914 3839 suum
939 3785 1092 3856 quod
1111 3782 1193 3838 illi
1210 3784 1344 3854 jure
1360 3782 1661 3839 haaredita-
1765 3780 1913 3835 ravit
1943 3778 2205 3852 implere,
2224 3779 2458 3836 intuens
2481 3797 2615 3835 eum
2648 3779 2840 3835 divino
2862 3796 3058 3835 amore
3085 3778 3408 3851 plurimum

47 3874 117 3929 rio
131 3876 480 3932 obvenerata
498 3873 989 3948 patreditissimo,
1021 3871 1658 3929 laudabililiberalitate
1766 3869 2000 3925 fervere.
2036 3869 2281 3941 Sumpto
2317 3868 2513 3942 itaque
2541 3870 2868 3926 sanctitatis
2898 3869 3134 3942 cingulo
3164 3872 3221 3925 et
3243 3885 3409 3925 sacro

46 3960 414 4037 indigentibus
431 3961 1180 4033 curabatdis'tribuere,non
1194 3962 1410 4018 surdus
1427 3961 1660 4017 auditor
1766 3958 1988 4014 militiae
2017 3958 2382 4027 indumento,
2427 3958 2583 4016 velut
2628 3964 3028 4032 propugnator
3056 3959 3222 4015 fortis
3254 3959 3411 4014 intra

48 4069 207 4125 neque
225 4054 423 4128 segnis
440 4056 747 4109 exsecutor
759 4051 1196 4107 Dominicorum
1211 4054 1654 4123 praeceptorum.
1767 4051 1955 4104 castra
1972 4047 2168 4103 aeterni
2206 4047 2399 4121 Regis,
2421 4066 2534 4103 non
2552 4050 2806 4122 trepidat
2827 4049 3021 4104 divina
3034 4048 3295 4125 potentia
3314 4048 3412 4103 ad-

48 4138 268 4199 Ubienm
282 4143 521 4216 quidam
534 4141 696 4198 dives
709 4140 1016 4214 quassisset
1033 4139 1342 4196 consilium
1362 4137 1657 4195 aDomino
1759 4137 1976 4209 jutrice
2001 4154 2134 4192 cum
2169 4135 2379 4192 callido
2411 4136 2576 4193 hoste
2609 4137 2907 4211 singulare
2926 4143 3220 4194 certamen
3240 4137 3406 4194 inire.

44 4234 240 4286 aeterna
268 4231 397 4286 vita:
419 4228 827 4303 percipienda,
856 4232 912 4284 et
942 4227 1037 4283 ille
1068 4225 1470 4300 proposuisset
1499 4241 1659 4280 man-
1767 4225 1945 4298 Cujus
1974 4225 2195 4281 validas
2216 4226 2367 4283 vires
2388 4225 2517 4282 ideo
2543 4225 2768 4282 fortiter
2788 4228 2981 4301 fregit,
3014 4227 3153 4299 quia
3180 4243 3248 4283 ex
3289 4230 3409 4282 toto

44 4316 158 4375 data
181 4319 385 4377 veteris
415 4318 702 4375 servanda
729 4316 899 4391 legis,
933 4320 1107 4389 atque
1138 4314 1233 4370 ille
1264 4314 1659 4387 respondisset
1767 4314 2040 4388 operibus
2053 4313 2348 4387 etpompis
2361 4315 2490 4385 ejus
2508 4315 2880 4381 renuntiavit,
2899 4315 3121 4387 eligens
3140 4314 3412 4386 squalore

47 4407 215 4465 omnia
228 4407 328 4464 illa
353 4424 416 4464 se
439 4405 787 4473 custodisse,
813 4404 985 4463 dixit:
1010 4405 1072 4460 Si
1117 4406 1199 4459 vis
1225 4404 1496 4476 perfectus
1523 4418 1655 4469 esse,
1767 4408 1823 4460 et
1842 4403 2034 4460 inedia
2045 4420 2149 4475 pro
2164 4402 2555 4474 adipiscendis
2577 4420 2841 4475 supernae
2866 4402 3158 4459 felicitatis
3179 4402 3412 4475 gaudiis

46 4497 173 4564 vade,
216 4497 385 4554 vende
428 4497 618 4553 omnia
662 4510 789 4567 qua:
833 4495 995 4550 habes
1053 4502 1106 4549 et
1153 4493 1224 4549 da
1265 4492 1579 4564 poperibus,
1608 4499 1661 4548 et
1768 4497 2063 4548 momento
2093 4491 2373 4562 temporis
2407 4491 2608 4564 afﬂigi,
2642 4508 2818 4563 quam
2850 4508 2953 4563 pro
2984 4490 3413 4548 momentaneis

49 4584 239 4642 habebis
270 4586 591 4644 thesaurum
606 4587 668 4640 iu
686 4584 836 4652 coelo,
870 4591 920 4639 et
941 4584 1081 4651 veni,
1094 4596 1315 4655 sequere
1343 4598 1426 4637 me
1452 4580 1656 4654 (Matth,
1691 4604 1737 4669 D
1767 4581 2243 4657 illecebrosisque
2270 4579 2754 4669 delectationibus
2780 4580 3076 4653 perpetuis
3097 4584 3415 4636 tormento-

49 4676 258 4748 ωλι).
292 4676 406 4733 Sed
425 4691 543 4731 non
565 4673 676 4729 iste
707 4673 859 4728 sicut
880 4670 977 4727 ille
999 4671 1183 4727 tristis
1206 4668 1463 4727 recessit.
1496 4670 1661 4725 Nune
1692 4668 1695 4669 ⁷
1772 4688 1902 4727 rum
1932 4669 2220 4725 incendiis
2253 4668 2627 4725 concremari.
3056 4744 3059 4745 ν

46 4777 154 4819 vero
177 4764 294 4821 illic
314 4763 604 4837 scriptum
625 4762 765 4834 quia
785 4761 1021 4818 hilarem
1038 4760 1281 4816 datorem
1300 4760 1489 4829 diligit
1510 4763 1659 4815 Dea:
1837 4762 1892 4815 9.
1912 4760 2096 4833 Igitur
2106 4762 2419 4832 postquam
2436 4757 2847 4815 thesaurorum
2862 4758 3111 4831 copiam,
3134 4758 3415 4816 invisibili

47 4849 102 4917 (ll
127 4851 240 4909 Cor.
275 4870 351 4922 1x,
382 4856 460 4922 7).
499 4851 812 4924 Propterea
856 4849 1268 4923 corpusculum
1301 4849 1458 4921 quod
1504 4847 1662 4922 regio
1772 4851 1944 4907 modo
1958 4852 2311 4923 praeceptum
2339 4852 2578 4904 secutus
2602 4846 2919 4904 Salvatoris
2943 4891 2956 4916 ,
2979 4848 3035 4903 in
3059 4847 3416 4905 coelestithe-

50 4938 179 4996 cultu
198 4943 254 4998 in
278 4943 453 5015 bysso
476 4945 535 4997 et
550 4957 816 5014 purpura
837 4937 1160 4995 enutritum
1185 4938 1391 5006 fuerat,
1414 4936 1548 4993 vilis
1568 4936 1663 4992 in-
1774 4957 1946 4997 sauro
1961 4939 2243 5012 reposuit,
2260 4942 2573 5010 postquam
2587 4954 2859 5011 agrorum
2883 4942 2938 4993 et
2957 4938 3258 4993 vinearum
3276 4956 3418 5010 pos-

50 5027 279 5087 dumenti
296 5031 611 5104 asperitate
632 5029 932 5096 domabat;
955 5032 1012 5083 et
1042 5027 1140 5100 qui
1162 5027 1390 5082 dudum
1412 5026 1667 5082 dormire
1775 5029 2066 5085 sessiones
2084 5029 2209 5084 suis
2223 5025 2548 5083 cultoribus
2569 5027 2939 5083 monasteriis
2952 5031 3128 5099 atque
3153 5026 3416 5083 ecclesiis

49 5112 96 5169 in
119 5117 308 5189 pluma
333 5136 453 5194 pm
483 5118 674 5175 nimia
703 5117 1094 5175 teneritudine
1127 5115 1444 5184 nesciebat,
1491 5132 1668 5195 super
1776 5118 1989 5174 Christi
2033 5121 2312 5191 perpetuo
2361 5117 2700 5190 profuturas
2743 5120 3093 5173 testamento
3143 5116 3416 5185 firmavit,

50 5207 235 5264 nudam
250 5208 505 5266 humum
518 5211 709 5265 tectus
722 5204 917 5263 cilicio
938 5204 1169 5262 dulcem
1188 5221 1463 5260 somnum
1477 5205 1664 5278 capie-
1769 5211 1987 5264 terram
2006 5223 2066 5263 se
2082 5209 2434 5278 computans
2445 5210 2502 5262 et
2514 5206 2790 5275 cinerem,
2810 5209 2867 5263 et
2876 5205 3049 5262 vilem
3071 5223 3134 5263 se
3155 5210 3419 5264 statuens

104 5367 320 5440 (1)7Non
343 5366 797 5440 confundendus
815 5365 1466 5440 cum_SeverinoAabbate
1480 5367 1667 5440 Agau-
1775 5368 1954 5424 situm
1988 5381 2235 5438 regnum
2270 5368 2591 5440 terrenum,
2622 5366 2693 5440 ad
2725 5366 3041 5440 Dominum
3070 5366 3335 5440 transiit,
3365 5368 3420 5419 et

46 5439 217 5514 nensi1
241 5441 341 5514 qui
375 5438 899 5514 anteLClodoveunl
922 5437 1134 5514 obiissc
1165 5438 1415 5514 videtur.
1535 5436 1584 5514 ’Δ
1603 5512 1619 5514 _
1776 5440 1888 5495 sibi
1918 5436 2099 5514 manu
2130 5436 2365 5509 propria
2386 5437 2635 5514 capillos
2662 5438 2928 5514 incidens
2957 5438 3204 5514 clericus
3234 5437 3420 5514 factus

100 5510 169 5584 (3)
188 5502 362 5584 Βόας)
391 5511 478 5568 ita
506 5509 824 5584 Gregorius
854 5510 1070 5584 Turne.
1094 5509 1153 5565 in
1167 5509 1269 5564 lib.
1295 5509 1396 5579 111,
1414 5524 1540 5581 cap.
1566 5509 1663 5584 l8:
1776 5515 1885 5577 est,
1918 5502 2207 5584 bonisque
2238 5502 2517 5584 operibus
2562 5509 2862 5579 insistens,
2896 5510 3199 5584 presbyter
3219 5505 3289 5561 ab
3312 5502 3421 5558 hoc
3474 5538 3481 5543 -

49 5599 71 5627 κ
96 5578 462 5657 Clodoaldum
493 5578 988 5657 comprehendere
1010 5598 1133 5657 non
1158 5578 1504 5657 potuerunt,
1529 5581 1669 5657 quia
1780 5582 2001 5641 mundo
2031 5578 2320 5657 migravit.
2358 5602 2385 5633 »

49 5599 71 5627 κ
96 5598 462 5640 uoooamum
493 5598 988 5654 comprehendere
1018 5598 1133 5637 non
1158 5598 1498 5655 patuerunt,
1529 5598 1667 5708 (ἒωᾱ

44 5654 435 5724 petauxilium
462 5653 727 5710 virorum
748 5652 988 5711 fortium
1010 5651 1291 5714 liberatus
1313 5651 1539 5714 est.Pos
1564 5668 1667 5735 po-

330 5781 609 5868 Ρινιτιοι..⁸
648 5778 1026 5852 CXXXVIII.
3075 5773 3117 5859 Ζ
