3814 6218
336 331 456 395 203

1233 329 1564 390 ΑΡΡΕΝΙ).
1610 331 1711 390 AD
1758 328 1946 390 SxEC.
1993 330 2069 391 Χ.
2104 362 2180 373 -—
2212 329 2474 389 OPERA
2519 347 2915 393 ΛΔΕΣΠΟΤΙΚΑ.

3612 331 3715 390 ΞΜ

335 464 395 518 in
424 462 608 518 oculis
641 461 788 531 suis,
833 466 989 517 esset
1034 463 1326 534 pretiosus
1369 463 1429 518 in
1473 463 1565 518 dei
1609 463 1794 518 oculis
1828 463 1975 518 deli-
2007 464 2060 528 Α
2088 479 2218 516 rum
2251 465 2307 516 ct
2336 461 2551 534 dignus
2582 461 2902 517 sacerdotio
2941 460 3308 517 acclamatur
3336 478 3475 518 voce
3506 467 3717 521 cuncto-

338 553 558 609 bcravit
581 552 732 624 apud
761 568 822 607 se
840 550 1082 622 plausus
1105 551 1411 606 hominum
1429 551 1541 607 sibi
1563 552 1905 622 faventium,
1921 554 1983 610 et

337 639 774 713 Opuspraaclaru
786 658 837 694 m
857 641 1259 694 tantummodo
1274 640 1382 694 divi
1395 659 1464 695 no
1479 657 1673 696 amore
1687 645 1980 711 patratum

335 730 501 784 vanis
523 734 579 784 et
601 727 876 783 humanis
897 727 1173 784 laudibus
1210 729 1607 784 extollentiuxn
1643 729 1897 784 devitare
1929 734 1984 784 et

338 817 651 886 declinare,
675 822 730 872 et
761 817 1226 890 regionemlonge
1250 817 1496 890 positam
1517 817 1982 889 quze‘Provincia

341 909 419 978 (la
450 907 737 978 Provence)
786 911 1158 979 nuncupatur
1188 907 1365 973 adire,
1409 912 1469 961 ut
1499 907 1578 962 ibi
1613 907 1776 978 quasi
1819 908 1982 979 igno-

341 1001 438 1052 tus
468 997 526 1051 in
558 1001 742 1068 coepto
776 997 1069 1069 proposito
1087 1000 1284 1068 posset
1316 996 1429 1050 Deo
1447 997 1678 1051 servire.
1707 997 1815 1051 Sed
1842 997 1981 1067 quia
2035 1009 2049 1018 ‘

343 1103 455 1142 non
501 1089 691 1157 potest
733 1085 970 1141 lucerna
1010 1083 1206 1150 latere,
1260 1091 1507 1157 possunt
1555 1103 1683 1141 eam
1731 1086 1983 1140 tenebrze

343 1176 670 1242 obscurare,
691 1191 823 1230 cum
839 1192 936 1230 eas
964 1193 1068 1229 suo
1090 1191 1330 1230 corusco
1366 1175 1591 1231 lumine
1615 1175 1838 1230 noverit
1865 1175 1982 1247 pel-

342 1263 457 1319 lere
487 1268 542 1318 et
563 1264 1024 1336 fugare,positus
1044 1265 1100 1318 in
1119 1265 1319 1319 eadem
1350 1265 1580 1336 regione
1604 1280 1817 1336 magno
1840 1264 1984 1318 emi-

344 1354 462 1408 cuit
491 1353 761 1408 virtutem
796 1352 1038 1425 fulgore.
1065 1354 1283 1408 Deinde
1315 1353 1584 1424 precibus
1603 1353 1843 1424 fugabat
1873 1353 1984 1407 dae-

347 1461 548 1500 mones
578 1443 647 1498 de
679 1442 902 1498 obsesis
934 1443 1298 1513 corporibus,
1334 1441 1630 1514 aperiebat
1664 1459 1765 1496 ora
1795 1447 1983 1497 muto-

346 1550 497 1600 rum,
532 1531 812 1586 reddebat
835 1530 1223 1598 caacisvisum,
1249 1531 1443 1585 surdis
1458 1530 1744 1595 auditum,
1762 1529 1987 1585 claudis

347 1638 636 1694 gressum,
671 1626 728 1676 et
759 1621 1062 1675 cunctisex
1080 1621 1190 1674 {ide
1219 1620 1590 1691 poscentibus
1618 1619 1713 1674 Dei
1735 1619 1988 1675 clemen-

348 1711 430 1764 tia
460 1710 810 1782 impetrabat
841 1727 1008 1781 opem
1043 1709 1330 1765 sanitatis.

2091 568 2243 605 rum.
2277 550 2456 613 Quem
2496 551 2783 606 Eusebius
2825 552 2903 619 (3)
2935 550 3202 623 ejusdem
3239 551 3400 607 urbis
3433 551 3715 626 episcopus

2091 639 2380 694 ordinavit
2411 641 2836 712 presbyterum,
2861 657 3127 696 annuens
3151 641 3278 696 voci
3316 641 3643 697 clericorum
3671 649 3716 698 et

2093 729 2365 800 precibus
2397 728 2658 784 Parisius
2690 730 3069 800 morantium,
3101 729 3360 802 dignum
3383 731 3647 802 judicans
3665 737 3722 785 ut

2093 817 2192 889 qui
2209 821 2334 890 jam
2353 817 2736 890 semetipsum
2760 817 3100 874 exhibuerat
3119 818 3380 874 hostiam
3404 821 3603 888 vivam,
3621 820 3721 892 pla-

2094 911 2320 962 centem
2352 906 2470 962 Deo
2493 923 2595 978 per
2612 907 3018 963 contritionem
3038 912 3096 963 et
3121 908 3483 964 devotionem
3509 910 3719 977 mentis,

2094 996 2547 1051 constitueretur
2596 997 2865 1052 minister
2895 997 3173 1053 salutaris
3223 1002 3280 1052 et
3312 998 3518 1053 vivifici
3550 1015 3719 1053 sacra-

2095 1085 2300 1153 menti;
2334 1088 2398 1140 ut
2429 1103 2573 1157 quos
2599 1087 2771 1141 verbo
2794 1090 2851 1141 et
2890 1086 3167 1158 operibus
3198 1087 3540 1143 abstrahere
3570 1105 3722 1143 cona-

2095 1175 2265 1228 batur
2285 1192 2318 1228 a
2339 1175 2564 1229 Satanas
2589 1175 2876 1242 faucibus,
2907 1176 2977 1230 ab
3001 1176 3204 1231 eodem
3227 1176 3558 1232 truculento
3578 1177 3722 1232 hoste

2094 1269 2321 1336 ereptos
2354 1264 2610 1318 reﬁceret
2633 1263 2844 1319 divinis
2867 1264 3137 1336 dapibus,
3161 1265 3432 1320 Condidit
3475 1271 3725 1337 praterea

2096 1352 2518 1407 monasterium
2534 1352 2592 1406 in
2605 1351 2730 1408 loco
2747 1354 2916 1424 cujus
2933 1352 3070 1408 olim
3086 1354 3438 1409 vocabulum
3453 1355 3560 1409 fuit
3577 1355 3722 1409 Novi-

2096 1445 2338 1513 gentum
2358 1442 2455 1512 (4),
2475 1458 2629 1495 nunc
2643 1443 2714 1496 ob
2730 1441 2957 1514 insigne
2971 1443 3019 1513 ej
3033 1460 3102 1497 us
3121 1443 3396 1498 meritum
3412 1443 3722 1499 sanctitatis

2097 1534 2332 1585 vocatur
2351 1531 2774 1585 monasterium
2799 1532 2986 1586 sancti
3019 1531 3318 1587 Clodoaldi
3347 1551 3360 1601 ;
3382 1534 3554 1603 cujus
3568 1540 3621 1588 et
3642 1550 3725 1587 no-

2096 1620 2252 1674 mine
2284 1618 2462 1691 pollet
2491 1623 2547 1675 et
2577 1611 2806 1686 merito,
2841 1621 2996 1692 quod
3016 1624 3071 1675 et
3091 1620 3520 1677 sufﬁcientibus
3541 1621 3724 1676 ditavit

2099 1707 2345 1762 terrenis
2375 1708 2605 1779 opibus,
2630 1712 2686 1763 et
2712 1724 2970 1781 congrua
2993 1708 3328 1764 habitacula
3350 1710 3463 1766 sibi
3487 1717 3544 1765 et
3564 1711 3725 1766 servis

422 1801 505 1853 10.
541 1799 653 1853 Sed
685 1815 789 1853 nec
822 1798 962 1852 illud
991 1799 1138 1853 duco
1173 1797 1285 1870 tegi
1319 1797 1548 1853 silentio
1588 1799 1744 1869 quod
1779 1797 1989 1853 claruit
2022 1839 2066 1902 Β
2101 1797 2203 1852 Dei
2235 1813 2434 1852 secum
2467 1797 2856 1864 morantibus,
2887 1799 2987 1853 sed
3012 1798 3070 1852 in
3094 1798 3388 1870 reliquum
3411 1817 3592 1855 aevum
3616 1817 3727 1854 suc-

347 1889 473 1958 ejus
493 1888 661 1942 dono.
678 1890 820 1940 Cum
841 1887 897 1940 in
918 1891 1077 1959 parte
1096 1888 1342 1958 praefatae
1357 1887 1609 1959 regionis
1624 1891 1990 1943 construeret

348 1978 586 2030 domum
619 1975 917 2042 orationis,
951 1993 1172 2048 pauper
1199 1977 1435 2048 quidam
1475 1976 1632 2031 venit
1662 1976 1993 2043 etcleemo-

349 2075 652 2138 niosynam
685 2065 755 2119 ab
787 2081 850 2120 eo
885 2065 994 2120 sibi
1027 2064 1152 2120 dari
1183 2065 1464 2138 poposcit.
1507 2065 1606 2120 Vir
1638 2070 1832 2121 autem
1867 2066 1989 2132 Dei,

347 2172 479 2210 cum
512 2155 569 2209 in
602 2155 870 2227 praesenti
905 2173 1019 2209 non
1039 2155 1279 2210 haberet
1300 2155 1455 2227 quod
1486 2154 1768 2228 indigenti
1810 2157 1993 2223 daret,

348 2243 637 2300 cucullam
663 2262 779 2316 qua
798 2244 1150 2299 induebatur
1172 2243 1344 2299 dedit.
1374 2244 1498 2307 Qua
1520 2261 1742 2317 pauper
1757 2248 1994 2315 accepta

348 2334 605 2402 récessit,
634 2337 690 2389 et
717 2333 775 2388 in
809 2334 1048 2389 domum
1082 2333 1391 2404 cujusdam
1441 2332 1628 2387 fidelis
1657 2332 1991 2404 hospitandi

347 2423 534 2495 gratia
562 2422 737 2478 venit.
764 2422 870 2487 Qui
900 2439 1034 2476 cum
1052 2438 1113 2476 se
1136 2426 1266 2492 post
1283 2422 1477 2476 cibum
1501 2426 1556 2476 et
1573 2426 1774 2494 potum
1799 2421 1991 2493 sopori

349 2512 624 2577 dedisset,
659 2528 876 2584 magna
895 2513 1022 2581 jam
1043 2514 1342 2565 transacta
1372 2514 1536 2582 parte
1561 2511 1766 2576 noctis,
1801 2516 1991 2583 pater-

350 2601 603 2657 familias
637 2602 706 2656 de
744 2605 910 2655 nocte
943 2600 1216 2666 surrexit,
1253 2617 1316 2654 ac
1349 2600 1589 2654 domum
1623 2616 1787 2655 suam
1838 2599 1992 2655 claro

347 2689 570 2746 lumine
601 2689 906 2762 splendere
934 2688 1098 2743 vidit:
1135 2688 1233 2760 qui
1260 2687 1412 2742 illico
1441 2705 1558 2742 suae
1585 2689 1814 2761 conjugi
1842 2690 1993 2744 exci-

349 2782 477 2833 tata:
506 2798 538 2835 a
573 2795 778 2834 somno
801 2794 1036 2833 narrare
1059 2778 1300 2833 curavit.
1323 2776 1424 2831 Illa
1443 2781 1638 2832 autem
1662 2795 1781 2834 rem
1807 2777 1992 2832 inusi-

349 2871 528 2922 tatam
562 2867 797 2923 intuens
852 2866 1028 2922 dicit:
1062 2866 1294 2937 Aliquid
1330 2867 1592 2922 muneris
1625 2866 1805 2921 divini
1838 2883 1994 2938 pere-

349 2957 553 3028 grinus
572 2957 688 3022 hic,
711 2957 858 3030 quia
881 2955 1050 3010 nobis
1075 2960 1382 3027 susceptus
1408 2961 1514 3024 est,
1536 2973 1734 3011 secum
1760 2955 1990 3011 detulit.

348 3045 453 3108 Qui
487 3063 656 3100 mane
690 3045 1190 3116 abeisrequisitus
1225 3044 1418 3098 retulit
1437 3044 1989 3116 qualitercucullam

345 3133 473 3188 loco
506 3135 764 3188 muneris
798 3153 830 3190 a
863 3137 1061 3188 sancto
1088 3134 1207 3188 viro
1241 3134 1542 3205 acceperit.
1579 3135 1737 3201 Quod
1775 3135 1990 3190 factum

2103 1903 2269 1942 cessu
2298 1887 2740 1958 generationum
2771 1903 2872 1958 pro
2914 1886 3101 1942 salute
3141 1888 3474 1943 animarum
3507 1906 3724 1944 suarum

2101 1977 2217 2031 Deo
2242 1975 2583 2031 militaturis
2602 1977 2929 2044 aedificavit,
2949 1981 3121 2049 atque
3137 1979 3306 2033 matri
3322 1978 3580 2034 ecclesia:
3597 1980 3727 2049 ejus-

2103 2065 2234 2120 dem
2268 2064 2538 2129 civitatis,
2565 2064 2834 2120 videlicet
2863 2070 3078 2120 sancta:
3112 2066 3307 2121 Mariae
3332 2073 3607 2139 perpetuo
3641 2066 3724 2121 ha-

2104 2154 2366 2208 bendum
2424 2157 2778 2209 testamento
2809 2153 3226 2227 delegavit.Ubi
3260 2156 3438 2212 etiam
3479 2157 3601 2228 ipse
3628 2160 3726 2210 sta-

2101 2245 2272 2296 tuens
2305 2240 2624 2313 praestolari
2659 2241 2976 2297 terminum
3008 2245 3135 2300 vitae
3168 2261 3286 2299 suae
3316 2261 3450 2299 cum
3476 2244 3724 2316 plurimis

2102 2346 2249 2401 quos
2281 2338 2473 2386 metus
2503 2330 2779 2403 gehennae
2818 2336 3106 2387 terruerat
3150 2337 3207 2388 et
3256 2332 3511 2388 caelestis
3553 2334 3724 2406 patrie

2103 2436 2268 2474 amor
2288 2419 2666 2484 animaverat,
2709 2421 3084 2477 ascensiones
3112 2422 3172 2477 in
3208 2423 3380 2478 corde
3415 2440 3522 2479 suo
3553 2424 3724 2495 dispo-

2103 2525 2247 2564 nens
2279 2509 2338 2564 in
2371 2509 2478 2564 hac
2497 2509 2822 2582 lacrymum
2863 2509 3032 2578 valle,
3067 2512 3423 2583 cupiebatde
3440 2513 3649 2568 virtute
3678 2512 3722 2566 in

2100 2598 2375 2653 virtutem
2406 2600 2741 2668 ascendere,
2765 2599 3046 2656 insistens
3074 2601 3461 2670 orationibus,
3478 2601 3723 2674 jejuniis,

2100 2685 2505 2760 eleemosynis,
2538 2689 2775 2760 vigiliis,
2817 2689 3030 2745 divinis
3061 2689 3428 2758 lectionibus,
3463 2697 3527 2746 ut
3561 2707 3720 2746 mere-

2102 2781 2261 2831 retur
2290 2777 2471 2832 Dcum
2500 2777 2739 2833 deorum
2762 2779 2954 2835 videre
2983 2778 3041 2833 in
3073 2779 3223 2836 sion.
3259 2780 3358 2834 His
3381 2781 3564 2853 igitur
3590 2797 3726 2835 exer-

2101 2865 2254 2920 citiis
2286 2865 2480 2921 divina
2501 2866 2686 2938 gratia
2718 2868 2998 2939 praditus
3027 2912 3042 2934 ,
3075 2886 3142 2923 ex
3174 2868 3526 2924 revelatione
3558 2869 3726 2924 divina

2102 2954 2250 3009 scire
2278 2954 2491 3009 meruit
2509 2953 2637 3010 vitze
2661 2973 2778 3010 sua:
2801 2957 3137 3025 transitum;
3162 2959 3330 3028 cujus
3359 2956 3626 3013 ultimam
3644 2958 3726 3012 ho-

2103 3059 2225 3097 ram
2258 3041 2425 3098 laztus
2458 3043 2899 3115 praestolabatur
2942 3046 3182 3118 cupiens
3230 3046 3467 3101 dissolvi
3522 3053 3579 3102 et
3623 3063 3724 3102 esse

2101 3148 2234 3186 cum
2268 3132 2516 3187 Christo.
2555 3133 2824 3205 Migravit
2855 3151 2989 3207 ergo
3021 3153 3052 3189 a
3074 3152 3312 3207 corpore
3340 3137 3590 3208 septimo
3615 3136 3726 3191 Idus

350 3223 408 3276 in
440 3221 540 3276 illo
573 3221 698 3276 loco
730 3221 787 3276 in
822 3222 993 3277 laude
1020 3221 1437 3293 omnipotentis
1460 3222 1559 3277 Dei
1583 3223 1738 3295 vulgi
1769 3240 1865 3279 ore
1886 3224 1990 3278 cir-
2022 3207 2063 3273 C
2105 3221 2482 3292 Septembris,
2518 3221 2803 3293 recipiens
2831 3240 3104 3278 coronam
3156 3207 3526 3290 meritorum,
3577 3240 3725 3297 quam

352 3328 726 3384 cumquaque
775 3317 862 3366 est
915 3311 1304 3379 diffamatum,
1358 3315 1414 3366 et
1459 3311 1668 3366 celebri
1729 3328 1994 3368 sermone

354 3401 680 3473 vulgatum.

423 3491 508 3546 11.
538 3490 779 3547 Talibus
813 3491 1236 3547 charismatum
1267 3491 1436 3546 donis
1470 3509 1503 3546 a
1545 3495 1745 3546 sancto
1777 3490 1995 3564 Spiritu

349 3582 666 3636 honoratus
681 3582 988 3636 revortitur
1007 3580 1285 3636 Parisius.
1312 3581 1411 3636 Cui
1430 3581 1558 3636 urbi
1573 3582 1699 3652 jam
1719 3580 1995 3637 continuo

348 3671 629 3742 gaudium
667 3671 728 3725 lit
759 3676 872 3726 Deo
904 3671 1122 3743 gratias
1154 3671 1453 3743 agentium
1489 3686 1592 3741 pro
1623 3671 1751 3741 ejus
1783 3671 1993 3736 reditu,

347 3776 596 3830 quorum
616 3759 752 3813 olim
777 3759 951 3814 corda
965 3758 1211 3814 nimium
1226 3760 1457 3814 fuerant
1482 3759 1552 3813 de
1569 3760 1696 3829 ejus
1714 3760 1992 3814 abscessu

349 3853 575 3903 mcesta.
604 3847 902 3919 Excipitur
931 3847 1128 3918 itaque
1161 3848 1309 3902 mira
1333 3846 1715 3902 exsultatione
1745 3848 1992 3920 populo-

416 3973 492 4042 (3)
523 3971 809 4027 Eusebius
837 3972 1128 4026 Safl‘araco
1151 3972 1435 4027 successit
1458 3989 1609 4026 anno
1644 3971 1871 4027 circiter
1888 3974 1987 4028 551

387 4043 763 4114 raaivitqueS.
791 4044 1100 4108 Germano,
1126 4048 1190 4097 ut
1219 4044 1384 4098 docte
1414 4043 1620 4113 probat
1660 4043 1897 4114 Carolus
1942 4044 1994 4099 le

387 4062 685 4114 raaivnque
707 4062 763 4098 δ.
791 4062 1100 4108 uermano,
1126 4062 1190 4097 ιιι
1219 4062 1384 4098 nocte
1414 4062 1620 4113 pronai.
1660 4062 1897 4099 uaroms
1942 4062 1988 4099 ιε

345 4062 545 4170 Uointe
563 4116 632 4168 ad
655 4113 820 4169 illum
840 4131 1062 4168 annum
1078 4131 1240 4170 num.
1263 4115 1314 4181 1,
1333 4118 1680 4184 constatque
1698 4131 1766 4168 ex
1784 4113 1909 4169 Vita
1931 4116 1988 4171 S.

343 4186 638 4244 Droctovei
673 4186 902 4241 abbatis
935 4203 1097 4240 num.
1133 4203 1209 4240 v1.

416 4260 490 4330 (4)
521 4257 928 4331 Novigentum,
961 4259 1166 4325 Noae-nt
1198 4257 1428 4312 duobus
1461 4255 1817 4311 milliaribns
1840 4255 1993 4312 infra

2104 3312 2160 3363 et
2190 3308 2440 3363 reddidit
2461 3308 2542 3363 illi
2569 3310 2850 3366 Dominus
2870 3328 2972 3383 pro
3005 3309 3304 3368 laboribus
3335 3315 3542 3384 justus
3573 3313 3724 3384 judex

2105 3397 2286 3468 Cujus
2317 3415 2531 3470 corpus
2564 3399 2622 3453 in
2664 3399 2864 3456 eadem
2915 3399 3060 3456 cella
3105 3419 3340 3458 summo
3390 3402 3608 3458 honore
3645 3402 3727 3456 hu-

2107 3490 2330 3542 matum
2357 3490 2479 3556 'est,
2531 3489 2630 3543 ubi
2665 3489 3122 3561 suffragantibus
3169 3491 3298 3562 ejus
3331 3491 3557 3547 meritis
3595 3507 3724 3547 com-

2106 3575 2299 3648 pletur
2325 3581 2523 3632 votum
2549 3594 2617 3633 ex
2666 3577 2781 3632 fide
2839 3579 3110 3650 petentis,
3155 3585 3468 3652 praestante
3508 3579 3725 3637 Domino

2105 3670 2304 3721 nostro
2335 3667 2474 3722 Jesu
2509 3665 2757 3735 Christo,
2791 3667 2883 3722 cui
2917 3672 3196 3739 potestas,
3237 3669 3425 3726 honor
3472 3675 3532 3726 et
3570 3668 3725 3742 gloria

2104 3753 2163 3809 in
2197 3755 2407 3811 saecula
2433 3756 2804 3813 saeculorum.
2836 3757 3040 3812 Amen.

2104 3971 2401 4045 Lutetiam
2420 3971 2771 4045 Parisiorum
2789 3973 2868 4045 ad
2892 3973 3225 4045 Sequanam
3254 3976 3496 4031 ﬂuvium
3523 3977 3721 4038 visitur,

2103 4059 2179 4120 nu
2191 4059 2259 4097 nc
2272 4042 2638 4120 _S.CIodoaldi
2653 4043 2795 4120 Oppi
2804 4045 2945 4120 dum
2959 4042 3298 4120 vocitatum,
3313 4047 3485 4120 vulgo
3498 4045 3721 4120 S.Cloud.

2101 4113 2159 4167 in
2190 4115 2359 4193 cujus
2401 4113 2643 4193 ecclesia
2691 4113 3013 4193 collegiata,
3067 4113 3366 4173 destructo
3393 4113 3721 4193 jampridem

2102 4186 2475 4252 monasterio,
2510 4185 2698 4257 ipsius
2729 4185 2911 4241 sancti
2945 4205 3156 4260 corpus
3189 4185 3543 4246 asservatur'.

1519 4508 2588 4648 LIBELLUS

1073 4752 1186 4820 DE
1240 4749 1893 4822 SUCCESSOBIBUS
1945 4749 2014 4820 S.
2070 4749 2466 4820 IlIDULPHl
2525 4751 2610 4821 ΙΝ
2670 4752 3005 4823 VOSAGO

1158 4899 1346 4972 (Apud
1370 4898 1434 4954 D.
1459 4897 1698 4965 Calmet,
1725 4898 1966 4952 Histoire
1984 4897 2048 4954 de
2079 4899 2358 4967 Lorraine,
2384 4899 2653 4969 Preuves,
2677 4916 2734 4971 p.
2757 4900 2930 4972 xux.)

872 5144 1102 5199 CAPUT
1143 5145 1451 5200 PRIMUM.

412 5229 740 5286 Penultimo
775 5231 995 5287 interea
1020 5233 1144 5303 jam
1178 5235 1483 5289 memorati
1531 5235 1730 5290 domui
1759 5237 1988 5293 abbatis

341 5319 642 5376 Lcutbaldi
666 5337 840 5390 anno,
867 5320 937 5374 ab
963 5320 1360 5377 incarnatione
1378 5340 1511 5378 vero
1536 5323 1762 5380 Domini
1802 5327 1985 5381 nostri

336 5409 475 5465 Jesu
507 5407 722 5464 Christi
767 5409 1291 5480 septingentesimo
1323 5411 1843 5478 tertio,venerabile
1867 5431 1989 5470 cor-

337 5513 450 5569 pus
496 5496 683 5552 sancti
735 5495 1018 5550 Bonit’acii
1077 5497 1348 5568 martyris
1407 5499 1670 5554 ablatum
1733 5503 1986 5560 Treviro-

2096 5167 2228 5205 rum
2262 5148 2497 5222 populo,
2532 5147 2856 5204 divinitatis
2913 5164 3020 5219 ope
3051 5146 3282 5204 illatum
3343 5151 3434 5204 est
3479 5146 3723 5204 Mediana

2097 5238 2377 5295 ccenobio.
2426 5238 2589 5293 Sicut
2632 5236 2788 5292 enim
2833 5236 3031 5292 Victor
3059 5241 3115 5291 et
3143 5236 3328 5292 Ursus
3360 5253 3493 5293 cum
3527 5234 3725 5305 aliquot

2099 5334 2356 5384 castrum
2391 5326 2737 5382 Solodorum
2771 5327 2865 5397 (1),
2908 5326 3116 5382 beatus
3164 5325 3388 5381 Gereon
3439 5341 3573 5381 cum
3620 5320 3724 5378 suis

2096 5418 2272 5473 etiam
2306 5414 2578 5472 trecentis
2606 5415 2805 5470 decem
2837 5420 2893 5470 et
2922 5419 3070 5484 octo,
3106 5414 3291 5470 Mauri
3317 5429 3550 5487 quoque
3579 5408 3725 5483 quin-

2094 5505 2252 5579 genti
2287 5504 2773 5578 Agrippinensem
2799 5504 3087 5560 coloniam
3108 5521 3120 5561 :
3145 5504 3230 5559 sic
3259 5508 3318 5559 et
3339 5503 3434 5560 hic
3454 5500 3724 5579 pretiosus

409 5613 482 5694 (1)
513 5612 671 5672 Alias
699 5611 1053 5684 Salodurum,
1094 5611 1373 5686 oppidum
1425 5615 1710 5685 Helvetiae,
1763 5617 1979 5676 Gallice
2011 5621 2249 5682 Soleure.
