3814 6218
109 292 209 352 205

869 289 971 359 ΠΕ
1016 288 1643 350 SUCCESSORIBUS
1691 289 1754 347 S.
1790 287 2164 349 HIDULPlll
2211 289 2288 347 IN
2333 289 2663 349 VOSAGO.

3351 287 3467 350 9'06

106 423 293 486 Christi
323 426 547 494 martyr
575 438 704 476 cum
751 420 880 476 aliis
940 421 1065 475 suis
1125 421 1397 476 trecentis
1453 420 1712 492 pervenit
1742 421 1796 488 Α
1826 421 2028 474 Arcam
2064 420 2314 492 denique
2346 438 2521 493 super
2551 422 2750 477 beatos
2783 423 3008 494 patroni
3039 422 3468 478 nostriHildul-

106 511 377 580 Trevirim;
427 527 665 583 corpore
712 528 823 566 non
873 511 1042 566 corde
1094 511 1166 565 ab
1214 511 1414 565 eadem
1477 528 1593 581 qua
1654 514 1710 563 et

102 599 328 670 praedicti
358 604 664 672 martyres,
694 599 922 656 Thebea
972 599 1198 672 legione
1246 598 1597 654 subtrahens
1649 615 1708 654 se

99 687 322 756 interim,
346 707 475 745 cum
508 689 664 761 apud
684 691 993 762 Agaunum
1017 690 1297 744 darentur
1316 688 1564 742 victimas
1599 687 1708 742 sub

98 777 330 833 Herculio
357 778 706 835 Maximiano
749 780 992 835 Caesare.
1049 778 1298 833 Omnino
1358 782 1556 832 tamen
1587 793 1709 832 cre-

99 867 317 921 dendum
349 872 437 922 est
459 868 971 923 constantissimos
1002 871 1180 924 testes
1211 866 1426 922 Christi
1460 870 1710 938 postmo-

98 954 212 1008 dum
234 955 427 1027 factos,
457 956 586 1012 citae
619 956 824 1012 mortis
867 956 1216 1012 sententiam
1279 972 1392 1010 non
1451 959 1571 1010 tam
1616 971 1710 1009 vo-

99 1043 247 1099 luisse
271 1045 465 1112 vitare,
498 1045 596 1099 ubi
619 1046 791 1116 juxta
817 1045 1077 1101 veritatis
1099 1046 1361 1114 jussum,
1396 1044 1453 1099 in
1489 1044 1602 1100 ista
1635 1043 1711 1099 ci-

99 1134 244 1188 vitate
273 1135 574 1205 persecuti,
607 1134 665 1188 in
699 1134 874 1190 aliam
929 1138 1208 1206 cuperent
1264 1135 1481 1206 fugere,
1529 1150 1706 1204 quam

103 1221 286 1292 passim
310 1239 410 1294 per
429 1223 760 1278 barbariem
786 1222 1104 1278 Galliarum
1128 1239 1364 1296 sparsos
1385 1222 1708 1278 divinitatis

104 1311 227 1364 mira
252 1311 648 1383 dispositione,
682 1328 752 1367 ne
782 1311 960 1366 unius
984 1311 1094 1366 loci
1119 1310 1414 1366 clauderet
1436 1312 1710 1383 angustia

104 1405 168 1452 tot
193 1405 243 1454 et
270 1405 382 1455 tam
433 1399 712 1473 praeclara
756 1405 1096 1456 sanctorum
1137 1405 1462 1472 martyrum
1498 1399 1702 1455 millia.

101 1488 184 1542 Ubi
212 1490 435 1544 tandem
467 1490 742 1556 Treviris,
778 1489 999 1545 scilicet
1029 1489 1235 1562 agonis
1258 1490 1349 1544 sui
1380 1507 1558 1545 cursu
1592 1489 1710 1544 feli-

99 1579 216 1632 citer
240 1595 492 1646 emenso,
519 1577 755 1651 capitali
815 1596 948 1634 cum
1011 1578 1184 1634 sociis
1242 1577 1365 1634 suis
1423 1579 1708 1633 multatus

91 1666 366 1734 sententia,
402 1673 638 1740 propter
667 1672 904 1740 pontem
939 1667 1202 1722 fluminis
1234 1666 1333 1738 qui
1366 1667 1592 1737 adjacet
1613 1683 1709 1738 op-

90 1754 222 1826 pido,
243 1755 605 1812 desiderabili
626 1757 978 1812 commercio
995 1756 1356 1812 nanciscitur
1372 1755 1711 1812 aternitatis
1721 1793 1766 1857 B

90 1846 468 1917 compendium
500 1846 574 1901 ob
598 1845 1047 1917 temporalitatis
1069 1845 1463 1918 dispendium.
1497 1845 1604 1908 Qui
1637 1845 1715 1900 vi-

93 1934 223 1989 libus
253 1935 512 1992 mandati
546 1935 739 1990 bustis
771 1952 805 1990 a
857 1934 1318 1990 Christianorum
1366 1933 1597 2007 p0pulis
1629 1951 1715 1988 ra-

95 2022 221 2078 hiem
234 2023 780 2096 pertimescentibus
797 2023 1164 2096 gentilitatis,
1182 2023 1713 2096 postplurimorum

97 2110 354 2166 curricula
403 2127 696 2167 annorum
752 2111 994 2166 honeste
1053 2111 1356 2178 reconditi,
1405 2111 1604 2181 jaceat
1654 2109 1713 2164 in

100 2201 317 2270 quadam
336 2201 592 2256 basilica:
617 2201 804 2256 sancti
820 2200 1054 2255 Maximi
1074 2199 1370 2272 cryptella.
1391 2200 1580 2255 Ethoc
1596 2216 1716 2271 per-

100 2294 265 2344 actum
292 2291 444 2345 beati
473 2289 702 2362 patroni
737 2289 919 2345 nostri
943 2289 1240 2361 Hildulphi
1265 2288 1583 2360 vigilantia.
1609 2289 1716 2342 De-

102 2377 224 2433 latas
251 2395 378 2451 ergo
411 2378 638 2452 praefati
672 2379 942 2450 martyris
972 2378 1251 2450 reliquias
1272 2378 1344 2433 ad
1380 2378 1716 2433 Medianum

103 2469 496 2524 monasterium
529 2467 736 2522 multis
766 2471 1096 2539 temporum
1131 2466 1440 2522 curriculis
1471 2467 1720 2521 servavit

104 2557 360 2628 quoddam
382 2561 554 2614 vetns
571 2557 760 2612 sancti
783 2556 1016 2612 Martini
1038 2555 1417 2612 oratoriolum
1444 2574 1478 2611 a
1501 2556 1720 2612 dextris

102 2645 274 2717 templi
303 2645 587 2716 locatum,
620 2646 804 2701 donec
844 2645 1113 2701 funditus
1169 2646 1462 2701 memorias
1513 2644 1722 2701 fuisset

101 2735 404 2791 subtractus
427 2733 792 2803 mortalium;
827 2735 997 2805 cujus
1027 2734 1283 2790 inventio
1306 2734 1442 2807 quia
1479 2733 1720 2789 minime

98 2823 572 2892 praetermittenda
611 2828 702 2879 est
741 2823 993 2894 silentio,
1059 2823 1420 2879 enucleatius
1469 2823 1722 2879 subscri-

95 2911 243 2967 hetur
270 2930 373 2969 suo
405 2913 556 2970 loco.

731 3020 960 3077 CAPUT
993 3022 1066 3076 Il.

155 3134 403 3194 Domnus
422 3137 605 3211 igitur
627 3136 1035 3209 Regimbertus
1060 3137 1312 3192 fraterno
1335 3142 1464 3192 voto
1487 3153 1714 3192 succes-
1749 3163 1791 3211 ρ

96 3240 178 3278 sor
200 3226 376 3280 sancti
413 3226 678 3292 effectus,
709 3225 877 3280 annis
910 3243 1021 3280 non
1057 3227 1254 3281 minus
1291 3227 1720 3298 quinquaginta

97 3311 455 3384 dispositione
509 3314 817 3386 utriusque
864 3315 1139 3387 stipendii
1185 3314 1311 3370 vitae
1358 3314 1720 3371 ccenobitalis

96 3398 446 3457 laudabiliter
466 3406 557 3456 est
576 3402 830 3469 functus,
848 3402 1344 3473 quemadmodum
1369 3402 1724 3473 approbatur

97 3488 481 3563 chirographis
514 3491 706 3546 cautis
724 3507 930 3562 regum
949 3491 1328 3563 temporibus.
1354 3492 1541 3562 Hujus
1561 3491 1720 3545 deni-

96 3595 193 3648 que
211 3581 415 3636 diebus
438 3579 846 3634 Theudelinda
867 3578 1117 3635 illustris
1142 3585 1428 3647 matrona,
1455 3584 1721 3652 respectu

97 3669 358 3727 tremendi
390 3668 683 3725 examinis
715 3675 1084 3740 compuncta,
1109 3685 1397 3724 consensu
1432 3670 1724 3741 comparis

98 3757 191 3823 sui,
223 3759 437 3816 vinculi
501 3757 828 3830 conjugalis
888 3759 1122 3812 resolvit
1169 3762 1357 3830 pacta,
1392 3762 1565 3830 atque
1597 3776 1720 3814 me-

99 3845 238 3902 lioris
259 3849 457 3904 mariti
485 3865 630 3907 uxor
651 3849 872 3912 etTecta,
890 3849 998 3903 sub
1022 3847 1422 3903 sanctimonia:
1443 3848 1729 3904 velamine

98 3935 300 3993 Christo
328 3944 420 3994 est
452 3938 670 4005 dicata;
706 3954 832 4009 quae
866 3936 1266 3992 benevolentia
1313 3937 1581 4008 protinus
1628 3955 1728 3992 an-

103 4032 288 4082 nuente
332 4027 581 4099 Ruperti
629 4027 838 4097 (altius,
885 4025 1162 4099 Ricperti]
1204 4025 1386 4080 relicti
1438 4027 1728 4099 conjugis,

101 4120 273 4171 nostro
293 4115 419 4172 loco
444 4115 788 4172 honorabile
806 4116 1089 4190 praedium
1113 4116 1436 4179 Hahenaim,
1462 4119 1730 4171 vocatum

103 4205 452 4260 contradidit.
479 4205 644 4259 Tunc
676 4205 849 4260 etiam
876 4204 1114 4276 quidam
1137 4204 1474 4276 spectabilis
1499 4206 1605 4271 vir,
1630 4222 1731 4260 uo-

102 4288 236 4346 mine
266 4291 652 4347 Gumbertus.
681 4291 840 4347 ﬁlius
871 4292 1181 4368 Trupperti
1208 4311 1219 4360 ;
1256 4292 1313 4346 in
1355 4291 1488 4347 allio
1521 4294 1733 4365 praedio

101 4377 505 4436 Hundinishez'm
537 4381 936 4452 agnominato,
962 4380 1285 4453 portionem
1311 4381 1400 4437 sui
1423 4383 1578 4451 juris
1602 4399 1732 4448 con,

104 4466 232 4523 tulit.
267 4469 327 4525 In
362 4469 590 4542 quibus
623 4470 901 4541 prafatus
920 4471 1103 4526 abbas
1125 4471 1272 4526 duas
1298 4469 1571 4526 basilicas
1603 4488 1734 4526 con-

103 4558 311 4623 struxit,
336 4559 598 4630 priorem
627 4557 684 4612 in
708 4557 986 4613 honorem
1009 4559 1192 4613 sancti
1220 4558 1518 4615 Maximini
1546 4559 1736 4614 Trevi-
1767 4535 1812 4599 D

105 4660 281 4702 rerum
331 4646 632 4720 praesulis;
665 4646 907 4702 alteram
943 4648 1001 4702 in
1035 4647 1312 4702 honorem
1363 4648 1549 4705 sancti
1592 4647 1742 4704 Petri

105 4736 484 4804 apostolorum
520 4736 826 4808 principis,
868 4742 1042 4808 atquc
1100 4737 1227 4791 vitae
1278 4755 1395 4792 sum
1453 4736 1741 4796 curriculo

105 4837 343 4894 emenso,
369 4826 582 4898 quinto
619 4825 908 4882 Kalendas
930 4825 1226 4881 Februarii
1247 4825 1394 4881 lucis
1437 4825 1610 4886 istius
1630 4843 1742 4881 usu

107 4915 292 4968 caruit.

736 5023 966 5080 CAPUT
1007 5024 1108 5080 Ill.

167 5136 459 5195 Successit
483 5140 676 5196 eidem
721 5157 836 5195 non
894 5139 1088 5213 impar
1145 5139 1340 5196 studio
1394 5144 1450 5194 et
1488 5138 1748 5194 moribus

105 5223 545 5297 Sundrabertus;
581 5233 640 5286 et
670 5230 810 5285 huic
841 5233 973 5301 post
1000 5230 1209 5302 viginti
1258 5233 1314 5286 et
1371 5245 1436 5284 eo
1496 5227 1749 5300 amplius

107 5327 277 5370 annos
309 5321 552 5374 strenue
582 5319 884 5375 decedenti
916 5318 1200 5376 successit
1257 5335 1574 5391 germanus
1622 5317 1750 5388 ejus

108 5399 515 5477 Maldawinus,
537 5408 976 5480 quimundanis
993 5409 1220 5463 dudum
1255 5407 1568 5463 involucris
1586 5421 1753 5486 expee

107 5489 273 5563 ditus,
307 5497 652 5552 monasticae
681 5497 1127 5569 tranquillitatis
1166 5497 1518 5570 expetiverat
1559 5496 1749 5560 littus,

108 5580 314 5658 quique
329 5582 616 5644 laudabili
630 5587 826 5644 studio
841 5587 1209 5663 praeeminuit
1223 5586 1481 5666 praefatis
1499 5585 1748 5644 duobus.

1820 508 1918 581 phi
1945 514 2107 564 artus
2132 509 2401 564 fabricari
2426 510 2704 578 instituit,
2731 528 2909 581 quam
2945 512 3122 566 etiam
3151 512 3469 568 honorifice

1820 597 1945 652 auri
1966 599 2309 670 argentique
2325 599 2577 654 metallis
2591 600 2911 654 adornavit.
2934 601 3058 655 Pari
3075 602 3246 656 modo
3267 603 3469 656 conde-

1819 688 2037 742 eoravit
2069 692 2408 743 sanctarum
2443 688 2800 760 reliquarum
2828 689 3128 756 feretrum,
3161 705 3293 744 cum
3327 691 3467 744 scri-

1819 775 2014 843 niolis,
2051 793 2184 831 cum
2219 776 2562 844 thuribulis,
2596 795 2730 833 cum
2783 777 3170 834 candelabris.
3221 777 3370 833 Fecit
3417 783 3474 833 et

1820 865 2064 920 calicem
2099 865 2423 920 maximum
2458 867 2694 921 nomine
2728 883 2835 921 suo
2864 865 3233 937 insignitum,
3258 871 3468 922 nostrm

1821 954 2114 1026 pauperiei
2139 955 2329 1009 adhuc
2349 960 2726 1010 reservatum.
2749 956 2851 1010 Hic
2876 956 3066 1010 decori
3089 973 3321 1010 ararum
3343 956 3468 1011 bea-

1817 1047 1888 1098 tas
1921 1043 2019 1098 Dei
2054 1043 2364 1098 Genitricis
2409 1044 2712 1115 sanctique
2762 1044 2908 1099 Petri
2959 1049 3166 1116 aptans
3214 1043 3467 1111 tabulas,

1820 1132 2088 1204 pretiosis
2113 1130 2364 1187 metallis
2383 1131 2681 1204 insignivit
2703 1133 3235 1205 ambas,multaque
3256 1133 3468 1204 hujus-

1818 1221 1977 1276 modi
2008 1220 2379 1292 reliquitloco
2409 1238 2527 1275 sua:
2550 1221 2853 1276 industria:
2870 1223 3090 1277 credito
3108 1222 3470 1278 monimenta

1822 1310 1948 1381 Ipse
1975 1326 2208 1381 quoque
2239 1314 2446 1382 suapte
2479 1309 2761 1382 praedium
2807 1312 2961 1366 Petri
2997 1328 3282 1367 scamnum
3317 1329 3466 1366 nun-

1820 1403 2118 1470 cupatum,
2176 1396 2297 1468 juri
2347 1398 2527 1453 nostri
2569 1399 2814 1454 cmnobii
2865 1399 3238 1468 contradidit,
3292 1401 3465 1472 cujus

1818 1487 2124 1542 collatione
2180 1486 2324 1541 illud
2370 1487 2692 1559 ampliavit.
2742 1488 3092 1561 Defungitur
3128 1489 3324 1561 itaque
3354 1493 3468 1544 ter-

1819 1576 1897 1631 tio
1930 1577 2062 1631 idus
2095 1575 2308 1643 Martii,
2339 1593 2473 1630 cum
2526 1576 2829 1649 regiminis
2877 1579 3005 1648 ejus
3049 1579 3186 1633 anni
3232 1578 3470 1634 acutula

1824 1665 2335 1737 argumentatione
2377 1665 2646 1738 vestigati
2694 1667 2786 1722 vix
2833 1667 3199 1739 reperiantur
3251 1667 3469 1722 duode-

1823 1771 1960 1808 cun.

2464 1878 2696 1934 CAPUT
2736 1879 2827 1935 IV.

1896 2019 2192 2092 Extemplo
2262 2021 2319 2074 in
2379 2020 2658 2076 electione
2727 2023 3048 2077 succssoris
3107 2022 3468 2078 multitudini

1825 2111 2071 2165 fratrum
2115 2110 2414 2182 subrepsit
2457 2111 2759 2166 discordiae
2810 2111 2978 2179 bilis;
3023 2113 3121 2168 sed
3155 2113 3468 2185 praevalen-

1827 2199 1987 2255 tibus
2029 2199 2178 2254 beati
2239 2199 2346 2253 viri
2398 2199 2576 2270 hujus
2627 2199 2873 2268 meritis,
2926 2201 3222 2273 insperato
3263 2202 3469 2258 divina:

1826 2287 2345 2357 clementiaajubar
2389 2288 2460 2343 ob
2493 2287 2712 2342 oriente
2761 2289 3089 2344 destinatur
3133 2289 3271 2344 illis.
3323 2291 3469 2346 Nam

1827 2393 1960 2431 cum
1986 2376 2257 2431 bifariam
2281 2377 2687 2432 scinderentur
2709 2381 2921 2432 mutum
2942 2379 3326 2436 dissensionis
3347 2397 3472 2453 per-

1828 2465 2044 2520 tinacia
2087 2465 2270 2531 ducti,
2295 2466 2602 2520 ambarum
2627 2467 2881 2537 partium
2909 2468 3131 2538 priores
3155 2469 3371 2540 pariter
3399 2471 3470 2525 ad

1826 2555 2148 2626 principem
2183 2571 2493 2626 pervenere
2538 2554 2832 2609 Carolum.
2867 2555 2972 2611 Ubi
3005 2557 3282 2628 paciﬁcus
3312 2559 3472 2630 prin-

1828 2661 1963 2716 ceps
1986 2644 2190 2698 sedatu
2210 2643 2446 2698 difficile
2460 2644 2877 2699 monachorum
2894 2645 3470 2720 persensitlitigium,

1827 2732 2149 2789 concordize
2198 2733 2498 2803 providere
2545 2733 2830 2804 gestiebat
2899 2750 3076 2805 quam
3126 2735 3468 2805 plurimum.

1829 2823 1975 2877 Mira
1997 2825 2192 2876 autem
2214 2820 2593 2892 dispositione
2617 2821 2938 2877 divinitatis
2969 2828 3235 2895 repertus
3275 2829 3363 2880 est
3392 2825 3472 2880 ibi

1831 2913 2182 2967 Fortunatus
2213 2909 2543 2981 patriarcha
2574 2911 2958 2980 venerabibis,
2987 2912 3083 2984 qui
3108 2913 3297 2985 gratia
3322 2913 3476 2969 salu-

1828 3000 1990 3055 tandi
2022 3000 2312 3055 famosum
2347 2999 2688 3071 principem,
2721 2999 3064 3072 visendique
3092 3001 3217 3057 loca
3247 3007 3475 3059 sancto-

1831 3106 1982 3156 rum,
2000 3106 2147 3162 quos
2160 3089 2316 3143 fama
2331 3092 2668 3144 excurrente
2682 3089 2984 3160 didicerat,
3003 3091 3074 3146 ab
3090 3091 3472 3164 Jerosolymis

1749 3178 1790 3230 ὓ
1829 3195 2066 3252 peregre
2099 3178 2398 3251 digressus
2429 3182 2570 3233 erat.
2601 3183 2655 3233 Is
2678 3179 2928 3251 denique
2957 3184 3090 3236 ante
3121 3180 3340 3253 aliquot
3369 3199 3472 3238 an-

1829 3285 2038 3323 norum
2073 3266 2364 3322 curricula
2394 3267 2863 3322 animadverteris
2886 3270 3036 3340 apud
3064 3271 3251 3325 Aaron
3278 3287 3471 3343 regem

1831 3358 2137 3412 Persarum
2170 3355 2354 3427 pluris
2380 3355 2580 3410 haberi
2613 3372 2871 3411 amorem
2905 3357 3297 3429 Caroli,quam
3327 3377 3474 3430 quo-

1833 3461 2199 3515 rumcunque
2232 3444 2589 3516 principum,
2621 3445 2774 3515 quod
2811 3445 2984 3500 etiam
3017 3447 3364 3517 patefecerat
3389 3448 3472 3502 di-

1833 3534 2071 3606 rigendo
2084 3532 2132 3588 ei
2148 3531 2336 3587 solum
2359 3549 2532 3603 quem
2548 3531 2797 3587 habebat
2818 3532 3206 3604 elephantem,
3227 3551 3328 3606 per
3348 3535 3470 3591 dia-

1834 3638 2037 3679 conem
2066 3619 2344 3692 reliquias
2373 3619 2516 3692 ligni
2545 3620 2853 3692 passionis,
2886 3637 2986 3676 seu
3021 3621 3173 3676 inter
3206 3623 3474 3680 homines

1835 3709 2182 3766 nonnullius
2196 3708 2893 3764 conversasionisDomini
2925 3711 3106 3766 nostri
3140 3715 3278 3768 Jesu
3312 3712 3477 3768 Chri-

1836 3800 1911 3855 sti
1925 3797 2330 3854 transmiserat
2351 3797 2453 3865 illi,
2476 3797 2776 3870 multaque
2791 3816 2957 3872 prece
2970 3804 3329 3857 contestatus
3343 3819 3479 3859 exe-

1837 3889 1920 3961 git
1933 3892 1997 3943 ut
2012 3887 2282 3960 praedicto
2296 3890 2483 3942 Aaron
2496 3887 2843 3960 legationem
2859 3906 2961 3960 per
2973 3907 3111 3946 suos
3124 3891 3480 3947 inferrethu-

1830 3976 2094 4050 jusmodi
2119 3993 2130 4031 ε
2170 3976 2540 4032 Omnimodis
2563 3983 2724 4032 tuam
2762 3977 3134 4034 clementiam
3159 3997 3361 4052 precor
3380 3997 3484 4053 pro

1841 4065 1964 4122 loco
1996 4065 2461 4122 Resurrectionis
2485 4066 2714 4121 Domini
2737 4067 2837 4122 Dei
2859 4068 2975 4141 mei
2995 4073 3198 4124 sancta
3221 4070 3379 4135 Sion,
3413 4084 3486 4124 ne

1841 4161 1940 4212 tuo
1971 4155 2300 4210 laxamento
2333 4172 2367 4209 a
2395 4155 2669 4227 gentibus
2699 4157 2922 4228 passim
2974 4158 3247 4225 calcetur,
3298 4176 3488 4230 neque

1841 4244 2138 4316 religionis
2169 4243 2510 4298 Christiana:
2551 4246 2810 4316 pontiﬁci
2834 4246 3097 4301 debitum
3131 4247 3355 4302 cultum
3379 4247 3489 4301 ibi-

1843 4334 1972 4388 dem
2007 4333 2342 4403 exsequenti
2375 4333 2828 4400 contradicatur,
2868 4334 3007 4403 Ejus
3040 4335 3236 4406 itaque
3283 4335 3488 4390 ditioni

1843 4427 1985 4477 tunc
2017 4439 2129 4476 non
2164 4425 2390 4474 tantum
2425 4422 2595 4476 beata
2625 4421 2824 4476 civitas
2855 4437 3057 4477 verum
3089 4422 3330 4495 insuper
3360 4440 3490 4478 om—

1845 4511 1936 4566 nis
1962 4527 2106 4582 pene
2137 4509 2272 4564 Asia
2292 4515 2500 4581 praeter
2522 4509 2744 4565 Indiam
2770 4511 3029 4584 parebat.
3055 4511 3161 4578 Qui
3197 4512 3355 4567 chari
3381 4511 3493 4567 sibi

1851 4597 2133 4671 principis
2165 4597 2458 4652 amicabili
2485 4599 2856 4671 suggestione
2886 4601 3029 4655 adeo
3053 4600 3349 4658 delibutus
3385 4604 3493 4669 est,

1852 4691 2143 4758 quatenus
2174 4686 2543 4759 dispositioni
2576 4688 2702 4759 ejus
2733 4688 2946 4743 ascribi
2981 4691 3363 4746 reverendum
3414 4690 3497 4746 lo-

1853 4793 1983 4831 cum
2008 4777 2262 4847 juberet,
2299 4793 2331 4830 a
2361 4792 2584 4848 suoque
2616 4781 2920 4850 potentatu
2979 4779 3307 4836 Veredariis
3362 4797 3498 4835 cum

1853 4865 2235 4921 Orientalium
2267 4882 2580 4921 munerum
2629 4867 2950 4923 ambitione
3002 4869 3259 4939 directis,
3312 4870 3501 4925 eidem

1853 4956 2174 5011 cessionem
2207 4955 2367 5010 illam
2401 4955 2700 5010 fiirmaret.
2727 4956 2843 5012 Hac
2864 4974 2966 5029 pro
2992 4975 3170 5015 causa
3191 4959 3494 5016 diaconem

1855 5062 2030 5101 suum
2045 5045 2114 5099 ad
2133 5043 2403 5100 Carolum
2425 5043 2632 5101 iterato
2648 5063 2779 5100 cum
2797 5047 3169 5104 munusculis
3185 5049 3502 5106 destinavit

1859 5133 2206 5206 patriarcha.
2238 5134 2430 5189 Tertio
2464 5139 2657 5190 autem
2690 5153 2793 5207 per
2836 5141 3019 5193 semet
3071 5138 3310 5194 veniens
3358 5138 3504 5212 ipse,

1858 5226 2063 5279 mutua
2089 5222 2309 5278 visione
2356 5223 2690 5280 satisfacere
2746 5227 3045 5282 communi
3091 5227 3341 5296 aifectui,
3403 5245 3508 5284 suo

1856 5310 2124 5368 videlicet
2154 5311 2551 5384 principisque
2581 5313 2860 5386 religiosi,
2909 5316 3150 5373 otl‘endit
3182 5317 3336 5387 apud
3372 5332 3508 5371 eum

1859 5400 2196 5472 praedictam
2230 5400 2546 5471 procellam
2580 5404 2948 5459 coenobitalis
2979 5403 3388 5469 dissensionis;
3416 5403 3513 5457 cui

1862 5489 2130 5544 sedandae
2163 5505 2261 5546 rex
2291 5493 2548 5546 aestuans
2581 5492 2915 5547 consultum
2936 5492 3028 5561 iri,
3061 5494 3133 5548 ad
3153 5492 3308 5545 hunc
3343 5491 3516 5559 quasi

1861 5579 1934 5636 ob
1967 5577 2025 5636 id
2059 5576 2339 5639 divinitus
2362 5579 2748 5654 destinatum,
2761 5584 2998 5658 repente
3021 5585 3143 5647 tota
3163 5575 3523 5659 convertitug
