  <div class='ocr_page' id='page_1' title='image "/cluster/home/n/w/nwhite01/storage/ocr_20150623/138/uva.x000829786/111.png"; bbox 0 0 3814 6218; ppageno 0'>
   <div class='ocr_carea' id='block_1_1' title="bbox 342 322 1848 395">
    <p class='ocr_par' dir='ltr' id='par_1_1' title="bbox 342 327 1848 391">
     <span class='ocr_line' id='line_1_1' title="bbox 342 327 1848 391; baseline 0 -3"><span class='ocrx_word' id='word_1_1' title='bbox 342 328 460 388; x_wconf 78' lang='grc'>207</span> <span class='ocrx_word' id='word_1_2' title='bbox 1202 327 1536 391; x_wconf 80' lang='lat' dir='ltr'>APPEND.</span> <span class='ocrx_word' id='word_1_3' title='bbox 1582 327 1684 389; x_wconf 81' lang='lat' dir='ltr'><strong>AD</strong></span> <span class='ocrx_word' id='word_1_4' title='bbox 1730 327 1848 390; x_wconf 64' lang='lat' dir='ltr'>SIE</span> 
     </span>
    </p>
   </div>
   <div class='ocr_carea' id='block_1_2' title="bbox 2191 322 3697 395">
    <p class='ocr_par' dir='ltr' id='par_1_2' title="bbox 2191 322 3697 395">
     <span class='ocr_line' id='line_1_2' title="bbox 2191 322 3697 395; baseline 0.01 -9"><span class='ocrx_word' id='word_1_5' title='bbox 2191 322 2441 387; x_wconf 83' lang='lat' dir='ltr'>OPERA</span> <span class='ocrx_word' id='word_1_6' title='bbox 2485 342 2881 395; x_wconf 72' lang='grc' dir='ltr'>ΑΔεεηοτηζΑ.</span> <span class='ocrx_word' id='word_1_7' title='bbox 3602 325 3697 391; x_wconf 71' lang='grc'>908</span> 
     </span>
    </p>
   </div>
   <div class='ocr_carea' id='block_1_3' title="bbox 342 457 3701 535">
    <p class='ocr_par' dir='ltr' id='par_1_3' title="bbox 342 457 3701 535">
     <span class='ocr_line' id='line_1_3' title="bbox 342 457 3701 535; baseline 0.001 -20"><span class='ocrx_word' id='word_1_8' title='bbox 342 460 611 516; x_wconf 81' lang='lat' dir='ltr'>tractatio</span> <span class='ocrx_word' id='word_1_9' title='bbox 644 464 722 529; x_wconf 84' lang='lat'>(2)</span> <span class='ocrx_word' id='word_1_10' title='bbox 753 460 965 533; x_wconf 84' lang='lat' dir='ltr'>regalis</span> <span class='ocrx_word' id='word_1_11' title='bbox 1008 461 1257 528; x_wconf 81' lang='lat' dir='ltr'>consilii,</span> <span class='ocrx_word' id='word_1_12' title='bbox 1313 462 1361 517; x_wconf 91' lang='lat' dir='ltr'>si</span> <span class='ocrx_word' id='word_1_13' title='bbox 1414 462 1588 517; x_wconf 90' lang='lat' dir='ltr'>modo</span> <span class='ocrx_word' id='word_1_14' title='bbox 1627 459 1725 517; x_wconf 89' lang='lat' dir='ltr'>ille</span> <span class='ocrx_word' id='word_1_15' title='bbox 1775 457 1989 533; x_wconf 68' lang='lat' dir='ltr'>praesul</span> <span class='ocrx_word' id='word_1_16' title='bbox 2014 457 2073 527; x_wconf 61' lang='grc' dir='ltr'><strong><em>λ</em></strong></span> <span class='ocrx_word' id='word_1_17' title='bbox 2099 457 2283 525; x_wconf 80' lang='lat' dir='ltr'>relati,</span> <span class='ocrx_word' id='word_1_18' title='bbox 2317 459 2521 515; x_wconf 80' lang='lat' dir='ltr'>sociati</span> <span class='ocrx_word' id='word_1_19' title='bbox 2577 462 2716 515; x_wconf 86' lang='lat' dir='ltr'>sunt</span> <span class='ocrx_word' id='word_1_20' title='bbox 2771 458 3019 515; x_wconf 80' lang='lat' dir='ltr'>artubus</span> <span class='ocrx_word' id='word_1_21' title='bbox 3075 459 3387 517; x_wconf 71' lang='lat' dir='ltr'>venerandi</span> <span class='ocrx_word' id='word_1_22' title='bbox 3437 460 3602 535; x_wconf 78' lang='lat' dir='ltr'>regis,</span> <span class='ocrx_word' id='word_1_23' title='bbox 3648 470 3701 519; x_wconf 80' lang='lat' dir='ltr'>ut</span> 
     </span>
    </p>
   </div>
   <div class='ocr_carea' id='block_1_4' title="bbox 342 546 3700 623">
    <p class='ocr_par' dir='ltr' id='par_1_4' title="bbox 342 546 3700 623">
     <span class='ocr_line' id='line_1_4' title="bbox 342 546 3700 623; baseline 0.001 -19"><span class='ocrx_word' id='word_1_24' title='bbox 342 550 637 605; x_wconf 76' lang='lat' dir='ltr'>maximus</span> <span class='ocrx_word' id='word_1_25' title='bbox 668 552 866 621; x_wconf 87' lang='lat' dir='ltr'>posset</span> <span class='ocrx_word' id='word_1_26' title='bbox 894 550 965 605; x_wconf 90' lang='lat' dir='ltr'>ad</span> <span class='ocrx_word' id='word_1_27' title='bbox 995 548 1104 606; x_wconf 89' lang='lat' dir='ltr'>hoc</span> <span class='ocrx_word' id='word_1_28' title='bbox 1134 550 1308 605; x_wconf 85' lang='lat' dir='ltr'>ﬂecti.</span> <span class='ocrx_word' id='word_1_29' title='bbox 1330 549 1504 623; x_wconf 84' lang='lat' dir='ltr'>Regis</span> <span class='ocrx_word' id='word_1_30' title='bbox 1522 550 1722 622; x_wconf 87' lang='lat' dir='ltr'>itaque</span> <span class='ocrx_word' id='word_1_31' title='bbox 1751 565 1817 605; x_wconf 88' lang='lat' dir='ltr'>ac</span> <span class='ocrx_word' id='word_1_32' title='bbox 1846 546 1989 620; x_wconf 82' lang='lat' dir='ltr'>opti~</span> <span class='ocrx_word' id='word_1_33' title='bbox 2099 547 2199 619; x_wconf 88' lang='lat' dir='ltr'>qui</span> <span class='ocrx_word' id='word_1_34' title='bbox 2231 548 2541 620; x_wconf 85' lang='lat' dir='ltr'>sanguine,</span> <span class='ocrx_word' id='word_1_35' title='bbox 2601 551 2801 603; x_wconf 89' lang='lat' dir='ltr'>mente</span> <span class='ocrx_word' id='word_1_36' title='bbox 2860 553 2917 604; x_wconf 90' lang='lat' dir='ltr'>et</span> <span class='ocrx_word' id='word_1_37' title='bbox 2970 562 3210 622; x_wconf 86' lang='lat' dir='ltr'>corpore</span> <span class='ocrx_word' id='word_1_38' title='bbox 3248 549 3439 622; x_wconf 87' lang='lat' dir='ltr'>juncti</span> <span class='ocrx_word' id='word_1_39' title='bbox 3490 551 3700 622; x_wconf 72' lang='lat' dir='ltr'>luerent,</span> 
     </span>
    </p>
   </div>
   <div class='ocr_carea' id='block_1_5' title="bbox 342 635 3701 714">
    <p class='ocr_par' dir='ltr' id='par_1_5' title="bbox 342 635 3701 714">
     <span class='ocr_line' id='line_1_5' title="bbox 342 635 3701 714; baseline 0.001 -21"><span class='ocrx_word' id='word_1_40' title='bbox 342 641 576 695; x_wconf 76' lang='lat' dir='ltr'>metum</span> <span class='ocrx_word' id='word_1_41' title='bbox 598 638 727 708; x_wconf 86' lang='lat' dir='ltr'>ejus</span> <span class='ocrx_word' id='word_1_42' title='bbox 744 637 1099 710; x_wconf 81' lang='lat' dir='ltr'>importunis</span> <span class='ocrx_word' id='word_1_43' title='bbox 1122 641 1382 694; x_wconf 90' lang='lat' dir='ltr'>tentatus</span> <span class='ocrx_word' id='word_1_44' title='bbox 1404 638 1673 710; x_wconf 82' lang='lat' dir='ltr'>precibus</span> <span class='ocrx_word' id='word_1_45' title='bbox 1690 637 1785 692; x_wconf 85' lang='lat' dir='ltr'>vix</span> <span class='ocrx_word' id='word_1_46' title='bbox 1801 635 1990 710; x_wconf 88' lang='lat' dir='ltr'>potuit</span> <span class='ocrx_word' id='word_1_47' title='bbox 2096 635 2274 691; x_wconf 87' lang='lat' dir='ltr'>unius</span> <span class='ocrx_word' id='word_1_48' title='bbox 2304 636 2555 708; x_wconf 84' lang='lat' dir='ltr'>sepulcri</span> <span class='ocrx_word' id='word_1_49' title='bbox 2608 635 2924 709; x_wconf 76' lang='lat' dir='ltr'>participes</span> <span class='ocrx_word' id='word_1_50' title='bbox 2974 638 3183 693; x_wconf 78' lang='lat' dir='ltr'>forent.</span> <span class='ocrx_word' id='word_1_51' title='bbox 3236 638 3448 695; x_wconf 84' lang='lat' dir='ltr'>Beatus</span> <span class='ocrx_word' id='word_1_52' title='bbox 3475 650 3598 713; x_wconf 80' lang='lat' dir='ltr'>ergo</span> <span class='ocrx_word' id='word_1_53' title='bbox 3622 656 3701 714; x_wconf 76' lang='lat' dir='ltr'>pa-</span> 
     </span>
    </p>
   </div>
   <div class='ocr_carea' id='block_1_6' title="bbox 338 724 3702 799">
    <p class='ocr_par' dir='ltr' id='par_1_6' title="bbox 338 724 3702 799">
     <span class='ocr_line' id='line_1_6' title="bbox 338 724 3702 799; baseline 0.001 -17"><span class='ocrx_word' id='word_1_54' title='bbox 338 728 411 783; x_wconf 89' lang='lat' dir='ltr'>ad</span> <span class='ocrx_word' id='word_1_55' title='bbox 440 726 551 782; x_wconf 87' lang='lat' dir='ltr'>hoc</span> <span class='ocrx_word' id='word_1_56' title='bbox 584 726 943 798; x_wconf 81' lang='lat' dir='ltr'>persuaderi,</span> <span class='ocrx_word' id='word_1_57' title='bbox 976 731 1268 799; x_wconf 81' lang='lat' dir='ltr'>quatenus</span> <span class='ocrx_word' id='word_1_58' title='bbox 1316 732 1652 783; x_wconf 88' lang='lat' dir='ltr'>sanctorum</span> <span class='ocrx_word' id='word_1_59' title='bbox 1702 726 1798 798; x_wconf 87' lang='lat' dir='ltr'>qui</span> <span class='ocrx_word' id='word_1_60' title='bbox 1849 731 1988 780; x_wconf 87' lang='lat' dir='ltr'>tunc</span> <span class='ocrx_word' id='word_1_61' title='bbox 2094 724 2351 780; x_wconf 77' lang='lat' dir='ltr'>triarcha</span> <span class='ocrx_word' id='word_1_62' title='bbox 2378 725 2734 781; x_wconf 81' lang='lat' dir='ltr'>Fortunatus</span> <span class='ocrx_word' id='word_1_63' title='bbox 2785 725 3012 781; x_wconf 89' lang='lat' dir='ltr'>meritis</span> <span class='ocrx_word' id='word_1_64' title='bbox 3041 724 3275 783; x_wconf 82' lang='lat' dir='ltr'>tandem</span> <span class='ocrx_word' id='word_1_65' title='bbox 3306 731 3367 783; x_wconf 88' lang='lat' dir='ltr'>et</span> <span class='ocrx_word' id='word_1_66' title='bbox 3392 732 3550 785; x_wconf 65' lang='lat' dir='ltr'>atate</span> <span class='ocrx_word' id='word_1_67' title='bbox 3592 735 3702 786; x_wconf 70' lang='lat' dir='ltr'>eim-</span> 
     </span>
    </p>
   </div>
   <div class='ocr_carea' id='block_1_7' title="bbox 338 813 3699 886">
    <p class='ocr_par' dir='ltr' id='par_1_7' title="bbox 338 813 3699 886">
     <span class='ocr_line' id='line_1_7' title="bbox 338 813 3699 886; baseline 0.001 -17"><span class='ocrx_word' id='word_1_68' title='bbox 338 814 485 871; x_wconf 84' lang='lat' dir='ltr'>forte</span> <span class='ocrx_word' id='word_1_69' title='bbox 516 815 761 870; x_wconf 89' lang='lat' dir='ltr'>aderant</span> <span class='ocrx_word' id='word_1_70' title='bbox 790 815 1157 871; x_wconf 89' lang='lat' dir='ltr'>sacerdotum</span> <span class='ocrx_word' id='word_1_71' title='bbox 1191 816 1404 870; x_wconf 87' lang='lat' dir='ltr'>cedens</span> <span class='ocrx_word' id='word_1_72' title='bbox 1433 813 1783 881; x_wconf 86' lang='lat' dir='ltr'>auctoritati,</span> <span class='ocrx_word' id='word_1_73' title='bbox 1809 813 1990 869; x_wconf 89' lang='lat' dir='ltr'>susci-</span> <span class='ocrx_word' id='word_1_74' title='bbox 2096 817 2451 881; x_wconf 85' lang='lat' dir='ltr'>summatus,</span> <span class='ocrx_word' id='word_1_75' title='bbox 2483 813 2622 869; x_wconf 88' lang='lat' dir='ltr'>huic</span> <span class='ocrx_word' id='word_1_76' title='bbox 2642 813 3063 886; x_wconf 70' lang='lat' dir='ltr'>temporalitati</span> <span class='ocrx_word' id='word_1_77' title='bbox 3090 832 3150 871; x_wconf 80' lang='grc' dir='ltr'>ιν</span> <span class='ocrx_word' id='word_1_78' title='bbox 3170 815 3409 872; x_wconf 64' lang='lat' dir='ltr'>Kalend.</span> <span class='ocrx_word' id='word_1_79' title='bbox 3440 817 3614 873; x_wconf 82' lang='lat' dir='ltr'>Martii</span> <span class='ocrx_word' id='word_1_80' title='bbox 3631 824 3699 875; x_wconf 83' lang='lat' dir='ltr'>est</span> 
     </span>
    </p>
   </div>
   <div class='ocr_carea' id='block_1_8' title="bbox 337 902 3703 976">
    <p class='ocr_par' dir='ltr' id='par_1_8' title="bbox 337 902 3703 976">
     <span class='ocr_line' id='line_1_8' title="bbox 337 902 3703 976; baseline 0.001 -18"><span class='ocrx_word' id='word_1_81' title='bbox 337 907 499 976; x_wconf 91' lang='lat' dir='ltr'>peret</span> <span class='ocrx_word' id='word_1_82' title='bbox 544 919 745 959; x_wconf 89' lang='lat' dir='ltr'>curam</span> <span class='ocrx_word' id='word_1_83' title='bbox 808 903 979 963; x_wconf 88' lang='lat' dir='ltr'>istius</span> <span class='ocrx_word' id='word_1_84' title='bbox 1039 903 1409 970; x_wconf 84' lang='lat' dir='ltr'>monasterii;</span> <span class='ocrx_word' id='word_1_85' title='bbox 1443 904 1615 975; x_wconf 87' lang='lat' dir='ltr'>cujus</span> <span class='ocrx_word' id='word_1_86' title='bbox 1653 902 1983 958; x_wconf 82' lang='lat' dir='ltr'>sanctitatis</span> <span class='ocrx_word' id='word_1_87' title='bbox 2096 903 2454 969; x_wconf 87' lang='lat' dir='ltr'>subtractus,</span> <span class='ocrx_word' id='word_1_88' title='bbox 2488 907 2665 975; x_wconf 88' lang='lat' dir='ltr'>atque</span> <span class='ocrx_word' id='word_1_89' title='bbox 2693 903 2766 958; x_wconf 86' lang='lat' dir='ltr'>ad</span> <span class='ocrx_word' id='word_1_90' title='bbox 2788 908 3087 976; x_wconf 83' lang='lat' dir='ltr'>perpetem</span> <span class='ocrx_word' id='word_1_91' title='bbox 3108 904 3393 961; x_wconf 84' lang='lat' dir='ltr'>stantium</span> <span class='ocrx_word' id='word_1_92' title='bbox 3414 906 3620 963; x_wconf 81' lang='lat' dir='ltr'>dierum</span> <span class='ocrx_word' id='word_1_93' title='bbox 3637 907 3703 963; x_wconf 58' lang='lat' dir='ltr'>in.</span> 
     </span>
    </p>
   </div>
   <div class='ocr_carea' id='block_1_9' title="bbox 338 989 3701 1069">
    <p class='ocr_par' dir='ltr' id='par_1_9' title="bbox 338 989 3701 1069">
     <span class='ocr_line' id='line_1_9' title="bbox 338 989 3701 1069; baseline 0.001 -20"><span class='ocrx_word' id='word_1_94' title='bbox 338 991 677 1049; x_wconf 86' lang='lat' dir='ltr'>excellentia</span> <span class='ocrx_word' id='word_1_95' title='bbox 725 991 1054 1064; x_wconf 88' lang='lat' dir='ltr'>priorisque</span> <span class='ocrx_word' id='word_1_96' title='bbox 1103 991 1284 1062; x_wconf 89' lang='lat' dir='ltr'>apicis</span> <span class='ocrx_word' id='word_1_97' title='bbox 1342 992 1665 1047; x_wconf 89' lang='lat' dir='ltr'>reverentia</span> <span class='ocrx_word' id='word_1_98' title='bbox 1715 991 1986 1062; x_wconf 88' lang='lat' dir='ltr'>stirpitus</span> <span class='ocrx_word' id='word_1_99' title='bbox 2099 989 2381 1046; x_wconf 80' lang='lat' dir='ltr'>finitatem</span> <span class='ocrx_word' id='word_1_100' title='bbox 2416 992 2755 1063; x_wconf 88' lang='lat' dir='ltr'>perductus.</span> <span class='ocrx_word' id='word_1_101' title='bbox 2791 991 2980 1065; x_wconf 81' lang='lat' dir='ltr'>Hujus</span> <span class='ocrx_word' id='word_1_102' title='bbox 3018 994 3353 1050; x_wconf 76' lang='lat' dir='ltr'>veneranda</span> <span class='ocrx_word' id='word_1_103' title='bbox 3402 994 3562 1068; x_wconf 81' lang='lat' dir='ltr'>gleba</span> <span class='ocrx_word' id='word_1_104' title='bbox 3599 1000 3701 1069; x_wconf 75' lang='lat' dir='ltr'>post</span> 
     </span>
    </p>
   </div>
   <div class='ocr_carea' id='block_1_10' title="bbox 337 1079 3698 1157">
    <p class='ocr_par' dir='ltr' id='par_1_10' title="bbox 337 1079 3698 1157">
     <span class='ocr_line' id='line_1_10' title="bbox 337 1079 3698 1157; baseline 0.001 -20"><span class='ocrx_word' id='word_1_105' title='bbox 337 1085 425 1138; x_wconf 89' lang='lat' dir='ltr'>est</span> <span class='ocrx_word' id='word_1_106' title='bbox 454 1082 645 1153; x_wconf 88' lang='lat' dir='ltr'>sopita</span> <span class='ocrx_word' id='word_1_107' title='bbox 680 1080 1013 1136; x_wconf 88' lang='lat' dir='ltr'>claustralis</span> <span class='ocrx_word' id='word_1_108' title='bbox 1056 1081 1367 1147; x_wconf 90' lang='lat' dir='ltr'>discordia,</span> <span class='ocrx_word' id='word_1_109' title='bbox 1413 1085 1470 1137; x_wconf 90' lang='lat' dir='ltr'>et</span> <span class='ocrx_word' id='word_1_110' title='bbox 1500 1080 1698 1136; x_wconf 90' lang='lat' dir='ltr'>subeo</span> <span class='ocrx_word' id='word_1_111' title='bbox 1733 1080 1805 1135; x_wconf 92' lang='lat' dir='ltr'>de</span> <span class='ocrx_word' id='word_1_112' title='bbox 1828 1094 1988 1135; x_wconf 86' lang='lat' dir='ltr'>more</span> <span class='ocrx_word' id='word_1_113' title='bbox 2097 1080 2268 1137; x_wconf 84' lang='lat' dir='ltr'>bases</span> <span class='ocrx_word' id='word_1_114' title='bbox 2298 1079 2501 1135; x_wconf 87' lang='lat' dir='ltr'>altaris</span> <span class='ocrx_word' id='word_1_115' title='bbox 2531 1082 2592 1136; x_wconf 84' lang='grc' dir='ltr'>Β.</span> <span class='ocrx_word' id='word_1_116' title='bbox 2631 1097 2795 1153; x_wconf 59' lang='lat' dir='ltr'>papae</span> <span class='ocrx_word' id='word_1_117' title='bbox 2852 1081 3113 1155; x_wconf 80' lang='lat' dir='ltr'>Gregorii</span> <span class='ocrx_word' id='word_1_118' title='bbox 3144 1083 3371 1141; x_wconf 77' lang='lat' dir='ltr'>decenti</span> <span class='ocrx_word' id='word_1_119' title='bbox 3429 1084 3698 1157; x_wconf 75' lang='lat' dir='ltr'>sepultura!</span> 
     </span>
    </p>
   </div>
   <div class='ocr_carea' id='block_1_11' title="bbox 339 1169 3702 1243">
    <p class='ocr_par' dir='ltr' id='par_1_11' title="bbox 339 1169 3702 1243">
     <span class='ocr_line' id='line_1_11' title="bbox 339 1169 3702 1243; baseline 0 -15"><span class='ocrx_word' id='word_1_120' title='bbox 339 1170 523 1228; x_wconf 71' lang='lat' dir='ltr'>effecti</span> <span class='ocrx_word' id='word_1_121' title='bbox 556 1174 695 1226; x_wconf 89' lang='lat' dir='ltr'>sunt</span> <span class='ocrx_word' id='word_1_122' title='bbox 751 1169 1026 1226; x_wconf 89' lang='lat' dir='ltr'>monachi</span> <span class='ocrx_word' id='word_1_123' title='bbox 1086 1187 1186 1225; x_wconf 91' lang='lat' dir='ltr'>cor</span> <span class='ocrx_word' id='word_1_124' title='bbox 1242 1187 1426 1225; x_wconf 88' lang='lat' dir='ltr'>unum</span> <span class='ocrx_word' id='word_1_125' title='bbox 1482 1173 1540 1225; x_wconf 92' lang='lat' dir='ltr'>et</span> <span class='ocrx_word' id='word_1_126' title='bbox 1594 1169 1790 1224; x_wconf 89' lang='lat' dir='ltr'>anima</span> <span class='ocrx_word' id='word_1_127' title='bbox 1848 1184 1984 1223; x_wconf 87' lang='lat' dir='ltr'>una.</span> <span class='ocrx_word' id='word_1_128' title='bbox 2096 1173 2187 1224; x_wconf 89' lang='lat' dir='ltr'>est</span> <span class='ocrx_word' id='word_1_129' title='bbox 2214 1169 2450 1224; x_wconf 88' lang='lat' dir='ltr'>tradita.</span> <span class='ocrx_word' id='word_1_130' title='bbox 2483 1169 2634 1224; x_wconf 87' lang='lat' dir='ltr'>Anni</span> <span class='ocrx_word' id='word_1_131' title='bbox 2664 1186 2800 1225; x_wconf 87' lang='lat' dir='ltr'>vero</span> <span class='ocrx_word' id='word_1_132' title='bbox 2832 1169 3135 1243; x_wconf 85' lang='lat' dir='ltr'>regiminis</span> <span class='ocrx_word' id='word_1_133' title='bbox 3158 1170 3287 1243; x_wconf 84' lang='lat' dir='ltr'>ejus</span> <span class='ocrx_word' id='word_1_134' title='bbox 3341 1173 3702 1229; x_wconf 81' lang='lat' dir='ltr'>Medianimo-</span> 
     </span>
    </p>
   </div>
   <div class='ocr_carea' id='block_1_12' title="bbox 337 1256 2991 1331">
    <p class='ocr_par' dir='ltr' id='par_1_12' title="bbox 337 1256 2991 1331">
     <span class='ocr_line' id='line_1_12' title="bbox 337 1256 2991 1331; baseline 0 -17"><span class='ocrx_word' id='word_1_135' title='bbox 337 1259 539 1315; x_wconf 88' lang='lat' dir='ltr'>Fuisse</span> <span class='ocrx_word' id='word_1_136' title='bbox 560 1259 830 1331; x_wconf 89' lang='lat' dir='ltr'>equidem</span> <span class='ocrx_word' id='word_1_137' title='bbox 891 1258 1106 1314; x_wconf 90' lang='lat' dir='ltr'>dicitur</span> <span class='ocrx_word' id='word_1_138' title='bbox 1134 1258 1505 1315; x_wconf 81' lang='lat' dir='ltr'>Recalvaster</span> <span class='ocrx_word' id='word_1_139' title='bbox 1524 1256 1619 1313; x_wconf 88' lang='lat' dir='ltr'>hic</span> <span class='ocrx_word' id='word_1_140' title='bbox 1648 1256 1869 1312; x_wconf 91' lang='lat' dir='ltr'>domini</span> <span class='ocrx_word' id='word_1_141' title='bbox 1903 1256 1988 1310; x_wconf 82' lang='lat' dir='ltr'>fa-</span> <span class='ocrx_word' id='word_1_142' title='bbox 2095 1258 2333 1313; x_wconf 86' lang='lat' dir='ltr'>nasterii</span> <span class='ocrx_word' id='word_1_143' title='bbox 2367 1258 2737 1330; x_wconf 88' lang='lat' dir='ltr'>reperiuntur</span> <span class='ocrx_word' id='word_1_144' title='bbox 2763 1258 2991 1330; x_wconf 86' lang='lat' dir='ltr'>viginti.</span> 
     </span>
    </p>
   </div>
   <div class='ocr_carea' id='block_1_13' title="bbox 338 1346 3096 1425">
    <p class='ocr_par' dir='ltr' id='par_1_13' title="bbox 338 1346 3096 1425">
     <span class='ocr_line' id='line_1_13' title="bbox 338 1346 3096 1425; baseline -0 -21"><span class='ocrx_word' id='word_1_145' title='bbox 338 1348 555 1421; x_wconf 90' lang='lat' dir='ltr'>mulus,</span> <span class='ocrx_word' id='word_1_146' title='bbox 585 1365 825 1421; x_wconf 89' lang='lat' dir='ltr'>corpore</span> <span class='ocrx_word' id='word_1_147' title='bbox 854 1348 1019 1404; x_wconf 80' lang='lat' dir='ltr'>exilis</span> <span class='ocrx_word' id='word_1_148' title='bbox 1049 1352 1106 1403; x_wconf 90' lang='lat' dir='ltr'>et</span> <span class='ocrx_word' id='word_1_149' title='bbox 1136 1347 1403 1421; x_wconf 79' lang='lat' dir='ltr'>exiguus,</span> <span class='ocrx_word' id='word_1_150' title='bbox 1437 1346 1583 1402; x_wconf 88' lang='lat' dir='ltr'>facie</span> <span class='ocrx_word' id='word_1_151' title='bbox 1613 1350 1668 1401; x_wconf 92' lang='lat' dir='ltr'>et</span> <span class='ocrx_word' id='word_1_152' title='bbox 1694 1361 1992 1425; x_wconf 81' lang='lat' dir='ltr'>conversa-</span> <span class='ocrx_word' id='word_1_153' title='bbox 2736 1355 2968 1412; x_wconf 77' lang='lat' dir='ltr'>CAPUT</span> <span class='ocrx_word' id='word_1_154' title='bbox 3002 1357 3096 1412; x_wconf 75' lang='lat' dir='ltr'>v1,</span> 
     </span>
    </p>
   </div>
   <div class='ocr_carea' id='block_1_14' title="bbox 338 1435 3697 1512">
    <p class='ocr_par' dir='ltr' id='par_1_14' title="bbox 338 1435 3697 1512">
     <span class='ocr_line' id='line_1_14' title="bbox 338 1435 3697 1512; baseline -0 -19"><span class='ocrx_word' id='word_1_155' title='bbox 338 1439 493 1494; x_wconf 88' lang='lat' dir='ltr'>tione</span> <span class='ocrx_word' id='word_1_156' title='bbox 524 1438 845 1512; x_wconf 90' lang='lat' dir='ltr'>angelicus,</span> <span class='ocrx_word' id='word_1_157' title='bbox 879 1438 1065 1492; x_wconf 87' lang='lat' dir='ltr'>barba</span> <span class='ocrx_word' id='word_1_158' title='bbox 1096 1435 1387 1509; x_wconf 89' lang='lat' dir='ltr'>sublonga</span> <span class='ocrx_word' id='word_1_159' title='bbox 1416 1435 1695 1507; x_wconf 88' lang='lat' dir='ltr'>canisque</span> <span class='ocrx_word' id='word_1_160' title='bbox 1726 1451 1992 1507; x_wconf 87' lang='lat' dir='ltr'>respersa</span> <span class='ocrx_word' id='word_1_161' title='bbox 2169 1436 2585 1492; x_wconf 85' lang='lat' dir='ltr'>Successorum</span> <span class='ocrx_word' id='word_1_162' title='bbox 2618 1440 2738 1492; x_wconf 88' lang='lat' dir='ltr'>tam</span> <span class='ocrx_word' id='word_1_163' title='bbox 2769 1436 2962 1493; x_wconf 87' lang='lat' dir='ltr'>idonei</span> <span class='ocrx_word' id='word_1_164' title='bbox 2996 1438 3186 1494; x_wconf 80' lang='lat' dir='ltr'>Patris</span> <span class='ocrx_word' id='word_1_165' title='bbox 3234 1439 3475 1496; x_wconf 76' lang='lat' dir='ltr'>nomine</span> <span class='ocrx_word' id='word_1_166' title='bbox 3521 1437 3697 1511; x_wconf 80' lang='lat' dir='ltr'>raptim</span> 
     </span>
    </p>
   </div>
   <div class='ocr_carea' id='block_1_15' title="bbox 337 1522 3693 1598">
    <p class='ocr_par' dir='ltr' id='par_1_15' title="bbox 337 1522 3693 1598">
     <span class='ocr_line' id='line_1_15' title="bbox 337 1522 3693 1598; baseline -0 -16"><span class='ocrx_word' id='word_1_167' title='bbox 337 1528 665 1591; x_wconf 89' lang='lat' dir='ltr'>decoratus,</span> <span class='ocrx_word' id='word_1_168' title='bbox 688 1526 912 1582; x_wconf 78' lang='lat' dir='ltr'>Praedia</span> <span class='ocrx_word' id='word_1_169' title='bbox 934 1527 993 1580; x_wconf 92' lang='lat' dir='ltr'>in</span> <span class='ocrx_word' id='word_1_170' title='bbox 1017 1528 1403 1598; x_wconf 85' lang='lat' dir='ltr'>augmentum</span> <span class='ocrx_word' id='word_1_171' title='bbox 1425 1524 1533 1579; x_wconf 92' lang='lat' dir='ltr'>loci</span> <span class='ocrx_word' id='word_1_172' title='bbox 1556 1524 1615 1578; x_wconf 89' lang='lat' dir='ltr'>in</span> <span class='ocrx_word' id='word_1_173' title='bbox 1634 1523 1841 1578; x_wconf 90' lang='lat' dir='ltr'>diebus</span> <span class='ocrx_word' id='word_1_174' title='bbox 1861 1522 1989 1593; x_wconf 89' lang='lat' dir='ltr'>ejus</span> <span class='ocrx_word' id='word_1_175' title='bbox 2097 1524 2488 1598; x_wconf 85' lang='lat' dir='ltr'>perstringere</span> <span class='ocrx_word' id='word_1_176' title='bbox 2517 1523 2680 1594; x_wconf 90' lang='lat' dir='ltr'>libet,</span> <span class='ocrx_word' id='word_1_177' title='bbox 2715 1524 2854 1597; x_wconf 89' lang='lat' dir='ltr'>quia</span> <span class='ocrx_word' id='word_1_178' title='bbox 2882 1541 3019 1581; x_wconf 89' lang='lat' dir='ltr'>cum</span> <span class='ocrx_word' id='word_1_179' title='bbox 3041 1527 3238 1584; x_wconf 85' lang='lat' dir='ltr'>studio</span> <span class='ocrx_word' id='word_1_180' title='bbox 3258 1527 3572 1593; x_wconf 75' lang='lat' dir='ltr'>brevitatis,</span> <span class='ocrx_word' id='word_1_181' title='bbox 3595 1532 3693 1582; x_wconf 87' lang='lat' dir='ltr'>tum</span> 
     </span>
    </p>
   </div>
   <div class='ocr_carea' id='block_1_16' title="bbox 338 1611 3705 1689">
    <p class='ocr_par' dir='ltr' id='par_1_16' title="bbox 338 1611 3705 1689">
     <span class='ocr_line' id='line_1_16' title="bbox 338 1611 3705 1689; baseline -0.001 -17"><span class='ocrx_word' id='word_1_182' title='bbox 338 1615 547 1672; x_wconf 88' lang='lat' dir='ltr'>collata</span> <span class='ocrx_word' id='word_1_183' title='bbox 574 1620 717 1672; x_wconf 88' lang='lat' dir='ltr'>sunt</span> <span class='ocrx_word' id='word_1_184' title='bbox 737 1631 1075 1681; x_wconf 88' lang='lat' dir='ltr'>numerosa,</span> <span class='ocrx_word' id='word_1_185' title='bbox 1117 1614 1455 1671; x_wconf 86' lang='lat' dir='ltr'>chartarum</span> <span class='ocrx_word' id='word_1_186' title='bbox 1499 1611 1857 1669; x_wconf 87' lang='lat' dir='ltr'>monimento</span> <span class='ocrx_word' id='word_1_187' title='bbox 1887 1612 1992 1667; x_wconf 86' lang='lat' dir='ltr'>hu-</span> <span class='ocrx_word' id='word_1_188' title='bbox 2096 1613 2272 1669; x_wconf 88' lang='lat' dir='ltr'>etiam</span> <span class='ocrx_word' id='word_1_189' title='bbox 2295 1614 2447 1686; x_wconf 84' lang='lat' dir='ltr'>quod</span> <span class='ocrx_word' id='word_1_190' title='bbox 2481 1630 2549 1669; x_wconf 88' lang='lat' dir='ltr'>ex</span> <span class='ocrx_word' id='word_1_191' title='bbox 2578 1630 2782 1669; x_wconf 87' lang='lat' dir='ltr'>eorum</span> <span class='ocrx_word' id='word_1_192' title='bbox 2817 1614 2965 1671; x_wconf 89' lang='lat' dir='ltr'>actis</span> <span class='ocrx_word' id='word_1_193' title='bbox 2988 1615 3083 1671; x_wconf 86' lang='lat' dir='ltr'>vix</span> <span class='ocrx_word' id='word_1_194' title='bbox 3113 1620 3288 1672; x_wconf 88' lang='lat' dir='ltr'>tenue</span> <span class='ocrx_word' id='word_1_195' title='bbox 3303 1617 3574 1689; x_wconf 82' lang='lat' dir='ltr'>quiddam</span> <span class='ocrx_word' id='word_1_196' title='bbox 3595 1616 3705 1670; x_wconf 82' lang='lat' dir='ltr'>scri-</span> 
     </span>
    </p>
   </div>
   <div class='ocr_carea' id='block_1_17' title="bbox 339 1700 3700 1777">
    <p class='ocr_par' dir='ltr' id='par_1_17' title="bbox 339 1700 3700 1777">
     <span class='ocr_line' id='line_1_17' title="bbox 339 1700 3700 1777; baseline -0.001 -17"><span class='ocrx_word' id='word_1_197' title='bbox 339 1721 561 1777; x_wconf 89' lang='lat' dir='ltr'>cusque</span> <span class='ocrx_word' id='word_1_198' title='bbox 589 1704 917 1761; x_wconf 88' lang='lat' dir='ltr'>notissima.</span> <span class='ocrx_word' id='word_1_199' title='bbox 949 1704 1139 1776; x_wconf 80' lang='lat' dir='ltr'>ipsius</span> <span class='ocrx_word' id='word_1_200' title='bbox 1165 1719 1299 1758; x_wconf 91' lang='lat' dir='ltr'>vero</span> <span class='ocrx_word' id='word_1_201' title='bbox 1322 1702 1651 1769; x_wconf 87' lang='lat' dir='ltr'>collatione,</span> <span class='ocrx_word' id='word_1_202' title='bbox 1675 1719 1744 1758; x_wconf 86' lang='lat' dir='ltr'>ex</span> <span class='ocrx_word' id='word_1_203' title='bbox 1765 1700 1990 1757; x_wconf 86' lang='lat' dir='ltr'>cunctis</span> <span class='ocrx_word' id='word_1_204' title='bbox 2088 1707 2271 1775; x_wconf 84' lang='lat' dir='ltr'>,ptura</span> <span class='ocrx_word' id='word_1_205' title='bbox 2300 1717 2401 1757; x_wconf 86' lang='lat' dir='ltr'>seu</span> <span class='ocrx_word' id='word_1_206' title='bbox 2434 1701 2639 1758; x_wconf 88' lang='lat' dir='ltr'>relatio</span> <span class='ocrx_word' id='word_1_207' title='bbox 2668 1707 2829 1759; x_wconf 87' lang='lat' dir='ltr'>certa</span> <span class='ocrx_word' id='word_1_208' title='bbox 2857 1702 3031 1761; x_wconf 86' lang='lat' dir='ltr'>uobis</span> <span class='ocrx_word' id='word_1_209' title='bbox 3074 1706 3475 1763; x_wconf 77' lang='lat' dir='ltr'>transmittere</span> <span class='ocrx_word' id='word_1_210' title='bbox 3527 1706 3700 1777; x_wconf 82' lang='lat' dir='ltr'>quivit,</span> 
     </span>
    </p>
   </div>
   <div class='ocr_carea' id='block_1_18' title="bbox 339 1790 3705 1896">
    <p class='ocr_par' dir='ltr' id='par_1_18' title="bbox 339 1790 3705 1896">
     <span class='ocr_line' id='line_1_18' title="bbox 339 1790 3705 1896; baseline -0 -48"><span class='ocrx_word' id='word_1_211' title='bbox 339 1810 485 1867; x_wconf 89' lang='lat' dir='ltr'>pene</span> <span class='ocrx_word' id='word_1_212' title='bbox 501 1793 911 1849; x_wconf 87' lang='lat' dir='ltr'>instrumentis</span> <span class='ocrx_word' id='word_1_213' title='bbox 931 1793 1202 1848; x_wconf 63' lang='lat' dir='ltr'>humana:</span> <span class='ocrx_word' id='word_1_214' title='bbox 1229 1791 1651 1848; x_wconf 85' lang='lat' dir='ltr'>conversationi</span> <span class='ocrx_word' id='word_1_215' title='bbox 1677 1795 1849 1863; x_wconf 88' lang='lat' dir='ltr'>atque</span> <span class='ocrx_word' id='word_1_216' title='bbox 1867 1807 1990 1863; x_wconf 48' lang='lat' dir='ltr'>pas.</span> <span class='ocrx_word' id='word_1_217' title='bbox 2017 1830 2069 1896; x_wconf 79' lang='grc' dir='ltr'><strong>Β</strong></span> <span class='ocrx_word' id='word_1_218' title='bbox 2096 1790 2397 1847; x_wconf 88' lang='lat' dir='ltr'>immorari</span> <span class='ocrx_word' id='word_1_219' title='bbox 2419 1791 2595 1864; x_wconf 82' lang='lat' dir='ltr'>piget.</span> <span class='ocrx_word' id='word_1_220' title='bbox 2630 1791 2860 1847; x_wconf 81' lang='lat' dir='ltr'>Primus</span> <span class='ocrx_word' id='word_1_221' title='bbox 2878 1796 3012 1863; x_wconf 90' lang='lat' dir='ltr'>post</span> <span class='ocrx_word' id='word_1_222' title='bbox 3036 1807 3175 1849; x_wconf 84' lang='lat' dir='ltr'>eum</span> <span class='ocrx_word' id='word_1_223' title='bbox 3196 1793 3349 1851; x_wconf 74' lang='lat' dir='ltr'>mxit</span> <span class='ocrx_word' id='word_1_224' title='bbox 3380 1795 3529 1851; x_wconf 80' lang='lat' dir='ltr'>idem</span> <span class='ocrx_word' id='word_1_225' title='bbox 3547 1808 3705 1848; x_wconf 81' lang='lat' dir='ltr'>mona-</span> 
     </span>
    </p>
   </div>
   <div class='ocr_carea' id='block_1_19' title="bbox 338 1879 3692 1956">
    <p class='ocr_par' dir='ltr' id='par_1_19' title="bbox 338 1879 3692 1956">
     <span class='ocr_line' id='line_1_19' title="bbox 338 1879 3692 1956; baseline 0 -19"><span class='ocrx_word' id='word_1_226' title='bbox 338 1882 489 1938; x_wconf 91' lang='lat' dir='ltr'>sioni</span> <span class='ocrx_word' id='word_1_227' title='bbox 519 1883 747 1937; x_wconf 89' lang='lat' dir='ltr'>Domini</span> <span class='ocrx_word' id='word_1_228' title='bbox 772 1882 990 1954; x_wconf 88' lang='lat' dir='ltr'>aptatis</span> <span class='ocrx_word' id='word_1_229' title='bbox 1014 1880 1425 1953; x_wconf 86' lang='lat' dir='ltr'>amplexabilia</span> <span class='ocrx_word' id='word_1_230' title='bbox 1446 1880 1690 1953; x_wconf 86' lang='lat' dir='ltr'>pignora</span> <span class='ocrx_word' id='word_1_231' title='bbox 1710 1880 1875 1935; x_wconf 93' lang='lat' dir='ltr'>locus</span> <span class='ocrx_word' id='word_1_232' title='bbox 1896 1879 1991 1935; x_wconf 93' lang='lat' dir='ltr'>hic</span> <span class='ocrx_word' id='word_1_233' title='bbox 2017 1879 2069 1896; x_wconf 81' lang='lat'><em>&quot;</em></span> <span class='ocrx_word' id='word_1_234' title='bbox 2096 1880 2341 1937; x_wconf 85' lang='lat' dir='ltr'>sterium</span> <span class='ocrx_word' id='word_1_235' title='bbox 2370 1879 2582 1936; x_wconf 88' lang='lat' dir='ltr'>Waldo</span> <span class='ocrx_word' id='word_1_236' title='bbox 2603 1881 2679 1952; x_wconf 90' lang='lat'>(3)</span> <span class='ocrx_word' id='word_1_237' title='bbox 2700 1896 2770 1936; x_wconf 89' lang='lat' dir='ltr'>ex</span> <span class='ocrx_word' id='word_1_238' title='bbox 2789 1898 2989 1937; x_wconf 88' lang='lat' dir='ltr'>sorore</span> <span class='ocrx_word' id='word_1_239' title='bbox 3009 1880 3351 1938; x_wconf 77' lang='lat' dir='ltr'>MaldaWini</span> <span class='ocrx_word' id='word_1_240' title='bbox 3374 1883 3692 1956; x_wconf 72' lang='lat' dir='ltr'>progenitus.</span> 
     </span>
    </p>
   </div>
   <div class='ocr_carea' id='block_1_20' title="bbox 341 1969 3701 2046">
    <p class='ocr_par' dir='ltr' id='par_1_20' title="bbox 341 1969 3701 2046">
     <span class='ocr_line' id='line_1_20' title="bbox 341 1969 3701 2046; baseline -0 -20"><span class='ocrx_word' id='word_1_241' title='bbox 341 1972 554 2027; x_wconf 91' lang='lat' dir='ltr'>meruit</span> <span class='ocrx_word' id='word_1_242' title='bbox 570 1972 885 2044; x_wconf 89' lang='lat' dir='ltr'>percipere,</span> <span class='ocrx_word' id='word_1_243' title='bbox 912 1970 1644 2044; x_wconf 86' lang='lat' dir='ltr'>pariterqucpretiosorum</span> <span class='ocrx_word' id='word_1_244' title='bbox 1664 1974 1990 2041; x_wconf 84' lang='lat' dir='ltr'>martyrum</span> <span class='ocrx_word' id='word_1_245' title='bbox 2099 1970 2404 2025; x_wconf 89' lang='lat' dir='ltr'>Secundus</span> <span class='ocrx_word' id='word_1_246' title='bbox 2448 1969 2786 2026; x_wconf 81' lang='lat' dir='ltr'>lsimundus</span> <span class='ocrx_word' id='word_1_247' title='bbox 2837 1971 3133 2043; x_wconf 80' lang='lat' dir='ltr'>quondam</span> <span class='ocrx_word' id='word_1_248' title='bbox 3185 1972 3517 2046; x_wconf 84' lang='lat' dir='ltr'>episcopus,</span> <span class='ocrx_word' id='word_1_249' title='bbox 3566 1971 3701 2042; x_wconf 74' lang='lat' dir='ltr'>cujus</span> 
     </span>
    </p>
   </div>
   <div class='ocr_carea' id='block_1_21' title="bbox 340 2057 3700 2141">
    <p class='ocr_par' dir='ltr' id='par_1_21' title="bbox 340 2057 3700 2141">
     <span class='ocr_line' id='line_1_21' title="bbox 340 2057 3700 2141; baseline -0 -25"><span class='ocrx_word' id='word_1_250' title='bbox 340 2061 642 2133; x_wconf 84' lang='lat' dir='ltr'>Stephani,</span> <span class='ocrx_word' id='word_1_251' title='bbox 711 2059 915 2116; x_wconf 88' lang='lat' dir='ltr'>Lazari</span> <span class='ocrx_word' id='word_1_252' title='bbox 974 2059 1354 2141; x_wconf 71' lang='lat' dir='ltr'>quatriduani</span> <span class='ocrx_word' id='word_1_253' title='bbox 1438 2057 1674 2131; x_wconf 87' lang='lat' dir='ltr'>sepulti,</span> <span class='ocrx_word' id='word_1_254' title='bbox 1759 2057 1992 2131; x_wconf 85' lang='lat' dir='ltr'>Georgii</span> <span class='ocrx_word' id='word_1_255' title='bbox 2099 2063 2361 2131; x_wconf 85' lang='lat' dir='ltr'>tempore</span> <span class='ocrx_word' id='word_1_256' title='bbox 2389 2059 2566 2115; x_wconf 89' lang='lat' dir='ltr'>cessit</span> <span class='ocrx_word' id='word_1_257' title='bbox 2597 2064 2795 2115; x_wconf 88' lang='lat' dir='ltr'>nostro</span> <span class='ocrx_word' id='word_1_258' title='bbox 2827 2058 2953 2115; x_wconf 88' lang='lat' dir='ltr'>loco</span> <span class='ocrx_word' id='word_1_259' title='bbox 2983 2061 3138 2131; x_wconf 84' lang='lat' dir='ltr'>apud</span> <span class='ocrx_word' id='word_1_260' title='bbox 3163 2062 3450 2117; x_wconf 81' lang='lat' dir='ltr'>domuum</span> <span class='ocrx_word' id='word_1_261' title='bbox 3471 2059 3700 2117; x_wconf 84' lang='lat' dir='ltr'>Juvlnum</span> 
     </span>
    </p>
   </div>
   <div class='ocr_carea' id='block_1_22' title="bbox 339 2146 3703 2223">
    <p class='ocr_par' dir='ltr' id='par_1_22' title="bbox 339 2146 3703 2223">
     <span class='ocr_line' id='line_1_22' title="bbox 339 2146 3703 2223; baseline -0 -19"><span class='ocrx_word' id='word_1_262' title='bbox 339 2153 512 2220; x_wconf 86' lang='lat' dir='ltr'>atque</span> <span class='ocrx_word' id='word_1_263' title='bbox 532 2148 840 2220; x_wconf 90' lang='lat' dir='ltr'>Pancratii,</span> <span class='ocrx_word' id='word_1_264' title='bbox 874 2166 1008 2205; x_wconf 88' lang='lat' dir='ltr'>cum</span> <span class='ocrx_word' id='word_1_265' title='bbox 1028 2148 1335 2220; x_wconf 89' lang='lat' dir='ltr'>plurimis;</span> <span class='ocrx_word' id='word_1_266' title='bbox 1364 2148 1523 2220; x_wconf 91' lang='lat' dir='ltr'>quod</span> <span class='ocrx_word' id='word_1_267' title='bbox 1555 2164 1717 2203; x_wconf 92' lang='lat' dir='ltr'>nunc</span> <span class='ocrx_word' id='word_1_268' title='bbox 1749 2147 1991 2220; x_wconf 87' lang='lat' dir='ltr'>longum</span> <span class='ocrx_word' id='word_1_269' title='bbox 2100 2147 2339 2203; x_wconf 87' lang='lat' dir='ltr'>fundus.</span> <span class='ocrx_word' id='word_1_270' title='bbox 2368 2147 2602 2204; x_wconf 89' lang='lat' dir='ltr'>Tertius</span> <span class='ocrx_word' id='word_1_271' title='bbox 2623 2147 2847 2204; x_wconf 81' lang='lat' dir='ltr'>exstitit</span> <span class='ocrx_word' id='word_1_272' title='bbox 2867 2147 3284 2217; x_wconf 85' lang='lat' dir='ltr'>Theodericus,</span> <span class='ocrx_word' id='word_1_273' title='bbox 3312 2155 3553 2223; x_wconf 84' lang='lat' dir='ltr'>quartus</span> <span class='ocrx_word' id='word_1_274' title='bbox 3572 2146 3703 2217; x_wconf 79' lang='lat' dir='ltr'>Regi-</span> 
     </span>
    </p>
   </div>
   <div class='ocr_carea' id='block_1_23' title="bbox 346 2234 3704 2310">
    <p class='ocr_par' dir='ltr' id='par_1_23' title="bbox 346 2234 3704 2310">
     <span class='ocr_line' id='line_1_23' title="bbox 346 2234 3704 2310; baseline -0.001 -16"><span class='ocrx_word' id='word_1_275' title='bbox 346 2238 582 2294; x_wconf 87' lang='lat' dir='ltr'>videtur</span> <span class='ocrx_word' id='word_1_276' title='bbox 610 2238 909 2310; x_wconf 89' lang='lat' dir='ltr'>prosequi.</span> <span class='ocrx_word' id='word_1_277' title='bbox 2102 2236 2345 2304; x_wconf 90' lang='lat' dir='ltr'>nardus,</span> <span class='ocrx_word' id='word_1_278' title='bbox 2377 2236 2622 2309; x_wconf 88' lang='lat' dir='ltr'>quintus</span> <span class='ocrx_word' id='word_1_279' title='bbox 2653 2237 3011 2294; x_wconf 86' lang='lat' dir='ltr'>Humbertus</span> <span class='ocrx_word' id='word_1_280' title='bbox 3043 2238 3139 2310; x_wconf 70' lang='grc'>(4).</span> <span class='ocrx_word' id='word_1_281' title='bbox 3162 2239 3526 2295; x_wconf 77' lang='lat' dir='ltr'>Sextusvere</span> <span class='ocrx_word' id='word_1_282' title='bbox 3553 2234 3704 2309; x_wconf 84' lang='lat' dir='ltr'>Pippi-</span> 
     </span>
    </p>
   </div>
   <div class='ocr_carea' id='block_1_24' title="bbox 987 2322 3700 2401">
    <p class='ocr_par' dir='ltr' id='par_1_24' title="bbox 987 2322 3700 2401">
     <span class='ocr_line' id='line_1_24' title="bbox 987 2322 3700 2401; baseline -0.001 -18"><span class='ocrx_word' id='word_1_283' title='bbox 987 2326 1219 2383; x_wconf 88' lang='lat' dir='ltr'>CAPUT</span> <span class='ocrx_word' id='word_1_284' title='bbox 1256 2326 1324 2381; x_wconf 90' lang='lat' dir='ltr'>V.</span> <span class='ocrx_word' id='word_1_285' title='bbox 2101 2342 2217 2381; x_wconf 89' lang='lat' dir='ltr'>nus</span> <span class='ocrx_word' id='word_1_286' title='bbox 2242 2327 2337 2381; x_wconf 86' lang='lat' dir='ltr'>vix</span> <span class='ocrx_word' id='word_1_287' title='bbox 2386 2325 2620 2397; x_wconf 69' lang='lat' dir='ltr'>prefuit</span> <span class='ocrx_word' id='word_1_288' title='bbox 2658 2324 2927 2399; x_wconf 84' lang='lat' dir='ltr'>pauculis</span> <span class='ocrx_word' id='word_1_289' title='bbox 2975 2324 3283 2383; x_wconf 75' lang='lat' dir='ltr'>cmnObitis</span> <span class='ocrx_word' id='word_1_290' title='bbox 3306 2322 3527 2401; x_wconf 75' lang='lat' dir='ltr'>aliquot</span> <span class='ocrx_word' id='word_1_291' title='bbox 3551 2323 3700 2390; x_wconf 76' lang='lat' dir='ltr'>annis,</span> 
     </span>
    </p>
   </div>
   <div class='ocr_carea' id='block_1_25' title="bbox 404 2413 3703 2488">
    <p class='ocr_par' dir='ltr' id='par_1_25' title="bbox 404 2413 3703 2488">
     <span class='ocr_line' id='line_1_25' title="bbox 404 2413 3703 2488; baseline -0.001 -17"><span class='ocrx_word' id='word_1_292' title='bbox 404 2416 512 2472; x_wconf 90' lang='lat' dir='ltr'>Per</span> <span class='ocrx_word' id='word_1_293' title='bbox 535 2416 654 2473; x_wconf 76' lang='lat' dir='ltr'>haec</span> <span class='ocrx_word' id='word_1_294' title='bbox 692 2420 960 2488; x_wconf 87' lang='lat' dir='ltr'>tempora</span> <span class='ocrx_word' id='word_1_295' title='bbox 1017 2416 1088 2471; x_wconf 89' lang='lat' dir='ltr'>ab</span> <span class='ocrx_word' id='word_1_296' title='bbox 1147 2415 1404 2471; x_wconf 89' lang='lat' dir='ltr'>Orientis</span> <span class='ocrx_word' id='word_1_297' title='bbox 1462 2415 1733 2487; x_wconf 87' lang='lat' dir='ltr'>partibus</span> <span class='ocrx_word' id='word_1_298' title='bbox 1795 2414 1987 2470; x_wconf 90' lang='lat' dir='ltr'>eidem</span> <span class='ocrx_word' id='word_1_299' title='bbox 2103 2413 2353 2470; x_wconf 88' lang='lat' dir='ltr'>nimium</span> <span class='ocrx_word' id='word_1_300' title='bbox 2383 2432 2420 2470; x_wconf 88' lang='lat' dir='ltr'>a</span> <span class='ocrx_word' id='word_1_301' title='bbox 2444 2417 2792 2488; x_wconf 75' lang='lat' dir='ltr'>principibus</span> <span class='ocrx_word' id='word_1_302' title='bbox 2822 2415 2897 2488; x_wconf 89' lang='grc'>(5)</span> <span class='ocrx_word' id='word_1_303' title='bbox 2927 2428 3189 2487; x_wconf 83' lang='lat' dir='ltr'>pressus.</span> <span class='ocrx_word' id='word_1_304' title='bbox 3214 2415 3394 2473; x_wconf 84' lang='lat' dir='ltr'>Porro</span> <span class='ocrx_word' id='word_1_305' title='bbox 3416 2432 3513 2473; x_wconf 84' lang='lat' dir='ltr'>sex</span> <span class='ocrx_word' id='word_1_306' title='bbox 3533 2415 3703 2471; x_wconf 82' lang='lat' dir='ltr'>borum</span> 
     </span>
    </p>
   </div>
   <div class='ocr_carea' id='block_1_26' title="bbox 340 2503 3701 2578">
    <p class='ocr_par' dir='ltr' id='par_1_26' title="bbox 340 2503 3701 2578">
     <span class='ocr_line' id='line_1_26' title="bbox 340 2503 3701 2578; baseline -0.001 -17"><span class='ocrx_word' id='word_1_307' title='bbox 340 2505 603 2561; x_wconf 70' lang='lat' dir='ltr'>coenobio</span> <span class='ocrx_word' id='word_1_308' title='bbox 634 2504 828 2560; x_wconf 90' lang='lat' dir='ltr'>divino</span> <span class='ocrx_word' id='word_1_309' title='bbox 858 2505 1035 2560; x_wconf 84' lang='lat' dir='ltr'>ductu</span> <span class='ocrx_word' id='word_1_310' title='bbox 1069 2505 1362 2560; x_wconf 86' lang='lat' dir='ltr'>destinata</span> <span class='ocrx_word' id='word_1_311' title='bbox 1391 2510 1532 2560; x_wconf 90' lang='lat' dir='ltr'>sunt</span> <span class='ocrx_word' id='word_1_312' title='bbox 1587 2505 1703 2559; x_wconf 91' lang='lat' dir='ltr'>duo</span> <span class='ocrx_word' id='word_1_313' title='bbox 1759 2504 1995 2576; x_wconf 68' lang='lat' dir='ltr'>praecla-</span> <span class='ocrx_word' id='word_1_314' title='bbox 2104 2504 2340 2560; x_wconf 89' lang='lat' dir='ltr'>Patrum</span> <span class='ocrx_word' id='word_1_315' title='bbox 2361 2504 2717 2560; x_wconf 68' lang='lat' dir='ltr'>aatashabuit</span> <span class='ocrx_word' id='word_1_316' title='bbox 2730 2503 3701 2578; x_wconf 70' lang='lat' dir='ltr'>principesreipublicze,prmdietun</span> 
     </span>
    </p>
   </div>
   <div class='ocr_carea' id='block_1_27' title="bbox 345 2585 3704 2665">
    <p class='ocr_par' dir='ltr' id='par_1_27' title="bbox 345 2585 3704 2665">
     <span class='ocr_line' id='line_1_27' title="bbox 345 2585 3704 2665; baseline -0.001 -16"><span class='ocrx_word' id='word_1_317' title='bbox 345 2592 584 2649; x_wconf 87' lang='lat' dir='ltr'>rissima</span> <span class='ocrx_word' id='word_1_318' title='bbox 612 2592 858 2661; x_wconf 90' lang='lat' dir='ltr'>lumina,</span> <span class='ocrx_word' id='word_1_319' title='bbox 884 2594 1123 2665; x_wconf 90' lang='lat' dir='ltr'>quidam</span> <span class='ocrx_word' id='word_1_320' title='bbox 1142 2592 1411 2649; x_wconf 84' lang='lat' dir='ltr'>videlicet</span> <span class='ocrx_word' id='word_1_321' title='bbox 1432 2592 1587 2648; x_wconf 90' lang='lat' dir='ltr'>inter</span> <span class='ocrx_word' id='word_1_322' title='bbox 1608 2610 1748 2649; x_wconf 91' lang='lat' dir='ltr'>suos</span> <span class='ocrx_word' id='word_1_323' title='bbox 1769 2609 1867 2648; x_wconf 87' lang='lat' dir='ltr'>rex</span> <span class='ocrx_word' id='word_1_324' title='bbox 1898 2609 1997 2648; x_wconf 89' lang='lat' dir='ltr'>no-</span> <span class='ocrx_word' id='word_1_325' title='bbox 2103 2592 2482 2659; x_wconf 89' lang='lat' dir='ltr'>Ludovicum,</span> <span class='ocrx_word' id='word_1_326' title='bbox 2508 2593 2871 2661; x_wconf 82' lang='lat' dir='ltr'>Lotharium,</span> <span class='ocrx_word' id='word_1_327' title='bbox 2906 2592 3047 2649; x_wconf 87' lang='lat' dir='ltr'>item</span> <span class='ocrx_word' id='word_1_328' title='bbox 3090 2593 3453 2661; x_wconf 77' lang='lat' dir='ltr'>Lothariu‘m,</span> <span class='ocrx_word' id='word_1_329' title='bbox 3503 2585 3704 2649; x_wconf 71' lang='lat' dir='ltr'>Ludovi-</span> 
     </span>
    </p>
   </div>
   <div class='ocr_carea' id='block_1_28' title="bbox 343 2679 3706 2756">
    <p class='ocr_par' dir='ltr' id='par_1_28' title="bbox 343 2679 3706 2756">
     <span class='ocr_line' id='line_1_28' title="bbox 343 2679 3706 2756; baseline -0.001 -20"><span class='ocrx_word' id='word_1_330' title='bbox 343 2683 503 2737; x_wconf 88' lang='lat' dir='ltr'>mine</span> <span class='ocrx_word' id='word_1_331' title='bbox 532 2684 778 2738; x_wconf 67' lang='lat' dir='ltr'>Lazarus</span> <span class='ocrx_word' id='word_1_332' title='bbox 807 2699 941 2738; x_wconf 90' lang='lat' dir='ltr'>cum</span> <span class='ocrx_word' id='word_1_333' title='bbox 976 2681 1097 2738; x_wconf 85' lang='lat' dir='ltr'>ﬁlia</span> <span class='ocrx_word' id='word_1_334' title='bbox 1137 2683 1273 2752; x_wconf 80' lang='lat' dir='ltr'>Aza,</span> <span class='ocrx_word' id='word_1_335' title='bbox 1317 2699 1443 2755; x_wconf 82' lang='lat' dir='ltr'>quae</span> <span class='ocrx_word' id='word_1_336' title='bbox 1475 2682 1651 2737; x_wconf 89' lang='lat' dir='ltr'>etiam</span> <span class='ocrx_word' id='word_1_337' title='bbox 1696 2682 1997 2738; x_wconf 84' lang='lat' dir='ltr'>exstiterat</span> <span class='ocrx_word' id='word_1_338' title='bbox 2103 2698 2268 2750; x_wconf 91' lang='lat' dir='ltr'>cum,</span> <span class='ocrx_word' id='word_1_339' title='bbox 2297 2698 2401 2737; x_wconf 89' lang='lat' dir='ltr'>nec</span> <span class='ocrx_word' id='word_1_340' title='bbox 2434 2699 2547 2737; x_wconf 89' lang='lat' dir='ltr'>non</span> <span class='ocrx_word' id='word_1_341' title='bbox 2576 2681 2912 2754; x_wconf 82' lang='lat' dir='ltr'>Arnult&#39;um,</span> <span class='ocrx_word' id='word_1_342' title='bbox 2946 2698 3198 2755; x_wconf 85' lang='lat' dir='ltr'>quorum</span> <span class='ocrx_word' id='word_1_343' title='bbox 3230 2683 3584 2756; x_wconf 69' lang='lat' dir='ltr'>temporibus</span> <span class='ocrx_word' id='word_1_344' title='bbox 3608 2679 3706 2750; x_wconf 67' lang='lat' dir='ltr'>ipsi</span> 
     </span>
    </p>
   </div>
   <div class='ocr_carea' id='block_1_29' title="bbox 344 2766 3701 2845">
    <p class='ocr_par' dir='ltr' id='par_1_29' title="bbox 344 2766 3701 2845">
     <span class='ocr_line' id='line_1_29' title="bbox 344 2766 3701 2845; baseline -0.001 -20"><span class='ocrx_word' id='word_1_345' title='bbox 344 2772 405 2826; x_wconf 92' lang='lat' dir='ltr'>in</span> <span class='ocrx_word' id='word_1_346' title='bbox 438 2770 653 2827; x_wconf 86' lang='lat' dir='ltr'>ﬁnibus</span> <span class='ocrx_word' id='word_1_347' title='bbox 683 2770 801 2827; x_wconf 86' lang='lat' dir='ltr'>illis</span> <span class='ocrx_word' id='word_1_348' title='bbox 832 2770 1052 2845; x_wconf 83' lang='lat' dir='ltr'>regina.</span> <span class='ocrx_word' id='word_1_349' title='bbox 1088 2770 1155 2826; x_wconf 84' lang='lat' dir='ltr'>Hi</span> <span class='ocrx_word' id='word_1_350' title='bbox 1187 2770 1296 2843; x_wconf 63' lang='lat' dir='ltr'>pia</span> <span class='ocrx_word' id='word_1_351' title='bbox 1328 2770 1654 2827; x_wconf 91' lang='lat' dir='ltr'>devotionis</span> <span class='ocrx_word' id='word_1_352' title='bbox 1685 2770 1877 2825; x_wconf 91' lang='lat' dir='ltr'>studio</span> <span class='ocrx_word' id='word_1_353' title='bbox 1898 2772 1993 2826; x_wconf 89' lang='lat' dir='ltr'>de-</span> <span class='ocrx_word' id='word_1_354' title='bbox 2101 2770 2336 2827; x_wconf 87' lang='lat' dir='ltr'>abbatia</span> <span class='ocrx_word' id='word_1_355' title='bbox 2350 2770 2668 2844; x_wconf 89' lang='lat' dir='ltr'>plurimum</span> <span class='ocrx_word' id='word_1_356' title='bbox 2686 2775 3006 2839; x_wconf 73' lang='lat' dir='ltr'>attenuata,</span> <span class='ocrx_word' id='word_1_357' title='bbox 3020 2772 3284 2845; x_wconf 72' lang='lat' dir='ltr'>exigente</span> <span class='ocrx_word' id='word_1_358' title='bbox 3294 2773 3429 2844; x_wconf 87' lang='lat' dir='ltr'>jam</span> <span class='ocrx_word' id='word_1_359' title='bbox 3445 2766 3701 2827; x_wconf 55' lang='lat' dir='ltr'>saevitas-</span> 
     </span>
    </p>
   </div>
   <div class='ocr_carea' id='block_1_30' title="bbox 345 2858 3706 2933">
    <p class='ocr_par' dir='ltr' id='par_1_30' title="bbox 345 2858 3706 2933">
     <span class='ocr_line' id='line_1_30' title="bbox 345 2858 3706 2933; baseline -0.001 -18"><span class='ocrx_word' id='word_1_360' title='bbox 345 2860 594 2916; x_wconf 87' lang='lat' dir='ltr'>ferentes</span> <span class='ocrx_word' id='word_1_361' title='bbox 624 2859 877 2933; x_wconf 87' lang='lat' dir='ltr'>propria,</span> <span class='ocrx_word' id='word_1_362' title='bbox 901 2860 1224 2933; x_wconf 89' lang='lat' dir='ltr'>expetivere</span> <span class='ocrx_word' id='word_1_363' title='bbox 1245 2858 1572 2933; x_wconf 83' lang='lat' dir='ltr'>peregrina,</span> <span class='ocrx_word' id='word_1_364' title='bbox 1604 2863 1898 2932; x_wconf 88' lang='lat' dir='ltr'>quatenus</span> <span class='ocrx_word' id='word_1_365' title='bbox 1930 2858 1992 2914; x_wconf 90' lang='lat' dir='ltr'>in</span> <span class='ocrx_word' id='word_1_366' title='bbox 2101 2859 2307 2932; x_wconf 89' lang='lat' dir='ltr'>quitia,</span> <span class='ocrx_word' id='word_1_367' title='bbox 2322 2860 2774 2933; x_wconf 88' lang='lat' dir='ltr'>perLotharium</span> <span class='ocrx_word' id='word_1_368' title='bbox 2791 2860 2891 2932; x_wconf 89' lang='lat' dir='ltr'>qui</span> <span class='ocrx_word' id='word_1_369' title='bbox 2917 2860 3105 2917; x_wconf 77' lang='lat' dir='ltr'>factus</span> <span class='ocrx_word' id='word_1_370' title='bbox 3120 2861 3533 2917; x_wconf 80' lang='lat' dir='ltr'>estanathema</span> <span class='ocrx_word' id='word_1_371' title='bbox 3561 2866 3706 2914; x_wconf 66' lang='lat' dir='ltr'>mars-</span> 
     </span>
    </p>
   </div>
   <div class='ocr_carea' id='block_1_31' title="bbox 351 2948 3701 3022">
    <p class='ocr_par' dir='ltr' id='par_1_31' title="bbox 351 2948 3701 3022">
     <span class='ocr_line' id='line_1_31' title="bbox 351 2948 3701 3022; baseline -0.001 -19"><span class='ocrx_word' id='word_1_372' title='bbox 351 2950 493 3005; x_wconf 85' lang='lat' dir='ltr'>urbe</span> <span class='ocrx_word' id='word_1_373' title='bbox 524 2949 807 3006; x_wconf 83' lang='lat' dir='ltr'>Romuleo.</span> <span class='ocrx_word' id='word_1_374' title='bbox 852 2953 1219 3006; x_wconf 89' lang='lat' dir='ltr'>mererentur</span> <span class='ocrx_word' id='word_1_375' title='bbox 1265 2948 1548 3022; x_wconf 89' lang='lat' dir='ltr'>attingere</span> <span class='ocrx_word' id='word_1_376' title='bbox 1592 2948 1994 3021; x_wconf 85' lang='lat' dir='ltr'>apostolorum</span> <span class='ocrx_word' id='word_1_377' title='bbox 2101 2949 2300 3017; x_wconf 89' lang='lat' dir='ltr'>natha,</span> <span class='ocrx_word' id='word_1_378' title='bbox 2334 2965 2481 3021; x_wconf 91' lang='lat' dir='ltr'>pene</span> <span class='ocrx_word' id='word_1_379' title='bbox 2511 2949 2731 3005; x_wconf 87' lang='lat' dir='ltr'>exstitit</span> <span class='ocrx_word' id='word_1_380' title='bbox 2762 2949 3048 3020; x_wconf 89' lang='lat' dir='ltr'>desolata,</span> <span class='ocrx_word' id='word_1_381' title='bbox 3079 2966 3206 3022; x_wconf 66' lang='lat' dir='ltr'>quae</span> <span class='ocrx_word' id='word_1_382' title='bbox 3238 2966 3431 3022; x_wconf 78' lang='lat' dir='ltr'>usque</span> <span class='ocrx_word' id='word_1_383' title='bbox 3458 2948 3701 3020; x_wconf 66' lang='lat' dir='ltr'>adipem</span> 
     </span>
    </p>
   </div>
   <div class='ocr_carea' id='block_1_32' title="bbox 349 3037 3703 3113">
    <p class='ocr_par' dir='ltr' id='par_1_32' title="bbox 349 3037 3703 3113">
     <span class='ocr_line' id='line_1_32' title="bbox 349 3037 3703 3113; baseline -0.001 -21"><span class='ocrx_word' id='word_1_384' title='bbox 349 3037 575 3109; x_wconf 87' lang='lat' dir='ltr'>limina,</span> <span class='ocrx_word' id='word_1_385' title='bbox 598 3042 655 3093; x_wconf 92' lang='lat' dir='ltr'>et</span> <span class='ocrx_word' id='word_1_386' title='bbox 670 3037 1473 3110; x_wconf 87' lang='lat' dir='ltr'>insuperadirentmemorias</span> <span class='ocrx_word' id='word_1_387' title='bbox 1491 3041 1828 3093; x_wconf 88' lang='lat' dir='ltr'>sanctorum</span> <span class='ocrx_word' id='word_1_388' title='bbox 1843 3054 1991 3110; x_wconf 88' lang='lat' dir='ltr'>quos</span> <span class='ocrx_word' id='word_1_389' title='bbox 2100 3037 2355 3110; x_wconf 90' lang='lat' dir='ltr'>pollebat</span> <span class='ocrx_word' id='word_1_390' title='bbox 2377 3038 2674 3110; x_wconf 89' lang='lat' dir='ltr'>religione,</span> <span class='ocrx_word' id='word_1_391' title='bbox 2691 3054 3005 3111; x_wconf 83' lang='lat' dir='ltr'>rerumque</span> <span class='ocrx_word' id='word_1_392' title='bbox 3021 3039 3208 3111; x_wconf 89' lang='lat' dir='ltr'>copia.</span> <span class='ocrx_word' id='word_1_393' title='bbox 3226 3038 3333 3094; x_wconf 88' lang='lat' dir='ltr'>Hic</span> <span class='ocrx_word' id='word_1_394' title='bbox 3348 3037 3703 3113; x_wconf 75' lang='lat' dir='ltr'>tergiversatur</span> 
     </span>
    </p>
   </div>
   <div class='ocr_carea' id='block_1_33' title="bbox 348 3125 3700 3200">
    <p class='ocr_par' dir='ltr' id='par_1_33' title="bbox 348 3125 3700 3200">
     <span class='ocr_line' id='line_1_33' title="bbox 348 3125 3700 3200; baseline -0.001 -18"><span class='ocrx_word' id='word_1_395' title='bbox 348 3127 547 3183; x_wconf 84' lang='lat' dir='ltr'>triﬁda</span> <span class='ocrx_word' id='word_1_396' title='bbox 572 3127 959 3183; x_wconf 86' lang='lat' dir='ltr'>venerabatur</span> <span class='ocrx_word' id='word_1_397' title='bbox 988 3126 1195 3182; x_wconf 89' lang='lat' dir='ltr'>Gallia.</span> <span class='ocrx_word' id='word_1_398' title='bbox 1236 3127 1500 3199; x_wconf 88' lang='lat' dir='ltr'>Cumque</span> <span class='ocrx_word' id='word_1_399' title='bbox 1553 3125 1809 3199; x_wconf 89' lang='lat' dir='ltr'>plurima</span> <span class='ocrx_word' id='word_1_400' title='bbox 1854 3143 1989 3199; x_wconf 91' lang='lat' dir='ltr'>pcr-</span> <span class='ocrx_word' id='word_1_401' title='bbox 2034 3196 2065 3200; x_wconf 38' lang='grc' dir='ltr'><strong>ῃ</strong></span> <span class='ocrx_word' id='word_1_402' title='bbox 2101 3126 2351 3183; x_wconf 90' lang='lat' dir='ltr'>callidus</span> <span class='ocrx_word' id='word_1_403' title='bbox 2390 3126 2919 3200; x_wconf 87' lang='lat' dir='ltr'>damnabiliterque</span> <span class='ocrx_word' id='word_1_404' title='bbox 2958 3126 3478 3193; x_wconf 84' lang='lat' dir='ltr'>levisaclubricus,</span> <span class='ocrx_word' id='word_1_405' title='bbox 3505 3128 3700 3198; x_wconf 83' lang='lat' dir='ltr'>patruo-</span> 
     </span>
    </p>
   </div>
   <div class='ocr_carea' id='block_1_34' title="bbox 348 3196 3700 3289">
    <p class='ocr_par' dir='ltr' id='par_1_34' title="bbox 348 3196 3700 3289">
     <span class='ocr_line' id='line_1_34' title="bbox 348 3196 3700 3289; baseline -0.001 -19"><span class='ocrx_word' id='word_1_406' title='bbox 348 3216 606 3288; x_wconf 84' lang='lat' dir='ltr'>agrando</span> <span class='ocrx_word' id='word_1_407' title='bbox 636 3214 763 3270; x_wconf 91' lang='lat' dir='ltr'>loca</span> <span class='ocrx_word' id='word_1_408' title='bbox 789 3220 1128 3272; x_wconf 89' lang='lat' dir='ltr'>sanctorum</span> <span class='ocrx_word' id='word_1_409' title='bbox 1162 3196 1572 3272; x_wconf 72' lang='lat' dir='ltr'>satisfacerent</span> <span class='ocrx_word' id='word_1_410' title='bbox 1584 3196 1873 3288; x_wconf 65' lang='lat' dir='ltr'>religiosae</span> <span class='ocrx_word' id='word_1_411' title='bbox 1888 3232 1989 3271; x_wconf 85' lang='lat' dir='ltr'>cu-</span> <span class='ocrx_word' id='word_1_412' title='bbox 2020 3196 2067 3268; x_wconf 66' lang='grc' dir='ltr'>(ἶ</span> <span class='ocrx_word' id='word_1_413' title='bbox 2102 3232 2233 3271; x_wconf 89' lang='lat' dir='ltr'>rum</span> <span class='ocrx_word' id='word_1_414' title='bbox 2247 3215 2588 3289; x_wconf 88' lang='lat' dir='ltr'>patientiam</span> <span class='ocrx_word' id='word_1_415' title='bbox 2602 3196 2842 3272; x_wconf 79' lang='lat' dir='ltr'>sedulus</span> <span class='ocrx_word' id='word_1_416' title='bbox 2856 3196 3700 3289; x_wconf 57' lang='lat' dir='ltr'>irritabaqﬁ)machinationibus;</span> 
     </span>
    </p>
   </div>
   <div class='ocr_carea' id='block_1_35' title="bbox 346 3301 3701 3379">
    <p class='ocr_par' dir='ltr' id='par_1_35' title="bbox 346 3301 3701 3379">
     <span class='ocr_line' id='line_1_35' title="bbox 346 3301 3701 3379; baseline 0.001 -21"><span class='ocrx_word' id='word_1_417' title='bbox 346 3302 618 3371; x_wconf 86' lang='lat' dir='ltr'>riositati,</span> <span class='ocrx_word' id='word_1_418' title='bbox 650 3305 888 3360; x_wconf 84' lang='lat' dir='ltr'>tandem</span> <span class='ocrx_word' id='word_1_419' title='bbox 948 3305 1205 3360; x_wconf 87' lang='lat' dir='ltr'>subeunt</span> <span class='ocrx_word' id='word_1_420' title='bbox 1263 3304 1683 3361; x_wconf 88' lang='lat' dir='ltr'>habitationem</span> <span class='ocrx_word' id='word_1_421' title='bbox 1741 3303 1993 3360; x_wconf 88' lang='lat' dir='ltr'>Mediani</span> <span class='ocrx_word' id='word_1_422' title='bbox 2103 3305 2381 3360; x_wconf 90' lang='lat' dir='ltr'>adversus</span> <span class='ocrx_word' id='word_1_423' title='bbox 2393 3321 2541 3376; x_wconf 90' lang='lat' dir='ltr'>quos</span> <span class='ocrx_word' id='word_1_424' title='bbox 2553 3321 2686 3360; x_wconf 89' lang='lat' dir='ltr'>cum</span> <span class='ocrx_word' id='word_1_425' title='bbox 2702 3303 2876 3360; x_wconf 89' lang='lat' dir='ltr'>etiam</span> <span class='ocrx_word' id='word_1_426' title='bbox 2891 3305 3155 3360; x_wconf 88' lang='lat' dir='ltr'>crebram</span> <span class='ocrx_word' id='word_1_427' title='bbox 3184 3304 3372 3360; x_wconf 83' lang='lat' dir='ltr'>aciem</span> <span class='ocrx_word' id='word_1_428' title='bbox 3385 3301 3701 3379; x_wconf 50' lang='lat' dir='ltr'>produceret,</span> 
     </span>
    </p>
   </div>
   <div class='ocr_carea' id='block_1_36' title="bbox 344 3386 3705 3468">
    <p class='ocr_par' dir='ltr' id='par_1_36' title="bbox 344 3386 3705 3468">
     <span class='ocr_line' id='line_1_36' title="bbox 344 3386 3705 3468; baseline -0.001 -20"><span class='ocrx_word' id='word_1_429' title='bbox 344 3392 707 3462; x_wconf 85' lang='lat' dir='ltr'>monasterii,</span> <span class='ocrx_word' id='word_1_430' title='bbox 731 3393 903 3449; x_wconf 62' lang='lat' dir='ltr'>fama:</span> <span class='ocrx_word' id='word_1_431' title='bbox 927 3394 1194 3450; x_wconf 89' lang='lat' dir='ltr'>susurrio</span> <span class='ocrx_word' id='word_1_432' title='bbox 1209 3395 1336 3465; x_wconf 88' lang='lat' dir='ltr'>jam</span> <span class='ocrx_word' id='word_1_433' title='bbox 1360 3394 1586 3449; x_wconf 91' lang='lat' dir='ltr'>dudum</span> <span class='ocrx_word' id='word_1_434' title='bbox 1609 3392 1721 3449; x_wconf 91' lang='lat' dir='ltr'>sibi</span> <span class='ocrx_word' id='word_1_435' title='bbox 1751 3392 1991 3466; x_wconf 87' lang='lat' dir='ltr'>cogniti:</span> <span class='ocrx_word' id='word_1_436' title='bbox 2102 3410 2290 3466; x_wconf 89' lang='lat' dir='ltr'>neque</span> <span class='ocrx_word' id='word_1_437' title='bbox 2319 3410 2669 3468; x_wconf 87' lang='lat' dir='ltr'>congressus</span> <span class='ocrx_word' id='word_1_438' title='bbox 2698 3392 2858 3448; x_wconf 89' lang='lat' dir='ltr'>illius</span> <span class='ocrx_word' id='word_1_439' title='bbox 2891 3393 3054 3451; x_wconf 77' lang='lat' dir='ltr'>laetos</span> <span class='ocrx_word' id='word_1_440' title='bbox 3073 3393 3263 3450; x_wconf 78' lang='lat' dir='ltr'>exitus</span> <span class='ocrx_word' id='word_1_441' title='bbox 3285 3386 3705 3464; x_wconf 70' lang='lat' dir='ltr'>haberet,prefa-</span> 
     </span>
    </p>
   </div>
   <div class='ocr_carea' id='block_1_37' title="bbox 342 3474 3702 3556">
    <p class='ocr_par' dir='ltr' id='par_1_37' title="bbox 342 3474 3702 3556">
     <span class='ocr_line' id='line_1_37' title="bbox 342 3474 3702 3556; baseline -0.001 -18"><span class='ocrx_word' id='word_1_442' title='bbox 342 3481 442 3538; x_wconf 91' lang='lat' dir='ltr'>ubi</span> <span class='ocrx_word' id='word_1_443' title='bbox 472 3483 824 3556; x_wconf 84' lang='lat' dir='ltr'>reperientes</span> <span class='ocrx_word' id='word_1_444' title='bbox 856 3483 1241 3539; x_wconf 87' lang='lat' dir='ltr'>Fortunatum</span> <span class='ocrx_word' id='word_1_445' title='bbox 1276 3482 1669 3556; x_wconf 88' lang='lat' dir='ltr'>patriarcham</span> <span class='ocrx_word' id='word_1_446' title='bbox 1699 3482 1997 3539; x_wconf 44' lang='lat' dir='ltr'>venerabi-t</span> <span class='ocrx_word' id='word_1_447' title='bbox 2099 3485 2199 3538; x_wconf 88' lang='lat' dir='ltr'>tus</span> <span class='ocrx_word' id='word_1_448' title='bbox 2229 3482 2410 3538; x_wconf 88' lang='lat' dir='ltr'>abbas</span> <span class='ocrx_word' id='word_1_449' title='bbox 2467 3481 2646 3539; x_wconf 87' lang='lat' dir='ltr'>nimis</span> <span class='ocrx_word' id='word_1_450' title='bbox 2696 3481 2973 3537; x_wconf 87' lang='lat' dir='ltr'>continua</span> <span class='ocrx_word' id='word_1_451' title='bbox 3021 3499 3090 3539; x_wconf 89' lang='lat' dir='ltr'>ex</span> <span class='ocrx_word' id='word_1_452' title='bbox 3122 3481 3243 3538; x_wconf 90' lang='lat' dir='ltr'>acie</span> <span class='ocrx_word' id='word_1_453' title='bbox 3282 3480 3363 3554; x_wconf 76' lang='lat'>(&#39;7)</span> <span class='ocrx_word' id='word_1_454' title='bbox 3406 3480 3635 3537; x_wconf 87' lang='lat' dir='ltr'>militum</span> <span class='ocrx_word' id='word_1_455' title='bbox 3658 3474 3702 3528; x_wconf 81' lang='lat' dir='ltr'>in</span> 
     </span>
    </p>
   </div>
   <div class='ocr_carea' id='block_1_38' title="bbox 338 3558 3701 3645">
    <p class='ocr_par' dir='ltr' id='par_1_38' title="bbox 338 3558 3701 3645">
     <span class='ocr_line' id='line_1_38' title="bbox 338 3558 3701 3645; baseline -0.002 -19"><span class='ocrx_word' id='word_1_456' title='bbox 338 3570 451 3629; x_wconf 89' lang='lat' dir='ltr'>lem</span> <span class='ocrx_word' id='word_1_457' title='bbox 486 3572 910 3629; x_wconf 85' lang='lat' dir='ltr'>monachorum</span> <span class='ocrx_word' id='word_1_458' title='bbox 935 3571 1193 3628; x_wconf 75' lang='lat' dir='ltr'>cmlestia</span> <span class='ocrx_word' id='word_1_459' title='bbox 1210 3571 1614 3644; x_wconf 85' lang='lat' dir='ltr'>suspirantum</span> <span class='ocrx_word' id='word_1_460' title='bbox 1639 3571 1814 3628; x_wconf 90' lang='lat' dir='ltr'>choro</span> <span class='ocrx_word' id='word_1_461' title='bbox 1845 3588 1993 3644; x_wconf 67' lang='lat' dir='ltr'>prm—</span> <span class='ocrx_word' id='word_1_462' title='bbox 2102 3571 2468 3644; x_wconf 90' lang='lat' dir='ltr'>expeditione</span> <span class='ocrx_word' id='word_1_463' title='bbox 2496 3558 3123 3645; x_wconf 83' lang='lat' dir='ltr'>regalicompulsus,et</span> <span class='ocrx_word' id='word_1_464' title='bbox 3152 3569 3410 3627; x_wconf 85' lang='lat' dir='ltr'>maxime</span> <span class='ocrx_word' id='word_1_465' title='bbox 3438 3563 3701 3643; x_wconf 81' lang='lat' dir='ltr'>parricida-</span> 
     </span>
    </p>
   </div>
   <div class='ocr_carea' id='block_1_39' title="bbox 339 3656 3703 3733">
    <p class='ocr_par' dir='ltr' id='par_1_39' title="bbox 339 3656 3703 3733">
     <span class='ocr_line' id='line_1_39' title="bbox 339 3656 3703 3733; baseline -0.001 -17"><span class='ocrx_word' id='word_1_466' title='bbox 339 3660 547 3730; x_wconf 86' lang='lat' dir='ltr'>]atum,</span> <span class='ocrx_word' id='word_1_467' title='bbox 582 3678 759 3733; x_wconf 86' lang='lat' dir='ltr'>quem</span> <span class='ocrx_word' id='word_1_468' title='bbox 805 3660 947 3717; x_wconf 90' lang='lat' dir='ltr'>olim</span> <span class='ocrx_word' id='word_1_469' title='bbox 996 3661 1324 3717; x_wconf 91' lang='lat' dir='ltr'>habuerant</span> <span class='ocrx_word' id='word_1_470' title='bbox 1352 3679 1468 3717; x_wconf 91' lang='lat' dir='ltr'>non</span> <span class='ocrx_word' id='word_1_471' title='bbox 1497 3660 1787 3733; x_wconf 88' lang='lat' dir='ltr'>ignotum,</span> <span class='ocrx_word' id='word_1_472' title='bbox 1840 3676 1994 3717; x_wconf 87' lang='lat' dir='ltr'>com-</span> <span class='ocrx_word' id='word_1_473' title='bbox 2100 3661 2214 3717; x_wconf 90' lang='lat' dir='ltr'>lem</span> <span class='ocrx_word' id='word_1_474' title='bbox 2237 3659 2665 3717; x_wconf 63' lang='lat' dir='ltr'>dissensionem</span> <span class='ocrx_word' id='word_1_475' title='bbox 2688 3677 2954 3733; x_wconf 88' lang='lat' dir='ltr'>perosus,</span> <span class='ocrx_word' id='word_1_476' title='bbox 2984 3659 3138 3716; x_wconf 87' lang='lat' dir='ltr'>alam</span> <span class='ocrx_word' id='word_1_477' title='bbox 3170 3659 3545 3717; x_wconf 89' lang='lat' dir='ltr'>loricatorum</span> <span class='ocrx_word' id='word_1_478' title='bbox 3563 3656 3703 3730; x_wconf 76' lang='lat' dir='ltr'>quam</span> 
     </span>
    </p>
   </div>
   <div class='ocr_carea' id='block_1_40' title="bbox 342 3742 3701 3823">
    <p class='ocr_par' dir='ltr' id='par_1_40' title="bbox 342 3742 3701 3823">
     <span class='ocr_line' id='line_1_40' title="bbox 342 3742 3701 3823; baseline -0.001 -18"><span class='ocrx_word' id='word_1_479' title='bbox 342 3750 542 3822; x_wconf 88' lang='lat' dir='ltr'>puncti</span> <span class='ocrx_word' id='word_1_480' title='bbox 566 3756 771 3806; x_wconf 89' lang='lat' dir='ltr'>sancta</span> <span class='ocrx_word' id='word_1_481' title='bbox 802 3750 1242 3805; x_wconf 87' lang='lat' dir='ltr'>conversatione</span> <span class='ocrx_word' id='word_1_482' title='bbox 1269 3754 1324 3806; x_wconf 90' lang='lat' dir='ltr'>et</span> <span class='ocrx_word' id='word_1_483' title='bbox 1344 3749 1741 3805; x_wconf 82' lang='lat' dir='ltr'>admonitione</span> <span class='ocrx_word' id='word_1_484' title='bbox 1762 3765 1988 3819; x_wconf 87' lang='lat' dir='ltr'>eorum,</span> <span class='ocrx_word' id='word_1_485' title='bbox 2100 3749 2403 3819; x_wconf 89' lang='lat' dir='ltr'>solebat,id</span> <span class='ocrx_word' id='word_1_486' title='bbox 2437 3754 2527 3806; x_wconf 90' lang='lat' dir='ltr'>est</span> <span class='ocrx_word' id='word_1_487' title='bbox 2554 3749 2796 3823; x_wconf 87' lang='lat' dir='ltr'>triginta</span> <span class='ocrx_word' id='word_1_488' title='bbox 2827 3748 3044 3806; x_wconf 88' lang='lat' dir='ltr'>milites</span> <span class='ocrx_word' id='word_1_489' title='bbox 3064 3765 3200 3805; x_wconf 89' lang='lat' dir='ltr'>cum</span> <span class='ocrx_word' id='word_1_490' title='bbox 3220 3753 3500 3805; x_wconf 83' lang='lat' dir='ltr'>consueto</span> <span class='ocrx_word' id='word_1_491' title='bbox 3519 3742 3701 3819; x_wconf 57' lang='grc' dir='ltr'>(διεφθα-</span> 
     </span>
    </p>
   </div>
   <div class='ocr_carea' id='block_1_41' title="bbox 344 3831 3702 3910">
    <p class='ocr_par' dir='ltr' id='par_1_41' title="bbox 344 3831 3702 3910">
     <span class='ocr_line' id='line_1_41' title="bbox 344 3831 3702 3910; baseline 0.001 -18"><span class='ocrx_word' id='word_1_492' title='bbox 344 3842 625 3908; x_wconf 80' lang='lat' dir='ltr'>susceptae</span> <span class='ocrx_word' id='word_1_493' title='bbox 656 3837 1147 3910; x_wconf 83' lang='lat' dir='ltr'>peregri-nationis</span> <span class='ocrx_word' id='word_1_494' title='bbox 1178 3837 1430 3892; x_wconf 86' lang='lat' dir='ltr'>ﬁxerunt</span> <span class='ocrx_word' id='word_1_495' title='bbox 1459 3837 1791 3893; x_wconf 88' lang='lat' dir='ltr'>circuitum.</span> <span class='ocrx_word' id='word_1_496' title='bbox 1823 3838 1994 3894; x_wconf 90' lang='lat' dir='ltr'>Deni-</span> <span class='ocrx_word' id='word_1_497' title='bbox 2098 3842 2167 3893; x_wconf 70' lang='lat' dir='ltr'>tae</span> <span class='ocrx_word' id='word_1_498' title='bbox 2193 3856 2404 3895; x_wconf 90' lang='lat' dir='ltr'>manus</span> <span class='ocrx_word' id='word_1_499' title='bbox 2432 3854 2701 3906; x_wconf 88' lang='lat' dir='ltr'>numero,</span> <span class='ocrx_word' id='word_1_500' title='bbox 2733 3839 2792 3894; x_wconf 90' lang='lat' dir='ltr'>in</span> <span class='ocrx_word' id='word_1_501' title='bbox 2835 3838 3154 3896; x_wconf 86' lang='lat' dir='ltr'>exercitum</span> <span class='ocrx_word' id='word_1_502' title='bbox 3193 3838 3491 3897; x_wconf 88' lang='lat' dir='ltr'>destinare</span> <span class='ocrx_word' id='word_1_503' title='bbox 3536 3831 3702 3895; x_wconf 56' lang='lat' dir='ltr'>noluit.</span> 
     </span>
    </p>
   </div>
   <div class='ocr_carea' id='block_1_42' title="bbox 345 3920 3700 4002">
    <p class='ocr_par' dir='ltr' id='par_1_42' title="bbox 345 3920 3700 4002">
     <span class='ocr_line' id='line_1_42' title="bbox 345 3920 3700 4002; baseline 0 -22"><span class='ocrx_word' id='word_1_504' title='bbox 345 3941 459 3996; x_wconf 88' lang='lat' dir='ltr'>que</span> <span class='ocrx_word' id='word_1_505' title='bbox 489 3924 778 3981; x_wconf 87' lang='lat' dir='ltr'>instantes</span> <span class='ocrx_word' id='word_1_506' title='bbox 808 3925 1009 3981; x_wconf 91' lang='lat' dir='ltr'>nimiis</span> <span class='ocrx_word' id='word_1_507' title='bbox 1038 3925 1310 3997; x_wconf 89' lang='lat' dir='ltr'>precibus</span> <span class='ocrx_word' id='word_1_508' title='bbox 1340 3930 1406 3981; x_wconf 92' lang='lat' dir='ltr'>ut</span> <span class='ocrx_word' id='word_1_509' title='bbox 1437 3924 1656 3981; x_wconf 88' lang='lat' dir='ltr'>recludi</span> <span class='ocrx_word' id='word_1_510' title='bbox 1688 3927 1989 3998; x_wconf 88' lang='lat' dir='ltr'>permitte-</span> <span class='ocrx_word' id='word_1_511' title='bbox 2098 3945 2261 3985; x_wconf 91' lang='lat' dir='ltr'>orare</span> <span class='ocrx_word' id='word_1_512' title='bbox 2292 3945 2353 3984; x_wconf 88' lang='lat' dir='ltr'>se</span> <span class='ocrx_word' id='word_1_513' title='bbox 2383 3929 2582 3984; x_wconf 90' lang='lat' dir='ltr'>dicens</span> <span class='ocrx_word' id='word_1_514' title='bbox 2602 3943 2797 4001; x_wconf 91' lang='lat' dir='ltr'>regem</span> <span class='ocrx_word' id='word_1_515' title='bbox 2832 3945 2904 3984; x_wconf 90' lang='lat' dir='ltr'>ne</span> <span class='ocrx_word' id='word_1_516' title='bbox 2933 3926 3269 3985; x_wconf 89' lang='lat' dir='ltr'>istiusmodi</span> <span class='ocrx_word' id='word_1_517' title='bbox 3298 3927 3590 4002; x_wconf 82' lang='lat' dir='ltr'>angariam</span> <span class='ocrx_word' id='word_1_518' title='bbox 3612 3920 3700 3976; x_wconf 82' lang='lat' dir='ltr'>im-</span> 
     </span>
    </p>
   </div>
   <div class='ocr_carea' id='block_1_43' title="bbox 345 4012 3700 4090">
    <p class='ocr_par' dir='ltr' id='par_1_43' title="bbox 345 4012 3700 4090">
     <span class='ocr_line' id='line_1_43' title="bbox 345 4012 3700 4090; baseline -0.002 -21"><span class='ocrx_word' id='word_1_519' title='bbox 345 4017 565 4081; x_wconf 84' lang='lat' dir='ltr'>rentur,</span> <span class='ocrx_word' id='word_1_520' title='bbox 598 4013 691 4068; x_wconf 85' lang='lat' dir='ltr'>vix</span> <span class='ocrx_word' id='word_1_521' title='bbox 720 4012 1033 4085; x_wconf 88' lang='lat' dir='ltr'>aliquando</span> <span class='ocrx_word' id='word_1_522' title='bbox 1072 4013 1333 4070; x_wconf 89' lang='lat' dir='ltr'>obtinere</span> <span class='ocrx_word' id='word_1_523' title='bbox 1380 4012 1713 4085; x_wconf 85' lang='lat' dir='ltr'>quiverunt.</span> <span class='ocrx_word' id='word_1_524' title='bbox 1756 4014 1990 4070; x_wconf 81' lang='lat' dir='ltr'>Reclus&#39;i</span> <span class='ocrx_word' id='word_1_525' title='bbox 2097 4020 2336 4089; x_wconf 89' lang='lat' dir='ltr'>poneret</span> <span class='ocrx_word' id='word_1_526' title='bbox 2365 4015 2753 4072; x_wconf 90' lang='lat' dir='ltr'>militantibus</span> <span class='ocrx_word' id='word_1_527' title='bbox 2784 4016 2899 4072; x_wconf 92' lang='lat' dir='ltr'>Deo</span> <span class='ocrx_word' id='word_1_528' title='bbox 2937 4015 3264 4084; x_wconf 85' lang='lat' dir='ltr'>monachis;</span> <span class='ocrx_word' id='word_1_529' title='bbox 3300 4015 3429 4090; x_wconf 88' lang='lat' dir='ltr'>ipse</span> <span class='ocrx_word' id='word_1_530' title='bbox 3459 4013 3633 4088; x_wconf 87' lang='lat' dir='ltr'>potius</span> <span class='ocrx_word' id='word_1_531' title='bbox 3652 4023 3700 4063; x_wconf 85' lang='lat' dir='ltr'>ex</span> 
     </span>
    </p>
   </div>
   <div class='ocr_carea' id='block_1_44' title="bbox 344 4095 3699 4178">
    <p class='ocr_par' dir='ltr' id='par_1_44' title="bbox 344 4095 3699 4178">
     <span class='ocr_line' id='line_1_44' title="bbox 344 4095 3699 4178; baseline -0.002 -20"><span class='ocrx_word' id='word_1_532' title='bbox 344 4106 487 4158; x_wconf 89' lang='lat' dir='ltr'>sunt</span> <span class='ocrx_word' id='word_1_533' title='bbox 514 4117 653 4175; x_wconf 90' lang='lat' dir='ltr'>ergo</span> <span class='ocrx_word' id='word_1_534' title='bbox 673 4119 771 4158; x_wconf 86' lang='lat' dir='ltr'>rex</span> <span class='ocrx_word' id='word_1_535' title='bbox 801 4102 860 4157; x_wconf 91' lang='lat' dir='ltr'>in</span> <span class='ocrx_word' id='word_1_536' title='bbox 892 4101 1040 4158; x_wconf 89' lang='lat' dir='ltr'>cella</span> <span class='ocrx_word' id='word_1_537' title='bbox 1068 4101 1182 4158; x_wconf 89' lang='lat' dir='ltr'>sibi</span> <span class='ocrx_word' id='word_1_538' title='bbox 1215 4106 1543 4174; x_wconf 68' lang='lat' dir='ltr'>praeparata</span> <span class='ocrx_word' id='word_1_539' title='bbox 1567 4118 1746 4173; x_wconf 89' lang='lat' dir='ltr'>penes</span> <span class='ocrx_word' id='word_1_540' title='bbox 1797 4108 1989 4159; x_wconf 86' lang='lat' dir='ltr'>orato-</span> <span class='ocrx_word' id='word_1_541' title='bbox 2097 4104 2370 4161; x_wconf 87' lang='lat' dir='ltr'>facultate</span> <span class='ocrx_word' id='word_1_542' title='bbox 2412 4105 2656 4161; x_wconf 66' lang='lat' dir='ltr'>abbatis:</span> <span class='ocrx_word' id='word_1_543' title='bbox 2701 4103 3056 4161; x_wconf 87' lang='lat' dir='ltr'>utilitatibus</span> <span class='ocrx_word' id='word_1_544' title='bbox 3088 4102 3421 4162; x_wconf 84' lang='lat' dir='ltr'>consuleret</span> <span class='ocrx_word' id='word_1_545' title='bbox 3473 4095 3699 4178; x_wconf 85' lang='lat' dir='ltr'>propriis.</span> 
     </span>
    </p>
   </div>
   <div class='ocr_carea' id='block_1_45' title="bbox 343 4189 3701 4267">
    <p class='ocr_par' dir='ltr' id='par_1_45' title="bbox 343 4189 3701 4267">
     <span class='ocr_line' id='line_1_45' title="bbox 343 4189 3701 4267; baseline -0.001 -21"><span class='ocrx_word' id='word_1_546' title='bbox 343 4190 497 4246; x_wconf 87' lang='lat' dir='ltr'>rium</span> <span class='ocrx_word' id='word_1_547' title='bbox 529 4190 681 4247; x_wconf 87' lang='lat' dir='ltr'>beati</span> <span class='ocrx_word' id='word_1_548' title='bbox 713 4190 955 4264; x_wconf 89' lang='lat' dir='ltr'>apostoli</span> <span class='ocrx_word' id='word_1_549' title='bbox 988 4189 1163 4258; x_wconf 90' lang='lat' dir='ltr'>Petri,</span> <span class='ocrx_word' id='word_1_550' title='bbox 1196 4189 1398 4264; x_wconf 86' lang='lat' dir='ltr'>regina</span> <span class='ocrx_word' id='word_1_551' title='bbox 1418 4189 1574 4246; x_wconf 90' lang='lat' dir='ltr'>ultra</span> <span class='ocrx_word' id='word_1_552' title='bbox 1613 4190 1841 4247; x_wconf 90' lang='lat' dir='ltr'>alveum</span> <span class='ocrx_word' id='word_1_553' title='bbox 1882 4192 1990 4248; x_wconf 75' lang='lat' dir='ltr'>Ra—</span> <span class='ocrx_word' id='word_1_554' title='bbox 2096 4192 2213 4249; x_wconf 87' lang='lat' dir='ltr'>Hac</span> <span class='ocrx_word' id='word_1_555' title='bbox 2243 4211 2421 4251; x_wconf 88' lang='lat' dir='ltr'>causa</span> <span class='ocrx_word' id='word_1_556' title='bbox 2448 4197 2734 4267; x_wconf 78' lang='lat' dir='ltr'>tyrannus</span> <span class='ocrx_word' id='word_1_557' title='bbox 2766 4192 3108 4251; x_wconf 87' lang='lat' dir='ltr'>stimulatus</span> <span class='ocrx_word' id='word_1_558' title='bbox 3153 4195 3281 4267; x_wconf 88' lang='lat' dir='ltr'>jam</span> <span class='ocrx_word' id='word_1_559' title='bbox 3328 4210 3482 4267; x_wconf 71' lang='lat' dir='ltr'>saepe</span> <span class='ocrx_word' id='word_1_560' title='bbox 3521 4190 3701 4246; x_wconf 87' lang='lat' dir='ltr'>dictum</span> 
     </span>
    </p>
   </div>
   <div class='ocr_carea' id='block_1_46' title="bbox 341 4277 3703 4356">
    <p class='ocr_par' dir='ltr' id='par_1_46' title="bbox 341 4277 3703 4356">
     <span class='ocr_line' id='line_1_46' title="bbox 341 4277 3703 4356; baseline -0.002 -21"><span class='ocrx_word' id='word_1_561' title='bbox 341 4279 607 4349; x_wconf 84' lang='lat' dir='ltr'>bodonis,</span> <span class='ocrx_word' id='word_1_562' title='bbox 632 4280 803 4352; x_wconf 87' lang='lat' dir='ltr'>juxta</span> <span class='ocrx_word' id='word_1_563' title='bbox 833 4277 1138 4335; x_wconf 87' lang='lat' dir='ltr'>basilicam</span> <span class='ocrx_word' id='word_1_564' title='bbox 1165 4279 1319 4335; x_wconf 89' lang='lat' dir='ltr'>beati</span> <span class='ocrx_word' id='word_1_565' title='bbox 1350 4279 1705 4336; x_wconf 89' lang='lat' dir='ltr'>confessoris</span> <span class='ocrx_word' id='word_1_566' title='bbox 1734 4280 1893 4353; x_wconf 85' lang='lat' dir='ltr'>Apri,</span> <span class='ocrx_word' id='word_1_567' title='bbox 1925 4282 1987 4337; x_wconf 89' lang='lat' dir='ltr'>in</span> <span class='ocrx_word' id='word_1_568' title='bbox 2095 4283 2515 4339; x_wconf 89' lang='lat' dir='ltr'>monasterium</span> <span class='ocrx_word' id='word_1_569' title='bbox 2544 4278 2695 4340; x_wconf 50' lang='lat' dir='ltr'>&#39;duci</span> <span class='ocrx_word' id='word_1_570' title='bbox 2737 4282 3049 4355; x_wconf 68' lang='lat' dir='ltr'>provincia:</span> <span class='ocrx_word' id='word_1_571' title='bbox 3087 4284 3224 4356; x_wconf 90' lang='lat' dir='ltr'>jure</span> <span class='ocrx_word' id='word_1_572' title='bbox 3273 4277 3629 4342; x_wconf 80' lang='lat' dir='ltr'>contradidit,</span> <span class='ocrx_word' id='word_1_573' title='bbox 3651 4289 3703 4329; x_wconf 77' lang='lat' dir='ltr'>ea</span> 
     </span>
    </p>
   </div>
   <div class='ocr_carea' id='block_1_47' title="bbox 339 4364 3702 4445">
    <p class='ocr_par' dir='ltr' id='par_1_47' title="bbox 339 4364 3702 4445">
     <span class='ocr_line' id='line_1_47' title="bbox 339 4364 3702 4445; baseline -0.003 -20"><span class='ocrx_word' id='word_1_574' title='bbox 339 4369 555 4441; x_wconf 89' lang='lat' dir='ltr'>quibus</span> <span class='ocrx_word' id='word_1_575' title='bbox 586 4387 773 4443; x_wconf 89' lang='lat' dir='ltr'>usque</span> <span class='ocrx_word' id='word_1_576' title='bbox 805 4369 978 4426; x_wconf 90' lang='lat' dir='ltr'>hodie</span> <span class='ocrx_word' id='word_1_577' title='bbox 1003 4367 1316 4426; x_wconf 65' lang='lat' dir='ltr'>fenestellae</span> <span class='ocrx_word' id='word_1_578' title='bbox 1340 4369 1601 4442; x_wconf 90' lang='lat' dir='ltr'>ipsorum</span> <span class='ocrx_word' id='word_1_579' title='bbox 1634 4373 1883 4442; x_wconf 88' lang='lat' dir='ltr'>possunt</span> <span class='ocrx_word' id='word_1_580' title='bbox 1909 4371 1987 4426; x_wconf 89' lang='lat' dir='ltr'>vi-</span> <span class='ocrx_word' id='word_1_581' title='bbox 2091 4370 2359 4428; x_wconf 91' lang='lat' dir='ltr'>videlicet</span> <span class='ocrx_word' id='word_1_582' title='bbox 2405 4371 2755 4442; x_wconf 88' lang='lat' dir='ltr'>conditione,</span> <span class='ocrx_word' id='word_1_583' title='bbox 2817 4377 3107 4445; x_wconf 88' lang='lat' dir='ltr'>quatenus</span> <span class='ocrx_word' id='word_1_584' title='bbox 3163 4368 3257 4428; x_wconf 81' lang='lat' dir='ltr'>res</span> <span class='ocrx_word' id='word_1_585' title='bbox 3297 4371 3409 4428; x_wconf 90' lang='lat' dir='ltr'>loci</span> <span class='ocrx_word' id='word_1_586' title='bbox 3444 4386 3541 4444; x_wconf 87' lang='lat' dir='ltr'>pro</span> <span class='ocrx_word' id='word_1_587' title='bbox 3566 4364 3702 4423; x_wconf 79' lang='lat' dir='ltr'>libita</span> 
     </span>
    </p>
   </div>
   <div class='ocr_carea' id='block_1_48' title="bbox 337 4450 3701 4534">
    <p class='ocr_par' dir='ltr' id='par_1_48' title="bbox 337 4450 3701 4534">
     <span class='ocr_line' id='line_1_48' title="bbox 337 4450 3701 4534; baseline 0 -21"><span class='ocrx_word' id='word_1_588' title='bbox 337 4458 479 4526; x_wconf 90' lang='lat' dir='ltr'>deri,</span> <span class='ocrx_word' id='word_1_589' title='bbox 514 4476 616 4531; x_wconf 91' lang='lat' dir='ltr'>per</span> <span class='ocrx_word' id='word_1_590' title='bbox 645 4476 792 4531; x_wconf 88' lang='lat' dir='ltr'>quas</span> <span class='ocrx_word' id='word_1_591' title='bbox 822 4457 1223 4531; x_wconf 89' lang='lat' dir='ltr'>suscipiebant</span> <span class='ocrx_word' id='word_1_592' title='bbox 1248 4459 1989 4517; x_wconf 68' lang='lat' dir='ltr'>necessariahumanaaim-</span> <span class='ocrx_word' id='word_1_593' title='bbox 2093 4459 2480 4533; x_wconf 87' lang='lat' dir='ltr'>dispensaret,</span> <span class='ocrx_word' id='word_1_594' title='bbox 2534 4459 2909 4534; x_wconf 88' lang='lat' dir='ltr'>militumque</span> <span class='ocrx_word' id='word_1_595' title='bbox 2951 4461 3186 4517; x_wconf 89' lang='lat' dir='ltr'>turbam</span> <span class='ocrx_word' id='word_1_596' title='bbox 3228 4457 3553 4533; x_wconf 87' lang='lat' dir='ltr'>procinctui</span> <span class='ocrx_word' id='word_1_597' title='bbox 3577 4450 3701 4525; x_wconf 79' lang='lat' dir='ltr'>regio</span> 
     </span>
    </p>
   </div>
   <div class='ocr_carea' id='block_1_49' title="bbox 336 4540 3703 4637">
    <p class='ocr_par' dir='ltr' id='par_1_49' title="bbox 336 4540 3703 4637">
     <span class='ocr_line' id='line_1_49' title="bbox 336 4540 3703 4637; baseline 0.001 -34"><span class='ocrx_word' id='word_1_598' title='bbox 336 4546 660 4637; x_wconf 77' lang='lat' dir='ltr'>becillitati.</span> <span class='ocrx_word' id='word_1_599' title='bbox 698 4549 920 4605; x_wconf 87' lang='lat' dir='ltr'>Ibidem</span> <span class='ocrx_word' id='word_1_600' title='bbox 950 4564 1085 4604; x_wconf 91' lang='lat' dir='ltr'>cum</span> <span class='ocrx_word' id='word_1_601' title='bbox 1117 4547 1341 4619; x_wconf 87' lang='lat' dir='ltr'>aliquot</span> <span class='ocrx_word' id='word_1_602' title='bbox 1363 4547 1646 4605; x_wconf 85' lang='lat' dir='ltr'>vixissent</span> <span class='ocrx_word' id='word_1_603' title='bbox 1673 4550 1866 4617; x_wconf 84' lang='lat' dir='ltr'>annis,</span> <span class='ocrx_word' id='word_1_604' title='bbox 1889 4567 1984 4607; x_wconf 91' lang='lat' dir='ltr'>so-</span> <span class='ocrx_word' id='word_1_605' title='bbox 2011 4571 2060 4637; x_wconf 81' lang='lat' dir='ltr'><strong>D</strong></span> <span class='ocrx_word' id='word_1_606' title='bbox 2092 4554 2449 4621; x_wconf 88' lang='lat' dir='ltr'>procuraret.</span> <span class='ocrx_word' id='word_1_607' title='bbox 2506 4550 2671 4606; x_wconf 89' lang='lat' dir='ltr'>Tunc</span> <span class='ocrx_word' id='word_1_608' title='bbox 2729 4551 2942 4607; x_wconf 90' lang='lat' dir='ltr'>domus</span> <span class='ocrx_word' id='word_1_609' title='bbox 2990 4550 3093 4606; x_wconf 90' lang='lat' dir='ltr'>Dei</span> <span class='ocrx_word' id='word_1_610' title='bbox 3124 4565 3269 4637; x_wconf 87' lang='lat' dir='ltr'>pene</span> <span class='ocrx_word' id='word_1_611' title='bbox 3298 4553 3394 4605; x_wconf 89' lang='lat' dir='ltr'>est</span> <span class='ocrx_word' id='word_1_612' title='bbox 3421 4540 3703 4637; x_wconf 61' lang='lat' dir='ltr'>annullata.</span> 
     </span>
    </p>
   </div>
   <div class='ocr_carea' id='block_1_50' title="bbox 335 4629 3702 4711">
    <p class='ocr_par' dir='ltr' id='par_1_50' title="bbox 335 4629 3702 4711">
     <span class='ocr_line' id='line_1_50' title="bbox 335 4629 3702 4711; baseline 0.001 -22"><span class='ocrx_word' id='word_1_613' title='bbox 335 4634 639 4692; x_wconf 76' lang='lat' dir='ltr'>tummodo</span> <span class='ocrx_word' id='word_1_614' title='bbox 669 4636 1004 4693; x_wconf 65' lang='lat' dir='ltr'>coelestibus</span> <span class='ocrx_word' id='word_1_615' title='bbox 1032 4641 1312 4693; x_wconf 86' lang='lat' dir='ltr'>vacantes</span> <span class='ocrx_word' id='word_1_616' title='bbox 1342 4637 1799 4708; x_wconf 87' lang='lat' dir='ltr'>conditionibus,</span> <span class='ocrx_word' id='word_1_617' title='bbox 1823 4640 1983 4695; x_wconf 88' lang='lat' dir='ltr'>exuti</span> <span class='ocrx_word' id='word_1_618' title='bbox 2011 4629 2053 4637; x_wconf 65' lang='lat'><strong>—</strong></span> <span class='ocrx_word' id='word_1_619' title='bbox 2094 4638 2397 4694; x_wconf 88' lang='lat' dir='ltr'>monachis</span> <span class='ocrx_word' id='word_1_620' title='bbox 2419 4643 2562 4694; x_wconf 90' lang='lat' dir='ltr'>sunt</span> <span class='ocrx_word' id='word_1_621' title='bbox 2598 4639 2899 4695; x_wconf 84' lang='lat' dir='ltr'>subtracta</span> <span class='ocrx_word' id='word_1_622' title='bbox 2926 4636 3222 4705; x_wconf 88' lang='lat' dir='ltr'>victualia,</span> <span class='ocrx_word' id='word_1_623' title='bbox 3253 4643 3311 4695; x_wconf 88' lang='lat' dir='ltr'>et</span> <span class='ocrx_word' id='word_1_624' title='bbox 3331 4639 3406 4694; x_wconf 91' lang='lat' dir='ltr'>ob</span> <span class='ocrx_word' id='word_1_625' title='bbox 3436 4636 3493 4691; x_wconf 92' lang='lat' dir='ltr'>id</span> <span class='ocrx_word' id='word_1_626' title='bbox 3537 4629 3702 4711; x_wconf 43' lang='lat' dir='ltr'>paul?</span> 
     </span>
    </p>
   </div>
   <div class='ocr_carea' id='block_1_51' title="bbox 336 4723 3703 4801">
    <p class='ocr_par' dir='ltr' id='par_1_51' title="bbox 336 4723 3703 4801">
     <span class='ocr_line' id='line_1_51' title="bbox 336 4723 3703 4801; baseline 0 -24"><span class='ocrx_word' id='word_1_627' title='bbox 336 4723 617 4778; x_wconf 87' lang='lat' dir='ltr'>membris</span> <span class='ocrx_word' id='word_1_628' title='bbox 647 4725 1067 4797; x_wconf 88' lang='lat' dir='ltr'>eorruptilibus</span> <span class='ocrx_word' id='word_1_629' title='bbox 1099 4724 1435 4797; x_wconf 83' lang='lat' dir='ltr'>migrarunt</span> <span class='ocrx_word' id='word_1_630' title='bbox 1465 4727 1537 4782; x_wconf 89' lang='lat' dir='ltr'>ad</span> <span class='ocrx_word' id='word_1_631' title='bbox 1570 4726 1788 4799; x_wconf 88' lang='lat' dir='ltr'>palatia</span> <span class='ocrx_word' id='word_1_632' title='bbox 1819 4728 1986 4791; x_wconf 80' lang='lat' dir='ltr'>incir-</span> <span class='ocrx_word' id='word_1_633' title='bbox 2094 4727 2199 4781; x_wconf 90' lang='lat' dir='ltr'>tim</span> <span class='ocrx_word' id='word_1_634' title='bbox 2233 4727 2421 4799; x_wconf 88' lang='lat' dir='ltr'>sparsi</span> <span class='ocrx_word' id='word_1_635' title='bbox 2454 4743 2557 4799; x_wconf 91' lang='lat' dir='ltr'>per</span> <span class='ocrx_word' id='word_1_636' title='bbox 2584 4727 2833 4798; x_wconf 91' lang='lat' dir='ltr'>diversa,</span> <span class='ocrx_word' id='word_1_637' title='bbox 2883 4732 3143 4801; x_wconf 88' lang='lat' dir='ltr'>egestate</span> <span class='ocrx_word' id='word_1_638' title='bbox 3198 4726 3386 4782; x_wconf 86' lang='lat' dir='ltr'>coacti</span> <span class='ocrx_word' id='word_1_639' title='bbox 3435 4726 3703 4801; x_wconf 62' lang='lat' dir='ltr'>deseruere</span> 
     </span>
    </p>
   </div>
   <div class='ocr_carea' id='block_1_52' title="bbox 337 4799 3701 4890">
    <p class='ocr_par' dir='ltr' id='par_1_52' title="bbox 337 4799 3701 4890">
     <span class='ocr_line' id='line_1_52' title="bbox 337 4799 3701 4890; baseline -0 -23"><span class='ocrx_word' id='word_1_640' title='bbox 337 4811 677 4884; x_wconf 88' lang='lat' dir='ltr'>cumscripti</span> <span class='ocrx_word' id='word_1_641' title='bbox 701 4814 965 4886; x_wconf 91' lang='lat' dir='ltr'>spiritus;</span> <span class='ocrx_word' id='word_1_642' title='bbox 992 4813 1067 4869; x_wconf 93' lang='lat' dir='ltr'>ob</span> <span class='ocrx_word' id='word_1_643' title='bbox 1090 4813 1147 4869; x_wconf 90' lang='lat' dir='ltr'>id</span> <span class='ocrx_word' id='word_1_644' title='bbox 1174 4814 1549 4888; x_wconf 87' lang='lat' dir='ltr'>veriusreges</span> <span class='ocrx_word' id='word_1_645' title='bbox 1569 4816 1985 4890; x_wconf 88' lang='lat' dir='ltr'>dicendi,quod</span> <span class='ocrx_word' id='word_1_646' title='bbox 2094 4814 2272 4871; x_wconf 90' lang='lat' dir='ltr'>cellas</span> <span class='ocrx_word' id='word_1_647' title='bbox 2302 4815 2704 4872; x_wconf 89' lang='lat' dir='ltr'>circumcirca.</span> <span class='ocrx_word' id='word_1_648' title='bbox 2739 4799 2993 4872; x_wconf 86' lang='lat' dir='ltr'>Tantum</span> <span class='ocrx_word' id='word_1_649' title='bbox 3026 4815 3249 4888; x_wconf 87' lang='lat' dir='ltr'>aliquot</span> <span class='ocrx_word' id='word_1_650' title='bbox 3296 4819 3441 4872; x_wconf 86' lang='lat' dir='ltr'>sunt</span> <span class='ocrx_word' id='word_1_651' title='bbox 3469 4799 3701 4887; x_wconf 77' lang='lat' dir='ltr'>permissi</span> 
     </span>
    </p>
   </div>
   <div class='ocr_carea' id='block_1_53' title="bbox 336 4899 3704 4977">
    <p class='ocr_par' dir='ltr' id='par_1_53' title="bbox 336 4899 3704 4977">
     <span class='ocr_line' id='line_1_53' title="bbox 336 4899 3704 4977; baseline -0.001 -24"><span class='ocrx_word' id='word_1_652' title='bbox 336 4899 1251 4973; x_wconf 85' lang='lat' dir='ltr'>minimeregnaratpeccatumin</span> <span class='ocrx_word' id='word_1_653' title='bbox 1265 4919 1464 4959; x_wconf 90' lang='lat' dir='ltr'>eorum</span> <span class='ocrx_word' id='word_1_654' title='bbox 1479 4905 1982 4976; x_wconf 86' lang='lat' dir='ltr'>corporemortali.</span> <span class='ocrx_word' id='word_1_655' title='bbox 2095 4902 2152 4958; x_wconf 89' lang='lat' dir='ltr'>in</span> <span class='ocrx_word' id='word_1_656' title='bbox 2185 4904 2312 4977; x_wconf 90' lang='lat' dir='ltr'>ipso</span> <span class='ocrx_word' id='word_1_657' title='bbox 2335 4904 2643 4976; x_wconf 89' lang='lat' dir='ltr'>principali</span> <span class='ocrx_word' id='word_1_658' title='bbox 2674 4904 2799 4961; x_wconf 88' lang='lat' dir='ltr'>loco</span> <span class='ocrx_word' id='word_1_659' title='bbox 2830 4904 3132 4970; x_wconf 90' lang='lat' dir='ltr'>remorari,</span> <span class='ocrx_word' id='word_1_660' title='bbox 3165 4902 3382 4974; x_wconf 90' lang='lat' dir='ltr'>quibus</span> <span class='ocrx_word' id='word_1_661' title='bbox 3424 4902 3493 4958; x_wconf 90' lang='lat' dir='ltr'>ad</span> <span class='ocrx_word' id='word_1_662' title='bbox 3538 4910 3704 4955; x_wconf 75' lang='lat' dir='ltr'>neces-</span> 
     </span>
    </p>
   </div>
   <div class='ocr_carea' id='block_1_54' title="bbox 336 4982 3705 5067">
    <p class='ocr_par' dir='ltr' id='par_1_54' title="bbox 336 4982 3705 5067">
     <span class='ocr_line' id='line_1_54' title="bbox 336 4982 3705 5067; baseline 0.001 -23"><span class='ocrx_word' id='word_1_663' title='bbox 336 4988 558 5061; x_wconf 88' lang='lat' dir='ltr'>Sepulti</span> <span class='ocrx_word' id='word_1_664' title='bbox 592 4993 732 5044; x_wconf 90' lang='lat' dir='ltr'>sunt</span> <span class='ocrx_word' id='word_1_665' title='bbox 761 4994 959 5045; x_wconf 88' lang='lat' dir='ltr'>autem</span> <span class='ocrx_word' id='word_1_666' title='bbox 991 4990 1049 5046; x_wconf 91' lang='lat' dir='ltr'>in</span> <span class='ocrx_word' id='word_1_667' title='bbox 1081 4991 1334 5064; x_wconf 88' lang='lat' dir='ltr'>propriis</span> <span class='ocrx_word' id='word_1_668' title='bbox 1365 4991 1610 5060; x_wconf 91' lang='lat' dir='ltr'>cellulis;</span> <span class='ocrx_word' id='word_1_669' title='bbox 1644 4994 1745 5049; x_wconf 91' lang='lat' dir='ltr'>sed</span> <span class='ocrx_word' id='word_1_670' title='bbox 1784 4999 1987 5066; x_wconf 87' lang='lat' dir='ltr'>postea</span> <span class='ocrx_word' id='word_1_671' title='bbox 2093 4993 2282 5049; x_wconf 87' lang='lat' dir='ltr'>sarios</span> <span class='ocrx_word' id='word_1_672' title='bbox 2303 4996 2577 5065; x_wconf 90' lang='lat' dir='ltr'>sumptus</span> <span class='ocrx_word' id='word_1_673' title='bbox 2598 4994 2865 5067; x_wconf 87' lang='lat' dir='ltr'>delegata</span> <span class='ocrx_word' id='word_1_674' title='bbox 2889 4995 2999 5050; x_wconf 85' lang='lat' dir='ltr'>fuit</span> <span class='ocrx_word' id='word_1_675' title='bbox 3023 4994 3298 5065; x_wconf 87' lang='lat' dir='ltr'>adjacens</span> <span class='ocrx_word' id='word_1_676' title='bbox 3319 5008 3454 5048; x_wconf 89' lang='lat' dir='ltr'>cum</span> <span class='ocrx_word' id='word_1_677' title='bbox 3475 4982 3705 5063; x_wconf 73' lang='lat' dir='ltr'>agelluli8</span> 
     </span>
    </p>
   </div>
   <div class='ocr_carea' id='block_1_55' title="bbox 335 5073 3702 5156">
    <p class='ocr_par' dir='ltr' id='par_1_55' title="bbox 335 5073 3702 5156">
     <span class='ocr_line' id='line_1_55' title="bbox 335 5073 3702 5156; baseline -0.001 -23"><span class='ocrx_word' id='word_1_678' title='bbox 335 5077 485 5133; x_wconf 89' lang='lat' dir='ltr'>sacri</span> <span class='ocrx_word' id='word_1_679' title='bbox 519 5081 681 5133; x_wconf 87' lang='lat' dir='ltr'>artus</span> <span class='ocrx_word' id='word_1_680' title='bbox 710 5079 1052 5135; x_wconf 83' lang='lat' dir='ltr'>venerandae</span> <span class='ocrx_word' id='word_1_681' title='bbox 1080 5080 1294 5151; x_wconf 67' lang='lat' dir='ltr'>reginae</span> <span class='ocrx_word' id='word_1_682' title='bbox 1326 5098 1359 5135; x_wconf 86' lang='lat' dir='ltr'>a</span> <span class='ocrx_word' id='word_1_683' title='bbox 1392 5080 1603 5153; x_wconf 89' lang='lat' dir='ltr'>prioris</span> <span class='ocrx_word' id='word_1_684' title='bbox 1623 5082 1838 5138; x_wconf 72' lang='lat' dir='ltr'>tumba:</span> <span class='ocrx_word' id='word_1_685' title='bbox 1859 5082 1985 5140; x_wconf 91' lang='lat' dir='ltr'>loco</span> <span class='ocrx_word' id='word_1_686' title='bbox 2096 5082 2225 5139; x_wconf 88' lang='lat' dir='ltr'>suis</span> <span class='ocrx_word' id='word_1_687' title='bbox 2238 5082 2396 5153; x_wconf 88' lang='lat' dir='ltr'>villa,</span> <span class='ocrx_word' id='word_1_688' title='bbox 2420 5099 2554 5138; x_wconf 91' lang='lat' dir='ltr'>cum</span> <span class='ocrx_word' id='word_1_689' title='bbox 2573 5083 2839 5140; x_wconf 90' lang='lat' dir='ltr'>curtibus</span> <span class='ocrx_word' id='word_1_690' title='bbox 2856 5082 3145 5156; x_wconf 84' lang='lat' dir='ltr'>pauculis.</span> <span class='ocrx_word' id='word_1_691' title='bbox 3171 5080 3329 5137; x_wconf 87' lang='lat' dir='ltr'>Mille</span> <span class='ocrx_word' id='word_1_692' title='bbox 3346 5073 3702 5149; x_wconf 79' lang='lat' dir='ltr'>veroacquin-</span> 
     </span>
    </p>
   </div>
   <div class='ocr_carea' id='block_1_56' title="bbox 407 5176 3703 5268">
    <p class='ocr_par' dir='ltr' id='par_1_56' title="bbox 407 5176 3703 5268">
     <span class='ocr_line' id='line_1_56' title="bbox 407 5176 3703 5268; baseline 0.001 -30"><span class='ocrx_word' id='word_1_693' title='bbox 407 5180 483 5266; x_wconf 83' lang='grc'>(2)</span> <span class='ocrx_word' id='word_1_694' title='bbox 515 5183 578 5268; x_wconf 45' lang='lat' dir='ltr'>I‘n</span> <span class='ocrx_word' id='word_1_695' title='bbox 621 5186 1007 5268; x_wconf 72' lang='lat' dir='ltr'>manuscript.</span> <span class='ocrx_word' id='word_1_696' title='bbox 1060 5185 1655 5268; x_wconf 50' lang='lat' dir='ltr'>Codicibuslegiturz</span> <span class='ocrx_word' id='word_1_697' title='bbox 1699 5189 1981 5268; x_wconf 69' lang='lat' dir='ltr'>Retractio,</span> <span class='ocrx_word' id='word_1_698' title='bbox 2167 5189 2244 5263; x_wconf 81' lang='grc'>(4)</span> <span class='ocrx_word' id='word_1_699' title='bbox 2303 5188 2365 5245; x_wconf 90' lang='lat' dir='ltr'>In</span> <span class='ocrx_word' id='word_1_700' title='bbox 2439 5190 2800 5263; x_wconf 87' lang='lat' dir='ltr'>manuscrip,</span> <span class='ocrx_word' id='word_1_701' title='bbox 2865 5176 3101 5265; x_wconf 86' lang='lat' dir='ltr'>Eptern.</span> <span class='ocrx_word' id='word_1_702' title='bbox 3154 5186 3404 5262; x_wconf 77' lang='lat' dir='ltr'>legitur:</span> <span class='ocrx_word' id='word_1_703' title='bbox 3479 5181 3703 5243; x_wconf 70' lang='lat' dir='ltr'>[lamber-</span> 
     </span>
    </p>
   </div>
   <div class='ocr_carea' id='block_1_57' title="bbox 332 5254 2199 5329">
    <p class='ocr_par' dir='ltr' id='par_1_57' title="bbox 332 5254 2199 5329">
     <span class='ocr_line' id='line_1_57' title="bbox 332 5254 2199 5329; baseline 0.003 -18"><span class='ocrx_word' id='word_1_704' title='bbox 332 5254 502 5329; x_wconf 84' lang='lat' dir='ltr'>cujus</span> <span class='ocrx_word' id='word_1_705' title='bbox 532 5254 1010 5329; x_wconf 25' lang='lat' dir='ltr'>loco‘Martenius</span> <span class='ocrx_word' id='word_1_706' title='bbox 1041 5257 1237 5329; x_wconf 89' lang='lat' dir='ltr'>posuit</span> <span class='ocrx_word' id='word_1_707' title='bbox 1267 5254 1543 5314; x_wconf 58' lang='lat' dir='ltr'>Oratio&#39;in</span> <span class='ocrx_word' id='word_1_708' title='bbox 1576 5260 1750 5317; x_wconf 89' lang='lat' dir='ltr'>Thes.</span> <span class='ocrx_word' id='word_1_709' title='bbox 1799 5254 1981 5318; x_wconf 56' lang='lat' dir='ltr'>Anec;</span> <span class='ocrx_word' id='word_1_710' title='bbox 2092 5254 2199 5317; x_wconf 58' lang='lat' dir='ltr'>tua.</span> 
     </span>
    </p>
   </div>
   <div class='ocr_carea' id='block_1_58' title="bbox 332 5326 2898 5405">
    <p class='ocr_par' dir='ltr' id='par_1_58' title="bbox 332 5326 2898 5405">
     <span class='ocr_line' id='line_1_58' title="bbox 332 5326 2898 5405; baseline 0.003 -22"><span class='ocrx_word' id='word_1_711' title='bbox 332 5328 466 5405; x_wconf 23' lang='lat' dir='ltr'>doti</span> <span class='ocrx_word' id='word_1_712' title='bbox 485 5331 628 5382; x_wconf 90' lang='lat' dir='ltr'>tom.</span> <span class='ocrx_word' id='word_1_713' title='bbox 662 5326 761 5397; x_wconf 87' lang='lat' dir='ltr'>Ill,</span> <span class='ocrx_word' id='word_1_714' title='bbox 797 5345 852 5401; x_wconf 92' lang='lat' dir='ltr'>p.</span> <span class='ocrx_word' id='word_1_715' title='bbox 890 5326 1247 5384; x_wconf 44' lang='lat' dir='ltr'>“15.10am.</span> <span class='ocrx_word' id='word_1_716' title='bbox 1284 5345 1317 5383; x_wconf 92' lang='lat' dir='ltr'>a</span> <span class='ocrx_word' id='word_1_717' title='bbox 1350 5333 1574 5402; x_wconf 78' lang='lat' dir='ltr'>Bayono</span> <span class='ocrx_word' id='word_1_718' title='bbox 1606 5331 1782 5389; x_wconf 88' lang='lat' dir='ltr'>habet</span> <span class='ocrx_word' id='word_1_719' title='bbox 1797 5339 1982 5391; x_wconf 81' lang='lat' dir='ltr'>Retra-</span> <span class='ocrx_word' id='word_1_720' title='bbox 2161 5332 2235 5405; x_wconf 87' lang='lat'>(5)</span> <span class='ocrx_word' id='word_1_721' title='bbox 2268 5334 2358 5405; x_wconf 69' lang='lat' dir='ltr'>ita</span> <span class='ocrx_word' id='word_1_722' title='bbox 2384 5333 2553 5389; x_wconf 87' lang='lat' dir='ltr'>Joan.</span> <span class='ocrx_word' id='word_1_723' title='bbox 2584 5351 2618 5390; x_wconf 87' lang='lat' dir='ltr'>a</span> <span class='ocrx_word' id='word_1_724' title='bbox 2648 5334 2898 5405; x_wconf 80' lang='lat' dir='ltr'>Bayono.</span> 
     </span>
    </p>
   </div>
   <div class='ocr_carea' id='block_1_59' title="bbox 328 5398 3699 5478">
    <p class='ocr_par' dir='ltr' id='par_1_59' title="bbox 328 5398 3699 5478">
     <span class='ocr_line' id='line_1_59' title="bbox 328 5398 3699 5478; baseline -0.007 0"><span class='ocrx_word' id='word_1_725' title='bbox 328 5400 587 5478; x_wconf 52' lang='grc' dir='ltr'>θίαέέθι--</span> <span class='ocrx_word' id='word_1_726' title='bbox 628 5468 642 5478; x_wconf 90' lang='grc'>.</span> <span class='ocrx_word' id='word_1_727' title='bbox 667 5470 682 5478; x_wconf 85' lang='grc'><em>,</em></span> <span class='ocrx_word' id='word_1_728' title='bbox 1096 5471 1194 5478; x_wconf 47' lang='grc' dir='ltr'>μ,</span> <span class='ocrx_word' id='word_1_729' title='bbox 1428 5398 1443 5402; x_wconf 54' lang='grc'><em>’</em></span> <span class='ocrx_word' id='word_1_730' title='bbox 1626 5475 1635 5478; x_wconf 97' lang='lat'>_</span> <span class='ocrx_word' id='word_1_731' title='bbox 1871 5476 1888 5478; x_wconf 71' lang='lat'><strong><em>_</em></strong></span> <span class='ocrx_word' id='word_1_732' title='bbox 1934 5477 1939 5478; x_wconf 17' lang='grc' dir='ltr'>ί</span> <span class='ocrx_word' id='word_1_733' title='bbox 2159 5398 2330 5478; x_wconf 62' lang='lat'>(6)111</span> <span class='ocrx_word' id='word_1_734' title='bbox 2376 5410 2668 5478; x_wconf 19' lang='lat' dir='ltr'>Autroquek</span> <span class='ocrx_word' id='word_1_735' title='bbox 2686 5398 3072 5478; x_wconf 63' lang='lat' dir='ltr'>manuscript.</span> <span class='ocrx_word' id='word_1_736' title='bbox 3116 5403 3279 5462; x_wconf 86' lang='lat' dir='ltr'>deest</span> <span class='ocrx_word' id='word_1_737' title='bbox 3330 5403 3441 5461; x_wconf 89' lang='lat' dir='ltr'>hoc</span> <span class='ocrx_word' id='word_1_738' title='bbox 3472 5398 3699 5459; x_wconf 67' lang='lat' dir='ltr'>verbum.</span> 
     </span>
    </p>
   </div>
   <div class='ocr_carea' id='block_1_60' title="bbox 401 5468 3377 5553">
    <p class='ocr_par' dir='ltr' id='par_1_60' title="bbox 401 5468 3377 5553">
     <span class='ocr_line' id='line_1_60' title="bbox 401 5468 3377 5553; baseline 0.002 -25"><span class='ocrx_word' id='word_1_739' title='bbox 401 5468 723 5553; x_wconf 77' lang='lat' dir='ltr'>(3)_Wal_r_l_o</span> <span class='ocrx_word' id='word_1_740' title='bbox 752 5470 934 5553; x_wconf 43' lang='lat' dir='ltr'>ab‘bas</span> <span class='ocrx_word' id='word_1_741' title='bbox 965 5488 1059 5525; x_wconf 88' lang='lat' dir='ltr'>an.</span> <span class='ocrx_word' id='word_1_742' title='bbox 1252 5486 1424 5553; x_wconf 75' lang='lat' dir='ltr'>quem</span> <span class='ocrx_word' id='word_1_743' title='bbox 1456 5475 1639 5553; x_wconf 75' lang='lat' dir='ltr'>secuti</span> <span class='ocrx_word' id='word_1_744' title='bbox 1667 5480 1821 5553; x_wconf 71' lang='lat' dir='ltr'>sunt</span> <span class='ocrx_word' id='word_1_745' title='bbox 1869 5476 1979 5553; x_wconf 40' lang='lat' dir='ltr'>Isi:</span> <span class='ocrx_word' id='word_1_746' title='bbox 2087 5468 2242 5553; x_wconf 62' lang='lat' dir='ltr'>quod</span> <span class='ocrx_word' id='word_1_747' title='bbox 2271 5490 2339 5553; x_wconf 72' lang='lat' dir='ltr'>ex</span> <span class='ocrx_word' id='word_1_748' title='bbox 2367 5468 2602 5553; x_wconf 66' lang='lat' dir='ltr'>Joan.:a</span> <span class='ocrx_word' id='word_1_749' title='bbox 2636 5475 2869 5553; x_wconf 76' lang='lat' dir='ltr'>Bayono</span> <span class='ocrx_word' id='word_1_750' title='bbox 2901 5468 3238 5553; x_wconf 75' lang='lat' dir='ltr'>suppletum</span> <span class='ocrx_word' id='word_1_751' title='bbox 3270 5479 3377 5533; x_wconf 87' lang='lat' dir='ltr'>est.</span> 
     </span>
    </p>
   </div>
   <div class='ocr_carea' id='block_1_61' title="bbox 331 5541 3357 5624">
    <p class='ocr_par' dir='ltr' id='par_1_61' title="bbox 331 5541 3357 5624">
     <span class='ocr_line' id='line_1_61' title="bbox 331 5541 3357 5624; baseline 0.002 -26"><span class='ocrx_word' id='word_1_752' title='bbox 331 5543 611 5624; x_wconf 64' lang='lat' dir='ltr'>mundus,</span> <span class='ocrx_word' id='word_1_753' title='bbox 642 5542 1056 5624; x_wconf 76' lang='lat' dir='ltr'>Theodoricus,</span> <span class='ocrx_word' id='word_1_754' title='bbox 1092 5541 1475 5624; x_wconf 42' lang='lat' dir='ltr'>beginardus,</span> <span class='ocrx_word' id='word_1_755' title='bbox 1512 5546 1869 5604; x_wconf 84' lang='lat' dir='ltr'>Humbertus</span> <span class='ocrx_word' id='word_1_756' title='bbox 1921 5551 1978 5605; x_wconf 90' lang='lat' dir='ltr'>et</span> <span class='ocrx_word' id='word_1_757' title='bbox 2104 5541 2122 5547; x_wconf 76' lang='grc'><strong>’</strong></span> <span class='ocrx_word' id='word_1_758' title='bbox 2156 5548 2233 5623; x_wconf 92' lang='grc'>(7)</span> <span class='ocrx_word' id='word_1_759' title='bbox 2263 5545 2432 5604; x_wconf 88' lang='lat' dir='ltr'>Joan.</span> <span class='ocrx_word' id='word_1_760' title='bbox 2466 5564 2501 5604; x_wconf 88' lang='lat' dir='ltr'>a</span> <span class='ocrx_word' id='word_1_761' title='bbox 2530 5541 2762 5624; x_wconf 73' lang='lat' dir='ltr'>Bayonb</span> <span class='ocrx_word' id='word_1_762' title='bbox 2793 5541 3357 5624; x_wconf 52' lang='lat' dir='ltr'>legebét‘Mactione.</span> 
     </span>
    </p>
   </div>
   <div class='ocr_carea' id='block_1_62' title="bbox 331 5613 1218 5691">
    <p class='ocr_par' dir='ltr' id='par_1_62' title="bbox 331 5613 1218 5691">
     <span class='ocr_line' id='line_1_62' title="bbox 331 5613 1218 5691; baseline -0.003 -17"><span class='ocrx_word' id='word_1_763' title='bbox 331 5613 612 5689; x_wconf 86' lang='lat' dir='ltr'>Pippinus</span> <span class='ocrx_word' id='word_1_764' title='bbox 643 5631 832 5691; x_wconf 87' lang='lat' dir='ltr'>usque</span> <span class='ocrx_word' id='word_1_765' title='bbox 863 5615 933 5673; x_wconf 86' lang='lat' dir='ltr'>ad</span> <span class='ocrx_word' id='word_1_766' title='bbox 966 5631 1060 5671; x_wconf 88' lang='lat' dir='ltr'>an.</span> <span class='ocrx_word' id='word_1_767' title='bbox 1093 5613 1218 5671; x_wconf 82' lang='lat'>796.</span> 
     </span>
    </p>
   </div>
  </div>
