3814 6218
108 393 210 465 369
884 391 986 469 ΠΕ
1026 392 1658 467 SUCCESSORIBUS
1701 390 2188 458 S..HIDULPHI
2228 394 2309 457 IN
2352 393 2686 459 VOSAGO.
3366 389 3486 455 210

110 529 295 603 gentos
318 529 377 585 et
404 521 652 599 insuper
679 524 932 585 undecim
956 526 1035 600 (8)
1066 544 1304 586 mansos
1332 543 1469 583 cum
1515 543 1731 600 suppo-
1759 525 1817 595 Α
1843 527 2320 601 comprobantur.
2352 526 2703 585 Adalbertus
2735 524 2915 601 igitur
2953 526 3210 600 praedicti
3259 524 3487 583 abbatis

110 618 227 679 sitis
254 618 325 688 (9)
365 615 635 673 ecclesiis
681 632 751 675 ex
792 616 921 690 ipsa
970 616 1205 674 abbatis
1259 616 1566 689 usurpavit
1619 615 1733 673 sibi
1843 618 1937 674 sui
1967 617 2243 674 suffultus
2275 617 2903 683 subsidio,monasticaa
2933 616 3314 689 professionis
3332 616 3487 673 viros

112 704 330 765 ambitio
358 705 554 761 ducis.
1843 707 2179 781 aggregavit
2197 708 2254 763 in
2280 708 2519 780 praefato
2546 705 2986 773 coenobio,inter
3000 722 3150 777 quos
3167 705 3485 762 Blidulfum

1842 797 1983 854 olim
2016 796 2365 854 Metensium
2386 796 2870 868 primicerium,et
2891 794 3300 851 Gundelohum
3324 795 3490 851 nobi-

1842 885 2139 942 lissimum
2170 886 2271 942 Dei
2303 885 2806 941 famulum.Ambo
2828 901 3039 957 nempe
3058 883 3154 940 isti
3181 885 3296 939 Deo
3327 882 3487 955 digni

1840 974 1946 1030 viri
1976 974 2094 1030 vita
2121 978 2178 1029 et
2210 974 2405 1047 specie
2436 973 2845 1045 monachi,per
2872 972 3073 1029 omnia
3096 981 3347 1045 parentes
3377 974 3488 1043 (13)

1840 1066 2095 1136 paternis
2123 1060 2434 1130 voluntati,
2468 1062 2540 1118 ab
2570 1061 2779 1119 abbate
2808 1059 3054 1118 Amaldo
3093 1061 3488 1118 commendati

1841 1151 2073 1208 fuerant
2100 1151 2237 1208 huic
2268 1151 2486 1208 abbati.

114 842 119 847 .
171 794 302 850 Cum
331 798 533 851 autem
560 794 636 853 ab
666 793 969 852 incarnato
987 796 1232 852 Domino
1264 796 1511 852 instaret
1547 795 1732 852 octin-

111 882 448 957 gentesimus
488 884 910 956 nonagesimus
958 889 1159 942 sextus
1208 903 1422 952 annus,
1449 885 1733 942 Arnulfus

114 972 282 1028 Romae
310 971 504 1029 Caesar
533 972 786 1031 efﬁcitur
807 989 821 1031 :
844 974 1137 1048 evestigio
1164 974 1432 1031 inaudita
1461 974 1556 1031 lue
1576 992 1732 1031 mor-

114 1059 329 1117 talitatis
357 1061 968 1136 subsequente,atque
994 1064 1168 1121 famis
1198 1064 1466 1121 homines
1495 1063 1734 1120 homine

112 1148 243 1207 vesci
268 1150 548 1222 cogentis.
578 1151 1025 1211 Zuendeboldus
1070 1169 1305 1225 quoque
1328 1156 1611 1227 tyrannus
1642 1152 1731 1225 ip-

115 1236 221 1294 sius
245 1237 460 1294 Arnulll
493 1237 677 1304 ﬁlius,
700 1239 1119 1316 Lotharingam
1150 1241 1508 1315 provinciam
1539 1241 1733 1315 dispo-

116 1343 229 1385 nere
254 1327 599 1399 permissus,
631 1329 906 1389 indebilis
936 1330 1145 1405 ﬂagitii
1181 1335 1320 1388 nota
1366 1330 1733 1388 dedecoravit

116 1416 373 1487 primitias
429 1416 528 1473 sui
578 1417 979 1490 principatus;
1031 1420 1384 1493 pratitulato
1436 1421 1731 1493 siquidem

117 1521 244 1561 anno
270 1505 429 1562 illam
460 1506 758 1567 tantulam
783 1508 1211 1581 delegationem
1264 1510 1583 1583 praebendas
1612 1528 1734 1566 mo-

116 1593 403 1653 nachorum
435 1593 561 1650 illic
590 1595 784 1653 adhuc
813 1597 924 1652 sub
956 1596 1200 1670 Pippino
1222 1599 1430 1655 abbate
1449 1600 1735 1656 excuban-

2445 1293 2679 1351 CAPUT
2728 1293 2879 1349 VIII.

1913 1420 2049 1475 Post
2076 1420 2198 1475 haec
2226 1418 2547 1475 oratorium
2590 1418 2855 1491 gloriosa:
2895 1418 3138 1491 virginis
3184 1422 3242 1475 et
3279 1418 3486 1475 matris

1841 1508 2073 1565 Domini
2106 1506 2300 1564 Mariae
2331 1508 2534 1563 crebro
2565 1508 2792 1580 fragore
2812 1508 3041 1563 ruinam
3065 1507 3154 1563 sui
3181 1507 3484 1574 minitans,

1841 1598 1996 1655 idem
2028 1598 2214 1654 abbas
2241 1597 2513 1669 cupiebat
2537 1595 3165 1668 diruere,alterumque
3182 1595 3282 1652 illo
3303 1613 3487 1669 augu-

114 1687 240 1749 tum,
254 1684 387 1755 jure
414 1684 690 1743 beneﬁcii
718 1686 1012 1743 concessit
1041 1686 1255 1745 Hillino
1286 1688 1398 1760 (10)
1427 1688 1648 1756 comiti,
1671 1688 1733 1744 in
1843 1689 1993 1744 stius
2024 1691 2384 1755 restaurare;
2404 1687 2506 1742 sed
2527 1686 2667 1758 quia
2687 1686 2995 1741 conatibus
3015 1686 3142 1757 ejus
3166 1684 3488 1758 plurimum

115 1773 259 1843 mjus
283 1772 556 1831 clientela
581 1772 676 1836 vix
705 1774 929 1847 aliquot
970 1775 1235 1833 canonici
1281 1776 1553 1849 permissi
1595 1781 1737 1834 sunt
1843 1776 2113 1833 ebviabat
2141 1776 2297 1849 quod
2324 1774 2652 1831 venerabile
2682 1775 3015 1847 S.prmsulis
3041 1774 3255 1831 Hidulii
3278 1791 3493 1847 corpus

113 1860 415 1964 immorari;
447 1862 725 1962 stirpitus
754 1862 891 1920 hinc
921 1864 1122 1922 avulso
1151 1866 1356 1923 ordine
1379 1866 1732 1933 monachali,
1766 1900 1814 1964 Β
1846 1883 2033 1938 usque
2064 1866 2136 1921 ad
2168 1864 2314 1921 illud
2345 1869 2582 1937 tempus
2613 1864 2831 1920 ibidem
2855 1881 2988 1920 arca
3008 1881 3180 1921 saxea
3200 1864 3490 1929 servabat,

114 1948 347 2007 videlicet
385 1950 529 2024 quia
574 1956 732 2013 esset
779 1952 1006 2011 clericis
1050 1954 1392 2012 indifferens
1439 1955 1648 2021 victus,
1679 1961 1738 2011 et
1766 1948 1814 1964 "
1846 1958 2044 2012 coacto
2075 1954 2355 2011 abbatum
2383 1970 2450 2009 ac
2480 1953 2802 2008 vicinorum
2833 1952 3174 2009 clericorum
3197 1952 3494 2027 religioso-

115 2037 229 2109 (μιὶᾶ
255 2039 437 2111 magis
468 2039 793 2112 peculiaris
823 2058 1003 2113 quam
1034 2042 1368 2099 communis
1398 2045 1480 2100 rei
1525 2043 1738 2100 innite~
1847 2059 2096 2115 rumque
2121 2041 2390 2109 concilio,
2421 2041 2566 2097 illud
2605 2041 2859 2097 decrevit
2906 2041 3092 2098 levare
3139 2042 3390 2110 tumulo,
3423 2059 3492 2097 ac

117 2129 289 2183 rentur
314 2128 682 2200 sumptibus.
714 2129 860 2187 Huic
889 2130 1174 2188 successit
1205 2132 1496 2204 Riquinus
1530 2149 1739 2188 secun-
1848 2135 2125 2204 apparate
2154 2130 2344 2187 locare
2374 2131 2435 2186 in
2461 2130 2867 2197 scrinio.Quod
2901 2147 3036 2186 cum
3067 2131 3346 2187 omnibus
3366 2129 3492 2202 pla-

117 2213 224 2282 dus,
252 2215 451 2272 tertius
483 2216 645 2285 Otto,
678 2234 795 2290 quo
822 2220 1138 2291 superstite
1170 2220 1372 2277 civitas
1411 2221 1637 2278 Basilea
1666 2222 1739 2278 ab
1848 2221 2086 2288 coisset,
2119 2237 2185 2276 ac
2214 2224 2390 2276 tantae
2421 2220 2503 2277 rei
2536 2220 2902 2293 perficienda:
2931 2220 3238 2285 instarent,
3262 2218 3493 2276 consilii

118 2302 311 2361 Hunnis
336 2309 679 2380 expugnata
707 2310 883 2379 atque
911 2313 1140 2381 aequata
1169 2314 1259 2367 est
1280 2310 1504 2368 solo.In
1528 2311 1742 2367 Media-
1849 2310 1961 2366 fuit
1991 2314 2055 2366 ut
2083 2309 2134 2365 si
2162 2326 2362 2366 sacros
2391 2314 2574 2377 artus,
2609 2326 2712 2365 seu
2752 2308 2898 2365 velle
2945 2309 3259 2377 habebant,
3292 2325 3493 2364 recon-

118 2408 179 2453 no
197 2397 379 2451 autem
409 2393 683 2451 coenobio
713 2399 770 2452 et
791 2396 979 2454 tribus
1000 2397 1191 2454 eidem
1213 2399 1740 2457 conterminalibus
1848 2400 1984 2455 dere
2013 2398 2663 2471 quissent,monasterio
2693 2398 3015 2455 devotionis
3043 2398 3233 2470 gratia
3252 2398 3498 2453 circum-

118 2481 213 2550 (ll)
236 2483 609 2543 monasteriis
637 2483 732 2547 vix
780 2484 998 2559 singuli
1046 2484 1241 2544 clerici
1280 2487 1549 2545 feruntur
1577 2506 1739 2545 rese-
1849 2488 2085 2544 ferrent.
2120 2489 2194 2544 At
2222 2487 2503 2560 quoniam
2534 2486 2750 2543 minaci
2782 2486 2982 2542 nubilo
3014 2487 3323 2559 pendente,
3357 2486 3498 2542 solis

118 2568 248 2627 disse
275 2572 581 2639 nonnullis
624 2573 954 2639 mensibus,
985 2574 1044 2630 in
1091 2575 1314 2632 eisdem
1364 2577 1741 2635 observantes
1850 2595 1917 2635 ac
1947 2578 2206 2633 siderum
2246 2577 2425 2633 facies
2475 2576 2874 2650 denegabatur
2899 2575 3383 2641 terris,menstrui
3416 2577 3501 2647 [In

116 2660 356 2718 excubias
380 2660 663 2734 vulgaris
685 2661 1261 2734 parochiaa.'l‘endem
1288 2664 1352 2720 in
1382 2664 1637 2722 culmine
1659 2683 1742 2722 re-
1847 2668 2207 2738 manuscript.
2233 2667 2435 2736 legitur
2455 2665 2774 2732 mensurni]
2802 2664 3010 2720 imbris
3030 2663 3395 2721 vehementia
3416 2680 3501 2719 re-

115 2748 197 2821 gni
224 2748 465 2807 Henrico
492 2750 760 2824 (Aucupe)
809 2751 1095 2820 stabilito,
1126 2756 1184 2809 et
1231 2754 1470 2811 Barbari
1516 2759 1744 2811 vetatur
1850 2755 2082 2826 solutis,
2106 2771 2212 2812 nec
2241 2755 2514 2811 valebant
2539 2771 2673 2810 cum
2697 2752 3113 2810 ecclesiasticis
3134 2752 3499 2810 ornamentis

117 2836 539 2912 irruptio,atque
571 2838 859 2911 paulatim
880 2840 1323 2899 convalescente
1362 2844 1573 2915 patria,
1602 2844 1742 2901 illuc
1851 2846 2120 2902 secedere
2148 2843 2560 2914 tectis,annuit
2589 2844 2770 2900 abbas
2801 2847 2866 2898 ut
2898 2842 3039 2899 solis
3059 2842 3500 2899 circumferren-

116 2924 471 2999 teintegratur
500 2926 863 2987 imminutus
908 2928 1325 2985 canonicorum
1376 2947 1660 2988 numerus
1685 2936 1742 2989 et
1850 2939 1948 2991 tur
1976 2933 2380 2991 claustris.Ubi
2405 2936 2602 2988 tamen
2635 2933 2707 2988 ad
2740 2933 3006 2988 tumbam
3038 2931 3222 2987 sancti
3249 2947 3383 2987 cum
3404 2948 3496 2988 ce-

114 3013 252 3072 ordo.
282 3014 423 3071 Huic
447 3016 582 3087 jam
615 3015 814 3072 comiti
845 3015 1040 3073 Otloni
1071 3024 1318 3089 quartus
1348 3019 1496 3076 Boso
1516 3037 1744 3077 succes-
1851 3026 1967 3080 reis
1996 3041 2064 3080 ac
2096 3022 2568 3079 thimiamateriis
2610 3021 2790 3095 [/orte,
2817 3020 3225 3093 thymiateriis]
3257 3023 3493 3076 ventum

115 3099 179 3161 sit
202 3103 256 3159 in
284 3102 861 3175 administrationem
894 3120 1091 3163 rerum
1140 3105 1327 3177 ipsius
1375 3110 1739 3177 monasterii,
1851 3117 2032 3180 est,ac
2053 3111 2392 3185 operculum
2422 3110 2507 3167 illi
2528 3112 2886 3167 subductum
2908 3110 3243 3183 est,pariter
3262 3126 3496 3182 quoque

113 3195 161 3245 et
184 3190 310 3248 huic
338 3193 555 3253 deinde
588 3193 833 3264 quintus
861 3195 1155 3252 Amardus
1186 3198 1520 3267 postremus
1552 3198 1741 3270 provi-
1778 3267 1812 3276 _
1852 3202 2092 3276 gravida
2121 3198 2340 3257 madidi
2372 3201 2524 3257 aeris
2555 3199 2710 3273 palla
2746 3197 3118 3266 discinditur,
3146 3198 3369 3254 ridente
3400 3215 3496 3254 se-

112 3294 195 3337 Ior
218 3282 510 3352 exterioris
541 3280 999 3354 suppellectilis;
1031 3284 1134 3340 sed
1167 3284 1396 3356 primus
1438 3267 1741 3343 institutor
1770 3267 1815 3334 ο
1852 3267 2013 3357 rene,
2044 3294 2102 3346 et
2128 3289 2436 3362 terrigenis
2464 3267 2573 3344 lux-
2593 3290 2693 3344 diu
2715 3289 3008 3360 suspirata
3028 3286 3292 3343 redditur
3312 3286 3499 3342 conti-

112 3370 418 3427 monasticae
449 3368 758 3443 religionis
788 3370 851 3426 in
880 3370 981 3428 illo
1001 3371 1128 3428 loco
1149 3373 1374 3429 exstitit
1393 3374 1744 3433 Gislibertus
1852 3396 1990 3446 nuo,
2024 3382 2317 3451 quatenus
2347 3377 2573 3433 cunctis
2601 3377 2851 3448 liqueret
2887 3380 3108 3448 quanta
3154 3375 3497 3430 meritorum

112 3457 364 3531 (12),quia
384 3459 515 3531 jam
549 3464 789 3517 venerat
813 3463 1051 3533 tempus
1082 3460 1395 3518 miserendi
1424 3464 1573 3535 ejus.
1590 3469 1742 3522 Αιια-
1853 3467 2118 3524 claritate
2146 3467 2204 3520 in
2234 3466 2498 3521 vivorum
2532 3465 2763 3537 regione
2795 3463 3041 3536 fulgeret
3077 3462 3295 3529 anima,
3329 3462 3499 3533 cujus

114 3562 222 3619 tuen
243 3551 442 3605 metis
468 3550 771 3617 sexaginta
799 3557 852 3605 et
877 3563 976 3605 aea:
1003 3552 1341 3614 annis,vclul
1361 3566 1530 3624 usque
1552 3554 1623 3609 ad
1644 3557 1745 3610 im-
1855 3555 2079 3612 exuviis
2110 3553 2446 3610 arridebant
2475 3553 2534 3608 in
2565 3552 2736 3608 terris
2766 3568 2919 3607 aera.
2949 3551 3124 3607 Nefas
3171 3549 3326 3606 enim
3378 3552 3503 3605 erat

114 3638 305 3705 perium
333 3638 579 3695 (ἔστινΜί
596 3637 810 3709 (Salici)
835 3640 1032 3696 invicti
1054 3642 1455 3712 principis,Deo
1478 3645 1746 3699 miseran-
1855 3644 2141 3703 elemento
2168 3660 2281 3699 non
2315 3659 2547 3715 parcere
2580 3639 2948 3708 mortalibus,
2983 3656 3233 3711 quorum
3274 3638 3500 3694 devotio

117 3726 578 3799 teﬂiquamlum
604 3729 884 3785 convaluit
912 3728 1311 3801 illic,qu
1340 3746 1448 3786 non
1477 3740 1541 3787 ut
1564 3734 1743 3804 prius,
1855 3734 2187 3807 opponebat
2215 3732 2521 3788 Trinitatis
2550 3730 2952 3787 habitaculum
2983 3730 3113 3800 ejus
3150 3727 3497 3784 terroribus.

118 3816 411 3873 curalium
436 3817 756 3886 religionis,
776 3818 1041 3874 ὑιδιαηιία
1069 3817 1259 3874 domui
1287 3821 1563 3876 Brunonis
1592 3837 1747 3878 revc—
1855 3824 2037 3897 Cujus
2068 3822 2148 3878 rei
2170 3821 2459 3878 evidentia
2478 3820 2832 3877 confricatus
2847 3818 3083 3875 animus
3100 3816 3499 3891 prensantium,

120 3901 256 3959 randi
281 3904 621 3962 laminarum
646 3906 939 3963 antistitis.
1852 3911 2240 3968 incalescebat
2256 3911 2326 3965 ad
2350 3908 2662 3965 invisibilis
2694 3906 2855 3981 regni
2880 3907 3235 3963 desiderium
3260 3922 3276 3960 :
3297 3905 3359 3960 in
3381 3921 3498 3976 quo

1856 4000 1956 4057 ille
1975 4001 2145 4072 cujus
2164 3999 2223 4054 in
2246 3998 2689 4072 praesentiarum
2706 3997 3021 4053 cernebant
3034 3994 3503 4068 corpus,eviden-

724 4047 955 4104 CAPUT
994 4049 1114 4105 νυ·
1160 4071 1164 4075 <
1855 4047 3500 4157 agninis;animi;5;;“nisi;nam

179 4172 828 4229 Gorsiensecmnobium
847 4173 960 4230 sub
978 4173 1269 4230 industria
1284 4175 1510 4232 Αγηαωί
1526 4178 1749 4247 [rectius
1858 4194 2061 4243 unam,
2093 4177 2154 4232 in
2184 4176 2279 4232 die
2308 4191 2544 4247 quoque
2574 4189 2851 4246 suprema
2869 4177 3285 4244 suscepturum
3307 4170 3504 4226 aliam.

122 4255 347 4332 Alnaldi]
380 4260 637 4317 nimium
668 4262 995 4318 reverenda:
1023 4262 1151 4317 vitis
1173 4264 1404 4321 abbatis
1423 4264 1594 4337 longe
1613 4265 1752 4321 late-
1857 4267 2154 4331 Quantum
2178 4264 2569 4336 lacrymarum
2593 4262 3037 4333 gemituumque
3056 4258 3306 4314 dulciter
3334 4274 3404 4313 ex
3424 4258 3510 4312 in-

124 4362 222 4416 que
247 4348 512 4406 vibrabat
542 4350 742 4407 radios
774 4351 1110 4407 monasticae
1144 4351 1579 4425 religionis,ubi
1612 4358 1752 4410 tunc
1860 4355 1989 4413 timi
2022 4353 2203 4410 animi
2238 4350 2512 4406 medullis
2542 4348 3049 4422 prorumpentium
3082 4347 3161 4401 ibi
3204 4346 3401 4400 fusum
3434 4344 3513 4399 sit

122 4431 342 4509 degebat
370 4436 431 4493 in
452 4437 733 4495 monachi
755 4438 960 4496 habitu
982 4440 1223 4512 quidam
1244 4441 1595 4498 Adalbertus
1615 4460 1751 4499 san-

123 4523 276 4594 guine
291 4527 621 4598 primatum
644 4528 809 4602 regni
830 4528 1234 4601 sublimis,qui
1257 4547 1499 4587 suorum
1522 4536 1579 4588 et
1598 4532 1756 4604 prin-

1860 4444 2037 4516 digne
2056 4439 2324 4513 proloqui
2341 4440 2536 4495 carnis
2562 4436 2787 4509 lingula
2807 4434 3293 4506 nequit.Tandem
3316 4448 3514 4488 sacras

1862 4530 2143 4603 reliquias
2175 4527 2359 4583 nitido
2393 4526 2748 4582 involventes
2779 4523 2979 4596 pallio,
3010 4521 3205 4595 ligneo
3251 4520 3513 4576 recondi-

124 4609 270 4683 llipne
296 4615 523 4687 μετ’εῆ
546 4615 784 4674 comitis
810 4616 1109 4674 Gisliberti
1140 4619 1323 4675 fretus
1372 4620 1752 4691 adminiculo,
1790 4635 1835 4700 ι)
1866 4623 2000 4678 dere
2023 4616 2424 4688 scrinio,quod
2447 4614 2818 4686 imponentes
2840 4610 3099 4684 scapulis
3119 4610 3368 4666 intulere
3389 4626 3514 4665 ora-

128 4699 329 4761 sistitur
355 4704 494 4761 duci
526 4704 946 4770 Friderico,cui
974 4706 1163 4764 inerat
1195 4708 1446 4764 Mediani
1470 4715 1758 4767 monaste-
1797 4699 1817 4700 νγ
1864 4710 2014 4767 torio
2045 4706 2198 4765 beati
2229 4705 2365 4777 Apri
2399 4702 2750 4758 confessoris
2780 4700 2995 4757 Christi
3029 4716 3041 4755 :
3079 4700 3331 4772 indeque
3379 4715 3515 4755 mox

126 4788 189 4843 rii
214 4808 306 4862 per
335 4793 393 4850 id
415 4800 655 4867 tempus
677 4794 1055 4868 dispositio.A
1072 4813 1187 4868 quo
1204 4796 1313 4852 loci
1333 4798 1755 4869 gubernatione

124 4876 776 4951 donatus,monastic.um
808 4884 1070 4941 ordinem
1098 4884 1316 4941 ibidem
1341 4886 1645 4943 restituere
1663 4894 1755 4944 est

123 4964 494 5034 jussuaTunc
521 4972 703 5033 etiam
717 4972 1031 5046 religiosus
1044 4975 1164 5030 dux
1180 4975 1292 5030 sub
1310 4976 1753 5033 confirmatione

128 5053 475 5132 shiregraphi
504 5060 763 5119 restituit
790 5061 929 5119 huic
956 5062 1082 5119 loco
1108 5062 1389 5120 ecclesias
1432 5081 1581 5136 quas
1611 5065 1751 5122 olim

131 5147 434 5212 possedisse
445 5147 897 5222 dignoscitur,et
907 5151 1195 5225 quidquid
1208 5151 1474 5224 canonici
1489 5154 1752 5211 tenuisse

133 5335 164 5374 ι
188 5252 789 5394 ςέγξέοῗηαηιιεοινὶρι.
821 5259 1127 5332 Epternac.
1158 5258 1464 5315 Richerius
1502 5264 1561 5316 et
1588 5261 1758 5318 Joan.

194 5392 355 5476 (Qiiln
383 5398 687 5476 Epternac.
716 5402 1101 5476 manuscript.
1123 5401 1219 5457 hic
1250 5401 1315 5457 fit
1345 5401 1552 5459 divisio
1584 5405 1764 5475 hujus

136 5469 345 5540 Capitis,
372 5469 532 5540 quod
560 5470 623 5526 in
653 5473 769 5528 duo
801 5469 1108 5529 scinditur.

328 5536 566 5616 ῌᾶεωηᾳ
593 5547 834 5616 vocatur
862 5562 895 5600 a
926 5543 1195 5601 Ricberio
1226 5542 1327 5598 lib.
1359 5561 1419 5612 Il,
1457 5560 1578 5616 cap.
1611 5547 1666 5599 7.

329 5606 701 5691 genoniensi,
734 5616 1182 5691 Styvagiensit'et
1210 5606 1694 5691 Sandeodatonsi.

199 5672 299 5746 (12)
332 5672 699 5753 Gislibertus
720 5672 1119 5767 abbasbomes
1144 5687 1478 5749 monastica
1501 5686 1771 5761 religioni

1860 4802 2185 4863 efferentes,
2218 4794 2399 4850 altera
2458 4790 2705 4864 regressi
2737 4791 2828 4845 via
2854 4789 3119 4846 invexere
3169 4787 3516 4850 monasterii

1862 4886 2137 4947 claustris
2168 4902 2242 4939 vn
2271 4882 2317 4951 (l
2332 4882 2409 4952 4.)
2442 4881 2578 4936 ldus
2608 4878 2972 4946 Novembris,
3007 4882 3170 4933 tanto
3211 4876 3401 4933 funeri
3425 4875 3516 4931 in-

1863 4982 2164 5053 speratum
2197 4971 2544 5044 obsequium
2588 4986 2720 5025 aere
2762 4969 3072 5041 praebente,
3106 4971 3165 5023 et
3213 4971 3350 5041 post
3391 4968 3519 5037 ejus

1861 5065 2306 5127 collocationem
2338 5057 2642 5116 nonnullis
2674 5058 2881 5114 diebus
2915 5057 3069 5113 idem
3111 5059 3514 5125 conservante.

1867 5163 1994 5227 Qua
2021 5156 2093 5211 de
2123 5170 2184 5209 re
2213 5148 2514 5207 communi
2547 5151 2895 5203 cunctorum
2924 5151 3056 5201 voto
3077 5144 3235 5200 hunc
3255 5144 3409 5200 diem
3435 5158 3521 5199 ce-

1869 5265 2055 5405 milii)
2088 5334 2175 5405 Ita
2201 5326 2416 5405 legitur
2446 5325 2504 5380 in
2528 5326 2844 5405 _Epternac._
2859 5322 3260 5405 .manuscri‘pt.

1947 5391 2055 5477 (14)
2090 5391 2425 5477 Legendus}
2457 5401 2545 5452 est
2573 5391 2651 5477 vi,
2677 5412 2791 5477 quo
2813 5396 2908 5477 die
2935 5396 3148 5477 festum
3167 5391 3349 5477 hujus
3366 5392 3523 5477 tran-

1876 5440 2142 5535 slatiblnis
2166 5440 2478 5527 gnuuatim
2510 5440 2837 5524 celebriatur
2867 5466 2925 5539 in
2950 5440 3517 5539 Mediano'c'genobio,

1878 5532 1935 5604 et
1966 5549 2020 5602 in
2057 5542 2297 5615 antiquo
2330 5539 2487 5595 illius
2530 5538 2939 5613 Martyrologio
2988 5532 3388 5599 manuscripto
3419 5543 3521 5581 an-

1881 5622 2136 5676 notatur.

3392 5810 3599 5879 Γμ
