3814 6218
308 437 423 504 9H

1174 436 1508 500 APPEND.
1552 432 1657 495 AD
1699 431 1862 495 SEC

2158 429 2416 492 OPERA
2457 446 2854 497 ΑΔΕΣΙΙΟΤΙΚΛ.
2890 474 2903 479 -

3576 426 3709 486 219

309 570 528 630 lebrem
558 569 773 629 habere
802 569 1022 645 placuit
1046 587 1284 627 recursu
1308 585 1537 636 annuo;
1558 565 1659 639 qui
1683 582 1869 637 usque
1890 563 1949 619 in
1979 564 2035 630 Α
2064 556 3137 636 martyris.Cur,inquit,commotionis
3160 574 3302 615 mea
3323 555 3706 614 acrimoniam

310 680 566 736 praesens
594 662 875 717 celebrior
903 660 1051 718 solet
1092 660 1335 733 suscipi,
1368 658 1543 714 etiam
1590 654 1953 727 depositione

308 752 516 825 ipsius,
551 768 728 824 quam
760 754 1136 823 repraesentat
1166 748 1384 804 mensis
1414 745 1643 811 Julius;
1677 744 1794 799 sive
1825 760 1952 815 pro-

308 846 437 914 pter
465 840 609 895 illud
636 839 1155 913 occupatissimum
1187 844 1439 909 tempus,
1460 852 1562 891 seu
1595 833 1733 906 quia
1754 832 1950 887 minus

307 930 569 985 abundat
594 929 1130 985 victualibus.Tunc
1152 943 1383 998 quoque
1414 925 1584 979 beata
1613 926 1948 978 sanctorum

307 1035 719 1091 germanorum
750 1018 993 1074 Joannis
1023 1022 1079 1072 et
1108 1015 1348 1086 Bcnigni
1382 1030 1641 1084 corpora,
1667 1011 1947 1083 quemad-

308 1108 548 1163 modum
579 1124 647 1163 ex
677 1123 792 1163 uno
823 1106 1054 1163 sublata
1084 1110 1221 1160 sunt
1242 1100 1626 1169 mausoleo,in
1649 1117 1766 1156 uno
1788 1115 1951 1171 repo-

306 1201 455 1253 nunt
484 1195 718 1263 scrinio,
752 1212 1001 1268 quorum
1033 1193 1289 1250 advectio
1318 1209 1351 1247 a
1375 1190 1586 1264 prioris
1635 1188 1948 1261 sepultura

307 1286 431 1342 loco
462 1289 622 1342 sexto
652 1286 789 1340 Idus
821 1284 955 1340 Maii
983 1283 1226 1350 exstitit,
1244 1286 1301 1337 et
1327 1285 1391 1335 ut
1410 1283 1533 1336 erat
1553 1278 1834 1334 solemnis
1856 1294 1949 1332 re-

307 1374 712 1447 mansit;quia
732 1373 1027 1446 singulare
1061 1374 1275 1427 festum
1310 1368 1635 1442 persolvere
1665 1366 1800 1421 huic
1823 1384 1953 1422 san-

307 1470 397 1521 cto
427 1463 658 1537 praesuli
692 1462 1008 1536 quotannis
1039 1460 1266 1516 devotio
1297 1460 1558 1531 priorum
1590 1454 1789 1511 voluit.

380 1645 483 1700 Hic
504 1643 645 1699 ordo
676 1646 975 1715 gestorum
1006 1637 1265 1710 exposcit
1295 1639 1359 1691 ut
1390 1651 1614 1690 memor
1655 1631 1948 1705 promissi,

310 1737 563 1789 retexam
593 1729 984 1786 inventionem
1018 1726 1204 1783 sancti
1237 1722 1514 1779 Bonifacii
1546 1720 1951 1794 martyris.Di-

310 1826 440 1877 ruto
471 1820 743 1892 equidem
774 1816 990 1890 templo
1021 1816 1199 1871 beata;
1231 1813 1329 1869 Dei
1363 1811 1661 1885 genitricis
1708 1828 1774 1866 ac
1820 1827 1950 1882 per-

308 1919 493 1983 petua:
521 1908 767 1981 virginis
797 1903 1310 1999 Mariae,simulque
1338 1899 1583 1999 aedicula
1614 1900 1764 1954 beati
1798 1900 1950 1954 Mar-
1982 1935 2029 1999 Β

311 2000 419 2055 tini
448 1999 637 2055 eidem
671 1996 1014 2062 cohaerente,
1049 1994 1106 2048 in
1139 2010 1255 2064 qua
1278 1992 1399 2061 jam
1431 1990 1654 2045 dictum
1687 1993 1773 2044 est
1805 2005 1955 2043 mar-

308 2093 494 2162 tyrem
521 2086 878 2143 tumulatum
920 2082 1102 2138 fuisse
1133 2099 1145 2136 :
1181 2078 1510 2136 necessario
1556 2077 1682 2133 loca
1728 2078 1954 2132 dudum

311 2176 592 2233 orationis
629 2175 1049 2247 occupaverant
1078 2170 1374 2243 parietinae
1407 2167 1745 2223 hominibus
1775 2182 1843 2221 ac
1864 2167 1959 2221 be-

312 2267 441 2323 stiis
454 2264 869 2339 pervize.Quam
886 2277 1127 2317 suarum
1141 2258 1521 2330 reliquiarum
1541 2255 1955 2328 negligentiam

312 2375 427 2414 non
460 2356 650 2412 ferens
682 2352 924 2425 spiritus
954 2346 1365 2420 martyris,qui
1400 2346 1746 2401 mirabiliter
1769 2344 1957 2399 hono-

314 2447 555 2502 rabatur
571 2444 629 2498 in
646 2442 837 2497 caelis:
861 2440 1118 2511 quadam
1140 2441 1306 2492 nocte
1328 2453 1430 2507 per
1448 2435 1638 2490 visum
1670 2433 1729 2488 in
1752 2433 1955 2488 habitu

314 2533 577 2599 militari,
612 2531 765 2586 sicut
793 2533 883 2584 est
911 2526 1109 2582 vultus
1140 2525 1424 2597 dignitate
1454 2522 1960 2591 venerabilis,cui-

314 2624 449 2679 dam
460 2618 776 2693 juvenculo
794 2615 1078 2671 monacho
1095 2613 1374 2669 Tietfrido
1396 2616 1734 2684 nuncupato
1752 2609 1955 2677 astitit,

314 2715 373 2768 et
391 2709 798 2781 indigenarum
820 2705 1057 2777 quidem
1082 2700 1358 2757 mediocri
1381 2700 1667 2773 sanguine
1699 2715 1960 2771 procrea-

314 2798 597 2867 to,sed,ut
626 2794 963 2868 putabatur,
993 2792 1156 2847 bona;
1188 2788 1433 2845 actionis
1464 2790 1681 2855 futuro,
1706 2803 1960 2858 eumque

314 2906 420 2946 suo
450 2886 646 2943 taliter
668 2884 944 2956 dignatus
959 2885 1047 2937 est
1063 2878 1318 2951 alloquio
1338 2896 1350 2933 :
1371 2877 1701 2933 Admodum
1720 2893 1867 2949 aegre
1886 2876 1962 2931 fe-

311 2975 559 3049 ro,quod
593 2971 892 3047 parietinis
926 2985 1176 3042 premor,
1194 2968 1441 3040 pedibus
1471 2971 1527 3021 et
1553 2966 1825 3022 sordibus
1854 2965 1960 3020 ho-

314 3067 542 3122 minum
574 3075 969 3137 pecorumque
998 3062 1232 3125 atteror,
1268 3055 1576 3112 conculcor
1605 3072 1670 3111 ac
1700 3054 1959 3123 inficior;

316 3154 698 3227 quamobrem
721 3146 1068 3221 quantocius
1086 3161 1332 3216 surgens
1348 3148 1641 3199 maturato
1659 3143 1850 3198 dicere
1868 3143 1966 3198 ab-

316 3243 457 3309 bati,
488 3244 554 3295 ut
583 3239 633 3296 si
664 3236 908 3311 propriae
937 3234 1064 3290 vult
1093 3232 1397 3289 consulere
1434 3231 1631 3297 saluti,
1667 3231 1965 3303 provideat

318 3302 572 3404 quietem
603 3302 829 3399 corpori
868 3340 1017 3380 meo.
1050 3323 1231 3386 Quem
1279 3322 1454 3377 frater
1494 3319 1591 3375 ille
1632 3302 1742 3375 hoc
1790 3319 1962 3376 modo
1992 3302 2036 3369 C

320 3421 737 3493 percunctatus
768 3418 857 3470 est
887 3431 900 3468 :
933 3411 1175 3468 Domine
1208 3410 1309 3479 mi,
1344 3426 1519 3482 quem
1564 3413 1620 3464 te
1662 3409 1875 3475 dicam,
1908 3412 1965 3463 et

321 3509 421 3565 ubi
452 3508 665 3564 habere
693 3505 783 3561 vis
804 3502 1166 3574 sepulturam
1184 3501 1211 3556 ?
1228 3500 1446 3572 Martyr
1465 3498 1537 3554 ad
1561 3497 1681 3553 haec
1702 3496 1786 3553 sic
1806 3496 1962 3552 intu-

320 3598 424 3654 lit:
451 3596 612 3653 Scias
643 3611 735 3650 me
756 3591 1116 3649 Bonifacium
1144 3586 1726 3661 nominari,gloriosae
1749 3585 1989 3658 legioni‘

321 3686 705 3741 Thebaaorum
738 3684 1063 3751 martyrum
1094 3693 1339 3733 numero
1369 3680 1427 3731 et
1458 3676 1665 3731 merito
1716 3674 1962 3742 sociari;

319 3773 612 3844 siquidem
643 3769 842 3825 divina
864 3768 1213 3822 concedente
1229 3763 1417 3837 gratia
1433 3781 1548 3820 non
1566 3763 1755 3836 impar
1769 3762 1966 3836 glorias

320 3859 553 3932 collegae
582 3856 697 3913 mei
729 3854 985 3911 Mauritii
1018 3855 1077 3907 in
1107 3852 1268 3908 caalis
1298 3856 1562 3908 servatur
1590 3857 1646 3907 et
1676 3851 1818 3907 mihi
1849 3850 1968 3924 glo-

319 3948 428 4014 ria,
456 3963 604 4019 quos
652 3962 756 4017 per
801 3943 1000 3998 omnia
1047 3941 1182 3996 fecit
1240 3958 1407 4013 pares
1456 3939 1620 3995 labor
1647 3944 1704 3995 et
1734 3940 1966 4006 militia,

320 4034 643 4093 ethrtatio
695 4031 870 4089 sociis
916 4028 1307 4086 titubantibus
1354 4028 1642 4101 impensa,
1674 4033 1732 4084 et
1770 4029 1828 4083 in
1856 4028 1969 4085 ﬁde

320 4140 510 4196 usque
558 4123 629 4179 ad
680 4124 929 4176 mortem
979 4117 1429 4190 perseverantia.
1460 4120 1599 4171 Post
1656 4116 1971 4173 nonnullos

310 4230 454 4269 vero
507 4227 694 4268 annos
725 4207 1132 4280 acorporibus
1184 4205 1653 4261 commilitonum
1705 4222 1970 4261 meorum

322 4300 523 4358 furtim
555 4301 948 4373 disgregatus,
982 4314 1016 4352 a
1046 4295 1400 4368 quibusdam
1433 4294 1657 4351 devotis
1688 4294 1803 4350 Deo
1831 4293 1973 4350 viris

322 4391 395 4447 ad
424 4390 581 4446 hunc
606 4388 802 4445 locum
835 4402 967 4442 sum
1000 4384 1230 4441 delatus
1259 4389 1435 4456 atque
1468 4384 1524 4438 in
1576 4383 1827 4439 oratorio
1859 4384 1970 4455 (15)

323 4478 475 4535 beati
498 4476 734 4534 Martini
755 4481 922 4532 terra:
945 4472 1521 4539 commendatus,uhi
1546 4489 1732 4544 usque
1754 4472 1813 4527 in
1836 4489 1977 4543 prae-

324 4585 462 4623 sens
500 4567 800 4623 latuerunt
846 4580 1050 4619 omnes
1099 4566 1261 4618 artus
1307 4561 1442 4626 mei,
1476 4564 1714 4633 excepto
1763 4560 2017 4633 capite,‘

2063 652 2305 708 minime
2334 652 2761 725 perhorrescis;
2792 650 2930 723 quid
2953 650 3147 705 denuo
3171 649 3242 705 ad
3266 652 3322 704 te
3340 648 3533 704 venire
3550 665 3706 704 com-

2060 741 2274 814 pellis?
2303 742 2456 798 scias
2488 746 2544 796 te
2577 741 2757 814 igitur
2784 740 3071 796 luiturum
3101 755 3305 811 pcenas
3335 742 3706 809 contemptus

2060 836 2117 887 et
2146 831 2573 897 inohedientiae,
2606 830 2952 903 priusquam
2983 827 3347 900 corruptibili
3389 843 3582 882 careas
3613 826 3706 881 lu-

2060 938 2143 975 ce.
2178 919 2524 991 Hujusmodi
2551 936 2684 975 vero
2715 920 2896 975 minis
2925 923 3235 990 postquam
3271 917 3510 973 fratrem
3542 914 3709 971 illum

2059 1009 2389 1082 perterruit,
2423 1025 2657 1064 omnem
2689 1007 3009 1080 superioris
3037 1006 3281 1063 visionis
3324 1004 3582 1061 ordinem
3612 1024 3709 1062 re-

2057 1100 2261 1168 texuit,
2293 1103 2350 1154 et
2381 1098 2575 1154 abbati
2606 1097 2878 1153 intimare
2895 1096 3112 1168 jussit;
3146 1096 3246 1152 sed
3279 1111 3345 1151 eo
3371 1111 3475 1151 seu
3509 1094 3711 1168 primi-

2058 1192 2157 1244 tus
2188 1187 2619 1254 dissimulante,
2654 1187 2823 1243 tertio
2868 1186 3160 1260 gloriosus
3204 1189 3429 1257 martyr
3456 1201 3583 1239 eum
3620 1185 3708 1239 di-

2058 1282 2273 1350 gnatus
2303 1281 2392 1333 est
2422 1277 2601 1343 adire,
2636 1278 2881 1349 ejusque
2926 1273 3253 1331 vecordiam
3291 1272 3475 1329 nimia
3502 1274 3710 1329 verbo-

2060 1384 2192 1421 rum
2225 1365 2538 1422 acerbitate
2571 1365 2894 1438 increpare,
2917 1381 2984 1420 ac
3013 1362 3393 1435 recapitulato
3424 1362 3626 1434 prima;
3654 1368 3711 1418 et

2060 1456 2328 1511 secunda:
2353 1455 2720 1511 revelationis
2742 1453 3217 1524 oraculo,adjecit
3236 1451 3515 1507 continuo
3539 1470 3553 1506 :
3576 1452 3712 1507 Ani-

2061 1544 2358 1599 madverlo
2404 1543 2683 1599 duritiam
2728 1548 2842 1598 tuae
2889 1541 3254 1598 inﬁdelitatis
3282 1557 3397 1597 non
3429 1557 3601 1613 posse
3636 1541 3707 1596 ad

2060 1634 2452 1689 obedientiam
2484 1632 2658 1699 flecti,
2686 1632 2795 1688 nisi
2832 1631 3130 1688 molliatur
3156 1630 3433 1686 fomentis
3458 1629 3711 1702 alicujus

2060 1722 2521 1795 signi.Quocirca
2551 1726 2926 1777 surrecturus
2945 1721 3015 1776 ad
3040 1719 3416 1776 nocturnales
3435 1718 3707 1792 hymnos,

2059 1812 2154 1867 adi
2186 1817 2312 1867 tum
2345 1810 2525 1866 altare
2577 1812 2757 1865 situm
2809 1811 2882 1865 ad
2931 1813 3108 1881 caput
3154 1808 3342 1864 sancti
3385 1806 3708 1880 Hildulphi,

2060 1918 2240 1973 supra
2269 1902 2423 1972 quod
2457 1918 2590 1956 mox
2622 1900 2963 1955 inventurus
2993 1896 3349 1954 cruciculam
3389 1913 3526 1953 cum
3554 1913 3709 1952 cam-

2064 1991 2215 2046 buca
2272 1989 2459 2061 ipsius
2516 1988 2808 2061 pontiﬁcis
2864 1988 3038 2054 beati,
3074 1987 3253 2042 totius
3310 1986 3710 2059 ambiguitatis

2065 2078 2280 2134 callum
2313 2095 2542 2134 remove
2572 2095 2606 2133 a
2630 2076 2871 2133 latebris
2903 2075 3103 2131 animi.
3128 2078 3400 2131 Attamen
3431 2075 3707 2147 quoniam

2064 2166 2424 2223 tolerabilius
2453 2166 2556 2222 tibi
2591 2167 2701 2222 erit
2729 2164 3035 2238 temporali
3065 2163 3354 2237 supplicio
3386 2164 3706 2235 subjacere,

2066 2274 2243 2329 quam
2274 2255 2727 2311 irrevocabiliter
2751 2258 3037 2327 perpetua
3065 2252 3389 2326 mancipari
3409 2253 3709 2325 gehenna,

2065 2346 2246 2417 hujus
2303 2345 2601 2417 neglectus
2659 2343 2943 2400 ultionem
2991 2342 3220 2398 noveris
3268 2346 3325 2398 te
3373 2341 3706 2397 subiturum

2064 2435 2124 2490 in
2158 2435 2265 2490 hac
2295 2434 2452 2501 luce;
2482 2434 2626 2489 satis
2667 2433 2823 2489 enim
2875 2433 3020 2489 satis
3068 2448 3361 2505 superque
3407 2447 3707 2503 pmnarum

2067 2528 2247 2580 restat
2292 2528 2407 2578 tua;
2458 2522 2707 2578 nimium
2761 2520 2983 2577 carnali
3027 2520 3177 2584 vitea,
3212 2524 3433 2593 quanto
3484 2520 3617 2593 plus
3662 2518 3707 2574 si

2067 2613 2378 2684 adjiciatur
2407 2613 2634 2667 facinus
2674 2615 2906 2667 tantum
2959 2609 3409 2665 inobedientiaa?
3439 2608 3555 2665 Hac
3589 2626 3709 2682 per-

2065 2702 2410 2758 terrefactus
2436 2701 2670 2770 juvenis
2704 2698 3630 2771 comminatione,expergiscitur,
3662 2702 3712 2753 et

2068 2792 2241 2846 fidem
2265 2789 2555 2862 jussionis
2596 2789 3029 2863 exploraturus,
3063 2788 3215 2843 facto
3261 2786 3433 2861 signo
3485 2793 3712 2843 noctur-

2068 2896 2278 2935 narum
2314 2878 2649 2951 vigiliarum
2697 2877 3002 2933 ecclesiam
3049 2875 3399 2949 ingreditur,
3433 2876 3535 2932 ubi
3586 2891 3710 2931 cum

2067 2968 2325 3041 praedicti
2360 2967 2515 3041 signi
2545 2966 2897 3023 evidentiam
2928 2982 3063 3021 cum
3093 2981 3370 3037 corporeo
3419 2965 3708 3021 hausisset

2070 3056 2257 3121 oculo,
2292 3055 2454 3111 omni
2487 3055 2787 3112 dubietate
2837 3054 3182 3127 postposita,
3215 3053 3489 3110 abbatem
3517 3058 3576 3110 et
3606 3055 3710 3109 fra-

2069 3149 2189 3201 tres
2216 3143 2355 3200 illuc
2375 3144 2673 3200 advocavit
2694 3144 2885 3199 adhuc
2906 3143 2965 3198 in
2989 3141 3369 3216 crespusculo
3390 3143 3675 3198 matutino
3697 3159 3709 3196 :

2072 3232 2289 3305 quibus
2322 3237 2631 3305 postquam
2662 3230 2914 3288 ostendit
2944 3247 3199 3302 praesens
3229 3231 3708 3305 signum,caeterae

2073 3339 2310 3395 quoque
2367 3320 2733 3377 revelationis
2790 3320 3062 3392 patefecit
3116 3324 3363 3376 textum.
3406 3321 3546 3377 Inde
3604 3338 3710 3375 una

2071 3429 2207 3467 cum
2237 3410 2353 3466 illis
2384 3412 2455 3466 ad
2488 3411 2680 3466 locum
2710 3409 2926 3465 tumbae
2959 3410 3234 3482 martyris
3282 3411 3632 3483 properavit,
3660 3414 3709 3465 et

2072 3500 2226 3557 sicut
2256 3516 2358 3572 per
2386 3498 2796 3555 revelationem
2828 3498 2937 3570 (16)
2968 3502 3290 3571 acceperat,
3322 3499 3411 3555 eis
3450 3498 3707 3573 designa-

2071 3590 2173 3645 vit.
2204 3589 2312 3645 Ubi
2345 3588 2629 3644 fodientes
2668 3584 3037 3643 mausoleum
3086 3586 3441 3643 invenerunt
3486 3588 3707 3652 decens,

2075 3680 2230 3751 quod
2259 3679 2400 3733 dum
2431 3692 2730 3749 aperuere,
2748 3675 3129 3748 fragrantiam
3163 3676 3499 3732 suavissimi
3528 3674 3711 3732 odoris

2075 3784 2246 3823 nares
2277 3766 2652 3839 praesentium
2694 3764 3122 3837 persensere.In
3147 3781 3263 3837 quo
3295 3766 3531 3821 tandem
3554 3767 3714 3836 juxta

2072 3855 2320 3911 visionis
2350 3855 2524 3910 ﬁdem
2551 3853 2907 3926 reperientes
2937 3853 3211 3925 martyris
3235 3855 3496 3921 exuvias,
3516 3855 3573 3909 in
3607 3854 3713 3909 sin-

2076 3946 2226 4001 done
2257 3943 2481 3999 munda
2508 3942 2877 3998 involverunt
2906 3943 3237 4015 eas,sicque
3266 3944 3646 3999 recondentes
3662 3941 3713 3996 in

2078 4033 2312 4099 scrinio,
2346 4031 2591 4105 Begonis
2622 4030 2777 4087 cellae
2810 4031 3075 4086 invexere
3127 4030 3438 4100 festinato;
3472 4031 3611 4104 quia
3640 4045 3715 4085 re-

2077 4121 2366 4179 condendi
2396 4125 2570 4193 aptus
2602 4120 2765 4176 locus
2799 4120 3040 4176 minime
3071 4121 3423 4193 suppetebat
3451 4122 3536 4178 eis
3564 4121 3625 4176 in
3647 4117 3716 4174 di-

2079 4214 2211 4265 ruto
2242 4208 2615 4264 monasterio.
2652 4208 2777 4274 (Sed
2810 4209 3029 4263 incuria
3059 4223 3434 4264 successorum
3475 4210 3710 4280 faciente,

2074 4300 2311 4371 praefata
2341 4298 2481 4353 cella
2506 4304 2720 4352 sanctos
2749 4303 2902 4351 artus
2918 4298 3188 4367 permissa
3209 4303 3288 4352 est
3309 4298 3548 4353 retinere
3566 4308 3715 4367 usque

2080 4387 2150 4443 ad
2177 4386 2439 4442 damnum
2484 4386 2734 4441 abbatem
2784 4386 3151 4454 Lambertum,
3183 4387 3283 4456 qui
3330 4402 3478 4442 anno
3527 4386 3593 4440 ab
3637 4386 3714 4439 In-

2079 4477 2399 4531 carnatione
2425 4474 2645 4530 Domini
2671 4474 2965 4529 millesimo
2995 4474 3414 4545 quadragesimo
3462 4476 3637 4537 tertio,
3666 4471 3716 4526 ἐκ

2080 4573 2235 4620 sexta
2284 4565 2429 4635 feria
2476 4578 2601 4635 qua:
2631 4579 2669 4618 ιι
2697 4568 2875 4620 Nonas
2924 4562 3241 4619 Novembris
3289 4561 3611 4627 habebatur,
3642 4575 3714 4615 re-

327 4655 483 4726 quod
509 4655 660 4709 inter
688 4652 1044 4724 collegarum
1079 4667 1343 4705 meorum
1373 4666 1617 4721 corpora
1646 4650 1805 4722 prior
1832 4649 1973 4705 reti-
2006 4674 2051 4738 ι)
2084 4654 2271 4724 emit.)
2304 4653 2502 4707 Frater
2526 4667 2658 4707 vero
2691 4652 2790 4723 qui
2823 4651 2993 4706 toties
3033 4651 3429 4707 commonitus
3469 4656 3593 4707 tam
3620 4648 3718 4705 cla-

326 4741 457 4799 nuit
485 4741 757 4797 locus.En
788 4740 894 4795 tibi
927 4744 1269 4795 cunctarum
1303 4738 1682 4810 reliquiarum
1712 4755 1975 4794 mearum

326 4846 567 4886 causam
600 4828 869 4901 explicui.
897 4829 984 4882 Tu
1021 4844 1176 4882 nunc
1226 4827 1447 4898 absque
1496 4826 1974 4882 recrastinatione

327 4934 575 4992 pergens
606 4917 829 4990 explica
856 4916 967 4971 hoc
997 4916 1190 4987 ipsum
1225 4916 1441 4971 abbati.
1475 4915 1590 4970 Nec
1620 4931 1805 4982 mora,
1838 4932 1972 4971 cum

326 5007 519 5065 verbis
536 5006 887 5062 subducitur
904 5003 1187 5060 monacho
1211 5003 1433 5077 species
1455 5002 1856 5075 martyris,qui
1876 5004 1976 5060 ubi

328 5095 763 5167 evpergefactus
794 5097 904 5158 est,
936 5093 1075 5164 quia
1106 5090 1314 5148 maluit
1340 5091 1751 5147 revelationem
1798 5093 1973 5147 istam

330 5182 725 5257 phantasmati
760 5181 1069 5247 ascribere,
1103 5197 1280 5252 quam
1311 5181 1361 5235 ei
1393 5180 1767 5252 aliquatenus
1798 5182 1974 5237 ﬁdem

331 5272 1042 5341 accommodare,etsuper
1057 5269 1164 5323 hoc
1177 5268 1496 5324 divinitatis
1515 5270 1977 5326 misericordiam

332 5360 665 5433 implorare,
718 5357 947 5414 distulit
1004 5356 1117 5411 sibi
1171 5357 1457 5428 imperata
1512 5359 1823 5429 perficere;
1858 5359 1980 5415 sive

332 5447 753 5522 pertimcscens
784 5443 1073 5517 hypocrisi
1107 5449 1282 5515 atque
1312 5444 1613 5500 mendacio
1647 5448 1853 5513 notari,
1874 5463 1979 5503 seu

330 5536 612 5592 invidiam
645 5532 986 5589 contrahere
1018 5549 1136 5587 suae
1169 5531 1457 5602 parvitati.
1490 5533 1852 5607 Quapropter
1881 5535 1981 5590 ite-

339 5629 462 5680 rato
494 5622 862 5680 adventantis
893 5620 1179 5676 acerrima
1209 5619 1605 5690 increpatione
1649 5622 1981 5693 percellitur

407 5741 521 5811 (15)
558 5738 939 5811 Manuscript.
974 5738 1282 5810 Epternac.
1318 5736 1493 5791 habet
1523 5738 1835 5792 oratoriolo.

2086 4759 2161 4796 ra":
2207 4740 2418 4796 visioni
2470 4756 2781 4796 assensum
2840 4740 2978 4795 dare
3034 4739 3285 4805 distulit,
3320 4744 3455 4812 post
3513 4739 3717 4811 aliquot

2084 4846 2270 4886 annos
2300 4847 2415 4900 prae
2440 4829 2616 4883 domo
2665 4828 3037 4883 infirmorum
3086 4832 3272 4893 stans,
3305 4828 3610 4900 repentino
3638 4840 3717 4879 ac-

2082 4936 2253 4975 cessu
2284 4916 2569 4990 paralysis
2599 4917 2742 4972 adeo
2766 4917 3118 4981 extabuit,ut
3149 4934 3211 4972 se
3242 4916 3422 4972 invito
3452 4921 3717 4987 retrogra-

2084 5008 2225 5063 dum
2257 5007 2367 5062 iter
2395 5010 2612 5078 ageret,
2646 5005 2829 5061 donec
2880 5022 2984 5078 per
3025 5004 3215 5077 ipsius
3260 5006 3472 5062 domus
3519 5004 3716 5061 ostium

2083 5095 2235 5151 intro
2265 5097 2764 5165 corrueret,atque
2794 5093 2995 5149 fractis
3025 5093 3351 5150 cervicibus
3393 5093 3715 5166 exspiraret.

2574 5245 2581 5252 .
2739 5191 2972 5247 CAPUT
3011 5191 3076 5246 X.

2158 5276 2385 5327 Interea
2414 5272 2531 5327 dux
2574 5270 2925 5337 Fridericus,
2953 5288 3073 5327 suae
3124 5271 3400 5329 utilitatis
3448 5271 3716 5327 insudans

2091 5361 2620 5434 negotiis,castrum
2642 5360 3122 5431 cognominatum
3143 5361 3389 5417 Barrum
3412 5353 3716 5416 construxit

2087 5450 2145 5505 in
2179 5450 2391 5522 prmdio
2420 5447 2688 5504 Ecclesiae
2710 5446 3026 5503 Tullensis.
3062 5451 3185 5515 Qua
3216 5451 3287 5506 de
3318 5467 3501 5505 causa
3530 5449 3715 5505 Gerar.

2088 5539 2201 5593 dus
2222 5538 2310 5593 vir
2337 5538 2519 5592 totius
2542 5536 2871 5592 sanctitatis
2890 5538 3177 5608 praeconio
3202 5536 3717 5605 eil'erendus,impe-

2089 5631 2340 5682 ratorem
2364 5626 2632 5681 Ottonem
2672 5625 2953 5697 majorem
2986 5625 3213 5697 adiit,et
3236 5626 3288 5682 ei
3316 5625 3594 5699 iujuriam
3616 5620 3717 5678 illa-

2160 5743 2271 5813 (16)
2303 5740 2685 5813 Manuscript.
2719 5740 3023 5813 Epternac.
3059 5741 3235 5800 habet
3264 5743 3550 5799 visionem.
