3814 6218
88 415 194 479 213

880 412 981 477 DE
1025 414 1652 479 SUCCESSORIBUS
1700 414 1768 479 S.
1813 414 2191 481 IIIDULPHI
2234 415 2312 479 IN
2357 415 2691 481 VOSAGO.

3360 415 3480 478 214

91 553 199 606 tam
214 565 329 606 sua
349 546 484 605 urbi
504 544 875 605 intimavit.A
896 566 1011 622 quo
1034 549 1152 605 dux
1173 548 1506 606 satisfacere
1520 549 1728 621 jussus
1756 550 1812 618 Α
1840 552 2178 605 sanctorum
2211 551 2522 618 teneretur,
2548 553 2782 624 repente
2809 564 3110 620 corruens,
3130 550 3320 608 rotatu
3348 548 3484 608 hor-

91 655 184 711 pro
212 637 560 710 pervasione
589 636 807 710 praedii,
832 643 1046 694 mutua
1076 637 1503 695 vicissitudinis
1525 638 1730 694 condi-

91 726 409 795 tione,duas
431 726 707 782 abbatias
728 727 1060 782 Medianum
1085 726 1509 783 monasterium
1532 730 1589 782 et
1616 727 1731 782 Ga-

91 815 446 882 lileam,cum
469 814 697 887 aliquot
715 814 864 871 villis
891 814 1227 887 patrimonii
1261 815 1353 871 sui
1381 813 1734 871 contradidit

91 904 227 974 ei,ut
254 908 461 977 posset
490 904 617 976 ipse
646 904 885 976 pacifice
924 904 1222 977 possidere
1254 905 1409 977 quod
1448 921 1731 977 praesum-

91 997 268 1065 pserat
297 992 437 1049 sibi.
462 991 725 1065 Cumque
746 992 846 1048 tali
870 997 1039 1066 pacto
1060 993 1437 1049 denominata
1457 993 1585 1049 loca
1600 991 1735 1048 Tul-

92 1081 223 1137 lensi
245 1080 488 1137 diceeesi
517 1082 854 1148 cessissent,
875 1086 1354 1154 memoratusque
1378 1081 1590 1155 praesul
1611 1081 1736 1136 ofﬁ-

90 1170 248 1227 ciales
267 1187 479 1227 eorum
509 1175 874 1226 sacramento
899 1170 1010 1226 sibi
1041 1170 1508 1237 astrinxisset,ob
1532 1186 1735 1226 monu-

94 1263 337 1315 mentum
356 1257 715 1331 ipsiusmodi
734 1258 1016 1315 cessionis
1038 1276 1240 1316 secum
1261 1259 1399 1315 tulit
1418 1260 1734 1316 cambucas

93 1348 164 1416 (Id
180 1357 272 1415 est,
293 1346 543 1404 baculos
566 1346 907 1420 pastorales)
928 1349 1231 1404 beatorum
1256 1348 1587 1404 antistitum
1610 1345 1735 1401 Hil-

93 1436 275 1509 dulphi
305 1441 491 1508 atque
520 1436 983 1509 Deodati,specie
1015 1436 1251 1508 quidem
1283 1436 1735 1505 vilissimas,nec

93 1526 271 1581 uthac
298 1530 511 1581 nostra
540 1529 707 1580 aetate
733 1526 958 1598 passim
990 1525 1256 1581 cernitur
1285 1525 1599 1581 artiﬁciose
1640 1541 1733 1580 ca-

93 1619 321 1670 meratas
354 1631 422 1670 ac
454 1612 700 1686 politas;
721 1614 823 1670 sed
857 1618 1053 1670 tamen
1086 1615 1157 1669 ad
1181 1615 1575 1688 ostensionem
1599 1631 1735 1671 san-

92 1706 180 1757 cta:
200 1701 672 1759 mortiticationis
694 1702 1009 1775 meritique
1040 1720 1243 1759 eorum
1268 1703 1733 1769 efficacissimas,

91 1791 285 1862 quibus
333 1791 488 1846 nihil
540 1808 766 1864 pompm
814 1791 1108 1861 adjecerat
1155 1792 1371 1848 artium
1424 1790 1735 1856 industria,

90 1884 280 1936 natura
308 1879 647 1937 sufficiente
677 1881 749 1935 ad
781 1880 1000 1936 omnia.
1035 1881 1152 1936 Has
1183 1898 1318 1951 ergo
1365 1881 1611 1937 antistes
1641 1880 1737 1936 ille

90 1969 309 2025 devotus
330 1974 658 2043 postquam
691 1968 945 2025 metallis
972 1970 1245 2043 pretiosis
1276 1970 1610 2043 pariterque
1651 1987 1737 2025 re-

91 2058 267 2132 liquiis
294 2064 648 2115 sanctorum
677 2058 1000 2132 insignivit,
1034 2058 1094 2114 in
1144 2058 1554 2132 gazophylacio
1602 2075 1739 2114 san-

94 2149 277 2204 ctuarii
307 2148 538 2204 servari
569 2147 863 2220 praecepit,
888 2148 1045 2219 quod
1079 2152 1136 2204 et
1166 2147 1451 2204 hactenus
1474 2148 1560 2203 fit.
1580 2147 1740 2203 Tulit

97 2236 250 2293 etiam
278 2236 526 2310 signum
559 2236 743 2293 nostri
773 2236 1020 2292 ccenobii
1052 2238 1249 2309 majus
1269 2241 1326 2293 et
1357 2235 1743 2305 melius,mnl—

98 2325 163 2381 tis
186 2327 289 2382 sibi
320 2324 662 2399 quantitate
710 2324 931 2381 metalli
981 2326 1242 2398 paribus,
1279 2327 1409 2382 soni
1461 2325 1742 2399 qualitate

102 2417 497 2488 praestantius;
535 2415 691 2487 quod
724 2415 1110 2487 acquisiverat
1144 2416 1327 2472 abbas
1371 2415 1738 2471 Adalbertus.

100 2504 229 2561 Illud
273 2511 479 2562 tamen
533 2504 845 2560 duodecim
877 2503 970 2559 vix
1000 2505 1163 2577 paria
1204 2505 1384 2560 boum
1433 2503 1745 2576 quiverunt

100 2593 160 2649 ad
186 2594 463 2667 oppidum
498 2592 846 2662 convehere,
868 2610 1004 2649 cum
1054 2599 1186 2666 post
1216 2595 1520 2649 decessum
1557 2592 1743 2665 ipsius

101 2684 370 2755 pontiﬁcis
401 2687 667 2756 quatuor
694 2686 925 2738 tantum
960 2683 1237 2739 facillime
1267 2682 1562 2755 quiverint
1592 2699 1745 2737 reve-

99 2770 238 2828 here.
270 2773 500 2829 Etenim
535 2771 801 2844 quandiu
859 2772 1102 2827 Leucbae
1154 2771 1565 2838 fuit,consueti
1615 2770 1741 2826 soni

101 2860 388 2918 dulcedine
419 2860 621 2918 caruit
651 2878 664 2916 :
699 2866 759 2916 at
786 2866 1099 2933 postquam
1132 2862 1247 2917 Deo
1277 2861 1504 2917 volente
1548 2860 1743 2916 locum

101 2952 297 3023 recepit
326 2967 538 3018 suum,
566 2949 789 3023 pariter
817 2954 875 3006 et
904 2966 1118 3006 sonum
1152 2948 1411 3006 solitum.

740 3048 971 3105 CAPUT
1010 3049 1103 3104 XI.

158 3127 504 3185 Adalbertus
537 3127 641 3200 qui
672 3132 812 3183 tunc
837 3128 1117 3201 temporis
1140 3129 1497 3202 fungebatur
1514 3128 1746 3184 abbatis

101 3218 494 3288 nomine,cum
518 3233 628 3288 per
643 3215 865 3288 aliquot
886 3233 1071 3272 annos
1094 3220 1649 3288 strenue,quantum
1673 3217 1745 3271 ad

1844 638 2004 694 riflco
2025 656 2128 711 per
2146 639 2541 712 pavimentum
2566 640 2778 713 agitur.
2795 641 2905 698 Sed
2930 640 3022 697 hic
3046 646 3267 699 rotatus
3283 645 3340 699 et
3369 644 3487 697 tor-

1842 731 2107 784 mentum
2141 728 2352 800 captivi
2373 728 2599 801 liquido
2616 730 2945 786 astantibus
2967 731 3288 803 prodebant
3307 731 3490 804 flagra

1840 820 1897 873 et
1929 820 2214 873 torturam
2246 816 2493 874 latronis
2527 818 3016 892 maligni,quibus
3037 818 3492 891 compellebatur

1842 905 2057 978 egredi.
2076 905 2337 978 Denique
2359 910 2497 978 post
2520 906 2762 963 nimiam
2805 908 3151 964 rotationem
3170 908 3297 981 ipso
3327 908 3492 964 aditu

1842 1011 1959 1066 quo
1989 994 2178 1050 fuerat
2208 994 2605 1063 intromissus,
2628 997 2783 1052 exire
2805 1002 3210 1065 coactus,cum
3229 996 3494 1053 obsceni-

1842 1086 1961 1139 tate
1991 1083 2244 1139 vomitus
2276 1084 2463 1140 instar
2492 1085 2706 1141 vermis
2735 1085 3024 1159 bipedalis
3053 1086 3125 1142 ab
3156 1085 3382 1142 intimis
3410 1086 3493 1141 vi-

1844 1174 2108 1229 sceribus
2139 1173 2336 1231 miseri
2362 1179 2451 1231 est
2480 1177 2918 1247 projectus.Qui
2940 1194 3072 1233 mox
3101 1182 3165 1233 ut
3186 1177 3490 1249 paululum

1844 1262 2035 1318 somni
2068 1262 2165 1318 diu
2195 1264 2387 1337 negati
2419 1264 2686 1337 arripuit,
2702 1266 2921 1338 gratias
2941 1266 3195 1322 Creatori
3226 1265 3492 1322 omnium

1844 1368 1910 1406 ac
1942 1351 2213 1408 ﬁdelibus
2245 1352 2430 1424 ipsius
2451 1354 2893 1427 agens,propria
2910 1354 3223 1411 incolumis
3242 1354 3489 1427 repetiit.

2472 1461 2704 1518 CAPUT
2742 1463 2857 1519 XII.

1917 1552 2140 1605 Interea
2167 1550 2382 1605 domno
2432 1550 2701 1622 pontiﬁce
2749 1552 3002 1608 Gerardo
3051 1569 3120 1609 ex
3158 1553 3339 1625 hujus
3364 1552 3490 1607 vitae

1845 1638 2122 1693 aerumnis
2155 1638 2404 1703 sublato,
2442 1640 2512 1694 ad
2545 1639 2843 1698 Tullensis
2892 1641 3158 1697 dimcesis
3190 1641 3491 1714 pontifica-

1847 1730 1973 1782 tum
2024 1728 2377 1799 subrogatus
2421 1731 2507 1784 est
2550 1729 2881 1801 Stephanus
2931 1748 2999 1785 ex
3045 1730 3494 1786 Mediomatrica:

1848 1816 2011 1871 urbis
2042 1815 2543 1888 clero,qui.........
2578 1819 2895 1874 oratorium
2929 1824 3140 1875 sancta:
3173 1818 3364 1874 Maria:
3389 1836 3497 1874 sua

1846 1904 2207 1960 consecravit
2236 1904 2530 1960 industria
2563 1924 2575 1961 :
2610 1924 2727 1978 qua
2772 1908 2946 1963 etiam
3000 1909 3092 1963 die
3137 1908 3394 1964 restituit
3425 1906 3497 1963 si-

1848 2010 2030 2066 gnum
2063 1992 2187 2049 loco
2218 1992 2356 2049 olim
2405 1994 2664 2050 ablatum
2697 2012 2729 2050 a
2761 1998 3185 2068 praadecessore
3232 2014 3359 2052 suo.
3394 1996 3497 2051 Hic

1847 2081 1940 2136 vix
1971 2082 2200 2137 duobus
2230 2082 2400 2138 annis
2447 2082 2752 2139 ecclesiam
2803 2084 2977 2152 rexit;
3011 2085 3112 2140 sed
3159 2084 3293 2139 licet
3339 2084 3495 2156 apud

1848 2171 2103 2226 Bodonis
2134 2170 2554 2227 monasterium
2588 2172 2887 2228 hominem
2918 2174 3158 2239 exuerit,
3183 2173 3277 2229 hic
3300 2176 3496 2228 tamen

1849 2259 2080 2332 sepeliri
2138 2259 2339 2325 voluit,
2373 2261 2524 2333 quod
2573 2265 2630 2316 et
2677 2261 2938 2335 contigit.
2972 2261 3250 2335 Sepultus
3297 2266 3496 2317 autem

1850 2351 2037 2403 exstat
2066 2365 2099 2403 a
2130 2348 2346 2404 dextris
2377 2348 2577 2406 altaris
2628 2366 2859 2423 semper
2905 2350 3147 2423 virginis
3197 2355 3255 2405 et
3292 2350 3497 2406 matris

1850 2437 2081 2493 Domini
2116 2437 2333 2505 Mariae,
2366 2437 2424 2493 in
2459 2439 2756 2494 mausoleo
2787 2456 2854 2495 ex
2886 2457 2999 2512 quo
3031 2441 3256 2495 dudum
3300 2438 3500 2495 levata:

1854 2528 2082 2582 fuerant
2110 2531 2446 2583 sanctorum
2471 2543 2883 2599 germanorum
2907 2529 3150 2585 Joannis
3172 2534 3227 2583 et
3256 2528 3498 2601 Benigni

1852 2615 2367 2688 reliquim,pectori
2399 2617 2526 2687 ejus
2550 2616 2845 2673 crucicula
2862 2616 3502 2690 superposita,disticon

1852 2703 2085 2760 abbatis
2117 2704 2377 2760 Sicconis
2399 2704 2747 2777 inscriptum
2780 2706 3005 2762 habens
3038 2707 3118 2762 ita
3151 2723 3164 2761 :

2010 2803 2104 2868 llic
2133 2803 2233 2852 fuit
2262 2803 2494 2868 antistes;
2514 2805 2809 2868 Leucorum
2839 2804 3144 2868 Stephanus
3172 2805 3317 2855 olim.

2007 2865 2189 2915 Idibus
2218 2869 2269 2915 et
2296 2869 2451 2915 terna
2478 2866 2659 2916 Martis
2688 2865 3024 2917 discessit'ab
3053 2868 3214 2917 arvis.

1854 2955 2042 3027 Super
2071 2953 2366 3010 tumulum
2391 2955 2518 3027 ejus
2548 2956 2691 3010 dum
2721 2956 3095 3027 postmodum
3119 2956 3267 3012 duos
3303 2957 3510 3013 fratres

1854 3043 2263 3109 consisterent,
2297 3047 2354 3098 et
2400 3044 2542 3099 odas
2589 3045 2781 3100 missa:
2831 3044 3225 3110 decantarent,
3274 3048 3511 3117 repente

1856 3131 2076 3187 nimius
2107 3131 2301 3205 fragor
2320 3132 2431 3187 sub
2454 3131 2700 3205 pedibus
2723 3149 2924 3188 eorum
2944 3132 3334 3205 insonuit,qui
3357 3150 3457 3190 eos
3477 3151 3511 3189 a

1856 3225 2013 3277 statu
2044 3237 2150 3275 suo
2181 3237 2358 3293 super
2383 3220 2781 3293 pavimentum
2814 3221 3257 3294 conquiniscere
3298 3222 3506 3295 coegit.

101 3304 390 3362 hominum
424 3304 684 3379 pertinet
711 3304 1547 3378 aestimationemdmpendisse
1579 3304 1706 3362 solli
1717 3337 1741 3346 -
1776 3298 1819 3364 C
1861 3309 2068 3365 Verum
2094 3326 2166 3363 an
2189 3308 2297 3364 hoc
2319 3308 2627 3378 contigerit
2642 3326 2820 3365 causa
2840 3315 3179 3366 sanctorum
3202 3310 3505 3380 mausolei,

103 3395 401 3450 citudinem
434 3393 555 3450 sibi
588 3392 915 3449 commissae
942 3394 1596 3463 abbatiae,incommodo
1639 3393 1743 3450 ali-

103 3484 378 3554 quantulm
410 3481 782 3539 inﬁrmitatis
803 3482 977 3555 coepit
998 3482 1290 3550 laborare;
1314 3483 1413 3555 qui
1436 3483 1743 3539 vehemen-

104 3576 181 3627 ter
198 3590 515 3645 percussus
542 3570 821 3644 paralysi,
842 3574 1154 3644 postquam
1172 3570 1486 3627 nonnullos
1499 3572 1745 3643 pmnali-

101 3664 177 3715 ter
191 3663 478 3735 transegit
492 3677 732 3716 menses
755 3659 813 3714 in
830 3660 1313 3733 grabato,szeculo
1336 3660 1471 3716 huic
1485 3661 1747 3715 aufertur

102 3765 220 3806 cum
250 3749 409 3806 luctu
442 3766 683 3822 magno.
712 3749 1031 3805 Successor
1060 3750 1187 3821 ejus
1219 3750 1278 3805 in
1322 3748 1430 3804 loci
1464 3749 1745 3822 regimine

102 3839 301 3894 exstitit
324 3839 684 3905 Almannus,
718 3854 787 3894 ex
816 3837 1039 3893 familia
1068 3839 1254 3895 sancti
1287 3839 1437 3894 Petri
1473 3838 1745 3911 martyris

103 3925 173 3997 (In
197 3930 561 4000 manuscript.
591 3928 879 3998 Epternac.
902 3943 1009 3984 vox
1038 3927 1313 4000 martyris
1345 3929 1543 3999 tegitur
1566 3926 1745 3983 excel-

102 4013 318 4073 lentiore
347 4017 666 4084 oriundus,
701 4032 941 4089 corpore
986 4016 1487 4090 elegantissimus,
1518 4020 1745 4072 statura

104 4119 375 4175 procerus,
409 4104 683 4162 moribus
713 4108 771 4160 et
798 4110 931 4161 actu
964 4105 1287 4172 modestus,
1320 4105 1380 4161 in
1419 4105 1744 4161 eruditione

105 4190 412 4251 litterarum
445 4195 654 4251 minus
684 4193 1070 4267 pcrfectus,in
1094 4195 1476 4251 restructione
1498 4195 1743 4250 abbatis:

105 4280 606 4355 vigilantissimus,
630 4283 803 4353 juxta
832 4283 1293 4339 mediocritatem
1326 4283 1415 4339 sui
1449 4284 1743 4356 ingeniiin

106 4374 407 4428 revocando
426 4372 732 4443 subjectos
744 4372 815 4426 ad
835 4371 1107 4427 instituta
1126 4371 1336 4443 regulae
1359 4372 1745 4428 fervidus.Hic

104 4458 334 4534 denique
346 4460 750 4518 eruditionem
763 4477 1003 4516 suorum
1018 4461 1260 4518 credens
1282 4478 1448 4517 suam
1459 4462 1745 4528 ,mercede

105 4550 357 4607 conduxit
398 4551 490 4607 eis
542 4549 840 4605 doctorem
872 4549 1298 4623 grammaticae;
1323 4550 1463 4624 quin
1497 4555 1553 4606 et
1580 4550 1743 4606 volu-

107 4636 246 4730 mina
264 4640 407 4695 artis
429 4638 703 4711 ejusdem
723 4636 976 4710 plurima
997 4638 1223 4694 studuit
1244 4638 1368 4694 loco
1381 4640 1741 4711 conquirere.
1777 4667 1824 4730 υ

107 4723 192 4780 llic
219 4725 564 4783 monasterii
600 4726 882 4783 fabricam
922 4745 1057 4783 cum
1105 4729 1382 4785 omnibus
1431 4728 1681 4784 ofﬁcinis
1713 4746 1747 4784 a

104 4810 384 4871 decessore
412 4832 527 4871 suo
559 4814 917 4882 inchoatam,
952 4817 1053 4872 sed
1075 4817 1334 4873 maxima
1351 4835 1419 4873 ex
1442 4822 1604 4889 parte
1633 4816 1745 4872 im-

108 4903 421 4972 perfectam,
454 4903 735 4976 perduxit
765 4904 835 4959 ad
869 4921 1109 4961 manum
1134 4923 1494 4977 supremam.
1529 4905 1743 4962 Verum

105 4988 266 5047 donec
288 4993 513 5049 fabrica
533 4993 739 5049 eadem
754 4998 1330 5067 reparatur,corpora
1351 4993 1745 5067 reliquiaeque

107 5084 420 5137 sanctorum
450 5080 705 5138 servavit
735 5080 869 5137 aula
890 5082 1224 5155 pontiﬁcis,j
1237 5087 1410 5138 uncta
1432 5087 1571 5139 tunc
1592 5082 1747 5139 clau-

110 5167 196 5220 stri
226 5170 476 5226 officinis
511 5186 525 5224 :
564 5169 621 5224 in
655 5187 773 5242 qua
800 5170 1081 5226 divinitus
1127 5171 1437 5227 innumera
1486 5172 1746 5244 praistita

110 5260 232 5311 sunt
271 5257 525 5313 infirmis
580 5257 1041 5330 beneﬁcia,quae
1090 5258 1294 5315 censui
1345 5260 1749 5332 pratereunda

113 5342 390 5403 brevitatis
409 5346 624 5420 gratia.
640 5346 834 5402 Unum
864 5352 1060 5403 tamen
1083 5364 1199 5402 non
1224 5348 1415 5422 pigeat
1441 5366 1533 5404 me
1572 5349 1748 5405 refer-

113 5447 183 5499 re,
211 5435 360 5505 quod
392 5435 549 5491 inter
576 5434 695 5490 alia
743 5434 961 5492 ibidem
1009 5437 1271 5509 contigit.
1308 5437 1748 5511 Energumenus

115 5521 334 5590 quidam
365 5523 729 5596 possessoris
777 5525 868 5581 sui
921 5524 1180 5598 impulsu
1230 5526 1476 5583 scelesta
1507 5527 1747 5594 faciens,

114 5609 432 5667 scelestiora
487 5612 711 5683 dicens,
755 5614 1215 5687 propinquorum
1277 5615 1557 5687 obsequio
1612 5616 1752 5670 illuc

117 5697 372 5757 advectus
405 5706 519 5759 est.
539 5702 650 5767 Qui
681 5719 814 5760 cum
838 5702 1178 5776 aliquandiu
1194 5703 1413 5761 invitus
1436 5713 1568 5762 ante
1590 5722 1752 5761 aram

1856 3415 1959 3454 seu
1993 3414 2096 3468 pro
2130 3396 2449 3452 reverentia
2471 3396 2683 3469 sepulti
2706 3397 3105 3469 episcopi,non
3128 3399 3297 3471 plane
3313 3399 3508 3472 cogni-

1854 3490 1981 3541 tum
2014 3489 2102 3541 est
2136 3484 2301 3539 mihi.
2336 3485 2654 3539 Successor
2698 3501 2830 3539 vero
2881 3487 3008 3556 ejus
3059 3486 3118 3541 in
3164 3487 3508 3557 pontiﬁcatu

1854 3572 2077 3629 exstitit
2108 3573 2414 3629 Bertoldus
2447 3573 2677 3628 natione
2709 3573 2954 3644 Suevus,
2987 3573 3278 3630 honestati
3310 3575 3507 3631 saeculi

1853 3664 2143 3736 praecipue
2177 3662 2537 3729 intentus,in
2571 3662 3001 3718 constructione
3033 3680 3313 3719 novarum
3337 3668 3510 3736 atque

1853 3751 2238 3808 eminentium
2275 3751 2625 3807 fabricarum
2658 3751 2804 3807 nulli
2831 3752 3414 3821 secundus,insolitis
3436 3753 3508 3810 le-

1852 3841 2026 3913 gibus
2052 3857 2364 3913 opprcssor
2390 3839 2551 3913 vulgi
2580 3845 2636 3895 et
2668 3842 3155 3897 monasteriorum
3185 3846 3459 3897 versutus
3491 3859 3504 3897 :

1852 3930 1952 4003 qui
1986 3930 2252 3986 Mediano
2285 3930 2543 3985 ccenobio
2570 3928 3078 4002 irrecuperabilem
3118 3930 3509 3986 calamitatem

1852 4017 2121 4075 intulisse
2151 4018 2531 4092 dignoscitur.
2555 4018 2700 4074 Nam
2728 4019 3003 4091 praefatus
3032 4020 3214 4075 abbas
3245 4024 3506 4091 tempore

1851 4107 2081 4163 Henrici
2105 4106 2385 4180 principis
2414 4112 2577 4163 ratus
2600 4107 2715 4162 sibi
2737 4107 3017 4163 divinitus
3040 4108 3234 4163 offerri
3259 4107 3509 4163 occasio-

1853 4214 1985 4253 nem
2018 4196 2356 4268 reposcendi
2380 4196 2579 4268 praedii
2602 4198 2883 4252 Bercheim
2904 4196 2976 4251 ab
3008 4196 3229 4268 iniquis
3253 4196 3352 4251 diu
3381 4214 3515 4269 pos.

1853 4284 2020 4351 sessi,
2057 4301 2236 4340 suasu
2268 4284 2586 4355 supradicti
2620 4284 2870 4339 Bertoldi
2916 4300 3153 4338 enorme
3205 4283 3509 4339 servitium

1853 4373 2117 4429 exhibuit
2146 4372 2506 4444 imperatori,
2533 4372 2590 4426 in
2624 4372 2795 4443 cujus
2840 4372 3109 4443 impensa
3158 4376 3393 4427 coactus
3424 4375 3514 4426 est

1854 4466 2126 4518 cunctam
2146 4478 2292 4534 pene
2318 4459 2741 4532 supellectilem
2760 4463 2816 4514 et
2837 4460 3110 4531 pecuaria
3124 4459 3370 4515 abbatis:
3385 4459 3512 4514 abs-

1853 4551 2111 4615 trahere;
2136 4550 2278 4620 quin
2312 4549 2488 4603 etiam
2522 4563 2692 4603 omne
2724 4550 3135 4602 ornamentum
3159 4550 3279 4602 tam
3312 4564 3346 4602 a
3375 4564 3507 4602 cru-

1854 4640 2019 4695 cibus
2050 4645 2107 4694 et
2137 4636 2722 4709 candelabris,quam
2753 4636 2927 4691 etiam
2955 4653 2989 4690 a
3014 4635 3161 4691 lecto
3184 4635 3369 4692 sancti
3396 4635 3510 4692 Hil-

1853 4728 2059 4801 dulphi
2074 4745 2139 4783 ac
2161 4726 2475 4800 gestatorio
2491 4730 2827 4782 sanctarum
2843 4724 3221 4797 reliquiarum
3235 4725 3506 4797 diripere.

1854 4818 2155 4889 Siquidem
2191 4816 2277 4871 vir
2310 4814 2407 4870 ille
2440 4816 2629 4869 bonus
2659 4818 2714 4869 et
2745 4812 2991 4885 simplex
3022 4812 3191 4868 nihili
3222 4815 3511 4886 pendebat

1855 4923 2095 4962 censum
2127 4904 2382 4960 ecclesia:
2416 4905 2634 4959 bonum
2669 4903 2912 4975 prodiga
2943 4919 3119 4958 manu
3155 4902 3212 4958 in
3263 4903 3364 4958 tali
3406 4921 3510 4960 ne-

1854 4993 2009 5067 gotio
2040 4993 2583 5065 dispergere,quem
2615 4992 2888 5063 sperabat
2903 5009 2971 5047 ex
2996 4991 3323 5049 redditibus
3346 4991 3509 5048 fundi

1856 5083 2012 5138 illius
2046 5081 2432 5153 multiplicius
2464 5079 2801 5135 restitutum
2844 5080 2934 5135 iri.
2968 5081 3151 5153 Igitur
3199 5087 3508 5154 postquam

1857 5173 1971 5228 duo
2000 5172 2191 5243 pondo
2206 5170 2333 5226 auri
2353 5169 2628 5242 appendit
2645 5170 2926 5226 archariis
2939 5172 3101 5226 Gazae
3117 5170 3506 5243 imperatoris,

1859 5266 2065 5332 praeter
2092 5258 2315 5331 praefati
2345 5259 2640 5330 impensas
2673 5258 3027 5327 serviminis,
3056 5258 3303 5315 solemni
3335 5257 3509 5313 tradi-

1856 5349 2013 5404 tione
2044 5347 2256 5418 recepit
2287 5348 2358 5402 ab
2389 5364 2454 5402 eo
2486 5347 2771 5419 praedium
2803 5365 2937 5403 cum
2972 5349 3329 5420 appenditiis
3360 5346 3503 5401 suis.

1859 5438 2018 5502 Quod
2045 5453 2179 5492 cum
2211 5453 2327 5491 uno
2361 5453 2513 5492 anno
2548 5436 2785 5509 paciﬁce
2808 5437 3185 5509 possedisset,
3202 5432 3507 5488 Bertoldus

1859 5526 2293 5599 episcopus,qui
2317 5526 2598 5582 debuerat
2619 5543 2710 5582 res
2733 5527 2918 5598 ipsius
2937 5523 3180 5580 cmnobii
3201 5522 3273 5575 ab
3296 5520 3509 5590 i'npro-

1861 5617 2066 5671 borum
2098 5614 2319 5670 retibus
2350 5633 2459 5671 sua
2501 5615 2844 5671 auctoritate
2890 5614 3230 5673 subducere,
3264 5606 3508 5678 pellacia

1863 5704 2251 5776 malignitatis
2281 5721 2398 5759 suae
2420 5720 2534 5759 non
2566 5704 2764 5759 timuit
2794 5698 3246 5758 subintroductte
3291 5695 3364 5753 ch

3364 5537 3509 5590 ipro-
