3814 6218
67 360 162 421 217

69 509 177 548 cum
207 491 308 564 (2t)
337 488 571 564 quidam
609 507 782 548 sensu
831 493 886 545 et
934 506 1111 545 censu
1158 505 1400 560 pauper,
1434 484 1669 542 nomine
1695 490 1750 558 Α

66 582 385 655 Uvalpertus,
420 583 519 653 qui
569 578 942 636 sacerdotalis
993 578 1254 633 mandati
1303 579 1667 647 contemptor

67 671 282 734 effectus,
315 669 709 724 calceamenta
737 685 842 723 sua
875 667 1001 740 ipsa
1041 666 1132 721 die
1164 665 1448 721 sarciebat
1477 667 1664 718 atten-

64 759 284 814 tius.Sed
305 758 441 831 quia
463 757 510 812 si
533 757 696 813 nulla
724 773 929 830 pravos
956 757 1285 811 coercerent
1315 751 1542 825 ﬁagella
1572 768 1664 806 su—

67 865 218 919 pernae
247 845 780 913 animadversionis,
807 848 1110 918 putaretur
1139 843 1516 914 Omnipotens
1549 858 1663 896 non

65 936 316 992 intendere
360 937 535 991 rebus
579 933 877 1004 humanis,
910 934 1105 989 subita
1152 930 1546 987 contractione
1585 928 1669 983 ita

69 1043 240 1080 manus
281 1025 559 1098 colligata:
609 1028 749 1079 sunt
797 1023 954 1078 illius
983 1023 1262 1088 hominis,
1297 1021 1449 1074 intra
1479 1017 1666 1074 volam

69 1115 500 1171 inextricabiliter
543 1114 747 1169 deﬁxis
777 1117 834 1168 et
863 1116 1023 1168 extra
1054 1111 1391 1168 deformiter
1438 1107 1670 1163 retortis

71 1204 248 1277 digitis,
269 1209 329 1260 ut
359 1207 587 1259 reatum
619 1206 989 1276 contemptus
1019 1205 1076 1256 et
1106 1198 1511 1255 inobedientiae
1542 1213 1671 1268 per-

70 1294 275 1349 solverit.
309 1294 457 1348 Dum
504 1292 600 1348 hic
641 1292 801 1357 vixit,
836 1290 1096 1362 exemplo
1147 1306 1264 1344 sua:
1315 1304 1494 1360 poenae
1526 1285 1673 1340 alios

73 1385 237 1437 terruit
264 1400 294 1437 a
322 1382 780 1455 praesumptione
811 1379 1088 1453 prohibiti
1120 1377 1332 1450 operis.

640 1469 875 1525 CAPUT
915 1468 1054 1523 XVI.

122 1561 304 1617 Eadem
335 1577 546 1615 rursus
576 1559 668 1614 die
699 1558 941 1629 quidam
975 1555 1139 1612 Belzo
1170 1555 1260 1610 vix
1294 1555 1526 1609 duobus
1556 1557 1672 1608 sta-

69 1649 156 1706 diis
181 1650 496 1724 disparatus
523 1667 556 1703 a
578 1645 1380 1714 monasterio,commanebat
1411 1643 1469 1697 in
1501 1643 1675 1697 domo

68 1757 166 1812 qua:
194 1739 268 1794 illi
295 1741 553 1795 cesserat
575 1739 708 1808 jure
752 1740 1012 1810 paterno.
1049 1734 1154 1799 Qui
1189 1741 1252 1788 ut
1281 1731 1496 1788 assolet
1528 1732 1678 1786 inter

69 1827 364 1884 commercia
401 1832 665 1883 veterum
717 1831 772 1882 et
822 1841 1102 1881 novarum
1154 1823 1411 1896 frugum,
1445 1822 1671 1875 defectu
1708 1867 1752 1932 Β

245 1918 255 1932 ι
500 1916 512 1928 ο
624 1915 660 1932 1·
793 1917 801 1932 ι
872 1931 875 1932 ,
950 1913 1003 1932 ,‘,
1076 1912 1163 1932 ‘I__
1195 1910 1377 1932 ,____-I‘
1408 1929 1426 1932 _
1465 1909 1672 1932 ___--_f_

70 1918 357 1991 compulsus
379 1916 572 1990 panis,
588 1915 810 1988 aliquot
833 1912 1165 1985 manipulos
1194 1910 1431 1967 novellae
1465 1909 1674 1965 messis

73 2006 562 2061 desecavit.Verum
590 2004 730 2075 quia
750 2002 943 2076 ignem
968 2000 1066 2073 qui
1091 2005 1288 2073 posset
1310 2000 1401 2055 his
1423 1999 1674 2072 supponi

71 2097 116 2148 in
139 2094 321 2150 villulae
352 2113 470 2151 suae
502 2091 759 2165 tugurils
790 2085 1032 2146 minime
1055 2088 1553 2157 invenit,alteram
1575 2087 1676 2142 vil-

71 2181 160 2236 lam
185 2187 280 2252 (2‘2)
327 2184 484 2239 haud
536 2181 709 2255 longe
741 2181 992 2252 positam
1024 2179 1181 2234 haud
1217 2178 1464 2250 impigre
1497 2194 1677 2233 causa

70 2272 155 2327 foci
181 2274 341 2344 petiit.
368 2274 450 2328 Ex
483 2288 607 2344 qua
636 2276 851 2326 torrem
884 2286 1124 2325 sumens
1157 2268 1344 2334 rediit,
1373 2267 1472 2323 sed
1505 2283 1677 2322 omne

72 2361 239 2417 domus
257 2380 363 2417 suae
387 2359 707 2417 aediﬁcium
731 2376 866 2416 cum
890 2359 1016 2430 ipso
1041 2357 1344 2413 siceatorio
1368 2355 1676 2411 ultricibus

72 2451 302 2505 traditum
333 2450 593 2505 ﬂammis
615 2448 1094 2512 invenitQuibus
1117 2445 1415 2502 celerrime
1437 2445 1496 2499 in
1527 2443 1678 2499 cine-

72 2555 168 2592 rem
192 2543 383 2594 cuncta
425 2538 878 2605 resolventibus,
931 2535 1284 2592 miserabilis
1326 2538 1382 2589 et
1429 2532 1678 2588 stolidus

73 2627 210 2684 homo
237 2629 440 2685 damno
471 2645 584 2685 suo
615 2631 870 2693 coactus,
902 2625 988 2681 vel
1011 2643 1138 2682 sero
1170 2625 1342 2680 discit
1371 2621 1679 2679 ecclesias-

74 2715 174 2772 ticis
200 2719 510 2790 parendum
535 2716 930 2788 jussionibus.

632 2805 866 2861 CAPUT
908 2804 1072 2860 XVII.

130 2896 324 2952 Interea
342 2897 498 2970 apud
517 2894 875 2951 Oblisiacum
899 2895 1055 2965 quod
1076 2893 1254 2948 situm
1274 2891 1525 2948 estintra
1542 2908 1677 2947 con-

75 2984 243 3040 ﬁnium
272 2986 560 3058 parochiae
589 2981 1012 3039 Acervallensis
1061 2984 1173 3054 (23)
1220 2998 1509 3037 consensu
1540 2981 1679 3034 Ber-

72 3073 186 3128 toldi
213 3075 484 3130 antistitis
518 3078 858 3130 constructa
889 3076 978 3127 est
1008 3071 1249 3127 basilica
1274 3090 1285 3140 ;
1312 3071 1450 3143 quia
1480 3069 1681 3126 intole-

70 3161 218 3219 rabile
257 3169 373 3220 erat
421 3161 696 3219 ruricolis
745 3161 902 3217 adire
953 3165 1199 3216 matrem
1247 3159 1553 3216 ecclesiam
1606 3158 1678 3213 ob

69 3250 263 3324 singula
290 3252 630 3308 Christianae
675 3249 863 3323 plebis
911 3249 1207 3322 obsequia.
1259 3249 1387 3304 Haec
1432 3266 1563 3304 cum
1616 3265 1684 3305 ex
1713 3234 1756 3302 C

67 3342 263 3398 nomine
278 3341 361 3397 vel
379 3341 649 3414 reliquiis
668 3339 820 3394 beati
838 3338 1131 3412 pontiﬁcis
1153 3338 1449 3410 llildulphi
1477 3337 1683 3394 fuisset

64 3429 256 3486 Christo
277 3429 901 3501 consecrata,accurrit
918 3427 1054 3483 ill-uc
1073 3429 1338 3500 quaedam
1361 3427 1571 3483 mulier
1592 3444 1679 3482 se-

65 3520 212 3574 ravizc
228 3519 653 3594 longinquitate
688 3517 1045 3586 fessa,animi
1071 3518 1182 3573 ﬁde
1204 3517 1682 3587 robusta,medio—

66 3609 253 3665 critatis
281 3627 395 3665 suae
425 3625 673 3665 munere
723 3608 962 3674 devota;
998 3607 1099 3662 sed
1149 3607 1503 3678 quibusdam
1536 3607 1678 3662 revi-

65 3699 290 3755 sentibus
322 3716 448 3764 sua,
463 3697 825 3770 quibusdam
856 3712 989 3751 vero
1022 3695 1417 3753 reﬁcientibus
1447 3713 1680 3780 corpus,

64 3785 240 3842 ibidem
269 3792 399 3859 post
431 3785 724 3842 solemnia
746 3784 1041 3840 neminem
1066 3784 1489 3857 reperit,atque
1519 3786 1682 3842 obse-

65 3880 163 3930 rata
187 3875 428 3932 ecclesize
484 3875 658 3932 ostia.
710 3873 1172 3930 Mansionarium
1217 3890 1354 3946 ergo
1403 3874 1678 3944 accitura,

63 3962 234 4020 locavit
253 3973 381 4024 ante
394 3968 647 4038 januam
667 3963 999 4032 candelam;
1021 3965 1120 4019 sed
1144 3981 1280 4021 cum
1300 3963 1396 4020 illo
1418 3966 1579 4021 ocius
1601 3982 1685 4022 re-

63 4055 244 4123 pedans
253 4055 570 4128 perspexit,
585 4053 862 4111 divinitus
875 4070 1180 4110 accensam
1196 4053 1358 4109 vidit.
1376 4054 1562 4127 Super
1574 4055 1684 4110 hoc

65 4141 362 4214 aliquandiu
416 4142 696 4200 admirati
746 4141 964 4216 pariter
995 4142 1322 4198 intulerunt
1349 4142 1681 4211 oratoriolo,

66 4247 116 4284 ac
141 4235 490 4303 praeﬁxerunt
521 4232 688 4290 altari
721 4235 1067 4288 reverenter.
1120 4231 1328 4287 Mulier
1359 4237 1552 4288 tamen
1594 4232 1682 4288 in-

63 4324 193 4378 terno
220 4323 472 4379 delibata
499 4322 737 4395 gaudio,
755 4321 970 4395 quibus
987 4325 1214 4392 poterat
1243 4321 1568 4395 gratiarum
1597 4339 1687 4380 ac-

62 4409 215 4466 tiones
241 4411 601 4468 acclamabat
632 4414 763 4479 Deo,
799 4427 903 4482 pro
935 4408 1092 4465 ﬁdeli
1113 4426 1290 4466 verna
1319 4427 1424 4466 suo
1457 4410 1682 4467 Hildul-

62 4496 302 4570 ,pho,perf
303 4519 332 4558 υ
341 4519 406 4558 sa
421 4517 610 4574 genas
623 4498 871 4555 dulciter
886 4499 1393 4572 prorumpentium
1408 4499 1688 4572 lacryma.

69 4601 172 4675 rum
199 4605 315 4646 rore
343 4589 508 4662 largo
545 4606 559 4644 ε
594 4605 768 4660 quem
798 4605 914 4645 non
946 4586 1141 4644 solum
1167 4587 1317 4660 ipsa,
1349 4589 1450 4644 sed
1479 4595 1538 4646 et
1566 4593 1687 4646 tota
1717 4610 1764 4675 Ι)

68 4673 241 4732 vicinia
262 4696 361 4750 per
382 4677 616 4735 visibile
644 4676 845 4733 lumen
873 4677 1278 4750 experiebatur
1309 4677 1521 4734 Christi
1553 4696 1685 4734 con—

69 4761 307 4822 fessorem
339 4785 470 4824 esse
499 4765 654 4823 lucis
684 4765 996 4821 invisibilis
1027 4764 1239 4834 ﬁlium,
1260 4783 1328 4822 ac
1360 4767 1586 4823 meritis
1607 4768 1688 4840 ip-

67 4852 163 4908 sius
178 4855 277 4911 sibi
301 4856 623 4914 maximam
643 4859 841 4928 patere
863 4854 1139 4911 ﬁduciam
1160 4853 1220 4910 in
1240 4856 1686 4916 necessitatibus

66 4940 370 5013 deprecandi
386 4945 917 5010 Dominum.Quam
931 4961 1095 5016 spem
1110 4961 1225 5000 non
1238 4945 1537 5001 incassum
1556 4963 1686 5002 con-

67 5031 186 5102 cepit
213 5034 440 5092 animus
464 5051 707 5103 eorum;
733 5051 869 5092 nam
904 5033 1047 5090 adeo
1081 5034 1413 5090 numerosis
1443 5033 1684 5091 locellus

65 5115 187 5175 idem
217 5123 484 5196 deinceps
515 5124 854 5180 diffamatus
884 5127 972 5179 est
1003 5122 1326 5191 miraculis,
1349 5123 1493 5180 adeo
1526 5142 1682 5181 nunc

66 5219 216 5279 usque
243 5213 538 5269 variarum
570 5211 986 5284 egritudinum
1019 5212 1286 5268 medetur
1313 5213 1527 5281 causis,
1550 5218 1685 5279 utsi

63 5294 360 5370 singulatim
392 5305 638 5373 possent
665 5301 904 5373 scriptis
935 5300 1225 5366 mandari,
1248 5317 1364 5357 non
1388 5302 1683 5359 modicum

115 5439 210 5507 (2t)
253 5441 434 5499 Hodie
484 5443 638 5514 apud
690 5446 963 5498 sanctum
1015 5443 1356 5514 Praejectum
1407 5443 1582 5518 vulgo
1625 5435 1681 5501 S'

59 5510 217 5557 Preué-
247 5514 390 5557 Vide
416 5514 564 5557 Jnnn
622 5532 650 5557 π
686 5515 916 5557 Ravnnn
947 5513 1047 5557 lih.
1081 5532 1137 5557 π
1194 5531 1301 5557 nun
1351 5518 1387 5557 Ξ

96 5516 218 5580 rege.
247 5514 390 5570 Vide
416 5513 588 5572 Joan.
622 5532 657 5569 a
686 5515 764 5569 Ba
805 5530 916 5569 one
947 5513 1050 5568 lib.
1081 5513 1159 5582 xi,
1194 5531 1320 5587 cap.
1351 5518 1405 5570 5.
1514 5513 1537 5518 ⁷

237 5588 300 5668 in
331 5585 722 5668 manuscript.
755 5532 1060 5668 ἔρξω-τωο.
1105 5585 1318 5668 legitur
1341 5589 1644 5668 Killulam.

115 5653 209 5724 (23)
239 5657 297 5713 In
332 5653 723 5730 manuscript.
759 5653 1065 5730 Epternac.
1107 5653 1322 5731 legitur
1368 5660 1536 5716 Accra
1566 5661 1683 5717 υαι-

819 356 918 418 DE
962 351 1583 418 SUCCESSORIBUS
1631 352 1698 413 S.
1744 352 2122 414 HIDULPIII
2172 353 2252 414 IN
2295 353 2628 417 VOSAGO.

3312 358 3431 426 218

1782 485 2182 542 distenderent
2202 487 2588 561 quantitatem
2609 488 3318 570 voluminis.0uapropter
3337 498 3431 556 his

1776 575 2208 646 praetermissis,
2243 575 2588 634 insistamus
2621 578 2750 634 aliis
2781 581 2914 652 (24).
2950 582 3300 644 Decurrente
3326 606 3430 645 au-

1775 663 1890 717 tem
1907 665 1977 718 ab
1995 665 2395 722 Inrarnatione
2409 667 2638 722 Domini
2657 667 2967 725 millesimo
2987 671 3211 729 decimo
3224 683 3432 749 quarto

1775 767 1948 821 anno,
1971 753 2320 810 multimoda
2341 759 2512 829 atque
2533 757 2907 814 voracissima
2931 761 3128 818 docuit
3159 767 3430 827 revelatio

1776 841 1984 896 anima:
2017 848 2351 900 sanctorum
2383 847 2585 901 Lazuri
2613 855 2664 919 ςιε
2687 851 2818 905 Aw
2849 855 3068 921 quanto
3099 853 3158 908 in
3189 856 3439 920 ccelesti.

1777 928 1887 984 bus
1920 931 2243 987 relucerent
2275 934 2501 1000 merito,
2535 953 2782 1008 quorum
2816 940 3112 997 exanimes
3144 948 3307 1001 artus
3334 963 3432 1003 ne-

1778 1017 1945 1090 glecti
1980 1025 2381 1078 monstrantur
2411 1023 2468 1079 in
2501 1028 2664 1080 terrae
2697 1027 2938 1100 gremio.
2970 1030 3112 1086 Cum
3141 1033 3301 1090 enim
3332 1053 3439 1108 per

1780 1111 2213 1166 successionem
2247 1116 2573 1185 temporum
2608 1119 2725 1171 tam
2761 1119 2997 1174 nomina
3030 1137 3203 1192 quam
3239 1125 3435 1196 sepul-

1782 1213 1879 1252 cra
1908 1215 2111 1254 eorum
2143 1200 2389 1256 fuissent
2421 1220 2662 1274 prorsus
2695 1205 2982 1263 subducta
3015 1213 3308 1268 memoriae
3336 1232 3436 1270 su-

1783 1288 2117 1358 perstitum,
2153 1290 2430 1347 divinitus
2463 1294 2822 1350 reducuntur
2845 1297 3164 1371 cognitioni
3197 1318 3435 1358 concor-

1783 1375 2107 1432 datissimis
2140 1379 2464 1436 visionibus
2511 1383 2954 1452 monachorum,
2987 1387 3331 1446 clericorum
3380 1397 3438 1449 et

1785 1466 2090 1538 utriusque
2135 1486 2308 1525 sexus
2364 1471 2646 1539 ﬁdelium,
2681 1491 2794 1529 non
2845 1475 3036 1532 solum
3088 1477 3433 1549 vicinorum,

1783 1571 1984 1610 verum
2017 1557 2190 1612 etiam
2225 1559 2774 1618 remotissimorum.
2811 1563 2958 1631 Quin
3001 1565 3176 1623 etiam
3204 1585 3436 1642 vesper-

1785 1644 1905 1700 tino
1940 1645 2312 1703 incumbente
2344 1650 2686 1722 crepusculo
2732 1653 3064 1726 frequenter
3092 1656 3439 1714 audiebatur

1787 1734 1953 1805 quasi
1987 1736 2239 1791 duorum
2273 1737 2619 1809 psalmodia,
2656 1741 2754 1798 ubi
2789 1743 2949 1814 prius
2993 1745 3223 1818 sepulta
3253 1746 3440 1804 fuerat

1785 1823 1918 1888 Aza,
1953 1823 2009 1877 in
2043 1824 2194 1879 beati
2226 1825 2362 1898 Apri
2406 1827 2629 1884 scilicet
2658 1829 2903 1887 basilica
2934 1848 2946 1885 :
2977 1836 3139 1888 extra
3169 1851 3347 1906 quam
3379 1836 3437 1890 in

1784 1910 2055 1983 capriﬁco
2088 1929 2212 1983 quae
2259 1914 2570 1972 fenestellae
2621 1918 2748 1989 ejus
2798 1923 2921 1974 erat
2968 1921 3230 1989 adversa,
3263 1927 3436 1978 noctu

1785 2001 2101 2056 recubabat
2132 2001 2228 2056 lux
2261 2007 2444 2072 tanta,
2475 2010 2538 2061 ut
2559 2007 2848 2063 diceretur
2868 2008 2986 2063 illic
3007 2009 3175 2080 plura
3194 2028 3440 2068 accensa

1784 2106 1912 2145 esse
1943 2090 2361 2148 luminaria.In
2385 2095 2625 2150 basilica
2646 2096 2824 2152 etiam
2857 2097 3117 2154 omnium
3152 2100 3440 2171 apostolo-

1785 2196 1916 2233 rum
1951 2181 2136 2235 fuerat
2167 2199 2337 2238 arcus
2365 2182 2423 2237 in
2446 2185 2659 2256 angulo
2682 2186 3005 2242 cohaerente
3029 2187 3299 2244 cancellis
3319 2207 3440 2245 ver-

1787 2285 1887 2324 sus
1920 2270 2161 2326 Boream
2195 2272 2495 2340 fundatus,
2529 2273 2635 2329 soli
2679 2277 2933 2348 receptui
2977 2279 3438 2334 venerandorum

1785 2373 2092 2430 corporum
2116 2375 2183 2414 ex
2204 2360 2490 2417 industria
2512 2369 2902 2435 praeparatus:
2931 2367 3098 2436 cujus
3116 2365 3281 2422 sinus
3303 2367 3443 2439 quia

1789 2447 1883 2518 (ob
1917 2448 2306 2505 Pannonicam
2339 2457 2570 2523 gentem
2605 2452 2806 2508 Galliis
2838 2453 3126 2510 hostiliter
3153 2455 3442 2512 incuban-

1788 2538 1924 2608 tem)
1959 2539 2200 2610 parebat
2230 2540 2415 2596 instar
2445 2541 2615 2596 solidi
2646 2542 2884 2614 parietis
2913 2560 3088 2615 super
3109 2546 3441 2619 sarcofagos

1788 2625 2148 2696 obstructus,
2163 2627 2322 2684 locus
2344 2630 2490 2685 tanti
2512 2631 2772 2686 thesauri
2794 2649 2898 2704 per
2917 2650 3103 2689 annos
3126 2633 3444 2706 nonaginta

1791 2715 2049 2788 quinque
2082 2717 2364 2788 paulatim
2391 2720 2684 2775 memoria:
2708 2726 3052 2777 cunctorum
3076 2726 3165 2777 est
3184 2722 3440 2795 elapsus,

1788 2807 1852 2858 ut
1870 2803 2014 2860 nihil
2040 2806 2236 2862 minus
2253 2825 2429 2879 quam
2447 2807 2696 2880 alicujus
2719 2827 2930 2882 corpus
2946 2809 3090 2865 inibi
3109 2810 3445 2867 delitescere

1785 2899 2110 2966 putaretur.
2133 2896 2513 2968 Superposita
2532 2902 2727 2953 tamen
2762 2897 3004 2954 materia
3036 2900 3446 2956 attendebatur

1789 2982 2109 3054 plurimum
2145 2985 2362 3040 rimosa
2393 3003 2458 3041 ac
2491 3005 2634 3058 pene
2667 2987 2940 3060 collapsa,
2977 2992 3174 3060 utpote
3206 3005 3446 3044 consur-

1787 3071 1976 3145 gentis
2001 3075 2362 3131 monumenti
2379 3076 2509 3148 jugi
2534 3075 2792 3148 impulsu
2815 3093 3118 3133 concussa.
3142 3077 3299 3132 Hanc
3323 3082 3445 3135 tan-

1788 3160 1920 3215 dem
1954 3164 2016 3216 ut
2047 3161 2424 3231 subruerunt,
2460 3165 2785 3219 secundum
2837 3165 3011 3220 ﬁdem
3055 3164 3444 3232 revelationis,

1795 3249 1852 3304 in
1881 3250 2113 3305 duabus
2144 3252 2644 3322 conjunctissimis
2693 3253 2880 3309 thecis
2913 3252 3284 3326 maximaque
3314 3254 3446 3310 dili-

1785 3339 1985 3410 gentia
2015 3340 2086 3394 ad
2119 3338 2174 3394 id
2209 3341 2501 3412 quondam
2534 3343 2894 3413 prasparatis,
2928 3342 3182 3414 reposita
3213 3347 3444 3400 sancto-

1791 3445 1921 3483 rum
1939 3445 2177 3500 oorpora
2201 3431 2820 3500 repererunt.Quorum
2838 3430 3026 3502 gratia
3045 3431 3141 3486 ubi
3160 3430 3445 3503 hymnum

1795 3519 1859 3572 Te
1886 3519 2056 3573 Deum
2087 3517 2374 3572 laudamus
2400 3518 2874 3585 decantaverunt,
2909 3517 3126 3574 ibidem
3158 3517 3309 3575 sicut
3355 3519 3446 3574 in-

1791 3611 2070 3661 venerant
2100 3606 2478 3678 rcliquerunt.
2513 3609 2594 3663 Ea
2639 3612 2836 3662 autem
2886 3607 3141 3662 novitate
3169 3607 3360 3664 febres
3391 3612 3450 3664 et

1791 3694 2182 3768 emigranium
2215 3696 2696 3768 diversarumque
2739 3695 3106 3753 accessiones
3136 3695 3450 3756 inﬁrmita-

1790 3788 1916 3840 tum
1951 3783 2249 3841 multoties
2281 3786 2580 3855 sedarunt,
2615 3787 2798 3842 donec
2830 3784 3022 3842 meriti
3053 3785 3148 3840 sui
3181 3786 3450 3842 notitiam

1793 3873 2172 3930 circumcirca
2194 3874 2445 3931 ubertim
2470 3874 3135 3931 diﬁ‘uderunt.Recentis
3152 3873 3308 3931 enim
3333 3891 3453 3932 me-

1793 3963 1989 4019 moriae
2018 3964 2202 4020 sancti
2227 3982 2346 4020 sua;
2373 3965 2701 4022 reverentia:
2723 3965 2947 4021 cultum
2971 3963 3164 4021 taliter
3185 3964 3454 4021 inserunt

1793 4053 2102 4109 hominum
2134 4053 2338 4109 menti.

2390 4143 2616 4199 CAPUT
2655 4143 2849 4199 XVIII.

1866 4232 2042 4287 Moris
2072 4237 2196 4287 erat
2225 4233 2614 4304 quarumdam
2664 4231 3097 4304 provinciarum
3127 4231 3450 4303 parricidas

1795 4321 2178 4392 poenitentiali
2211 4321 2360 4376 ferro
2391 4321 2737 4377 constrictos
2777 4321 3017 4376 brachia
3046 4319 3130 4375 vel
3177 4319 3450 4389 cervices,

1796 4427 1909 4465 non
1933 4409 2262 4483 ingressum
2287 4409 2367 4464 ire
2390 4411 2536 4464 ﬁnes
2557 4426 2834 4476 suorum;
2856 4409 2955 4466 sed
2979 4423 3448 4480 quaquaversum

1795 4503 2062 4572 expetere
2086 4499 2393 4570 juvamina
2415 4502 2772 4565 sanctorum,
2791 4497 2973 4552 donec
2995 4495 3278 4551 divinitus
3299 4512 3450 4552 reso-

1794 4588 1986 4644 lutum
2016 4586 2242 4644 visibile
2273 4585 2747 4652 ferrum,indicia
2776 4585 3002 4642 dederit
3030 4583 3324 4640 invisibile
3354 4602 3450 4657 pa-

1793 4675 1981 4732 ricidii
2013 4675 2312 4730 vinculum
2344 4675 2685 4732 resolutum.
2721 4673 2969 4739 Quidam
3003 4673 3197 4745 itaque
3241 4673 3446 4730 talium

1797 4766 2026 4822 devenit
2056 4765 2500 4832 monasterium,
2536 4764 2673 4820 olim
2707 4763 2909 4836 ferreis
2940 4761 3176 4818 circulis
3206 4763 3450 4820 constri-

1797 4859 1925 4912 ctus
1959 4859 2273 4926 utrumque
2307 4853 2648 4910 brachium:
2683 4870 2935 4925 quorum
2967 4851 3113 4908 alter
3143 4851 3201 4908 in
3231 4852 3451 4910 Palona

1799 4945 1962 5012 [haud
2004 4944 2167 5001 dubie
2216 4943 2474 5014 Polonia]
2523 4942 2818 4998 deciderat
2863 4943 3018 5014 apud
3068 4943 3447 4998 reverendum

1793 5033 1946 5090 beati
1976 5033 2249 5107 martyris
2279 5033 2572 5090 Adalberti
2602 5031 3116 5105 sepulcrum,istic
3145 5034 3338 5088 autem
3371 5029 3449 5084 al-

1793 5127 1880 5180 ter
1907 5139 2011 5195 per
2038 5128 2374 5180 sanctorum
2397 5140 2545 5194 quos
2567 5138 2914 5178 veneramur
2935 5120 3232 5176 meritum.
3258 5119 3450 5191 Siqui-

1795 5212 1925 5268 dem
1959 5211 2098 5269 illuc
2127 5213 2440 5268 adveniens
2470 5228 2706 5285 vespere
2739 5210 3047 5282 cujusdam
3077 5208 3335 5275 Sabbati,
3355 5208 3448 5262 de-

1793 5306 1966 5358 votus
1997 5300 2261 5356 interfuit
2291 5301 2512 5374 synaxi.
2535 5299 2835 5356 Dominica
2863 5315 2994 5354 vero
3027 5297 3118 5353 die
3149 5297 3445 5352 Senonum

1795 5445 1983 5508 (ensis,
2014 5443 2186 5512 vulgo
2216 5444 2504 5498 Azeraille.
3306 5505 3316 5512 ,
3349 5501 3363 5512 ,
3395 5501 3407 5512 ,

1791 5501 2078 5643 ὀρέξω
2110 5501 2415 5586 Epternac.
2457 5512 2838 5584 manuscript.
2869 5523 3123 5586 praesens
3150 5505 3325 5572 caput
3349 5501 3445 5556 hic

1835 5605 1909 5643 1v1
1957 5605 1969 5641 ι
2005 5605 2089 5642 ur.
