3814 6218
411 416 532 480 219

1281 415 1619 478 APPEND.
1668 417 1767 476 AD
1813 415 2004 478 SEC.
2051 418 2127 478 Χ.
2160 448 2238 462 -
2267 416 2525 479 OPERA
2576 436 2787 483 ΑΔΕΣΠ(

2276 416 2525 479 DPERA
2576 434 2972 485 ΑΔΕΣΠΟΤΙΚΑ.
3691 417 3782 482 9:0

412 550 495 607 ire
524 548 725 617 voluit,
757 547 858 607 sed
902 552 1138 624 repente
1182 553 1407 605 mutata
1452 548 1771 618 voluntate,
1804 566 1838 605 a
1867 548 2060 605 medio
2093 550 2145 616 Α
2176 547 2338 604 humi
2373 552 2686 622 protensus
2713 568 2891 623 super
2918 567 3082 607 oram
3103 549 3437 626 chlamydis
3468 547 3648 608 lacero
3674 556 3781 610 tunc

402 641 529 713 jam
562 641 767 697 itinere
797 640 1136 697 acceleravit
1176 639 1326 695 istuc
1370 639 1577 694 redire.
1615 639 1928 711 Reperiens
1957 656 2060 693 au-

408 733 529 786 tem
557 731 766 787 fratres
778 730 903 802 jam
927 730 1167 785 adorsos
1188 728 1476 785 solemnia
1497 728 1736 801 majoris
1760 729 1976 793 missa‘,
2000 729 2059 783 in

409 821 658 877 introitu
687 819 846 876 chori
880 818 1091 891 delegit
1114 822 1302 873 stare:
1328 816 1574 890 supplici
1598 817 1759 872 vultu
1783 821 1958 888 atque
1980 817 2063 871 in-

410 909 632 966 deﬂexa
664 909 868 965 obtutu
902 908 1206 963 attendens
1249 908 1543 980 praeﬁxum
1576 906 1896 978 imaginem
1930 923 2060 961 cru-

409 999 563 1055 ciﬁxi
595 996 930 1065 Salvatoris,
953 996 1035 1052 sic
1065 997 1360 1068 quondam
1394 995 1710 1067 efﬁgiatam
1743 995 1912 1049 docta
1943 1011 2062 1050 ma-

410 1085 1189 1160 nusculptoris,uthactenus
1202 1084 1666 1157 possitquamvis
1684 1084 1862 1139 duras
1880 1083 2064 1139 homi-

410 1195 549 1233 num
582 1181 808 1233 mentes
838 1192 1116 1231 mucrone
1143 1174 1397 1246 quodam
1446 1179 1873 1245 transpungere
1903 1190 2060 1228 com-

406 1266 719 1339 passionis,
749 1282 815 1321 ac
847 1264 896 1320 si
945 1282 1059 1337 prae
1091 1263 1275 1319 oculis
1306 1263 1588 1319 haberent
1619 1262 1869 1318 nimium
1904 1262 2061 1334 piam

408 1360 653 1411 mortem
687 1354 878 1410 adhuc
928 1353 1240 1425 pendentis
1287 1352 1712 1424 Redemptoris.
1750 1351 1893 1407 Huic
1924 1368 2061 1424 ergo

406 1444 749 1516 peregrinus
783 1441 879 1496 illo
907 1458 1039 1497 cum
1072 1440 1479 1513 gemebundus
1506 1439 1824 1505 assisteret,
1860 1445 2061 1495 sancto

398 1533 523 1604 jam
558 1534 798 1586 recitato
827 1529 1153 1602 Evangelio,
1177 1528 1433 1584 circulus
1465 1529 1686 1583 ferreus
1716 1528 1907 1584 subito
1938 1544 2060 1583 cre-

408 1636 577 1691 pans,
624 1637 797 1676 carne
847 1619 1113 1674 concissa
1162 1635 1232 1673 ex
1260 1618 1599 1672 continuato
1632 1617 1891 1689 impactu
1926 1607 2062 1673 ferri

408 1712 656 1778 excreta,
687 1712 849 1763 tanto
894 1706 1115 1779 impetu
1146 1705 1386 1761 dissiliit
1415 1706 1487 1761 ab
1520 1706 1647 1776 ejus
1698 1706 1953 1773 brachio,
1998 1709 2064 1760 ut

408 1796 641 1853 eminus
671 1796 1006 1869 oppositum
1038 1794 1314 1868 parietem
1359 1795 1571 1863 feriret,
1604 1794 1911 1867 validoque
1940 1793 2060 1849 tin-

412 1884 538 1940 nitu
561 1886 862 1941 adstantes
880 1889 1252 1957 permoveret.
1272 1883 1540 1939 Protinus
1562 1883 1680 1939 sive
1704 1901 1848 1939 novo
1867 1883 2062 1939 dolore

408 1974 733 2031 inveteratae
758 1975 883 2046 jam
917 1972 1222 2040 cicatricis,
1256 1974 1376 2029 sive
1421 1973 1614 2029 subito
1647 1978 1883 2045 stupore
1915 1975 2060 2029 tanti

406 2062 543 2119 facti
600 2063 776 2119 homo
829 2078 976 2136 pene
1023 2060 1309 2118 exanimis
1359 2062 1548 2118 factus
1597 2062 1836 2128 corruit,
1887 2067 2062 2135 atque

2169 638 2406 694 brachio
2438 639 2818 707 substratam,
2834 639 3156 713 plurimum
3177 641 3408 697 cruoris
3431 641 3781 697 dimisit.Per-

2170 732 2441 800 strepunt
2472 728 2742 784 monachi
2775 730 2846 785 ad
2878 729 3284 786 allevationem
3315 731 3617 803 prostrati,
3644 748 3778 803 quem

2171 815 2254 871 sic
2276 817 2548 872 affectum
2568 818 3460 892 admirati,circumspectabant
3482 822 3684 876 exitum
3703 823 3779 877 rei.

2170 905 2239 960 Et
2267 922 2397 961 ecce
2419 910 2549 977 post
2569 906 3003 978 aliquantulum
3026 908 3311 981 sanguine
3335 909 3615 964 redeunte
3633 926 3782 982 apta.

2170 991 2404 1064 cordiis,
2429 1010 2663 1049 summa.
2682 1010 2964 1066 genarum
2988 996 3184 1051 rubcis
3205 995 3559 1052 inﬁciuntur
3586 998 3779 1054 notulis.

2170 1081 2316 1136 Hinc
2334 1081 2624 1154 collapsos
2646 1087 2809 1139 artus
2826 1083 3110 1156 paulatim
3127 1084 3468 1158 subrigens,
3484 1085 3643 1159 plene
3657 1087 3780 1142 resti-

2169 1171 2353 1225 tuitur
2377 1171 2432 1225 in
2458 1173 2643 1243 gradu
2666 1190 2772 1228 suo
2800 1189 2812 1228 :
2838 1173 2954 1228 Deo
2976 1174 3194 1245 gratias
3216 1191 3320 1245 pro
3345 1174 3577 1230 meritis
3597 1182 3780 1230 sancto-

2172 1277 2302 1315 rum
2334 1276 2662 1332 agens,non
2685 1264 2917 1315 tantum
2948 1278 3016 1316 ex
3046 1262 3406 1319 resolutione
3436 1263 3670 1319 visibilis
3687 1265 3777 1319 vin-

2170 1349 2284 1404 culi
2317 1354 2491 1420 atque
2521 1347 2784 1405 diuturni
2814 1350 3325 1423 exsilii,quantum
3360 1369 3469 1424 pro
3498 1353 3692 1425 adepta
3715 1371 3776 1407 re—

2172 1437 2454 1494 missione
2486 1438 2857 1495 exsecrabilis
2887 1439 3206 1511 parricidii,
3223 1457 3408 1512 quam
3430 1440 3779 1496 indubitanter

2172 1544 2233 1582 se
2266 1527 2542 1599 adeptum
2574 1528 2866 1599 gaudebat
2895 1529 3199 1601 prasentis
3221 1530 3638 1603 protestatione
3655 1530 3774 1585 facti.

2169 1616 2357 1672 Verbo
2390 1632 2525 1689 ergo
2551 1621 2724 1688 atque
2755 1615 3005 1672 evidenti
3037 1618 3205 1691 signo
3236 1623 3557 1691 postquam
3595 1619 3777 1674 abunde

2171 1704 2514 1761 adhortatus
2545 1710 2633 1761 est
2661 1705 2888 1761 accolas
2920 1707 3167 1762 revereri
3198 1711 3257 1763 et
3275 1707 3556 1780 amplecti
3583 1724 3773 1764 suorum

2170 1794 2542 1849 sanctitatem
2566 1798 2966 1865 patronorum,
2980 1793 3146 1850 laetus
3163 1797 3418 1851 excessit
3433 1796 3578 1851 ﬁnes
3597 1813 3773 1851 eorum.

2173 1883 2346 1937 Porro
2379 1882 2635 1938 circulus
2667 1883 2942 1955 praefatus
2987 1883 3046 1937 in
3081 1883 3490 1941 testimonium
3536 1885 3659 1940 facti
3694 1883 3773 1938 sub

2170 1971 2419 2044 pedibus
2448 1971 2706 2027 cruciﬁxi
2737 1972 2849 2027 fuit
2878 1988 3192 2044 appensus.
3225 1973 3341 2029 Deo
3370 1973 3606 2047 gratias.

856 2390 988 2536 DE
1047 2388 1405 2535 GESTIS
1480 2388 2216 2538 EPISGOPORUM
2286 2387 3379 2541 ANTISSIODORENSIUM

1758 2639 2028 2729 PARS
2086 2642 2472 2729 PRIMA.

1443 2819 1632 2890 (Apud
1665 2818 1843 2874 Labb.
1875 2819 2212 2875 Bibliotheca
2250 2818 2793 2891 manuscriptorum.)

809 3124 941 3180 CAP.
974 3128 1018 3178 Ι.
1052 3155 1120 3164 -
1149 3126 1225 3179 De
1251 3125 1307 3180 S.
1340 3126 1658 3192 Peregrina.

2171 3122 2696 3180 Autissiodorensis
2720 3124 2777 3178 in
2802 3126 3019 3179 sortem
3043 3121 3387 3194 impiissimi
3406 3117 3682 3179 Alexandri
3699 3132 3762 3171 sa-

480 3218 762 3271 Sanctum
784 3211 1185 3285 Peregrinum,
1204 3212 1357 3267 beati
1383 3212 1528 3269 Sixti
1553 3212 1881 3284 apostolicae
1904 3212 2061 3269 sedis
2092 3230 2134 3296 ρ
2174 3212 2254 3267 cri
2286 3212 2486 3268 lateris
2534 3210 2875 3284 protectoris
2923 3210 3175 3266 obvenit.
3206 3210 3544 3268 Vocabatur
3574 3225 3630 3264 eo
3655 3210 3762 3261 tem-

408 3304 679 3379 primatis
696 3301 1215 3358 intercessionibus
1237 3300 1416 3357 simul
1438 3305 1495 3356 et
1517 3302 1738 3356 meritis
1766 3318 2062 3357 consecra-

407 3398 535 3449 tum
555 3393 896 3467 episcopum
918 3395 1110 3447 textus
1133 3390 1425 3463 passionis
1446 3389 1633 3463 ipsius
1655 3390 1803 3447 scire
1824 3390 2063 3461 cupien-

408 3482 568 3540 tibus
599 3481 850 3538 ﬁdeliter
879 3481 1097 3537 edocet.
1130 3480 1428 3553 Siquidem
1482 3478 1935 3535 Christianitatis
1975 3496 2061 3534 re-

406 3571 566 3644 ligio,
598 3587 747 3644 quie,
779 3588 813 3626 a
863 3574 1123 3643 tempore
1172 3569 1322 3625 beati
1377 3567 1692 3624 Clementis
1744 3586 1926 3641 papae,
1963 3585 2066 3640 per

408 3660 783 3717 fidelissimos
800 3660 956 3715 verbi
971 3659 1071 3715 Dei
1086 3658 1389 3714 ministros
1402 3658 1782 3713 Savinianum
1799 3658 2065 3714 videlicet

408 3750 805 3805 Senonensem
837 3745 1549 3819 pontiﬁcem,Dionysium
1582 3746 2061 3813 Parisiacensem,

409 3835 743 3892 Ursicinum
774 3834 1215 3899 Bituricensem,
1229 3834 1551 3890 Martialem
1572 3835 2060 3907 Lemovicensem,

411 3924 797 3982 Saturninum
810 3922 1539 3989 Tolosanum,Memmium
1554 3922 2038 3979 Catalaunensem
2050 3969 2064 3993 ,

409 4016 719 4069 caeterosve
750 4028 853 4084 per
880 4010 1211 4067 Gallicanas
1232 4010 1558 4082 provincias
1580 4028 1707 4067 sese
1729 4012 2063 4080 diffuderat,

410 4100 697 4176 paulatim
728 4117 763 4155 ο.
792 4103 982 4156 status
1004 4098 1097 4156 sui
1116 4098 1461 4155 rectitudine
1490 4100 1849 4156 obsolescere
1880 4118 2063 4173 coepe-

410 4195 520 4249 rat.
568 4189 790 4262 Quippe
835 4206 962 4261 quaa
1006 4191 1128 4243 tam
1178 4188 1407 4260 validis,
1457 4192 1696 4261 tamque
1746 4190 2064 4261 tyrannicis

409 4279 864 4354 oppugnabatur
893 4276 1251 4334 incursibus.

480 4371 805 4443 Imperator
856 4384 1113 4440 namque
1162 4366 1514 4423 Aurelianus
1563 4383 1701 4441 erga
1751 4368 2063 4425 Dominum

407 4459 529 4517 coeli
563 4458 845 4532 profanus
875 4456 1119 4530 cupiens
1166 4456 1394 4529 placere
1432 4455 1545 4513 diis
1576 4457 1719 4521 suis,
1750 4456 1810 4513 in
1842 4461 2064 4514 tantam

408 4548 628 4605 rabiem
670 4546 1094 4618 persecutionis
1139 4545 1293 4601 circa
1334 4545 1696 4602 Christianos
1749 4552 2061 4616 exarserat,

410 4642 476 4691 ut
518 4638 652 4707 post
696 4635 1016 4691 multorum
1071 4640 1395 4707 martyrum
1447 4652 1683 4709 agones,
1731 4652 1879 4707 quos
1910 4638 2064 4709 apud

412 4723 618 4778 urbem
652 4721 895 4778 Romam
931 4722 1151 4779 crudeli
1185 4728 1370 4780 morte
1391 4724 1981 4792 damnaverat,etiam
2008 4725 2065 4780 in

412 4809 632 4867 Gallias
660 4810 733 4864 ad
764 4810 1076 4867 delendum
1116 4811 1569 4867 Christianitatis
1599 4829 1811 4868 nomen
1844 4830 1947 4884 per
1976 4830 2065 4868 se-

414 4898 731 4970 metipsum
756 4905 1090 4956 emerserat.
1105 4900 1358 4957 Veniens
1378 4900 1574 4973 itaque
1594 4902 1750 4973 apud
1773 4901 2065 4957 civitatem

413 4987 887 5056 Senonicensem,
939 5005 1321 5063 quoscunque
1353 4989 1433 5045 ibi
1464 4989 1679 5062 reperit
1707 4988 2066 5046 Christianos

415 5074 593 5133 simul
611 5078 668 5130 et
686 5074 917 5131 beatam
935 5076 1274 5133 Columbam
1291 5078 1573 5151 virginem
1596 5078 1790 5151 gladio
1807 5079 2069 5135 animad-

413 5164 559 5220 verti
591 5164 883 5237 prazcepit.
917 5165 1137 5221 Deinde
1166 5184 1298 5222 vero
1331 5167 1647 5224 ferocitatis
1676 5185 1794 5223 suae
1824 5168 2066 5225 comites

415 5254 487 5310 ad
520 5252 954 5324 investigandos
984 5253 1347 5312 Christianos
1396 5274 1498 5329 per
1539 5273 1774 5312 omnem
1818 5256 2065 5313 Galliam

414 5341 600 5398 misit.
646 5341 877 5414 Egressi
907 5342 1087 5416 igitur
1128 5342 1346 5401 funesti
1376 5344 1657 5401 satellites
1687 5362 1721 5400 a
1750 5350 2065 5419 conspectu

414 5430 786 5505 imperatoris
814 5431 1205 5488 circumibant
1233 5434 1428 5501 urbes,
1448 5438 1503 5489 et
1531 5434 1791 5499 castella,
1823 5452 1929 5490 nec
1951 5453 2066 5491 non

415 5524 471 5578 et
500 5520 795 5577 latebrosa
825 5519 1125 5576 silvarum.
1145 5521 1212 5577 Et
1241 5525 1306 5576 ut
1334 5538 1577 5578 suorum
1608 5522 1923 5579 criminum
1946 5525 2064 5580 sin-

414 5609 536 5683 guli
569 5609 896 5683 potirentur
942 5610 1172 5676 effectu,
1223 5627 1405 5683 pagos
1451 5628 1715 5684 quosque
1754 5612 1864 5668 sibi
1897 5613 2067 5668 inda-

415 5700 590 5771 gandi
622 5699 1016 5757 sollicitudine
1049 5699 1391 5757 diviserunt.
1423 5700 1572 5755 Tum
1610 5701 1847 5756 demum
1880 5718 2069 5774 pagus

2173 3317 2312 3373 pore
2344 3301 2492 3357 sacri
2525 3300 2724 3356 lateris
2754 3304 3046 3373 protector
3074 3300 3245 3371 cujus
3273 3303 3406 3356 erat
3435 3298 3667 3356 ofﬁcium
3690 3310 3761 3348 cu-

2172 3390 2463 3446 stodiendi
2494 3390 2930 3462 imperatorem,
2963 3406 3034 3445 ne
3075 3389 3147 3444 ab
3180 3388 3378 3461 aliquo
3418 3382 3760 3462 quoquomodo

2171 3478 2461 3535 vulnerari
2482 3479 2675 3534 subito
2703 3477 3008 3551 potuisset.
3034 3476 3277 3533 Plurimi
3302 3478 3520 3535 etenim
3545 3472 3760 3532 Christia-

2173 3586 2383 3623 norum
2414 3584 2483 3622 ex
2512 3567 2757 3623 diversis
2805 3565 3136 3623 civitatibus
3186 3572 3542 3640 prmeeptum
3585 3556 3758 3621 Domini

2173 3661 2502 3729 sequentes,
2536 3657 2637 3711 ubi
2668 3655 2783 3712 ait:
2808 3658 2947 3713 Cum
2974 3671 3063 3712 vos
3088 3658 3361 3727 persecuti
3381 3658 3588 3727 fuerint
3613 3655 3659 3707 in
3683 3663 3759 3702 una

2171 3747 2409 3813 civitate,
2440 3747 2615 3817 fugite
2644 3746 2700 3800 in
2750 3745 2943 3809 aliam,
2996 3743 3395 3816 relinquentes
3443 3740 3758 3818 propriasse

2174 3835 2297 3903 des,
2332 3835 2403 3890 ad
2436 3850 2655 3907 pagum
2699 3833 3271 3890 Autissiodorensem
3315 3850 3379 3889 se
3432 3828 3758 3890 contulerunt,

2173 3940 2239 3979 eo
2261 3924 2414 3996 quod
2437 3926 2591 3979 esset
2611 3939 2677 3978 eo
2700 3926 2960 3995 tempore
2981 3938 3049 3979 ex
3066 3922 3323 3978 maxima
3343 3922 3440 3978 sui
3461 3923 3608 3995 parte
3626 3913 3758 3974 nimia

2173 4012 2454 4068 silvarum
2510 4028 2727 4084 opacus
2786 4010 3092 4067 densitate.
3136 4011 3299 4077 Quod
3358 4010 3592 4067 minime
3636 4000 3756 4060 latuit

2172 4101 2567 4157 Alexandrum
2591 4101 2740 4156 sacri
2762 4100 2961 4157 lateris
2981 4104 3388 4172 protectorem.
3413 4105 3652 4169 Cumque
3668 4106 3755 4164 per.

2171 4189 2427 4246 venisset
2456 4190 2526 4244 ad
2577 4188 2792 4257 locum,
2844 4190 2944 4262 qui
2987 4188 3262 4245 Totiacus
3308 4194 3561 4253 vocatur,
3604 4176 3757 4253 reperit

2174 4278 2438 4335 Priscum
2468 4278 2660 4333 virum
2692 4276 3259 4334 Christianissimum
3310 4278 3564 4333 maxima
3603 4263 3759 4327 nobili-

2173 4371 2291 4423 tate
2348 4366 2684 4440 pollentem,
2739 4366 3063 4439 multisque
3117 4371 3175 4422 et
3223 4365 3441 4423 ibidem
3490 4357 3756 4423 cohortibus

2175 4456 2616 4530 praeminentem
2651 4473 2664 4511 :
2701 4457 2800 4529 qui
2840 4472 2975 4511 cum
3009 4454 3279 4528 pluribus
3310 4472 3345 4510 a
3373 4440 3756 4511 Vesuntionensi

2174 4546 2407 4601 civitate
2435 4545 2768 4612 advenerat,
2783 4561 3034 4617 quorum
3058 4544 3297 4617 agmina
3324 4542 3628 4601 Alexander
3653 4536 3756 4590 fero‘

2174 4635 2413 4690 cissimo
2444 4651 2619 4690 cursu
2660 4634 3015 4706 irrumpens,
3048 4633 3131 4688 ait
3165 4649 3177 4686 :
3214 4635 3350 4699 Quae
3392 4650 3494 4689 vos
3521 4623 3695 4687 seditio
3716 4618 3755 4672 in

2173 4724 2283 4781 hoc
2342 4723 2468 4780 loco
2525 4722 2899 4796 glomeratim
2955 4722 3273 4778 consistere
3347 4716 3640 4793 compulit;
3687 4709 3757 4796 alii

2175 4814 2345 4886 cujus
2376 4795 2673 4886 religionis
2721 4813 2862 4869 estis
2917 4811 3066 4868 vos?
3094 4811 3198 4867 Cui
3248 4810 3608 4867 sanctissima
3645 4795 3758 4886 mul'

2175 4884 2365 4959 titudo
2398 4884 2737 4975 respondit:
2772 4902 2889 4957 Nos
2915 4918 3032 4957 non
3065 4898 3295 4968 seditio,
3330 4901 3432 4956 sed
3469 4884 3759 4975 reverendir

2174 4989 2326 5046 sima
2355 4990 2425 5045 ad
2457 4973 2615 5045 hunc
2644 4990 2871 5045 devexit
2901 4988 3104 5061 religio
3135 4988 3329 5045 locum
3364 5005 3378 5043 :
3410 4984 3620 5044 Christo
3644 4973 3755 5069 enim

2176 5084 2511 5136 nostrarum
2541 5078 2828 5134 libamina
2857 5095 3097 5151 precum
3130 5076 3453 5134 deferimus
3470 5066 3755 5145 congregati:

2175 5168 2276 5241 qui
2307 5167 2732 5241 dispersionem
2774 5169 3038 5223 nostram
3083 5164 3388 5238 sanguinis
3420 5163 3510 5220 sui
3535 5155 3755 5241 eﬂ‘usio‘ne

2175 5239 2515 5314 redimendo
2546 5257 2866 5329 conjunxit.
2913 5255 3132 5325 Videns
3172 5254 3370 5327 itaque
3401 5239 3756 5336 insuperabile:

2173 5346 2234 5402 in
2268 5347 2378 5403 ﬁde
2408 5346 2621 5402 Christi
2653 5345 3144 5414 athletas,omnes
3164 5344 3359 5418 gladio
3392 5340 3585 5416 perimi
3604 5331 3753 5409 jussit.

2175 5436 2363 5493 Simili
2410 5435 2583 5491 modo
2625 5437 2684 5490 et
2732 5437 2965 5491 sanctos
3011 5432 3114 5489 Dei
3164 5436 3449 5507 martyres
3494 5425 3752 5507 Benignulfl

2175 5526 2599 5598 presbyterum.
2631 5522 3022 5592 Andocbium,
3054 5525 3230 5593 atque
3258 5500 3525 5594 Τένευω,
3563 5500 3750 5604 (ιξιοεξδ

2176 5613 2466 5686 Ephesina
2483 5612 2625 5669 urbe
2641 5616 2881 5668 sanctus
2896 5610 3248 5684 Polycarpus
3263 5607 3579 5682 discipulus
3596 5598 3752 5686 beat“:

2176 5676 2312 5760 simi
2344 5701 2587 5762 Joannis
2618 5699 2869 5774 apostoli
2918 5705 2977 5757 et
3000 5676 3386 5771 evangelista
3413 5676 3479 5755 in
3515 5687 3693 5752 Gallias
3712 5676 3751 5733 di
