3814 6218
19 405 111 463 221
888 405 990 466 DE
1037 405 1309 465 GESTIS
1358 403 1596 464 EPISC.
1644 403 2082 468 ANTlSSlOD.
2119 443 2191 452 —
2223 409 2423 472 PARS
2468 412 2515 472 Ι.
3291 420 3409 478 2:22

19 540 231 604 rexerat,
261 533 546 610 plurimis
567 537 800 595 affectos
831 527 1646 612 s‘uppliciis,isdemcrudelis-
1675 538 1730 606 Α
1759 546 1818 598 et
1849 542 2182 600 Marcellino
2212 545 2574 614 consulibus,
2609 547 3063 620 praesulantibus
3096 552 3249 625 apud
3311 571 3408 609 ur-

23 627 181 682 simus
221 626 548 699 imperator
593 629 664 682 ad
723 627 950 683 cceleste
1009 645 1254 701 regnum
1299 632 1646 686 transmisit.
1760 633 1892 688 bem
1918 633 2162 689 Romam
2199 635 2383 692 Felice
2415 641 2588 709 atque
2615 638 2996 710 Eutychiano.

23 716 115 772 Nec
177 715 366 770 minus
437 721 714 771 sanctum
773 717 1265 789 Symphorianum
1326 736 1458 774 eum
1519 719 1648 775 aliis

25 804 463 876 quampluribus,
500 822 648 876 quos
680 805 788 877 ipsi
811 807 937 876 jam
988 805 1214 861 Christo
1272 806 1477 862 lucrati
1526 809 1647 864 fue-

25 899 146 952 rant.
175 894 481 949 tormentis
515 893 691 950 variis
722 894 959 950 allectos
990 896 1180 950 necari
1208 897 1496 969 praecepit.
1531 898 1647 953 Hac

27 983 174 1053 igitur
199 983 604 1054 persecutione
637 983 851 1054 ubique
873 983 1286 1050 debacchante,
1304 985 1645 1057 paucissimi

27 1072 111 1126 viri
137 1072 572 1145 reperiebantur
600 1072 699 1144 qui
733 1089 794 1127 se
824 1072 1186 1128 Christianos
1211 1092 1362 1144 esse
1397 1075 1643 1131 fateren-

27 1166 118 1216 tur.

83 1250 290 1306 Evoluto
321 1255 527 1305 autem
561 1251 860 1322 aliquanto
893 1252 1175 1324 temporis
1209 1255 1419 1326 spatio,
1442 1272 1475 1309 a
1504 1256 1642 1311 ﬁde-

30 1340 234 1394 lissimis
262 1339 620 1395 Christianis
649 1339 896 1395 latenter
920 1341 1162 1397 auribus
1177 1343 1318 1397 Sixti
1353 1361 1512 1415 papae
1547 1363 1643 1400 ur-

29 1428 101 1481 bis
127 1429 297 1482 Romae
329 1427 665 1494 nuntiatur,
698 1429 796 1500 qui
831 1430 1222 1500 poscebantut
1247 1430 1420 1486 talem
1454 1432 1644 1488 virum

2169 752 2300 808 CAP.
2337 753 2433 808 llt.
2468 785 2532 794 —
2571 759 2645 809 De
2675 754 2731 810 S.
2768 756 2997 812 Valerio.

1828 839 2096 895 Valerius
2128 841 2276 896 sedit
2308 860 2493 897 annos
2527 845 2609 898 17.
2647 844 2775 899 Fuit
2805 851 3000 900 autem
3043 849 3407 918 temporibus

1757 929 2096 984 Diocletiani
2146 937 2203 985 et
2251 931 2607 999 Maximiani,
2659 933 2804 988 Caro
2855 939 2911 989 et
2939 935 3147 991 Carino
3198 954 3412 992 consu-

1756 1017 1910 1073 libus
1959 1019 2509 1075 administrantibus
2555 1023 2709 1093 apud
2769 1023 2970 1078 urbem
3023 1024 3264 1080 Romam
3323 1027 3408 1081 di-

1755 1107 2037 1180 gnitatem
2097 1108 2403 1163 sacerdotii
2462 1109 2622 1174 Gaio,
2686 1111 3041 1179 Marcellino,
3131 1118 3187 1168 et
3259 1115 3410 1170 Mar-

1755 1196 1899 1251 cello
1958 1197 2328 1268 praesulibus,
2379 1198 2479 1270 qui
2530 1199 2704 1254 etiam
2749 1200 2820 1254 ab
2879 1200 3087 1256 iisdem
3145 1205 3410 1275 tyrannis

1755 1286 2110 1357 martyrizati
2144 1291 2318 1352 sunt;
2352 1288 2452 1358 qui
2509 1288 2713 1343 beatus
2761 1288 2848 1343 vir
2890 1289 3141 1346 ﬁdeliter
3168 1309 3405 1348 cursum

1752 1375 1879 1428 V'll-‘B
1913 1391 2216 1444 peragens,
2246 1393 2282 1430 ιι
2318 1376 2462 1429 Non.
2500 1376 2634 1431 Maii
2667 1377 2937 1450 migravit
2989 1380 3058 1433 ad
3083 1379 3403 1448 Christum,

65 1464 296 1542 ζῗ⁸⁵ν⁸⁸ί⁰ν
330 1464 796 1542 ⁸³ῗ¹⁸ζ⁸“”“³ξςίῗι
831 1464 1222 1542 νυῖξίσυιαυιιςι
1249 1464 1420 1486 mm“
1460 1464 1644 1533 "‘“ﬁ”
1753 1469 1810 1518 et
1841 1464 2106 1535 sepultus
2137 1469 2224 1518 cst
2250 1465 2404 1536 apud
2439 1470 2696 1520 montem
2726 1467 3027 1522 Autricum
3061 1485 3230 1524 secus
3263 1489 3405 1542 pras-

34 1518 592 1632 ῗίῗὲθξθξιίίυίῃῗδω
645 1518 1154 1632 ξωωξκδίξῖθίδξη
1186 1520 1644 1632 Ῑυθθνηξληξξιξῖθ
1753 1518 2116 1608 decessore")
2150 1518 2324 1608 suum
2381 1559 2651 1609 sanctum
2704 1556 3139 1612 Marcellianum
3184 1518 3405 1632 epirsco-

31 1606 221 1659 deberet
248 1605 588 1662 illuminare
621 1605 952 1677 eloquiis,et
977 1607 1358 1664 barbarorum
1391 1609 1643 1666 inﬁdeli-

31 1698 173 1750 tatem
203 1694 548 1767 cptitulante
579 1694 774 1751 divino
805 1695 1018 1752 auxilio
1046 1704 1458 1769 compesceret.
1483 1702 1644 1757 Tunc
1754 1694 1780 1714 Γ
2127 1715 2260 1769 CM»,
2300 1715 2389 1769 1V.
2428 1746 2491 1755 _
2523 1722 2592 1772 De
2621 1718 2678 1770 5,
2719 1718 3022 1774 ναιειοίαηο,

31 1789 340 1840 memoratus
367 1802 527 1857 papa
559 1785 904 1856 praedictum
928 1784 1117 1840 virum
1136 1787 1234 1842 Dei
1266 1787 1639 1859 Peregrinum

1828 1803 2182 1869 Valerianus,
2221 1804 2452 1858 natione
2485 1804 2705 1870 Gallus,
2742 1807 2891 1861 sedit
2939 1825 3124 1863 annos
3151 1811 3239 1864 30.
3276 1811 3410 1866 Fuit

32 1870 381 1941 presbyterum
413 1875 471 1926 et
512 1871 920 1926 Corcodonum
979 1874 1455 1931 archidiaconum
1503 1877 1638 1932 levi-

1833 1902 1944 1949 lem
1972 1894 2060 1948 vir
2090 1893 2355 1948 maxima-
2388 1894 2735 1962 sanctitatis,
2765 1901 2939 1969 atque
2979 1899 3406 1971 simplicitatis;

31 1957 116 2012 tice
140 1959 326 2031 gradui
345 1959 1046 2032 mancipavit,Jovianum
1063 1964 1490 2021 subdiaconum
1515 1985 1642 2023 esse

1756 1983 1856 2038 sed
1888 1983 1983 2038 hic
2000 1983 2204 2037 beatus
2219 1999 2348 2036 cum
2366 1984 2880 2055 aprogenitoribus
2904 1989 3090 2042 sancti
3119 1990 3408 2045 Amatoris

34 2047 301 2114 constituit,
331 2048 714 2104 Jovinianum
744 2067 875 2105 vero
904 2049 1342 2119 lectorem,cum
1377 2061 1528 2111 esset
1558 2057 1645 2112 vir

1752 2073 1822 2128 ad
1857 2073 1985 2143 ejus
2018 2073 2255 2143 nuptias
2282 2071 2499 2127 veniret
2526 2077 2781 2144 rogatus,
2815 2073 3079 2131 videlicet
3112 2082 3173 2132 ut
3217 2083 3408 2134 utros-

1753 2178 1865 2233 que
1887 2178 1994 2216 sua
2023 2161 2423 2216 benedictione
2453 2162 2971 2226 sanctiﬁcaret,Dei
3005 2169 3147 2220 nutu
3180 2172 3407 2240 arrepto

1753 2254 2252 2306 sacramentorum
2284 2249 2479 2304 libello
2531 2267 2632 2321 pro
2672 2250 3072 2309 benedictione
3115 2247 3408 2330 conjugali

1753 2338 2041 2394 levitieam
2076 2337 2158 2393 eis
2191 2339 2488 2409 imposuit.
2521 2339 2624 2394 llic
2656 2340 2831 2394 etiam
2872 2357 3005 2396 cum
3057 2345 3280 2400 czeteris
3311 2364 3406 2400 co-

1753 2427 2063 2500 episc0pis,
2089 2429 2358 2483 Severino
2389 2427 2607 2483 scilicet
2629 2430 2974 2496 Senonensi,
2999 2432 3255 2488 Solemni
3275 2435 3406 2489 Car-

1753 2516 2353 2581 notensi,Camilliano
2383 2517 2828 2585 Tricassinensi,
2862 2519 3124 2576 Pronicio
3157 2521 3408 2578 Melden-

1755 2605 1824 2672 si,
1860 2605 2128 2661 Marcello
2163 2605 2564 2673 Parisiacensi,
2597 2613 2865 2663 sanctum
2907 2609 3243 2665 Evuertium
3291 2613 3406 2670 Au-

1756 2693 2108 2749 relianorum
2153 2695 2442 2749 ordinavit
2481 2695 2819 2768 episcopum
2857 2714 2869 2751 :
2906 2698 3015 2752 fuit
3071 2700 3226 2754 enim
3259 2704 3408 2756 tem-

34 2152 110 2205 per
154 2137 331 2192 omnia
386 2137 701 2210 eloquens,
759 2143 934 2211 atque
994 2139 1052 2194 in
1086 2141 1296 2198 divinis
1327 2145 1642 2217 Scripturis

34 2226 245 2296 apprime
272 2227 549 2282 eruditus
580 2228 662 2282 eis
686 2229 958 2284 comitem
978 2229 1642 2292 collocavitzhosetenim

33 2314 207 2368 summi
236 2315 328 2371 Dei
372 2315 636 2371 cultores
684 2317 1062 2374 beatissimus
1110 2319 1306 2377 Sixtus
1363 2341 1514 2394 papa
1546 2342 1642 2379 ur-

33 2400 104 2456 bis
129 2403 316 2470 Romre,
347 2422 484 2460 cum
520 2405 684 2460 omni
719 2405 932 2462 fiducia
962 2408 1032 2462 ad
1065 2414 1297 2479 portum
1352 2411 1642 2468 Marinum

38 2507 182 2561 usque
207 2494 549 2564 perducens,
582 2494 820 2548 verbum
853 2495 1083 2551 Domini
1139 2499 1452 2569 specialius
1493 2520 1642 2574 prae-

36 2579 236 2651 cipiebat
281 2599 463 2656 usque
512 2583 591 2638 ad
643 2588 888 2640 mortem
921 2585 1272 2643 fiducialiter
1310 2591 1641 2660 praedicare.

34 2669 227 2724 Atlhelze
258 2671 467 2744 quippe
502 2673 741 2728 Domini
790 2675 977 2729 navali
1030 2676 1262 2732 tramite
1321 2679 1644 2736 Massiliam

35 2763 244 2828 petentes
274 2761 631 2834 Lugdunum
664 2779 848 2834 usque
879 2764 1165 2836 perducti,
1199 2766 1384 2823 celare
1417 2786 1477 2824 se
1510 2769 1645 2826 nul-

33 2843 218 2903 latenus
244 2850 792 2920 potuerunt,exinde
818 2852 887 2906 ad
901 2853 1204 2910 Autricum
1220 2858 1643 2933 pervenientes,

35 2943 282 3006 ceperunt
310 2939 550 3010 publica
579 2955 715 2994 voce
747 2939 965 2996 Christi
1014 2942 1259 3015 gloriam
1311 2947 1644 3016 praedicare,

34 3025 108 3078 ubi
136 3027 399 3082 nobilium
430 3029 645 3100 ingens
671 3033 813 3084 tunc
844 3031 1144 3086 recederat
1171 3033 1360 3100 turbs,
1402 3035 1645 3092 deorum

1756 2782 1997 2854 poribus
2047 2781 2348 2838 Melciadis
2402 2801 2583 2855 papae,
2633 2785 2939 2857 sanctique
2991 2785 3251 2842 Silvestri
3296 2789 3406 2845 sub

1755 2869 2137 2925 Constantino
2168 2869 2540 2942 imperatore,
2598 2871 2934 2926 Constantio
2981 2877 3038 2927 et
3092 2872 3407 2930 Volusiano

1756 2958 2098 3014 consulibus
2125 2977 2138 3025 ;
2174 2958 2272 3030 qui
2304 2958 2513 3029 plenus
2537 2959 2866 3015 sanctitatis
2884 2959 3026 3015 obiit
3049 2961 3236 3032 pridie
3258 2963 3403 3018 Non.

1757 3049 1914 3114 Maii,
1949 3052 2004 3103 et
2035 3047 2300 3120 sepultus
2348 3051 2435 3103 est
2475 3048 2644 3119 juxta
2674 3049 3127 3120 prmdecessores
3175 3067 3313 3106 suos
3346 3051 3405 3106 in

33 3127 172 3168 vanas
199 3115 496 3172 observare
531 3115 837 3174 culturas:
873 3119 1317 3177 sciscitantibus
1364 3140 1496 3179 vero
1545 3144 1643 3198 pa-
1757 3141 1953 3194 monte
1973 3115 2230 3192 Αυιιῖίοο,

33 3201 164 3270 ganis
191 3203 547 3261 Christianos
582 3223 642 3261 se
674 3223 800 3262 esse
829 3208 1023 3262 testati
1056 3215 1215 3278 sunt,
1270 3215 1326 3266 et
1379 3213 1451 3267 ob
1497 3231 1639 3286 prm-
1683 3282 1711 3286 _
2243 3209 2376 3263 CAP.
2405 3209 2470 3262 ν-
2505 3241 2572 3250 -
2605 3209 2678 3265 De
2705 3211 2915 3267 Εἰαᾰτόο

35 3289 333 3349 dicationem
362 3295 522 3351 verbi
557 3295 786 3351 Domini
822 3314 948 3353 sese
978 3297 1120 3353 inibi
1147 3282 1639 3368 advenisse,’l‘unc
1671 3282 1712 3347 (ἶ
1826 3297 2066 3354 Eladius
2101 3299 2249 3354 88dit
2279 3316 2463 3354 annos
2494 3301 2601 3367 23;
2653 3300 2760 3355 Γυίί
2811 3307 3007 3358 autem
3043 3305 3408 3375 tempo'ibus

37 3377 237 3453 denique
267 3383 628 3440 beatissimis
661 3387 1061 3442 sacerdotibus
1091 3390 1499 3460 praedicatione
1532 3392 1640 3447 ful-
1753 3388 2074 3442 Constantii
2109 3393 2164 3442 et
2192 3388 2554 3443 Constantini
2592 3389 2842 3444 filiorum
2880 3391 3245 3446 Constantini
3295 3394 3406 3448 sub

36 3471 259 3537 gentibus
305 3491 406 3545 pro
453 3474 742 3529 virtutum
785 3475 1128 3533 assiduitate
1179 3496 1325 3550 quas
1353 3497 1455 3551 per
1483 3481 1643 3554 ipsos
1754 3475 1966 3542 Marco,
2001 3475 2154 3530 Julio
2188 3481 2362 3547 atque
2409 3476 2634 3530 Liberio
2683 3477 2962 3533 Romanis
3004 3480 3402 3551 pontiﬁcibus.

38 3555 190 3613 divina
218 3563 512 3618 exercebat
566 3553 825 3633 potantia
855 3569 1142 3636 quotquot
1172 3565 1358 3637 ipsius
1391 3553 1642 3641 locipri-
1752 3565 1856 3618 Hic
1912 3563 2289 3619 beatissimus
2334 3565 2590 3636 pontifex
2641 3566 2781 3620 dum
2831 3567 3006 3621 verbo
3056 3572 3113 3623 et
3138 3568 3404 3640 exemplo

39 3658 221 3701 morum
250 3649 350 3704 fuit
381 3652 453 3706 ad
489 3650 1212 3724 Christianitatisgratiam
1231 3657 1636 3726 convolarunt;
1751 3652 1969 3709 multos
2001 3654 2068 3707 ad
2105 3653 2398 3709 Christum
2432 3659 2805 3721 converteret,
2859 3656 2927 3710 ad
2979 3671 3112 3710 eum
3164 3661 3402 3712 sanctus

38 3747 236 3807 moxque
263 3744 501 3795 sanctus
535 3740 886 3812 Peregrinus
902 3742 1210 3814 episcopus
1226 3762 1438 3800 novum
1455 3763 1640 3818 popu-
1750 3744 1990 3798 Amator
2020 3741 2197 3798 simul
2231 3747 2286 3798 et
2319 3743 2544 3798 Martha
2563 3745 2688 3814 jam
2721 3745 2849 3815 ejus
2881 3761 3100 3817 sponsa
3122 3746 3403 3818 spiritalis

41 3819 92 3875 lis
112 3825 295 3898 dogma
325 3829 673 3902 impertiens
704 3848 878 3902 parvo
910 3831 1131 3887 ambitu
1165 3833 1470 3890 ecclesiam
1503 3853 1638 3892 con-
1749 3832 1952 3886 effecta
1983 3837 2359 3900 concurrunt,
2394 3849 2460 3888 ac
2488 3834 2868 3905 procedentes
2899 3851 3097 3889 coram
3145 3851 3211 3890 eo
3241 3839 3402 3892 voto-

39 3915 217 3982 struxit,
261 3917 594 3990 Christique
659 3920 886 3974 nomini
946 3923 1322 3978 consecravit.
1375 3925 1639 3998 Cumque
1750 3939 1879 3976 rum
1913 3937 2153 3976 suorum
2177 3920 2463 3977 desideria
2492 3923 2988 3995 pandunt,sicque
3018 3923 3114 3979 ille
3145 3941 3205 3979 se
3237 3923 3401 3980 cleri-

39 4002 258 4059 restincta
284 4007 424 4062 inibi
461 4009 674 4064 fuisset
703 4010 897 4065 omnis
929 4011 1170 4066 deorum
1225 4013 1476 4079 cultura,
1519 4015 1637 4070 fra—
1749 4027 1882 4066 cum
1919 4009 2041 4065 ﬁeri
2077 4011 2472 4081 desposcebat.
2525 4013 2686 4066 Tunc
2734 4012 2979 4067 antistes
3023 4012 3403 4070 considerans

40 4089 143 4155 tres,
171 4109 272 4165 quo
301 4113 502 4152 secum
541 4097 614 4151 ab
646 4098 788 4154 urbe
815 4099 1156 4169 deduxerat,
1210 4101 1427 4157 ibidem
1464 4102 1638 4158 relin-
1748 4104 1921 4172 atque
1952 4099 2359 4172 contemplans
2390 4099 2490 4156 Dei
2521 4116 2619 4156 eos
2674 4118 2871 4157 amore
2919 4101 3054 4166 frui,
3087 4106 3144 4157 et
3170 4105 3405 4175 propter

42 4191 200 4248 quens,
225 4189 285 4238 ut
313 4191 573 4259 emptum
607 4186 1036 4258 przedicationis
1068 4189 1322 4262 expleret
1355 4191 1634 4260 officium,
1747 4190 1942 4260 ejusce
1974 4188 2342 4244 dilectionem
2376 4188 2520 4244 velle
2551 4189 2889 4245 saecularem
2945 4190 3211 4245 habitum
3244 4208 3401 4246 ccm-

41 4261 344 4328 lntcrranum
375 4275 616 4348 expetit,
653 4274 752 4330 ubi
785 4280 924 4332 tunc
945 4261 1238 4350 praecipua
1270 4297 1634 4354 paganorum
1747 4283 1996 4345 mutare,
2045 4277 2308 4349 utrisque
2364 4277 2611 4350 impiger
2659 4279 2873 4351 paruit,
2920 4278 3089 4334 illum
3140 4279 3401 4336 crinibus

43 4355 297 4416 multitudo
326 4363 395 4417 ad
411 4363 566 4420 festa.
584 4363 1104 4422 Joviscelebranda
1121 4385 1639 4441 summoperecon-
1746 4365 2253 4434 exonerans,illam
2287 4366 2784 4422 castimonialium
2825 4368 2995 4422 coetui
3029 4367 3400 4422 devotissime

43 4447 420 4516 currebat.Quid
457 4453 540 4507 ibi
571 4454 870 4524 egerit,vel
895 4473 1042 4527 quos
1075 4474 1290 4530 agones
1320 4476 1422 4530 pro
1445 4460 1639 4517 Chris-
1737 4459 1997 4530 jungens
2029 4472 2093 4510 ac
2122 4455 2372 4520 socians,
2399 4460 2456 4510 et
2488 4455 2580 4510 hic
2605 4454 2814 4526 plenus
2846 4455 3171 4522 sanctitate,
3201 4460 3257 4510 et
3286 4455 3396 4510 vir-

44 4530 73 4581 ti
97 4537 291 4594 nomine
319 4541 658 4613 contulerit,
704 4542 949 4600 historia
997 4546 1292 4617 passionis
1341 4549 1469 4620 ejus
1519 4550 1634 4605 evi-
1746 4545 1992 4610 tutibus,
2031 4548 2097 4597 ut
2126 4543 2181 4596 in
2215 4543 2394 4614 gestis
2423 4543 2686 4612 ejusdem
2720 4543 2901 4598 sancti
2933 4541 3222 4598 Amatoris
3251 4542 3398 4615 legi-

45 4617 317 4683 dentissime
346 4631 624 4686 declarat.
661 4631 793 4686 Istic
826 4634 1204 4690 beatissimus
1253 4617 1511 4708 pontifex
1544 4639 1635 4693 ni~
1666 4653 1714 4716 D
1747 4651 1900 4697 mus,
1935 4649 2146 4703 corpus
2180 4636 2365 4699 terra),
2401 4631 2665 4687 animum
2699 4632 2856 4702 caelo,
2890 4632 3237 4696 transmisit,
3287 4634 3397 4690 sub

46 4708 251 4781 miajam
287 4719 689 4788 persecutione
730 4721 1100 4789 saviente,ab
1126 4725 1268 4780 urbe
1292 4725 1529 4796 quidem
1547 4731 1636 4782 est
1666 4708 1707 4716 -
1744 4722 1835 4778 die
1866 4737 1965 4778 vm
2000 4721 2206 4776 Iduum
2240 4720 2546 4786 Maiarum,
2571 4726 2628 4776 et
2650 4720 2915 4794 sepultus
2938 4725 3028 4776 est
3063 4739 3230 4777 secus
3253 4740 3398 4795 prm-

47 4807 277 4869 Pgressus,
309 4807 406 4861 sed
439 4809 789 4880 martyrium
821 4827 998 4866 suum
1032 4813 1242 4884 capitis
1275 4815 1638 4872 abscissione
1749 4813 2083 4868 decessores
2114 4828 2252 4866 suos
2281 4809 2338 4864 in
2374 4815 2567 4866 monte
2596 4811 2853 4865 Autrico.

49 4888 310 4959 complevit,
341 4897 450 4950 sub
484 4896 578 4950 die
611 4895 834 4952 decimo
885 4902 1044 4954 sexto
1094 4899 1488 4957 Kalendarum
1542 4901 1638 4967 Ju~
2138 4900 2272 4956 CAP.
2301 4899 2395 4955 VI.
2428 4929 2496 4942 —
2536 4905 2614 4956 De
2641 4902 2697 4957 S.
2731 4902 3003 4956 Amatam.

51 4971 225 5062 uiarum
249 4980 693 5054 imperatoribus
727 4985 965 5042 Galieno
996 4992 1052 5043 et
1081 4989 1407 5059 Valeriano,
1463 4991 1636 5046 fEmi-
1817 4993 2073 5056 Amator,
2108 4990 2343 5045 natione
2375 4990 2923 5056 Autissiodorensis,
2958 5008 3026 5046 ex
3076 4994 3238 5062 patre
3270 4991 3402 5046 Pro-

51 5056 163 5118 lianc
188 5073 236 5122 et
262 5070 433 5128 Bosso
465 5073 830 5131 consulibus.
1746 5081 2136 5148 clidio,matre
2169 5079 2576 5147 Isiciala,sedit
2605 5082 3160 5148 ann0830,mensem
3190 5098 3396 5147 unum,

1747 5169 1870 5224 dies
1899 5170 1973 5236 5;
2007 5168 2118 5222 fuit
2146 5167 2302 5222 enim
2335 5168 2699 5241 temporibus
2729 5168 3045 5224 Constantii
3079 5171 3135 5223 ct
3179 5167 3399 5224 Juliani

341 5213 473 5271 CAP.
509 5217 578 5271 Il.
612 5250 679 5257 -—
720 5221 795 5273 De
823 5219 879 5274 S.
910 5219 1277 5276 Marcelliano.

1828 5213 1870 5224 ,υ
1899 5213 1932 5223 ν
1961 5213 1973 5236 ,
2007 5213 2117 5222 η..-
2339 5213 2699 5241 “mrem...”
2733 5213 3045 5224 ..u...,.....-..
3080 5213 3134 5223 ν-
3179 5213 3397 5224 -.........

1836 5261 2035 5313 ostatze
2067 5261 2241 5329 atque
2271 5258 2558 5313 Joviniani
2587 5257 3142 5332 imperatorum,sub
3174 5257 3397 5329 pontifi-

105 5327 490 5408 Marcellianus,
524 5342 759 5399 natione
819 5344 1040 5412 Gallus,
1103 5348 1254 5402 sedit
1302 5365 1488 5403 annos
1547 5351 1635 5403 33.
1750 5327 1913 5401 cibus
1941 5327 2239 5416 Romanis,
2278 5346 2482 5411 Felice,
2513 5327 3012 5418 Damaso,Syricio
3043 5327 3218 5416 atque
3249 5347 3398 5399 Ana-

167 5425 570 5491 pradicationis
615 5433 806 5488 ofﬁcio
868 5433 1116 5490 ﬁdeliter
1170 5436 1498 5501 elaborans,
1561 5437 1638 5490 fe-
1750 5435 1950 5491 stasio.
1990 5435 2089 5489 llic
2121 5411 2503 5492 beatissimus
2542 5411 2796 5504 pontifeit
2834 5411 2902 5490 in
2944 5411 3187 5507 juvenili
3233 5437 3400 5485 aetate

53 5500 124 5556 1ίοὶ
149 5523 299 5567 cursu
328 5515 595 5590 migravit
645 5521 715 5574 ad
767 5520 1064 5576 Christum
1115 5540 1174 5578 Ill
1207 5525 1346 5580 Idus
1395 5526 1552 5591 Maii,
1587 5536 1643 5579 et
1750 5524 1975 5596 positus
2005 5541 2140 5579 cum
2159 5530 2314 5580 esset
2341 5542 2546 5598 genere
2561 5523 3224 5590 nobilissimus,coactuS
3257 5523 3346 5570 est
3367 5535 3402 5570 ll

57 5594 268 5686 Sepultus
293 5608 376 5658 est
406 5606 463 5660 in
496 5606 687 5664 Monte
711 5610 966 5666 Autrico:
1004 5611 1135 5667 Fuit
1182 5618 1377 5670 autem
1417 5619 1639 5686 tempo-
1750 5594 2092 5685 parentibus
2122 5594 2743 5686 desponsarepucllam
2766 5611 2944 5668 simili
2970 5605 3267 5665 nobilitate
3281 5603 3401 5672 pol-

59 5678 181 5739 ribus
201 5688 489 5750 Alexandri
521 5702 575 5753 et
607 5699 839 5755 Maximi
872 5700 1312 5774 imperatorum,
1333 5678 1642 5760 Aureliano
1751 5703 1965 5758 lentem
2000 5703 2235 5757 nomine
2267 5703 2580 5770 Martbam,
2613 5703 2712 5758 sed
2743 5716 2873 5755 cum
2898 5700 3025 5766 jam
3059 5699 3287 5759 tempus
3309 5706 3402 5745 εο-
