3814 6218
41 347 137 407 529
888 342 988 403 DE
1035 342 1310 406 GESTIS
1355 343 1601 409 EPISC.
1644 344 2089 408 ANTISSIOD.
2123 378 2198 390 --
2228 347 2431 413 PARS
2476 346 2526 409 Ι.

3293 333 3414 411 23‘0

44 476 355 535 monasterio
382 475 544 532 illius
574 475 1028 532 archimandrita
1057 477 1306 550 praefuit.
1341 478 1472 550 Ipso
1504 495 1647 551 quo-
1677 479 1733 547 Α
1763 479 1918 533 enim
1945 479 2306 553 temporibus
2326 480 2570 536 Joannis
2592 497 2753 553 papae
2771 484 2945 553 atque
2962 480 3299 537 Felicis.Hic
3324 481 3415 539 est

46 585 132 641 que
151 570 269 640 post
283 566 351 621 ad
374 564 633 621 cmlestia
654 580 829 638 regna
851 564 1253 633 sublimato,in
1274 566 1649 638 pontiﬁcatus

45 663 221 711 sortem
249 655 295 711 ei
319 655 632 710 succedere
656 652 947 709 meruit.Is
970 653 1229 710 imitator
1250 660 1306 709 et
1326 655 1509 710 haeres
1533 672 1649 709 ma-

46 744 200 818 gistri,
222 742 419 799 multis
448 743 625 798 verbo
656 748 712 797 et
741 742 1001 815 exemplo
1033 744 1270 815 profuit,
1305 744 1481 815 bujus
1511 761 1649 815 prae-

48 834 234 888 sulatus
253 836 509 904 tempore
530 834 769 886 sanctus
785 831 1084 887 Marianus
1107 849 1141 887 a
1161 832 1427 904 partibus
1450 832 1651 888 Bituri-

48 922 266 977 censium
295 921 630 989 adveniens,
667 920 1020 976 monasterio
1063 922 1249 977 sancti
1282 921 1554 977 Germani
1588 938 1650 977 se

50 1008 216 1063 sociari
242 1006 592 1080 postulabat,
617 1006 754 1078 quia
774 1006 925 1063 idem
950 1008 1372 1064 monasterium
1395 1010 1648 1081 antiquas

50 1095 376 1152 beatitudinis
399 1096 656 1151 retinens
681 1099 899 1151 statum
923 1096 1098 1152 odore
1119 1097 1468 1153 suavissimo
1490 1099 1651 1154 redo-

49 1184 279 1257 tebat,qui
293 1185 498 1240 beatus
514 1184 604 1239 vir
622 1201 799 1255 quam
816 1183 1316 1241 excellentissima:
1331 1187 1572 1243 memori
1580 1204 1645 1257 ξε,

52 1274 346 1345 quantaeque
392 1272 723 1328 sanctitatis
771 1272 1077 1342 exstiterit,
1128 1273 1363 1331 libellus
1412 1275 1482 1330 de
1532 1275 1651 1330 vita

52 1362 200 1433 ipsius
217 1362 394 1417 editus
416 1360 650 1434 plenius
672 1361 1284 1419 manifestat.Sanctus
1308 1363 1500 1436 itaque
1524 1364 1651 1419 Alo-

55 1450 157 1505 dius
180 1451 519 1523 optimorum
551 1450 812 1523 locuples
860 1451 1169 1523 stipendiis
1215 1452 1557 1508 meritorum
1588 1452 1647 1507 in

56 1556 159 1611 pace
183 1538 419 1595 decessit
467 1556 522 1595 IV
553 1538 946 1595 Kalendarum
992 1539 1349 1609 Octobrium,
1385 1546 1559 1613 atque
1588 1542 1650 1597 in

54 1628 169 1682 beati
193 1629 449 1684 Germani
501 1627 745 1685 basilica
777 1630 1049 1684 decenter
1077 1628 1343 1703 sepultus
1374 1635 1480 1687 est.
1515 1632 1652 1686 Post

52 1719 185 1789 cujus
202 1719 527 1774 descessum
553 1718 770 1773 mansit
788 1717 989 1774 civitas
1009 1719 1231 1791 absque
1252 1719 1524 1792 episcopo
1546 1738 1649 1776 an-

1759 567 2035 637 Joannes,
2065 584 2241 640 quem
2290 568 2686 624 Theodoricus
2727 585 2827 623 rex
2856 568 3158 625 haereticus
3190 570 3412 626 Raven-

1760 674 1847 711 na:
1881 657 1937 711 in
1971 658 2239 713 custodia
2269 657 2584 731 afﬁigendo
2615 657 2924 728 interfecit,
2957 656 3276 729 imperante
3309 660 3412 714 Ju-

1760 744 1936 812 stino,
1972 745 2292 818 Lampadio
2342 751 2399 801 et
2428 746 2628 801 Oreste
2659 762 2742 801 co:
2773 745 3021 801 sulibus.
3056 746 3186 801 Fuit
3216 751 3412 803 autem

1760 832 1967 889 civitas
1999 834 2126 890 sine
2158 835 2430 908 episcopo
2464 852 2616 890 anno
2652 852 2786 901 uno,
2820 850 3053 891 menses
3081 836 3135 890 6.

2171 923 2304 978 CAP.
2336 922 2453 978 XII.
2491 954 2556 964 -
2584 927 2665 979 De
2700 922 3005 979 Theodosio.

1831 1010 2195 1068 Theodosius
2239 1011 2390 1067 sedit
2438 1028 2624 1068 annos
2654 1013 2707 1079 8,
2741 1011 2867 1075 dies
2907 1013 3017 1079 23;
3049 1029 3139 1067 xv:
3174 1010 3411 1069 Kalend.

1758 1100 2157 1171 Augustarum
2181 1101 2335 1155 diem
2350 1100 2856 1173 excepitultimum
2889 1105 3123 1173 peracto
3145 1101 3271 1156 vitae
3294 1119 3413 1158 suae

1758 1191 2019 1260 tempore
2055 1190 2128 1244 75
2170 1190 2362 1257 annis,
2414 1206 2636 1262 proque
2679 1206 2798 1245 suae
2829 1189 3039 1245 merito
3085 1190 3414 1247 sanctitatis

1759 1276 2013 1331 nobilem
2045 1277 2102 1331 in
2126 1276 2368 1334 ecclesia
2386 1278 2537 1333 beati
2559 1277 2830 1334 Germani
2855 1279 3098 1334 sortitus
3120 1283 3207 1334 est
3223 1278 3414 1352 sepul-

1759 1366 2114 1420 turam.Fuit
2143 1370 2339 1421 autem
2357 1366 2721 1438 temporibus
2743 1366 3021 1422 Bonifacii
3044 1372 3099 1422 et
3121 1367 3411 1435 Mercurii,

1762 1454 1860 1525 qui
1892 1458 1949 1509 et
1967 1454 2222 1510 Joannes
2243 1461 2480 1511 vocatus
2511 1460 2813 1528 est,usque
2837 1456 2908 1511 ad
2934 1455 3268 1529 Agapitum.
3304 1457 3412 1512 im-

1761 1547 1997 1614 perante
2027 1543 2362 1599 Justiniano
2394 1544 3004 1617 Augusto,Lampadio
3034 1544 3294 1601 consule.
3320 1545 3414 1600 ln-

1759 1631 2031 1689 venimus
2047 1632 2281 1688 ethunc
2303 1638 2573 1689 sanctum
2599 1633 2787 1688 virum
2812 1633 3148 1689 interfuisse
3170 1634 3413 1690 concilio

1761 1719 2353 1793 episcoporum,quod
2386 1726 2583 1777 actum
2613 1725 2702 1777 est
2730 1738 2798 1777 ex
2809 1722 2987 1793 jussu
3003 1721 3415 1795 gloriosissimi

52 1805 123 1861 nis
150 1808 221 1871 10,
250 1808 317 1861 ob
342 1806 622 1863 saevitiam
656 1805 874 1862 scilicet
894 1808 1255 1863 vastantium
1280 1807 1496 1864 Gallias
1518 1810 1649 1863 bar-
1682 1851 1729 1915 B
1762 1808 2027 1865 Clodovei
2053 1810 2248 1883 magni
2283 1810 2820 1883 Francorum'regis
2842 1811 2913 1865 ad
2939 1810 3415 1868 Aurelianensem

53 1895 271 1915 ιηημμ
304 1895 425 1915 mg.
691 1894 1053 1915 .WMJLH
1088 1896 1111 1915 τ
1346 1914 1371 1915 ρ
1402 1913 1449 1915 ,_
1514 1898 1525 1907 -
1598 1902 1609 1915 .
1765 1899 1800 1915 η
1994 1898 2027 1915 γ-
2072 1897 2105 1915 ο.
2157 1906 2166 1915 .
2302 1899 2341 1915 η
2389 1898 2421 1915 ..
2484 1898 2495 1908 ε
2542 1899 2576 1915 -.
2704 1898 2714 1909 ι
2888 1898 2899 1910 .

53 1895 431 1952 barorum.Fuit
461 1900 660 1951 autem
690 1894 1056 1967 temporibus
1088 1896 1298 1952 Leonis
1329 1898 1527 1970 magni
1558 1902 1649 1952 at-

54 1998 140 2053 que
164 1982 343 2039 Hilarii
391 1984 792 2040 Romanorum
824 1983 1190 2057 pontiﬁcum,
1226 1984 1652 2057 imperantibus

55 2071 204 2128 Leone
228 2077 389 2146 atque
414 2074 668 2129 Zenone.

439 2164 577 2219 CAP.
610 2162 703 2217 IX.
736 2193 804 2202 —
833 2163 908 2219 De
935 2165 1215 2219 Fraterno.

108 2249 383 2307 Fraternas
413 2250 571 2307 sedit
602 2250 693 2307 die
731 2253 779 2307 1.
813 2250 868 2306 Is
898 2268 1015 2323 qua
1043 2252 1137 2307 die
1168 2269 1201 2307 a
1230 2246 1502 2308 ﬁdelibus
1531 2253 1653 2326 epi-

56 2355 226 2410 scopus
250 2345 331 2396 est
358 2339 691 2407 ordinatus,
718 2357 751 2395 a
782 2339 1050 2396 barbaris
1072 2345 1160 2396 est
1190 2342 1467 2415 martyrio
1498 2359 1655 2397 coro-

57 2432 194 2484 natus
216 2429 298 2486 die
324 2431 358 2485 3
387 2428 786 2486 Kalendarum
819 2429 1242 2499 Octobrium,et
1272 2430 1538 2503 sepultus
1567 2436 1655 2488 est

57 2514 101 2568 in
125 2515 335 2572 ecclesia
363 2515 692 2573 beatissimi
726 2517 1018 2573 Germani.
1053 2518 1185 2573 Fuit
1227 2525 1422 2575 autem
1450 2519 1654 2576 civitas

58 2602 155 2659 sine
179 2605 426 2679 episcopo
458 2606 589 2662 dies
617 2607 670 2661 6.

446 2695 588 2750 CAP.
623 2694 686 2750 X.
719 2726 787 2735 —
818 2700 899 2752 De
930 2696 1209 2752 Censurz'o.

109 2780 388 2840 Censorius
427 2782 585 2839 sedit
632 2800 818 2839 annos
860 2784 952 2853 38,
982 2801 1214 2841 menses
1244 2786 1296 2855 3,
1335 2785 1427 2842 die
1455 2788 1509 2841 6.
1552 2787 1655 2842 Hic

56 2875 124 2924 est
145 2873 292 2943 cujus
304 2877 565 2945 tempore
585 2871 963 2928 Constantius
985 2877 1178 2929 orator
1206 2874 1446 2930 obtentu
1470 2875 1657 2931 sancti

57 2956 287 3016 Patientis
309 2961 721 3035 Lugdunensis
737 2961 993 3034 episc0pi
1014 2962 1191 3017 vitam
1212 2962 1362 3018 beati
1383 2963 1655 3020 Germani

55 3047 261 3105 mirabili
290 3050 437 3124 stylo
466 3050 653 3107 edidit
675 3051 953 3123 omnique
976 3050 1279 3124 diligentia
1301 3052 1656 3109 elaboratam

54 3135 203 3192 eidem
230 3140 600 3212 postmodum
633 3139 904 3213 episcopo
929 3140 1197 3196 censurio
1218 3141 1547 3197 habendam
1573 3143 1655 3198 di-

1763 1896 1958 1952 Calliae
1980 1897 2430 1954 civitatem.Fuit
2446 1898 2650 1953 civitas
2668 1898 2795 1954 sine
2811 1898 3083 1971 episcopo
3100 1916 3254 1955 anno
3276 1918 3413 1958 uno.

2175 1986 2308 2042 CAP.
2341 1986 2487 2042 XIII.
2522 2019 2589 2027 ——
2618 1992 2690 2043 De
2723 1986 2995 2058 Gregorio.

1832 2074 2142 2148 Gregorius
2174 2076 2323 2131 sedit
2369 2092 2555 2131 annos
2588 2078 2673 2143 12,
2730 2092 2965 2132 menses
3012 2076 3068 2142 6,
3100 2082 3417 2150 exactoque

1761 2181 1880 2220 suae
1905 2164 2047 2220 vicis
2079 2163 2269 2219 ofﬁcio
2300 2182 2394 2220 x1v
2428 2164 2544 2220 Kal.
2576 2164 2714 2220 Jun.
2735 2164 2996 2221 humana
3025 2165 3324 2237 deponens
3354 2168 3416 2222 in

1761 2252 2005 2309 ecclesia
2016 2253 2169 2309 beati
2184 2252 2456 2309 Germani
2470 2270 2811 2325 supremum
2827 2254 3147 2327 promeruit
3172 2272 3413 2325 munus,

1762 2358 1933 2398 omne
1962 2342 2092 2397 vitae
2122 2359 2241 2398 suae
2276 2346 2509 2414 tempus
2540 2343 2607 2396 84
2638 2342 2809 2398 annis
2840 2342 3187 2415 exegit.l«‘uit
3217 2348 3414 2401 autem

1761 2431 2125 2503 temporibus
2158 2430 2382 2487 Silverii
2432 2435 2489 2486 et
2535 2430 2733 2504 Vigilii
2766 2431 3011 2487 Roman.
3046 2432 3414 2506 pontiﬁcum,

1764 2519 2087 2591 imperante
2113 2519 2304 2575 adhuc
2334 2520 2610 2592 praedicto
2635 2518 2969 2575 Justiniano
3000 2521 3418 2594 Augusto.Fuit

1764 2612 1960 2663 autem
1985 2608 2190 2664 civitas
2222 2608 2348 2664 sine
2377 2608 2648 2681 episcopo
2680 2625 2915 2665 menses
2942 2612 3283 2682 7,regnante
3315 2611 3416 2667 ad-

1763 2697 1877 2753 huc
1908 2696 2188 2753 Clodoveo
2214 2696 2638 2770 gloriosissimo
2671 2714 2823 2771 rege.

2209 2784 2337 2841 an.
2371 2785 2509 2840 x1v.
2544 2817 2609 2827 —
2640 2790 2719 2843 De
2749 2787 2960 2858 ορεαιο.

1836 2874 2084 2947 Optatus
2115 2873 2267 2931 sedit
2296 2892 2517 2929 annum
2540 2875 2561 2930 Ἰ
2576 2918 2590 2943 ,
2616 2891 2848 2930 menses
2872 2878 2927 2947 8,
2951 2876 3076 2931 dies
3095 2877 3262 2933 5.Hic
3284 2894 3419 2934 con-

1765 2963 1976 3019 struxit
1994 2962 2295 3019 basilicam
2317 2962 2376 3017 in
2398 2962 2617 3018 honore
2638 2961 2825 3018 sancti
2847 2961 3244 3036 Christopbori
3268 2981 3419 3019 mar-

1765 3053 1910 3126 tyris
1955 3054 2125 3125 juxta
2154 3050 2456 3107 basilicam
2484 3051 2669 3107 sancti
2701 3050 2973 3107 Germani
3026 3052 3097 3106 ab
3138 3051 3416 3108 Orientali

1765 3147 1949 3214 parte,
1984 3140 2431 3213 cooperantibus
2460 3140 2692 3195 duobus
2718 3140 3073 3213 presbyteris
3121 3141 3245 3198 suis
3278 3142 3420 3198 San-

56 3225 306 3300 rexithse
321 3246 449 3285 vero
470 3227 734 3302 pontifex
755 3228 1247 3300 beatus,imitator
1268 3231 1653 3302 praedecesso-
1685 3221 1727 3288 C
1766 3231 1923 3286 ctino
1956 3235 2130 3303 atque
2161 3229 2569 3285 Memorio.Hic
2586 3228 3007 3285 sanbtissimus
3028 3230 3306 3303 pontifex,
3326 3248 3419 3287 ex-

56 3329 159 3369 rum
186 3317 419 3374 ﬁdeliter
446 3316 727 3383 existens,
761 3320 830 3373 28
862 3317 1049 3374 aetatis
1079 3336 1195 3374 suae
1228 3336 1381 3375 anno
1409 3320 1527 3375 vita
1557 3321 1655 3376 de-

56 3401 270 3475 functus,
302 3425 352 3463 ιν
381 3407 521 3463 Idus
540 3406 702 3462 Junii
722 3406 867 3463 obiit
888 3407 1215 3464 sanctitatis
1236 3407 1445 3480 plenus
1465 3410 1659 3465 bonis-

58 3507 144 3562 que
167 3496 420 3552 omnibus
464 3496 779 3569 copiosus;
813 3495 1078 3568 sepultus
1123 3501 1211 3552 est
1240 3503 1436 3553 autem
1470 3498 1527 3553 in
1557 3515 1654 3555 ec-

54 3580 195 3639 clesia
220 3586 397 3642 sancti
420 3584 698 3642 Germani
726 3585 1143 3658 episcopi.Fuit
1163 3590 1357 3642 autem
1382 3586 1656 3660 tempori-

54 3669 139 3726 bus
177 3673 387 3741 Felicis,
438 3674 678 3743 Gelasii,
710 3674 1027 3742 Anastasii,
1085 3674 1441 3748 Symmachi,
1481 3681 1655 3749 atque

55 3755 323 3818 Hormina:
367 3764 769 3820 Romanorum
814 3762 1178 3836 pontiﬁcum,
1228 3763 1656 3837 imperantibus

54 3848 310 3909 Anastasio
340 3858 395 3909 et
422 3852 663 3909 Justino
696 3853 945 3909 seniore.
980 3853 1111 3909 Fuit
1153 3853 1356 3910 civitas
1386 3854 1512 3911 sine
1540 3856 1658 3929 epi-

56 3951 193 4011 scopo
218 3958 358 3999 anno
393 3945 441 4013 1,
479 3942 789 3999 mensibus
817 3946 872 3997 2.

498 4035 634 4089 CAP.
669 4033 761 4087 Χῐ.
794 4064 862 4074 -
894 4036 973 4089 De
1005 4035 1156 4091 Ursa.

110 4115 260 4177 Ursus
286 4123 434 4179 sedit
464 4139 654 4179 annos
682 4124 737 4189 6,
772 4138 1007 4178 menses
1038 4124 1089 4178 4.
1123 4123 1205 4177 Ex
1233 4121 1341 4178 hoc
1372 4122 1493 4178 viro
1525 4140 1655 4179 san-

57 4203 267 4264 ctissimo
294 4211 444 4267 ﬁdeli
480 4209 762 4267 relatione
790 4210 1242 4285 vulgatur,quod
1269 4211 1439 4283 juxta
1469 4212 1653 4268 sancti

52 4291 293 4354 Amatoris
319 4299 626 4356 basilicam
651 4298 916 4356 reclusus
936 4300 1403 4356 anachoreticam
1426 4300 1657 4356 duxerit

54 4379 213 4451 vitam,
239 4388 331 4444 ubi
360 4389 686 4446 oratorium
719 4405 907 4461 usque
926 4387 1099 4444 hodie
1124 4393 1212 4444 est
1241 4390 1369 4462 ejus
1399 4389 1654 4446 nominis

57 4478 299 4533 memoria:
344 4496 605 4537 sacrum.
639 4479 896 4552 Contigit
926 4495 992 4535 eo
1022 4483 1282 4551 tempore
1332 4479 1537 4535 urbem
1570 4496 1655 4537 re-

1769 3336 1940 3376 curso
1970 3320 2097 3374 vitae
2128 3336 2245 3374 suae
2276 3323 2555 3390 tempore,
2589 3317 2774 3391 pridie
2806 3317 2926 3374 Kal.
2961 3320 3416 3390 Septembrium,

1768 3426 1901 3465 cum
1933 3408 2152 3464 eisdem
2184 3408 2402 3463 sanctis
2432 3406 2785 3479 presbyleris
2834 3406 2960 3462 suis
3007 3408 3183 3463 vitam
3235 3408 3421 3464 ﬁnivit

1766 3496 2233 3570 temporalem,et
2261 3496 2508 3568 adeptus
2538 3500 2629 3551 est
2658 3495 3261 3567 sempiternamhcum
3294 3496 3420 3568 qui-

1767 3588 1879 3643 bus
1908 3586 2125 3660 pariter
2153 3588 2210 3641 et
2241 3583 2508 3656 sepultus
2531 3588 2620 3639 est
2640 3583 2699 3639 in
2726 3583 2931 3638 eadem
2953 3600 3130 3655 quam
3153 3590 3421 3640 constru-

1765 3680 1926 3731 xerat
1954 3673 2216 3730 basilica.
2252 3674 2388 3729 Post
2425 3672 2664 3729 modum
2694 3688 2828 3728 vero
2864 3671 3198 3729 labentibus
3225 3673 3416 3744 annis,

1766 3764 2008 3822 consilio
2024 3762 2309 3819 nobilium
2323 3778 2388 3819 ac
2402 3760 2757 3834 sapientium
2770 3760 3057 3818 translata
3069 3766 3206 3818 sunt
3217 3779 3419 3819 eorum

1766 3872 1933 3911 sacra
1961 3870 2205 3926 corpora
2234 3852 2291 3907 in
2321 3850 2623 3907 ecclesiam
2650 3850 2804 3906 beati
2834 3850 3132 3919 Germani,
3157 3856 3275 3907 tam
3292 3852 3419 3908 ofﬁ-

1766 3944 1940 4011 ciose,
1965 3946 2086 3998 tam
2117 3941 2546 4007 solemniter,ut
2574 3940 2634 3995 in
2665 3940 2943 3995 omnibus
2972 3939 3420 4014 Martyrologiis,

1765 4032 2085 4089 etmaxime
2097 4030 2343 4087 vetustis
2362 4030 2489 4085 dies
2509 4028 2915 4085 translationis
2936 4045 3139 4085 eorum
3164 4028 3420 4085 insertus

1764 4122 2049 4178 habeatur
2078 4138 2133 4176 v1
2164 4120 2310 4175 Non.
2345 4118 2564 4175 mensis
2596 4117 3074 4174 Maii.Transitus
3103 4121 3300 4175 autem
3329 4117 3419 4174 vel

1766 4210 2049 4283 depositio
2079 4226 2280 4265 eorum
2313 4207 2498 4280 pridie
2518 4207 2638 4262 Kal.
2664 4208 2896 4279 Sept.ut
2916 4206 3292 4279 praediximus
3316 4207 3417 4262 ad-

1764 4304 2002 4356 notatur
2034 4316 2047 4354 :
2083 4314 2198 4354 uno
2243 4298 2562 4368 eodemque
2595 4312 2734 4351 sane
2766 4293 3169 4367 sarchophago
3214 4311 3418 4350 omnes

1765 4389 1981 4462 pariter
2011 4383 2547 4458 requiescunt.Fuit
2575 4383 2780 4439 civitas
2809 4382 2934 4438 sine
2958 4382 3229 4454 episcopo
3261 4399 3415 4438 anno

1768 4480 1816 4533 1.
1832 4476 2269 4533 Exstititautem
2290 4471 2652 4545 temporibus
2674 4470 2997 4543 supradicti
3012 4469 3209 4543 Vigilii
3233 4487 3415 4543 papa,

56 4565 248 4656 pentino
268 4569 521 4625 amatam
544 4567 813 4624 incendio
835 4567 1352 4640 conﬁagrasse,sed
1371 4569 1441 4624 ad
1462 4568 1653 4626 virum
1686 4590 1733 4656 D
1762 4566 1907 4638 imp.
1934 4561 2498 4636 adhuc,Justiniano
2526 4562 2791 4633 Augusto
2816 4577 2829 4629 ;
2856 4576 3018 4633 regn.
3051 4574 3184 4615 vero
3216 4558 3414 4615 Clodo.

58 4646 257 4712 Deicum
269 4657 537 4715 sublatus
550 4658 609 4713 in
624 4657 809 4714 altum
824 4656 1046 4714 clamor
1063 4656 1263 4731 populi
1275 4657 1653 4729 pervenisset,

60 4747 431 4803 succurendum
464 4745 726 4820 periculo
758 4745 1300 4816 ratus,familiarem
1321 4745 1460 4803 illuc
1485 4748 1658 4805 bacu-

59 4821 152 4882 lum
175 4832 625 4910 destinavit.Ipse
646 4835 920 4909 precibus
940 4834 1211 4891 obnixius
1231 4839 1406 4909 atque
1431 4837 1656 4894 instan-

57 4917 123 4999 ter
144 4918 404 4994 incubuit,
437 4942 506 4983 eo
527 4925 683 4985 inter
710 4925 970 4982 minaces
1002 4925 1292 4992 ﬂammas,
1310 4930 1366 4981 et
1395 4943 1522 4999 quae
1552 4927 1656 4983 ad-

60 4997 145 5059 huc
167 5019 513 5084 supererant,
545 5014 889 5085 constituto,
921 5013 1074 5070 dicto
1105 5013 1279 5070 citius
1315 4997 1654 5071 incendium

61 5106 192 5154 Omne
216 5101 564 5178 deﬂagravit.
592 5104 712 5160 Hac
741 5103 1046 5161 occasione
1077 5104 1267 5160 sancti
1307 5104 1415 5160 viri
1446 5106 1653 5161 merito

60 5178 296 5246 declarato
345 5194 509 5251 urbis
559 5193 877 5250 decedente
907 5192 1181 5267 pontiﬁce
1239 5210 1297 5250 γι
1329 5197 1654 5249 extractum

61 5275 342 5337 pmsulatui
372 5283 687 5351 suffecere;
712 5281 858 5339 cella
878 5283 1007 5355 ejus
1028 5281 1088 5337 in
1111 5281 1417 5338 ecclesiam
1438 5282 1613 5338 cessit
1638 5300 1652 5351 ;

60 5363 207 5433 exegit
230 5367 352 5424 vitae
381 5388 501 5426 sua:
517 5375 755 5444 tempus
776 5372 948 5428 annis
967 5371 1328 5439 81,moribus
1349 5375 1407 5427 et
1430 5372 1654 5428 meritis

57 5451 297 5515 pretiosus
324 5458 659 5533 fragilitatis
688 5459 900 5517 molem
934 5477 996 5516 ιιι
1030 5459 1448 5534 Kal.Augustas
1464 5477 1655 5517 exces-

58 5534 131 5603 sit,
157 5546 312 5617 atque
339 5546 397 5604 in
428 5548 675 5606 basilica
704 5549 895 5607 sancti
910 5548 1205 5617 Germani,
1228 5550 1399 5622 juxta
1427 5550 1650 5623 prede-

59 5638 272 5718 cessores
315 5642 461 5719 suos
493 5638 802 5723 honestam
851 5638 1066 5700 meruit
1103 5639 1489 5723 sepulturam.
1524 5638 1655 5721 Fuit

1766 4658 1856 4713 Fr.
1890 4671 2043 4728 rege.

2174 4742 2308 4798 CAP.
2339 4739 2453 4797 XV.
2485 4772 2553 4780 —
2590 4744 2669 4796 De
2695 4738 2999 4796 Droctaldo.

1838 4832 2186 4891 Droctaldus
2215 4830 2526 4904 episcopus
2556 4828 2699 4885 obiit
2727 4847 2783 4884 v1
2817 4829 2953 4885 ldus
2975 4826 3417 4885 Novemb.Nihil

1765 4923 1922 4980 aliud
1971 4939 2040 4978 ex
2071 4939 2136 4978 eo
2188 4918 2567 4976 memorabile
2598 4917 2849 4992 reperire
2894 4917 3217 4991 potuimus,
3259 4919 3415 4990 quod

1763 5011 2032 5087 praesenti
2067 5010 2237 5084 Operi
2268 5009 2521 5065 inserere
2550 5007 2969 5079 quivissemus.

2155 5100 2286 5156 CAP.
2314 5098 2456 5154 XVI.
2486 5128 2555 5138 —
2586 5101 2663 5154 De
2690 5098 3022 5153 Eleutherio.

1835 5189 2202 5247 Eleutherius
2234 5188 2386 5245 sedit
2414 5203 2601 5243 annos
2626 5188 2956 5252 28,menses
2984 5188 3039 5257 8,
3065 5185 3190 5241 dies
3222 5184 3417 5241 9.Fuit

1764 5285 1959 5336 autem
1991 5278 2354 5351 temporibus
2378 5275 2591 5348 Pelagii
2615 5276 2788 5348 primi
2808 5292 2994 5349 uspue
3011 5276 3080 5331 ad
3103 5274 3413 5340 Joannem,

1763 5369 2090 5442 imperante
2118 5365 2349 5423 Justino
2385 5364 2596 5439 minori
2622 5367 2816 5434 (Errat
2844 5366 2933 5420 hic
2959 5371 3147 5420 auctor
3175 5362 3273 5416 hoc
3303 5362 3416 5417 loco

1762 5467 1824 5515 ut
1854 5461 1913 5514 in
1942 5458 2075 5512 aliis
2121 5453 2487 5527 quibusdam.)
2520 5454 2705 5525 llujus
2752 5452 3101 5526 praesulatus
3151 5455 3416 5518 tempore

1763 5565 1862 5604 rex
1890 5545 2209 5602 Clodoveus
2258 5541 2484 5610 defecit,
2516 5546 2574 5598 et
2603 5541 2706 5596 ﬁlii
2756 5543 2883 5613 ejus
2922 5537 3327 5598 Childebertus
3356 5537 3416 5589 et

1763 5634 2050 5704 Clotarius
2079 5633 2140 5694 in
2173 5647 2419 5721 regnum
2442 5630 2769 5695 succedunt
2792 5648 2805 5707 ;
2830 5629 2882 5693 is
2904 5646 3035 5690 vero
3065 5623 3306 5689 sanctus
3326 5620 3417 5684 vir
