3814 6218
389 367 499 426 23!

1247 356 1578 419 APPEND.
1628 357 1732 417 AD
1779 351 1966 417 SAEC.
2015 353 2026 413 1

2209 329 2486 417 ιΟΡΕΒᾸ
2532 375 2923 421 magnorum.
3657 353 3747 418 232

387 497 711 554 simulcum
736 495 904 549 beato
927 493 1116 549 Leone
1139 491 1572 564 archiepiscopo
1595 507 1699 545 suo
1712 488 2036 547 Senonens-i
2062 487 2120 558 Α
2148 489 2354 546 divina:
2376 489 2636 546 ﬁdelium
2662 490 2836 547 corda
2865 487 3191 557 condicbat,
3221 487 3490 560 miraque
3518 487 3748 544 aviditate

385 585 649 642 videlicet
663 583 956 656 pontiﬁce,
990 579 1403 636 exevocationc
1433 579 1653 635 domini
1680 577 2033 634 Childeberti

386 675 538 747 regis
561 673 820 728 secundo
851 669 1096 726 concilio
1128 668 1532 724 Aurelianensi
1557 669 1625 724 de
1650 667 1900 723 utilitate
1930 668 2035 722 Ec-

385 763 692 820 clesiarum
716 761 816 816 Dei
837 761 891 814 in
917 775 1093 831 regno
1107 776 1212 814 suo
1237 756 1680 813 consistentium
1701 773 1766 811 ac
1789 755 2036 810 diverso-

385 872 514 910 rum
541 851 905 925 negotiorum
945 852 1301 904 tractaturus
1333 846 1617 901 interfuit.
1653 845 1808 901 Obiit
1838 849 2032 900 autem

384 943 591 1016 plenus
631 941 857 996 dierum
907 938 965 992 in
1015 937 1324 993 sanctitate
1372 950 1721 1006 permanens
1766 951 1855 988 xvr
1908 932 2031 988 Kal.

384 1031 741 1104 Septemb.et
771 1028 1119 1097 conjunctus
1142 1029 1228 1080 est
1245 1023 1547 1096 sepultura
1570 1023 1787 1079 sanctis
1815 1023 2035 1093 praede-

383 1120 714 1177 cessoribus
747 1117 870 1173 suis
901 1117 960 1172 in
983 1115 1225 1171 basilica
1245 1114 1431 1170 sancti
1459 1113 1728 1169 Germani
1753 1111 2031 1184 episcopi.

384 1211 512 1267 Fuit
543 1209 747 1265 civitas
793 1206 918 1262 sine
968 1204 1240 1278 episcopo
1273 1219 1426 1258 anno
1472 1219 1608 1269 uno,
1644 1199 1948 1257 mensibus
1977 1203 2031 1269 2,

381 1301 586 1356 diebus
620 1301 705 1353 10.

789 1386 924 1440 CAP.
953 1383 1122 1438 XVII.
1156 1414 1221 1421 —
1253 1382 1325 1436 De
1355 1382 1615 1436 Romano.

453 1482 750 1537 Romanus
781 1474 933 1529 sedit
961 1489 1146 1528 annos
1167 1472 1218 1536 3,
1241 1471 1363 1525 dies
1384 1469 1543 1523 4.Hic
1565 1467 1735 1522 bonis
1759 1457 2033 1539 operibus

379 1571 692 1646 gloriosus,
742 1569 808 1618 ut
839 1566 1042 1623 fertur.
1089 1559 1383 1614 decisione
1430 1557 1638 1629 capitis
1687 1555 2030 1628 martyrium

379 1644 1023 1723 consummavit,pridie
1054 1650 1350 1704 Nonarum
1375 1646 1637 1701 Octob.et
1659 1644 1922 1718 sepultus
1945 1649 2034 1701 est

373 1751 545 1821 juxta
561 1743 1014 1818 prwdecessores
1037 1753 1177 1793 suos
1200 1737 1260 1791 in
1283 1735 1527 1791 basilica
1551 1735 1736 1789 sancti
1759 1734 2029 1790 Germani

379 1832 673 1908 episcopi;
710 1829 817 1885 fuit
840 1833 1034 1883 autem
1059 1825 1424 1898 temporibus
1445 1823 1762 1895 supradicti
1787 1823 2031 1878 Joannis

378 1942 539 1998 papae
573 1937 760 1993 usque
791 1918 862 1974 ad
892 1916 1290 1984 Benedictum,
1316 1915 1640 1986 imperante
1661 1912 1894 1968 Justino
1918 1911 2027 1966 mi-

380 2031 536 2070 nore.
572 2011 703 2068 Fuit
736 2008 936 2065 civitas
968 2005 1092 2062 sine
1124 2004 1393 2078 episcopo
1426 2002 1728 2058 mensibus
1761 2019 1882 2068 sex,
1907 2001 2027 2057 die-

377 2105 487 2160 bus
519 2119 637 2158 sex.

765 2189 900 2244 CAP.
938 2183 1129 2240 XVIII.
1163 2212 1230 2225 —
1261 2183 1334 2237 De
1375 2182 1632 2236 (Etherio.

446 2279 738 2339 Etherius
767 2277 918 2333 sedit
949 2290 1134 2329 annos
1176 2288 1402 2338 novem,
1440 2287 1672 2325 menses
1692 2271 1726 2323 6
1753 2287 1766 2336 ;
1800 2267 1942 2324 obiit
1971 2285 2026 2322 v1

378 2374 496 2429 Kal.
531 2372 845 2442 Augustas,
871 2370 926 2419 et
956 2361 1223 2435 sepultus
1254 2363 1342 2416 est
1373 2360 1428 2416 in
1450 2357 1692 2413 basilica
1708 2358 1858 2413 beati
1886 2357 2024 2412 Ger-

377 2459 697 2518 mani.Fuit
721 2456 876 2512 enim
909 2450 1271 2524 temporibus
1305 2447 1594 2504 Benedicti
1630 2464 1811 2520 papae,
1838 2447 2027 2518 impe-

377 2555 539 2607 rante
568 2545 800 2603 Tiberio
831 2541 1232 2599 Constantino.
1267 2538 1399 2593 Fuit
1429 2536 1630 2592 civitas
1679 2536 1805 2591 sine
1843 2535 2022 2608 episc.

375 2641 500 2696 dies
535 2639 586 2692 4.
725 2687 727 2689 ,

802 2724 929 2775 CAP.
962 2717 1098 2773 XIX.
1131 2747 1198 2756 —
1229 2717 1302 2770 De
1331 2715 1594 2769 Aunario.

445 2811 758 2875 Aunarius,
778 2806 1010 2863 natione
1033 2806 1066 2859 Α
1081 2801 1564 2869 urelianensis,ex
1585 2803 1746 2873 patre
1765 2802 2020 2865 Pastore,

375 2909 558 2960 matre
590 2893 1070 2973 Itagnoara,sedit
1099 2908 1285 2948 annos
1316 2892 1644 2958 1:3,menses
1684 2887 1901 2954 t0,dies
1929 2889 2019 2942 20.

374 2995 702 3067 Imperante
751 2984 1029 3043 Mauricio
1058 2983 1154 3038 hic
1192 2980 1570 3037 beatissimus
1604 2977 1860 3052 pontifex
1887 2994 2021 3032 cum

363 3066 699 3140 moraretur
729 3075 1068 3134 adolescens
1101 3071 1157 3126 in
1188 3069 1404 3142 palatio
1449 3067 1671 3124 domini
1700 3066 2022 3122 Gentranni

372 3173 545 3245 regis,
571 3173 695 3225 erat
714 3166 869 3222 enim
895 3178 1103 3236 genere
1122 3157 1809 3228 nobilissimus,Spiritus
1835 3155 2020 3211 sancti

371 3235 560 3335 gratia
581 3258 817 3312 afﬂatus
837 3235 1070 3323 reliquit
1095 3265 1340 3322 regnum
1360 3253 1654 3302 terrenum
1676 3249 1739 3300 ut
1757 3245 1814 3299 in
1838 3261 2014 3317 regno
2045 3235 2087 3302 C

371 3333 586 3407 cmlesti
611 3362 744 3401 cum
763 3347 974 3398 aeterno
1000 3355 1133 3413 rege
1155 3340 1443 3392 maneret:
1465 3340 1600 3391 tunc
1621 3333 2016 3390 nescientibus

370 3435 710 3512 parentibus
742 3431 866 3487 suis
893 3427 1246 3485 Turonicam
1289 3425 1580 3481 civitatem
1605 3423 1765 3478 addit
1786 3422 2016 3477 duobus

370 3510 569 3582 secum
603 3521 799 3596 pueris
837 3515 1276 3582 comitantibus,
1310 3513 1507 3585 ibique
1557 3514 1629 3568 ad
1681 3510 2016 3584 sepulcrum

369 3615 555 3673 sancti
588 3609 820 3668 Martini
853 3609 1064 3663 ductus
1094 3621 1291 3661 amore
1323 3603 1421 3658 Dei
1445 3619 1671 3658 comam
1695 3601 1901 3674 capitis
1923 3601 2019 3656 de-

370 3701 797 3777 posuitzexinde
811 3701 1080 3752 sanctum
1095 3692 1402 3766 Syagrium
1425 3691 2016 3763 Augustodunensem

369 3794 704 3865 episcopum
739 3787 923 3860 petiit,
949 3784 1046 3856 qui
1083 3789 1221 3836 tunc
1266 3781 1320 3834 in
1353 3780 1451 3834 Dei
1484 3781 1658 3834 rebus
1689 3779 2018 3851 praecipuus

368 3880 894 3947 habebatur,quem
929 3873 1050 3943 ipse
1081 3870 1261 3924 nimio
1286 3885 1419 3924 cum
1463 3884 1659 3922 amore
1690 3867 2018 3939 suscipiens

371 3973 534 4024 tanta
562 3979 695 4020 eum
745 3960 1072 4018 eruditione
1111 3962 1168 4012 et
1198 3955 1506 4027 disciplina
1537 3956 1812 4010 instruxit
1841 3961 1906 4011 ut
1935 3955 2018 4009 vi-

371 4073 501 4111 rum
535 4053 775 4110 decebat
807 4046 1211 4121 apostolicum.
1249 4043 1450 4098 Divina
1497 4043 1674 4116 igitur
1719 4045 1905 4116 gratia
1937 4045 2018 4099 fa-

369 4148 559 4209 vente,
584 4139 980 4198 crescentibus
1011 4134 1256 4200 meritis,
1290 4132 1506 4205 Spiritu
1535 4137 1735 4188 sancto
1767 4132 2020 4205 repletus

369 4231 634 4290 Ecclesia:
666 4223 1162 4285 Antissiodorensi
1196 4222 1570 4278 constituitur
1593 4221 1848 4294 pontifex
1872 4239 1884 4290 ;
1911 4222 2018 4277 ibi-

371 4339 484 4395 que
515 4323 642 4395 ipsa
671 4319 764 4376 die
812 4313 1146 4373 festivitatis
1178 4311 1500 4368 beatissimi
1532 4310 1801 4366 Germani
1834 4310 2021 4383 pridie

372 4411 895 4484 Kal.Augustarum
925 4406 982 4460 in
1016 4404 1217 4459 eadem
1239 4399 1482 4457 basilica
1501 4400 1874 4472 episcopatus
1895 4417 2021 4456 sus-

368 4501 592 4574 cipiens
619 4497 901 4562 ofﬁcium,
955 4493 1162 4549 merito
1213 4507 1346 4546 cum
1393 4489 1706 4545 sanctitate
1756 4487 2016 4545 ﬂorebat.

2144 580 2396 652 populus
2427 597 2565 654 erga
2593 579 2815 636 cultum
2840 579 2935 635 Dei
2969 579 3350 645 ardebat,Deo
3374 594 3475 649 per
3501 575 3673 649 ipsum
3692 578 3748 632 fa-

2145 670 2329 726 ciente
2362 669 2848 742 miracula,quem
2880 668 3057 724 tantis
3090 684 3155 723 ac
3185 666 3406 722 talibus
3437 665 3690 720 ditaverat
3711 671 3751 720 et

2146 759 2537 815 illustraverat
2566 757 3133 824 virtulibus.Quibus
3166 755 3346 829 igitur
3364 753 3648 810 miraculis
3667 752 3750 809 cla-

2144 847 2643 920 ruerit,cujusque
2673 847 2868 920 gloriae
2902 846 2960 902 in
2983 845 3210 902 Christo
3233 843 3437 909 fuerit,
3466 841 3675 898 libellus
3700 843 3749 896 de

2143 939 2262 993 vita
2293 937 2480 1011 ipsius
2511 938 2706 992 editus
2756 939 2903 992 scire
2948 934 3324 1008 cupientibus
3356 931 3584 1004 plenius
3612 933 3750 986 mani-

2146 1027 2621 1099 festat.chimus
2652 1041 2907 1098 namque
2929 1025 2986 1078 in
3009 1023 3263 1094 antiquis
3291 1021 3608 1078 canonibas
3627 1020 3746 1074 hunc

2146 1116 2551 1172 beatissimum
2569 1114 2874 1188 praesulem
2907 1111 3245 1169 interfuisse
3268 1109 3600 1167 Matiscensi
3621 1127 3745 1182 εδἫοο

2142 1206 2236 1275 do,
2266 1222 2390 1278 quae
2416 1205 2616 1260 habita
2645 1209 2733 1260 est
2773 1220 2925 1259 anno
2940 1204 3009 1257 24
3029 1201 3189 1274 regni
3217 1201 3442 1256 domini
3469 1199 3742 1264 Guntranni

2141 1293 2550 1366 gloriosissimi
2582 1293 2758 1364 regis,
2789 1289 3182 1347 residentibus
3211 1289 3270 1344 in
3313 1289 3516 1344 eodem
3547 1286 3744 1342 concilio

2140 1383 2569 1438 venerabilibus
2616 1379 3091 1452 archiepiscopis,
3142 1378 3339 1434 Prisco
3393 1376 3740 1449 Lugdunensi,

2140 1472 2380 1528 Evantio
2412 1469 2748 1540 Viennensi,
2773 1469 3115 1524 Praetextato
3146 1463 3740 1538 Rotomagensi,Berte-

2140 1561 2400 1616 chranuo
2416 1552 3739 1633 Burdegalensi,ArtemioSenoniccnsi,Sulpitio

2141 1649 2508 1716 Bituricensi,
2558 1648 2798 1721 Syagrio
2867 1645 3411 1720 Augustodunensi,
3471 1660 3594 1698 cum
3645 1639 3740 1696 aliis

2139 1740 2618 1812 quampluribus:
2654 1738 2712 1792 in
2745 1755 2863 1810 qua
2893 1738 3133 1810 synodo,
3169 1735 3359 1790 multa
3392 1751 3516 1806 qua:
3554 1731 3740 1787 utilitati

2139 1834 2351 1885 sancta:
2384 1829 2590 1884 matris
2641 1826 2906 1882 Ecclesia:
2951 1825 3331 1892 conveniunt,
3368 1827 3562 1896 utpote
3591 1826 3742 1876 tantes

2137 1936 2202 1974 ac
2216 1919 2362 1973 tales
2386 1917 2626 1972 decebat
2638 1917 2790 1972 viros
2803 1918 3220 1988 pertractantes
3235 1913 3529 1985 praecipua
3547 1925 3739 1983 qumque

2135 2008 2339 2081 viginti
2368 2005 2639 2079 capitulis
2656 2005 3144 2078 perstrinxerunt.
3163 2001 3452 2058 Similiter
3469 1999 3741 2055 invenimus

2137 2097 2471 2153 interfuisse
2504 2095 2776 2151 eumdem
2829 2099 3096 2150 sanctum
3131 2092 3321 2148 virum
3356 2089 3518 2147 alteri
3547 2088 3735 2162 synodo,

2140 2205 2266 2260 quae
2281 2186 2431 2258 apud
2450 2185 2715 2240 eamdem
2741 2184 2944 2239 urbem
2969 2182 3257 2238 celebrata
3270 2186 3446 2238 estex
3465 2177 3737 2236 evocatione

2137 2277 2400 2348 ejusdem
2424 2273 2727 2347 principis,
2762 2273 2833 2327 ab
2865 2271 3072 2327 iisdem
3107 2269 3536 2326 venerabilibus
3570 2265 3736 2340 episco-

2137 2366 2246 2438 pis,
2281 2363 2381 2420 ubi
2431 2363 2606 2418 etiam
2658 2363 2904 2417 honesta
2951 2377 3196 2432 quisque
3250 2365 3431 2431 atque
3478 2355 3736 2412 utilissima

2137 2459 2351 2510 sancta:
2379 2453 2478 2508 Dei
2514 2451 2778 2508 Ecclesia;
2810 2453 3254 2522 pertractantes,
3282 2447 3541 2502 maxima
3567 2461 3675 2500 vero
3694 2444 3730 2495 in

2136 2542 2455 2600 octodecim
2491 2539 2762 2612 capitulis
2792 2538 3390 2594 diviserunt.Exstant
3421 2551 3630 2608 quoque
3646 2532 3733 2602 epi-

2136 2632 2294 2688 stolae
2328 2631 2542 2702 Pelagii
2569 2646 2730 2702 papas
2763 2629 2833 2683 ad
2866 2627 3139 2682 eumdem
3163 2625 3567 2681 beatissimum
3591 2620 3731 2694 ponti-

2136 2722 2324 2788 ﬁcem,
2351 2736 2596 2791 quarum
2632 2734 2810 2773 unam
2843 2716 3026 2771 nimia
3055 2719 3346 2771 vetustate
3378 2715 3658 2777 fuscatam,
3683 2708 3732 2761 ab

2135 2807 2486 2865 authenticis
2516 2807 2800 2861 librorum
2823 2820 3196 2877 nequaquam
3222 2802 3477 2876 pleniter
3493 2797 3732 2856 extrahere

2132 2897 2448 2963 valuimus,
2482 2895 2725 2952 alteram
2757 2911 2890 2951 vero
2919 2893 3054 2949 huic
3095 2892 3252 2965 operi
3305 2889 3650 2947 inserendam
3674 2884 3733 2938 di-

2133 3003 2315 3061 gnum
2348 2985 2644 3042 duximus.

2131 3094 2436 3166 Exemplar
2483 3093 2809 3166 litterarum,
2841 3090 3055 3166 Pelagii
3100 3105 3260 3161 papa:
3309 3089 3467 3166 urbis
3501 3079 3729 3142 Romani

2354 3166 2660 3219 Ammrium
2685 3162 3201 3218 Antissiodorensem
3227 3163 3550 3232 episcopum.

2202 3278 2228 3305 ‹‹
2262 3253 2654 3310 Dilectissimo
2686 3251 2845 3307 fratri
2875 3251 3130 3306 Aunario
3161 3249 3455 3323 Pelagius.
3484 3248 3720 3312 Quantum

2126 3345 2241 3400 Deo
2274 3343 2518 3416 placitos
2543 3342 2696 3399 sedis
2720 3339 3048 3413 apostolica:
3069 3339 3440 3395 veneratione
3461 3353 3553 3392 vos
3581 3329 3722 3388 reddi-

2127 3434 2225 3499 tis,
2257 3437 2420 3488 tanto
2443 3430 2865 3487 commodatior
2885 3429 3172 3500 iiIi,cujus
3197 3429 3367 3484 sedes
3389 3425 3558 3495 est,ﬁt
3574 3425 3720 3478 vestra

2127 3521 2340 3576 ﬁducia
2372 3519 2694 3586 charitatis,
2744 3535 2849 3574 nec
2891 3517 3060 3572 aliter
3111 3534 3287 3572 unam
3344 3516 3622 3585 solamque
3647 3505 3719 3564 Dei

2125 3613 2473 3667 conﬁtemur
2499 3607 2836 3676 Ecclesiam,
2864 3607 2975 3662 nisi
3003 3623 3206 3662 omnes
3240 3607 3312 3662 ad
3348 3611 3560 3678 petram
3587 3611 3719 3669 super

2128 3719 2303 3773 quam
2330 3700 2571 3754 fundata
2591 3702 2681 3753 est
2707 3697 2850 3752 ﬁdes
2867 3695 3151 3751 catholica
3167 3699 3571 3750 construamur
3590 3707 3600 3743 :
3622 3699 3718 3758 pro-

2127 3790 2418 3862 pter-quod
2434 3787 2761 3843 dilectionis
2776 3790 2885 3840 tua;
2902 3783 3207 3840 desideriis
3220 3779 3716 3840 successitclfectus,

2127 3886 2184 3936 et
2216 3879 2450 3947 celer,et
2481 3877 2688 3944 facilis,
2723 3874 2862 3948 quia
2899 3891 3098 3930 eorum
3135 3873 3471 3929 sanctuaria
3499 3878 3717 3941 quaerun-

2128 3973 2284 4036 tur,a
2313 3965 2528 4039 quibus
2559 3964 2924 4037 principibus
2947 3961 3201 4034 sumpsit
3222 3959 3548 4033 praedicatio
3562 3952 3718 4009 verita—

2127 4058 2203 4113 tis
2235 4055 2556 4112 exordium.
2592 4053 2752 4120 Quod
2776 4070 2909 4108 vero
2931 4053 2990 4106 in
3010 4050 3217 4106 vestris
3241 4049 3564 4122 regionibus
3583 4043 3719 4098 abun-

2129 4147 2266 4202 dare
2293 4144 2565 4200 indicatis
2597 4141 2878 4198 Ecclesias
2912 4157 3114 4207 novas,
3145 4138 3505 4212 gratulanter
3532 4125 3719 4199 suscipi-

2129 4239 2484 4301 mus,tamcn
2517 4233 2566 4286 si
2600 4231 3122 4302 scienterexpetere
3143 4227 3406 4284 studium
3430 4217 3719 4299 prophetica!

2128 4324 2284 4380 vocis
2341 4321 2732 4394 amplecteris,
2781 4319 3020 4392 quaerite
3079 4317 3282 4373 faciem
3337 4318 3465 4388 ejus
3519 4317 3717 4379 semper-

2128 4414 2419 4477 Quantum
2446 4393 2705 4482 namque
2727 4409 3005 4464 humanis
3023 4405 3409 4463 intellectibus
3425 4393 3720 4460 Incarnatio-

2131 4502 2222 4557 nis
2235 4498 2466 4556 Domini
2499 4497 2683 4553 nostri
2707 4498 2920 4553 veritas
2951 4497 3227 4569 aperitur,
3251 4499 3416 4550 tanto
3444 4486 3666 4562 amplius
3680 4482 3720 4533 et

371 4591 471 4646 Hic
500 4589 709 4644 habuit
738 4587 977 4641 fratrem
1009 4594 1357 4654 germanum
1387 4580 1741 4633 Austrenum
1785 4577 2019 4633 nomine

2200 4593 2515 4646 moraturet
2528 4587 2754 4643 colitur.
2771 4587 2932 4642 Sicut
2954 4590 3150 4642 autem
3172 4601 3272 4640 vos
3295 4582 3506 4657 cupitis
3527 4578 3624 4634 Deo
3641 4585 3718 4626 ηο-

368 4676 809 4732 Aurelianorum
827 4671 1462 4744 pontiﬁcem,nepotem
1491 4682 1723 4738 quoque
1735 4683 1802 4721 ex
1823 4681 2019 4721 sorore

368 4765 509 4838 Agia
541 4765 769 4835 Lupum
801 4762 992 4816 virum
1025 4756 1470 4813 sanctissimum
1498 4761 1795 4810 Senonum
1831 4754 2020 4810 archi-

368 4853 707 4924 episcOpum
737 4847 1036 4904 miraculis
1067 4848 1496 4902 coruscantem.
1530 4841 1633 4898 Hic
1667 4843 1864 4914 itaque
1891 4861 2021 4898 san-

370 4947 496 4997 ctus
528 4941 616 4996 vir
643 4939 936 4995 Anna-rius
959 4938 1086 5008 jam
1122 4935 1311 4990 factus
1361 4933 1672 5004 episcopus
1710 4932 1884 5003 coepit
1912 4933 2020 4988 vir-

272 5097 274 5099 _
370 5031 597 5086 tutibus
630 5029 916 5094 ﬁorere,et
930 5021 1642 5080 miraculiscoruscare.Et
1669 5019 1807 5092 quid
1830 5021 2019 5076 dicam

370 5120 440 5175 de
472 5118 632 5174 illius
663 5113 1149 5186 doctrina,qualis
1181 5129 1346 5167 amor
1373 5110 1432 5166 in
1465 5110 1854 5181 civibus,qua2
1887 5110 2020 5165 dili-

369 5209 566 5282 gentia
595 5208 653 5263 in
674 5204 984 5276 clericis,in
1008 5202 1362 5275 pauperibus
1378 5216 1554 5273 quam
1570 5198 1759 5254 ﬁdelis
1779 5199 2020 5272 dispen-

369 5303 547 5366 sator,
583 5312 761 5369 quam
795 5310 1010 5367 magna
1053 5308 1194 5347 cura
1223 5290 1398 5346 fuerit
1424 5287 1508 5343 illi
1540 5289 1597 5342 in
1628 5289 1867 5355 sanctis,
1901 5307 2019 5345 non

370 5391 561 5461 potest
581 5384 847 5442 mortalis
865 5382 1068 5454 lingua
1081 5394 1417 5452 percurrere
1443 5395 1455 5447 ;
1473 5382 1594 5434 erat
1617 5377 1772 5434 enim
1790 5377 1849 5432 in
1875 5378 2019 5435 facie

369 5477 527 5534 illius
559 5473 823 5549 angelica
847 5470 1078 5539 visio,in
1114 5484 1381 5524 sermone
1401 5467 1629 5522 erudita
1649 5466 2019 5539 expositi-o,in

368 5565 804 5641 dispensatione
824 5559 1160 5635 largissime
1183 5555 1568 5612 humanitatis
1593 5555 2022 5629 gratia,reﬁcie-

369 5655 468 5716 bat
486 5651 732 5733 eloquiis
747 5649 1041 5712 melliﬂuis
1056 5663 1282 5721 omnes,
1315 5643 1434 5704 sale
1445 5660 1577 5705 vero
1589 5645 2019 5723 prmdicationis

2130 4679 2267 4734 stris
2293 4675 2655 4733 orationibus
2684 4673 3215 4742 commendari,vos
3237 4672 3415 4728 etiam
3440 4664 3628 4726 nostris
3654 4672 3721 4713 ne-

2129 4767 2500 4824 cessitatibus
2532 4770 2587 4821 et
2618 4763 3152 4837 angustiis,quibus
3185 4758 3593 4818 incessabiliter
3618 4761 3718 4805 one-

2131 4872 2350 4923 ramur,
2410 4852 2846 4909 intercessionis
2903 4850 3246 4907 continuum
3299 4851 3442 4906 ferte
3497 4838 3718 4901 solatium

2131 4949 2383 5015 orantes,
2415 4947 2472 4999 et
2503 4941 2955 5014 quibuscunque
2971 4939 3175 4995 valetis
3195 4939 3417 4994 viribus
3432 4935 3488 4991 id
3509 4932 3717 5006 agentes,

2131 5037 2421 5106 quatenus
2445 5031 2598 5086 sicut
2626 5029 3021 5103 przedicationi
3047 5029 3201 5085 sedis
3225 5025 3545 5101 apostolica:
3565 5026 3721 5073 conso-

2131 5101 2309 5190 natis,
2342 5123 2422 5176 ita
2451 5123 2579 5194 ejus
2611 5101 2738 5193 paci
2766 5123 2958 5175 vestra
2985 5117 3314 5192 impetratio
3337 5101 3719 5194 congaurhéatet

2127 5212 2328 5284 quieti.
2361 5191 2516 5267 Deus
2546 5191 2967 5266 teincolumen
2999 5191 3311 5275 custodiat,
3346 5207 3515 5262 frater
3540 5191 3718 5255 charis-

2128 5301 2294 5357 sime.
2328 5301 2541 5356 Datum
2586 5298 2772 5371 pridie
2818 5297 3054 5353 Kalend.
3099 5294 3524 5356 Novembrium,
3553 5287 3715 5371 impet-

2127 5391 2283 5446 dom.
2303 5365 2854 5455 Mauritio-Tibcrio,
2887 5387 3030 5460 imp.
3064 5388 3327 5460 Augusto
3357 5397 3504 5441 anno
3530 5379 3578 5446 3,
3603 5365 3718 5427 indi-

2127 5479 2317 5536 ctione
2347 5479 2572 5550 quinta.
2608 5500 2636 5527 »
3328 5541 3344 5550 χ

2199 5567 2478 5624 Cazterum
2511 5566 2665 5622 idem
2697 5564 3076 5622 beatissimus
3094 5564 3352 5639 pontifex
3370 5560 3611 5644 plurima
3623 5561 3719 5644 cott‘

2125 5657 2326 5722 stituit
2355 5656 2415 5715 in
2445 5654 2705 5716 Ecclesia
2733 5653 3251 5730 Antissiodcrensi,
3268 5653 3419 5715 sicut
3433 5650 3493 5711 in
3509 5641 3717 5716 autiqu
