3814 6218
55 397 150 459 241

929 397 1041 463 DEv
1076 395 1346 458 GES’PIS
1390 393 1632 458 EPISC»
1677 391 2118 456 AN’IISSIOD.
2148 421 2228 439 —-
2256 393 2464 455 PARS
2501 391 2551 456 Ι.

3322 393 3463 453 9ιῖ

55 527 306 603 gregibus
318 527 1368 603 porcorumbasilicmdominiIuliani
1387 528 1681 602 martyris,
1713 527 1775 594 Μ·
1798 525 2027 598 gritate.
2063 527 2342 582 Praeterea
2370 525 2531 582 dedit
2561 528 2618 580 et
2638 523 2896 581 basilicis
2921 525 3106 581 sancti
3137 527 3441 586 Saturnini

54 619 135 674 ubi
163 617 518 692 Niginaldus
546 619 695 674 Alba
725 625 996 691 prmerat;
1025 619 1226 676 villam
1247 620 1310 675 in
1331 635 1480 692 pago
1507 619 1686 676 Wati-

55 725 230 772 nenae,
248 725 390 780 quas
410 707 750 780 appellatur
764 708 1094 765 Mansiones
1111 709 1455 777 Teudbaldi,
1479 709 1569 764 sui
1587 708 1686 762 vil-

52 797 168 853 la‘ris
189 794 414 864 Auroli,
450 811 589 851 cum
620 797 901 862 aedificiis,
936 797 1266 870 mancipiis,
1300 797 1504 869 pratis,
1549 814 1683 852 cum

51 886 338 958 pecoribus
366 889 424 941 et
453 887 733 958 gregibus
764 903 1071 958 porcorum
1104 893 1161 943 et
1208 887 1430 943 caeteris
1461 904 1684 959 appen-

51 975 194 1030 diciis
222 975 377 1032 suis.
412 974 766 1036 Monasterio
798 975 1153 1041 Puellarum,
1187 976 1341 1046 quod
1373 975 1431 1030 in
1464 975 1684 1030 honore

50 1062 242 1120 domini
267 1063 509 1118 Martini
545 1061 699 1118 ultra
729 1064 973 1119 fluvium
1008 1065 1280 1120 chaunm
1301 1068 1389 1119 est
1414 1069 1683 1120 constru-

51 1156 208 1218 ctum,
239 1150 524 1224 agellum,
559 1151 657 1222 qui
690 1152 1020 1224 appellatur
1050 1153 1370 1219 Necariola,
1405 1169 1580 1225 quem
1613 1154 1684 1207 de

53 1241 229 1312 Eperia
242 1239 684 1296 sanctimoniali
699 1240 916 1296 femina
937 1243 1072 1297 dato
1090 1242 1274 1314 pretio
1304 1242 1681 1314 comparavit,

53 1346 167 1384 cum
194 1329 485 1395 aedificiis,
521 1328 1058 1401 mancipiis,terris,
1084 1330 1286 1402 pratis,
1315 1331 1478 1386 silvis
1497 1334 1553 1385 et
1583 1348 1686 1384 cae-

53 1417 171 1472 teris
181 1416 552 1490 appendiciis
566 1417 720 1473 suis.
740 1417 820 1472 De
841 1417 1084 1473 basilica
1101 1435 1334 1490 quoque
1346 1422 1682 1475 sanctorum

55 1510 358 1578 martyrum
386 1505 646 1561 Gervasii
675 1508 733 1562 et
775 1504 1043 1572 Protasii,
1076 1507 1158 1561 ita
1219 1506 1276 1560 iu
1335 1511 1684 1562 testamento

52 1609 140 1649 suo
165 1593 397 1666 posuit:
433 1592 697 1654 Basilica
727 1592 1102 1649 dominorum
1147 1598 1484 1650 sanctorum
1529 1611 1684 1650 mar-

51 1686 217 1753 tyrum
265 1682 525 1750 Nazarii,
577 1681 856 1750 Gervasii,
901 1682 1146 1738 Protasii
1202 1687 1258 1737 et
1305 1682 1454 1738 Celsi
1495 1683 1681 1755 pueri,

49 1788 203 1842 quam
233 1771 466 1827 Marius
495 1771 778 1826 diaconus
830 1775 1029 1827 noster
1077 1788 1180 1843 pro
1227 1776 1425 1827 nostro
1477 1771 1684 1827 solatio

1794 615 2089 687 martyris,
2123 634 2249 688 quae
2283 619 2370 672 est
2403 616 2514 671 sita
2547 615 2604 669 in
2630 615 2968 670 suburbano
2991 614 3285 671 Tolosanaa
3317 617 3449 673 civi-

1793 705 1932 760 tatis
1989 705 2210 771 villam,
2267 723 2394 776 quze
2451 708 2694 760 vocatur
2749 703 3116 770 Silviniacus,
3180 705 3353 760 sitam
3387 706 3447 761 in

1794 795 1998 850 eodem
2025 811 2173 866 pago
2205 811 2342 850 cum
2375 794 2536 850 omni
2589 793 2919 864 integritate
2975 797 3033 848 et
3091 794 3450 866 appendiciis

1795 883 1940 940 suis.
1973 884 2253 939 Similiter
2283 888 2340 939 et
2362 900 2568 955 agrum
2593 882 2940 955 Melgiacum
2965 883 3145 939 situm
3169 883 3225 939 in
3250 884 3452 940 eodem

1791 972 2102 1040 territorio,
2137 989 2271 1027 cum
2305 972 2585 1039 aediliciis,
2621 972 2954 1043 mancipiis,
2990 973 3162 1028 terris
3191 978 3247 1028 et
3275 977 3449 1029 caete—

1791 1061 1873 1116 ris
1907 1061 2266 1132 appendiciis
2299 1061 2444 1116 suis.
2475 1060 2642 1114 Dedit
2672 1061 2808 1114 item
2836 1061 3049 1116 seniori
3071 1060 3325 1116 ecclesia:
3350 1063 3448 1118 Ca-

1793 1151 2047 1205 durcinze
2077 1149 2275 1204 villam
2309 1166 2484 1221 quam
2509 1151 2668 1204 Betto
2695 1150 2902 1214 tenuit,
2928 1155 2984 1205 et
3007 1150 3131 1222 ipse
3153 1168 3219 1206 ex
3243 1168 3446 1223 regum

1792 1239 2196 1294 muniﬁcentia
2225 1240 2466 1309 accepit,
2501 1238 2672 1293 sitam
2705 1238 2762 1292 in
2813 1238 3104 1294 territorio
3159 1241 3445 1313 Burdiga-

1793 1328 1940 1384 lensi
1971 1345 2104 1383 cum
2137 1327 2416 1392 aediliciis,
2451 1327 2758 1398 mancipiis
2783 1332 2838 1382 et
2854 1329 3145 1383 universis
3166 1331 3446 1400 appendi-

1794 1417 1900 1473 ciis
1931 1417 2075 1472 suis.
2112 1416 2293 1471 Multa
2324 1415 2559 1487 quidem
2584 1419 2640 1471 et
2661 1415 2776 1470 alia
2798 1417 3076 1488 possedit,
3102 1417 3254 1472 sicut
3272 1422 3448 1474 testa-

1794 1505 1975 1562 menti
1995 1505 2181 1577 ipsius
2205 1505 2420 1577 pagina
2439 1504 2796 1574 manifestat,
2819 1510 3084 1576 quaetam
3111 1508 3442 1579 nepotibus,

1793 1612 1971 1668 quam
2001 1595 2225 1650 caeteris
2264 1594 2391 1649 suis
2423 1594 2772 1666 propinquis
2803 1593 3050 1666 largitus
3102 1599 3212 1660 est,
3258 1598 3358 1651 sed
3395 1602 3452 1652 et

1794 1683 2089 1755 mancipia
2121 1700 2234 1738 non
2268 1682 2466 1738 minus
2497 1684 2612 1737 duo
2646 1683 2828 1737 millia
2851 1683 3118 1755 permisit
3139 1701 3265 1740 esse
3287 1685 3448 1756 inge-

1794 1790 1935 1840 nua,
1969 1773 2187 1844 quibus
2227 1775 2283 1826 et
2312 1787 2380 1826 ea
2409 1787 2536 1842 quae
2568 1773 2638 1826 ad
2672 1789 2929 1844 praesens
2962 1774 3261 1844 possidere
3290 1774 3449 1830 vide-

49 1859 310 1915 adiﬁcare
339 1859 598 1925 videtur,
630 1859 730 1914 ubi
760 1859 937 1915 etiam
959 1863 1016 1915 et
1046 1859 1325 1932 reliquias
1342 1861 1682 1916 eorumdem
1714 1896 1762 1960 Β
1795 1861 2029 1931 bantur,
2049 1862 2120 1916 ad
2143 1860 2443 1932 proprium
2468 1860 2679 1915 habere
2700 1861 2987 1931 permisit.
3015 1861 3120 1927 Qui
3145 1876 3274 1916 vere
3294 1863 3446 1927 felix,

49 1955 357 2020 martyrum
389 1948 795 2016 condidimus,
819 1947 1096 2020 agellum,
1131 1951 1302 2020 cujus
1329 1949 1680 2005 vocabulum

1791 1950 2036 2006 feliciter
2061 1948 2188 2003 vitae
2218 1952 2448 2019 peracto
2473 1953 2753 2019 tempore,
2779 1949 2987 2019 plenus
3012 1949 3326 2006 virtutibus
3344 1952 3450 2006 mi-

48 2040 122 2090 est
143 2035 660 2107 Brlenni00,juxta
688 2051 898 2108 agrum
926 2036 1472 2106 Nanturiacensem,
1507 2055 1681 2110 quem
1790 2038 1977 2112 gravit
2006 2039 2077 2093 ad
2109 2037 2410 2092 Christum
2443 2038 2553 2092 sub
2587 2036 2680 2092 die
2710 2053 2762 2092 v1
2797 2038 3044 2093 Kalend.
3069 2039 3367 2106 Novemb.,
3393 2045 3450 2095 et

46 2141 137 2179 nos
163 2141 296 2179 cum
341 2125 507 2179 bona:
541 2123 958 2180 recordationis
989 2125 1226 2180 domino
1257 2126 1464 2182 Evodio
1496 2143 1682 2198 quon-

1790 2127 2055 2200 sepultus
2085 2130 2174 2182 est
2194 2127 2366 2197 juxta
2409 2126 2466 2180 S.
2521 2126 2850 2182 Aunarium
2903 2126 2961 2182 in
3007 2127 3252 2183 basilica
3294 2129 3444 2184 beati

48 2212 164 2268 dam
186 2213 466 2284 episcopo
488 2212 1012 2281 commutavimus;
1037 2213 1682 2285 simulqueAccolatum
1787 2216 2085 2273 Germani.

49 2319 206 2374 supra
236 2301 488 2357 ﬂuvium
527 2301 730 2357 Cborae
780 2300 1060 2373 positum,
1091 2302 1245 2358 sicut
1275 2320 1308 2358 a
1337 2303 1508 2360 nobis
1537 2321 1681 2376 prm-

49 2389 178 2445 senti
202 2395 474 2462 tempore
488 2388 886 2461 possidentur,
911 2390 983 2446 ad
997 2391 1123 2460 jam
1143 2391 1357 2447 dictam
1381 2391 1681 2448 basilicam

45 2495 136 2549 pro
155 2480 367 2535 animae
390 2482 602 2534 nostra:
625 2478 884 2534 remedio
905 2478 1268 2534 decrevimus
1289 2496 1415 2537 esse
1436 2482 1684 2537 donatos

45 2568 105 2622 ad
133 2568 320 2640 ipsam
351 2566 680 2631 basilicam,
711 2565 800 2622 vel
832 2567 1048 2622 ibidem
1072 2567 1532 2624 deservientibus
1563 2586 1687 2641 per-

41 2656 339 2727 petualiter
373 2655 780 2727 possidendas.
813 2656 962 2712 Nam
993 2656 1086 2710 his
1117 2657 1535 2728 suprascriptis
1568 2675 1686 2713 mo-

43 2745 296 2801 nasteriis
357 2743 678 2815 unicuique
734 2744 988 2800 basilica;
1046 2749 1263 2800 sanctae
1291 2745 1580 2801 Columbaa
1629 2751 1687 2802 et

41 2835 209 2890 sancti
233 2833 476 2901 Leonis,
490 2849 618 2904 quae
633 2837 772 2888 sunt
792 2838 1138 2889 constructa:
1143 2835 1316 2904 juxta
1335 2835 1685 2891 Senonicam

40 2924 248 2990 urbem,
273 2921 562 2995 agellum,
589 2921 690 2993 qui
702 2926 941 2978 vocatur
953 2921 1170 2989 Viscla,
1194 2923 1376 2978 situm
1399 2924 1459 2979 in
1481 2925 1684 2980 eodem

40 3025 190 3084 pago,
220 3028 374 3067 cum
401 3010 684 3077 aediﬁciis,
719 3011 914 3074 terris,
946 3010 1108 3067 silvis
1157 3016 1214 3067 et
1259 3012 1551 3069 universis
1584 3031 1683 3086 ap-

38 3101 309 3172 pendiciis
344 3100 496 3167 suis,
525 3117 592 3155 ea
621 3100 844 3155 ratione
877 3103 939 3154 ut
971 3103 1223 3157 rectores
1250 3101 1471 3156 barum.
1493 3102 1689 3158 basili-

39 3205 223 3245 carum
254 3189 534 3248 eamdem
564 3187 764 3244 villam
811 3205 977 3260 aequa
1005 3192 1163 3246 sorte
1192 3189 1346 3244 inter
1375 3207 1437 3246 se
1467 3190 1684 3246 divide-

2205 2304 2342 2358 CAP.
2382 2301 2522 2358 ΧΧῙ.
2557 2333 2622 2344 -—
2653 2306 2726 2359 De
2753 2304 3025 2359 Palladio.

1861 2392 2159 2448 Palladius
2187 2392 2339 2448 sedit
2381 2408 2565 2447 annos
2609 2394 2699 2461 26,
2753 2409 2985 2448 menses
3031 2395 3102 2462 3;
3147 2394 3255 2450 fuit
3285 2397 3442 2452 enim

1790 2481 2156 2554 temporibus
2200 2480 2509 2552 Dagoberti
2558 2481 2733 2552 regis,
2784 2481 3236 2553 prmsulantibus
3288 2487 3441 2556 apud

1792 2572 1996 2626 urbem
2031 2571 2276 2625 Romam
2309 2569 2979 2634 Deusdedit,Bonifacio,
3032 2571 3306 2638 Honorio,
3341 2574 3440 2629 Se-

1789 2660 2008 2725 verino,
2039 2659 2262 2714 Joanne
2294 2661 2466 2728 atque
2512 2658 2835 2712 Theodoro.
2873 2658 2970 2713 llic
3023 2660 3132 2714 fuit
3180 2661 3266 2714 vir
3297 2666 3445 2718 stre-

1793 2766 1970 2814 nuus,
1995 2752 2168 2819 atque
2192 2746 2554 2818 temporibus
2576 2747 2799 2801 domini
2823 2748 3105 2802 Desiderii
3131 2751 3446 2820 praedeces-

1793 2839 1943 2895 soris
1971 2836 2084 2906 sui,
2118 2836 2299 2891 abbas
2349 2835 2687 2890 monasterii
2738 2835 2924 2890 sancti
2974 2837 3268 2892 Germani.
3313 2841 3452 2896 Post

1795 2927 1964 2999 cujus
1996 2939 2319 2991 excessum,
2355 2940 2420 2979 eo
2451 2924 2603 2995 quod
2637 2928 2791 2979 esset
2838 2925 2928 2979 vir
2955 2925 3210 2996 sapiens,
3245 2925 3446 3000 largus

1792 3021 1968 3088 atque
1998 3013 2354 3081 misericors,
2385 3014 2456 3068 ab
2486 3013 2643 3067 omni
2697 3013 2909 3085 populo
2958 3014 3016 3068 in
3050 3015 3450 3087 episcopatum

1793 3105 2063 3178 eligitur;
2097 3107 2332 3174 accepto
2357 3118 2491 3156 vero
2524 3103 2847 3157 sacerdotio
2873 3106 3058 3159 totum
3086 3121 3148 3159 se
3182 3105 3452 3162 ecclesia-

1797 3193 1962 3248 sticis
1993 3192 2231 3247 tradidit
2260 3189 2608 3262 disciplinis,
2635 3205 2770 3244 nam
2796 3189 3096 3246 basilicam
3121 3193 3306 3249 sancti
3332 3196 3454 3251 Ste~

37 3282 171 3333 rent.
204 3276 477 3333 Basilicas
509 3293 740 3347 quoque
765 3277 984 3332 domini
1017 3277 1268 3333 Ursicini
1305 3278 1688 3336 Bicicrinsen-
1717 3260 1773 3328 Ci
1797 3281 1978 3354 phani
2009 3278 2278 3352 plurimis
2305 3283 2364 3332 et
2401 3260 2672 3334 maximis
2718 3279 2924 3334 ditavit
2979 3281 3275 3349 donariis;
3312 3283 3449 3338 fecit

38 3367 128 3433 sis,
159 3367 320 3422 beati
353 3366 633 3421 Germani
664 3366 964 3436 quondam
995 3365 1292 3438 discipuli,
1325 3367 1577 3440 agellum
1618 3370 1690 3424 de

35 3455 158 3510 villa
189 3454 454 3511 materni
487 3454 644 3521 boni,
679 3445 860 3510 situm
897 3455 956 3509 in
1007 3453 1297 3511 territorio
1326 3457 1690 3513 Antissiodo-

41 3543 202 3612 rensi,
237 3560 387 3600 cum
409 3542 672 3598 aediﬁciis
694 3548 750 3598 et
775 3543 1088 3615 mancipiis
1119 3560 1184 3599 ac
1231 3545 1404 3600 terris
1436 3547 1506 3602 ad
1539 3545 1690 3602 inte-

37 3649 216 3703 grum.
251 3633 409 3687 Item
453 3630 614 3686 dedit
653 3631 905 3687 basilica;
939 3632 1124 3687 sancti
1154 3633 1415 3689 Amantii
1447 3651 1574 3706 qum
1605 3640 1693 3691 est

39 3725 324 3776 exstructa
357 3719 423 3773 in
454 3735 603 3791 pago
634 3719 956 3775 Cadurcino
987 3721 1058 3775 ad
1093 3720 1455 3792 stipendium
1489 3740 1717 3779 mona-'

38 3809 282 3874 chorum
303 3807 534 3864 ibidem
568 3807 684 3864 Deo
716 3807 1192 3876 deservientium,
1227 3810 1325 3865 ubi
1359 3816 1416 3865 et
1442 3813 1695 3883 genitrix

41 3896 234 3967 ipsius,
270 3899 440 3954 sicut
478 3897 610 3967 jam
649 3914 829 3969 supra
881 3897 1284 3966 meminimus,
1334 3916 1574 3971 corpore
1604 3918 1694 3957 re-

40 3986 304 4057 quiescit,
341 3984 517 4040 villas
545 3985 642 4040 vel
664 3986 898 4057 pradia,
933 4003 1183 4058 quorum
1216 3987 1337 4043 haec
1367 3993 1507 4043 sunt
1535 4005 1697 4045 voca-

41 4073 166 4130 bula
195 4073 623 4131 Marciriaoum
642 4079 697 4129 et
727 4074 978 4131 alterum
998 4075 1407 4132 Marciriaoum
1427 4093 1562 4132 cum
1594 4095 1695 4150 ap-

39 4163 326 4233 pendiciis
355 4179 587 4230 eorum,
613 4163 1030 4231 Lintiniacum,
1055 4164 1443 4233 Conclusam,.
1462 4166 1699 4221 Ultrari-

39 4252 189 4318 dam,
279 4250 669 4319 Siniriacum,
750 4252 1150 4324 Augiriacum,
1237 4253 1694 4324 Teponniacum,

40 4339 360 4407 Vetrarias,
420 4339 819 4408 Quintiacum,
871 4344 932 4396 et
969 4340 1338 4408 Cremonem,
1389 4359 1516 4414 quae
1563 4349 1702 4400 sunt

39 4428 153 4483 sitae
187 4430 244 4484 in
279 4443 444 4500 pago
479 4428 824 4496 Cadurcino,
849 4445 985 4486 cum
1007 4427 1290 4494 aedificiis,
1313 4431 1622 4503 mancipiis
1643 4437 1701 4488 et

39 4518 314 4574 omnibus
333 4515 704 4588 appendiciis
717 4532 940 4573 eorum.
965 4519 1108 4572 ltem
1128 4517 1326 4572 villam
1348 4519 1700 4592 Chrispinia-

1799 3371 1954 3427 enim
1977 3370 2124 3424 duas
2156 3382 2359 3423 cruces
2389 3382 2456 3422 ex
2489 3383 2629 3420 auro
2661 3366 2997 3437 purissimo,
3026 3385 3174 3438 quas
3197 3373 3253 3424 et
3282 3371 3450 3425 obtu-

1798 3459 1900 3526 lit;
1934 3458 2035 3513 sed
2069 3461 2124 3511 et
2153 3455 2409 3527 plurima
2437 3471 2576 3508 vasa
2597 3458 2856 3521 anactea,
2883 3460 3177 3526 argentea,
3213 3473 3339 3528 quae
3373 3460 3444 3513 ad

1800 3551 2061 3602 nostram
2080 3559 2268 3615 usque
2283 3545 2510 3597 sitatam
2525 3542 2582 3595 in
2602 3542 2894 3596 thesauris
2907 3544 3172 3613 ejusdem
3191 3545 3446 3601 ecclesiae

1801 3639 2027 3692 servata
2057 3636 2526 3704 permanserunt,
2562 3631 2684 3685 haec
2707 3647 2814 3685 nos
2833 3631 3278 3703 ipsius‘nomine
3307 3635 3451 3690 vidi-

1801 3742 1936 3780 mus
1966 3721 2284 3794 insignita;
2314 3720 2448 3774 fecit
2477 3724 2535 3774 et
2567 3720 2989 3774 monasterium
3023 3721 3210 3776 sancti
3234 3723 3452 3778 Juliani

1804 3813 2099 3884 martyris,
2124 3810 2222 3865 ubi
2246 3809 2552 3864 aaditicavit
2576 3808 2878 3864 basilicam
2906 3808 3171 3876 alteram,
3197 3828 3376 3882 quam
3397 3813 3454 3868 in

1801 3903 2022 3957 honore
2053 3903 2266 3955 sancte
2301 3897 2392 3952 Dei
2426 3896 2724 3970 genitricis
2754 3897 2948 3952 Mariae
2973 3898 3277 3966 dedicavit,
3302 3902 3456 3970 quod

1806 3990 2228 4046 monasterium
2259 3987 2556 4058 virginum
2599 4003 2727 4041 esse
2777 3986 3102 4055 constituit,
3139 3988 3295 4058 quod
3327 3993 3460 4044 ante

1804 4079 2000 4151 ipsum
2033 4063 2187 4132 infra
2217 4091 2420 4130 muros
2451 4075 2700 4130 civitatis
2733 4091 2907 4146 parvo
2940 4075 3164 4130 ambitu
3196 4081 3462 4133 constru-

1805 4171 1986 4231 ctum,
2019 4166 2278 4220 virorum
2331 4162 2512 4218 fuisse
2564 4163 2960 4217 certissimum
2991 4168 3101 4218 est.
3134 4165 3281 4219 Nam
3313 4169 3371 4221 et
3399 4167 3454 4221 id

1806 4253 2227 4312 monasterium
2277 4251 2551 4306 maximis
2595 4250 2855 4305 aediﬁciis
2903 4251 3126 4317 extulit,
3172 4269 3238 4306 ac
3288 4269 3458 4308 muro

1808 4343 2067 4415 undique
2087 4340 2513 4404 circumcinxit,
2541 4342 2597 4392 et
2619 4338 2756 4408 quia
2772 4355 2977 4393 omnes
2997 4338 3248 4394 ecclesiae
3265 4341 3459 4395 Antis-

1808 4433 2176 4489 siodorenses
2209 4447 2326 4483 sum
2357 4425 2638 4482 deditioni
2687 4431 2852 4480 erant
2903 4427 3200 4497 subjectae,
3235 4431 3355 4484 tam
3387 4447 3454 4483 ex

1810 4520 1996 4577 sancti
2024 4516 2294 4588 Stephani
2330 4532 2508 4586 quam
2539 4531 2606 4569 ex
2645 4513 2830 4568 sancti
2873 4514 3144 4569 Germani
3175 4514 3330 4572 villis
3359 4533 3453 4572 co-

42 4622 170 4662 cum
199 4608 394 4662 sitam
427 4606 487 4660 in
519 4605 724 4660 eodem
755 4623 904 4678 pago
933 4623 1001 4661 ea
1036 4606 1260 4662 ratione
1287 4607 1606 4677 distribuit,
1639 4614 1704 4664 ut
1732 4626 1789 4690 Π
1809 4609 1970 4682 piose
2001 4605 2222 4661 ditavit.
2258 4604 2412 4659 Fecit
2431 4608 2489 4658 et
2514 4601 2814 4658 basilicam
2844 4619 3021 4674 prope
3042 4619 3242 4660 muros
3265 4604 3457 4660 civita-

44 4695 182 4752 duas
207 4699 423 4768 partes
452 4693 696 4749 basilica
722 4695 907 4750 sancti
959 4695 1215 4749 Amantii
1249 4696 1557 4767 acciperet,
1589 4701 1704 4754 ter-

42 4784 178 4839 tiam
203 4801 347 4840 vero
383 4780 632 4837 basilica
649 4799 775 4853 quas
805 4783 880 4838 ad
900 4786 1139 4838 sanctos
1159 4783 1447 4840 Brittones
1468 4786 1704 4854 dicitur,

47 4871 137 4926 ubi
165 4869 440 4944 episcopi
471 4871 1137 4942 corpore'requiescunt,
1167 4870 1506 4928 vindicaret.
1559 4876 1703 4929 ltem

47 4975 273 5030 agrum,
304 4957 414 5031 qui
437 4957 769 5030 appellatur
792 4959 1152 5027 Cassinatus,
1187 4959 1244 5014 in
1269 4961 1471 5016 eodem
1495 4962 1708 5017 Cadur-

48 5047 171 5104 cino
200 5046 510 5104 territorio
539 5047 978 5115 consistentem,
1017 5065 1152 5104 cum
1183 5049 1458 5105 omnibus
1488 5067 1706 5123 appen-

47 5137 211 5193 diciis
240 5137 402 5192 suis.
437 5139 581 5190 Item
613 5136 938 5208 portionem
969 5139 1039 5192 de
1063 5142 1187 5192 atro
1220 5137 1498 5194 Macrinio
1521 5144 1576 5194 et
1608 5141 1712 5195 Re-

49 5225 235 5292 clinis,
271 5224 466 5282 situm
499 5223 879 5281 in'ierritorio
908 5225 1188 5293 Albiensi,
1241 5243 1375 5281 cum
1425 5227 1708 5298 aedificiis,

47 5313 252 5379 vineis,
286 5312 611 5384 mancipiis
640 5317 700 5368 et
726 5314 956 5370 caeteris
978 5313 1339 5387 appendiciis
1388 5315 1533 5371 suis.
1568 5318 1708 5372 Item

47 5401 103 5456 in
130 5417 286 5474 pago
320 5400 648 5456 Rotonensi
695 5401 903 5459 vallem
960 5403 1369 5471 Catemariam,
1403 5403 1709 5472 Versellas,

47 5488 619 5562 Grossumniagum,
649 5490 880 5548 Siacum
901 5496 960 5548 et
979 5494 1248 5547 Atratum
1271 5509 1406 5546 cum
1431 5493 1710 5560 aedificiis,

48 5578 375 5650 mancipiis
407 5582 464 5634 et
493 5579 770 5634 omnibus
799 5579 1159 5654 appendiciis
1186 5597 1410 5635 eorum.
1445 5581 1585 5635 Item
1621 5581 1715 5635 Vi-

47 5667 337 5725 taliacum
373 5666 556 5724 situm
589 5667 832 5741 inpage
856 5669 1180 5728 Cadurcino
1212 5685 1348 5725 cum
1379 5669 1538 5725 omni
1569 5670 1714 5725 inte-

1814 4697 1890 4753 tis
1919 4698 1976 4751 in
2009 4696 2226 4750 honore
2259 4692 2445 4748 sancti
2476 4690 2711 4746 Eusebii
2741 4691 3123 4748 Vercellensis
3164 4694 3456 4765 pontiﬁcis

1814 4791 1872 4842 et
1901 4783 2193 4856 martyris,
2227 4782 2398 4852 cujus
2444 4779 2803 4835 testudinem
2835 4797 2869 4835 a
2899 4785 3063 4852 parte
3093 4782 3360 4838 orientali
3392 4801 3460 4839 ex

1815 4874 2043 4930 musivo
2074 4871 2250 4929 simul
2282 4875 2339 4925 et
2369 4886 2510 4924 auro
2538 4869 2791 4940 compsit
2821 4885 2886 4924 ac
2919 4870 3225 4942 dedicavit,
3256 4872 3462 4928 variis.

1817 4980 1930 5036 que
1942 4960 2288 5017 muneribus
2309 4956 2610 5029 ampliavit
2633 4975 2644 5024 ;
2667 4958 2822 5029 quod
2841 4959 3017 5013 etiam
3041 4961 3463 5018 monachorum

1815 5069 1943 5108 esse
1965 5048 2270 5106 constituit
2291 5064 2358 5102 ac
2380 5062 2547 5101 muro
2574 5046 2832 5118 undique
2859 5047 3282 5104 circumcinxit.
3311 5051 3468 5107 Fecit

1817 5139 2188 5197 etbasilicam
2203 5136 2385 5192 sancti
2407 5135 2680 5190 Germani
2699 5134 2756 5189 in
2782 5153 2930 5209 pago
2955 5138 3464 5209 Antissiodorensi,

1819 5229 2026 5286 inloco
2059 5227 2158 5298 qui
2190 5225 2404 5280 dicitur
2433 5223 2728 5290 Vercisus,
2767 5242 2944 5296 quam
2977 5230 3034 5282 et
3063 5228 3244 5283 nobili
3279 5233 3468 5284 testu-

1821 5319 1955 5373 dine
1985 5334 2054 5372 ex
2083 5313 2309 5369 musivo
2342 5317 2397 5366 et
2450 5329 2590 5366 auro
2631 5313 2940 5368 decoravit.
2993 5316 3096 5371 Hic
3125 5317 3300 5371 etiam
3332 5334 3468 5371 con-

1823 5407 2016 5464 stituit
2045 5408 2108 5460 ut
2139 5420 2240 5474 per
2271 5400 2534 5472 singulos
2567 5418 2751 5456 annos
2783 5403 3094 5459 festivitate
3123 5405 3307 5459 sancti
3339 5405 3472 5458 Ger-

1825 5495 2006 5562 mani,
2045 5510 2172 5563 quaa
2204 5489 2530 5545 celebratur
2568 5491 2661 5544 die
2716 5491 2949 5547 Kalend.
2984 5491 3341 5559 Octobrium,
3375 5506 3470 5544 ex-

1826 5585 1984 5656 pleta
2013 5581 2329 5636 missarum
2363 5578 2718 5646 celebritate,
2753 5581 2827 5634 ob
2859 5595 3116 5634 amorem
3141 5582 3197 5633 et
3218 5594 3476 5632 reveren-

1829 5672 1973 5728 tiam
2006 5669 2149 5725 tanti
2173 5666 2442 5741 praesulis
2464 5683 2498 5720 a
2518 5682 2696 5722 manu
2719 5667 2975 5738 episcopi
3000 5670 3234 5722 eentum
3255 5664 3473 5721 solidos
