3814 6218
346 407 466 473 243

1208 407 1545 471 APPEND.
1588 406 1694 469 AD
1737 405 1924 469 SEO.
1965 403 2048 468 X.
2076 433 2158 452 —
2185 405 2448 468 OPERA
2488 424 2885 475 ΑΔΕΣΠΟΤΙΚΛ.

3623 403 3718 462 244

350 540 639 614 accipiant
668 539 932 598 canonici
962 540 1217 598 basilicae
1249 541 1435 597 sancti
1465 539 1766 613 Stephani,
1802 543 1995 611 quate-
2019 537 2078 606 Α
2105 537 2408 594 ordinatus
2439 539 2731 595 sacerdos.
2763 537 2950 610 Coepit
2976 535 3132 593 enim
3154 553 3292 593 mox
3311 537 3547 607 accepto
3567 550 3722 590 sacer-

348 648 462 687 nus
491 630 872 686 alacrioribus
902 631 1118 687 animis
1147 631 1394 686 delectet
1422 647 1520 686 eos
1550 646 1653 701 per
1700 628 1994 685 succidiva

346 723 613 792 tempora
632 719 897 790 ejusdem
918 719 1249 776 festivitatis
1268 719 1558 775 celebrare
1579 717 1811 790 gaudia.
1836 716 1994 773 Obiit

348 812 546 864 autem
577 825 634 864 1v
660 809 799 863 Idus
853 808 1090 879 Aprilis,
1141 813 1198 863 et
1235 807 1500 880 sepultus
1531 811 1620 862 est
1649 807 1707 861 in
1754 805 1994 862 basilica

349 897 409 965 S,
442 895 696 960 Eusebii,
728 912 905 968 quam
953 896 1099 969 ipse,
1133 901 1199 951 ut
1238 895 1634 968 praediximus,
1668 911 1774 950 suo
1822 909 1993 962 opere

348 988 767 1053 construxerat,
800 989 856 1040 et
885 985 1132 1040 cessavit
1167 985 1538 1056 episcopatus
1568 984 1693 1040 dies
1724 984 1812 1039 lO.

774 1073 906 1128 CAP.
939 1073 1103 1128 XXII.
1135 1105 1203 1113 ——
1233 1075 1307 1129 De
1349 1075 1562 1144 Vigilio.

415 1162 666 1235 Vigilius
727 1161 877 1218 sedit
906 1179 1092 1217 annos
1122 1164 1212 1230 25,
1246 1178 1479 1218 menses
1529 1161 1810 1233 quinque.
1863 1159 1994 1216 Fuit

345 1251 503 1308 enim
531 1249 897 1322 temporibus
919 1250 1150 1304 Martini
1173 1266 1335 1322 papae
1356 1254 1413 1305 et
1437 1249 1677 1322 Eugenii
1699 1255 1874 1320 atque
1894 1249 1990 1303 Vi-

347 1339 572 1408 taliani,
606 1343 884 1412 regnante
915 1339 1066 1409 apud
1103 1339 1354 1394 Francos
1386 1339 1506 1394 sive
1545 1338 1993 1411 Burgundiones

349 1428 640 1484 Clothario
669 1427 931 1484 Juniore.
956 1427 1103 1481 Nam
1131 1431 1189 1482 et
1208 1443 1416 1499 genere
1440 1426 1652 1483 nobilis
1674 1426 1912 1495 exstitit,
1937 1431 1995 1481 et

351 1519 660 1574 sanctitate
680 1515 1014 1588 praeclarus.
1040 1515 1194 1570 Inter
1212 1519 1418 1571 caetera
1440 1533 1692 1588 namque
1711 1515 1992 1570 virtutum

349 1605 795 1678 insigniaetiam
815 1603 1234 1659 monasterium
1252 1604 1308 1658 in
1328 1605 1609 1660 suburbio
1623 1604 1872 1660 civitatis
1885 1609 1996 1658 An-

349 1694 785 1749 tissiodorensis
803 1692 1103 1757 exstruxit,
1128 1693 1283 1764 quod
1304 1692 1572 1764 pluribus
1593 1693 1842 1749 ditatum
1864 1710 1992 1748 mu-

350 1782 612 1848 neribus,
647 1786 711 1836 ut
739 1779 1072 1836 testamenti
1102 1780 1288 1852 ipsius
1320 1781 1500 1838 series
1520 1783 1902 1848 demonstrat,
1934 1781 1993 1836 in

2101 626 2278 694 dotio,
2299 626 3114 698 praedicationibusinsistere,
3130 624 3454 681 Ecclesiam
3474 624 3721 696 sibiquea

2101 715 2216 771 Deo
2237 716 2616 772 commissam
2637 715 2985 788 spiritaliter
3008 714 3258 770 erudire.
3284 713 3392 768 Hic
3413 713 3612 769 beatus
3636 711 3720 779 vir,

2101 803 2292 875 primo
2313 822 2464 860 anno
2485 805 2873 861 ordinationis
2889 821 3009 860 suae
3030 803 3229 859 habito
3251 800 3523 869 concilio,
3546 801 3724 856 consti-

2099 891 2212 945 tuit
2235 891 2488 963 qualiter
2517 892 2778 958 abbates,
2802 891 2890 948 vel
2913 889 3406 963 archipresbyteri
3429 888 3490 944 in
3517 887 3727 945 ecclesia

2100 979 2286 1034 sancti
2317 979 2597 1052 Stephani
2618 979 2882 1035 divinum
2913 978 3309 1052 persolverent
3348 977 3623 1034 ofﬁcium.
3645 979 3726 1032 Ta-

2097 1066 2231 1122 liter
2258 1085 2392 1124 vero
2424 1069 2744 1136 ordinavit,
2777 1073 2840 1123 ut
2860 1066 3197 1124 deserviret.

2169 1157 2403 1213 Kalend.
2461 1158 2743 1225 Januarii,
2802 1158 2826 1212 1
2889 1155 3240 1222 hebdomade,
3295 1155 3531 1211 basilica
3579 1157 3728 1210 sancti

2104 1243 2384 1300 Germani.

2169 1336 2205 1387 2
2224 1333 2574 1402 hebdomade,
2608 1334 2837 1389 basilica
2863 1334 3038 1389 sancti
3067 1331 3360 1389 Amatoris.

2171 1423 2206 1476 3
2232 1422 2585 1490 hebdomade,
2621 1423 2858 1478 basilica
2883 1424 3058 1478 sancti
3085 1423 3253 1476 Petri.

2173 1514 2202 1564 4
2235 1511 2586 1578 hebdomade,
2609 1512 2836 1567 basilice
2856 1511 3181 1566 monasterii
3207 1511 3390 1566 sancti
3409 1510 3636 1566 Juliani.

2173 1599 2408 1654 Kalend.
2466 1600 2750 1667 Februar.,
2801 1599 2825 1655 4
2881 1599 3237 1665 hebdomade,
3299 1597 3536 1653 basilica
3586 1602 3732 1654 sancti

2101 1687 2361 1744 Mariani.

2172 1780 2208 1832 2
2235 1777 2586 1845 hebdomade,
2621 1777 2851 1833 basilica
2880 1779 3068 1832 sancti
3094 1776 3342 1831 Eusebii.

349 1872 570 1927 honore
591 1872 802 1968 sancta}.
834 1867 934 1924 Dei
953 1868 1250 1967 genitricis
1275 1869 1813 1970 Mariaededicavit;
1838 1871 1992 1942 quod
2025 1905 2073 1970 B
2231 1866 2588 1970 hebdomade,
2881 1867 3068 1921 sancti
3095 1865 3344 1970 Diei-lini.

349 1960 526 2016 etiam
557 1975 724 2014 muro
756 1957 1222 2029 circumcingens
1254 1959 1678 2014 monachorum
1700 1975 1828 2015 esse
1859 1976 1995 2016 con-

347 2048 559 2114 stituit,
599 2046 893 2117 simulque
928 2045 1352 2101 xenodochium
1400 2064 1725 2119 pauperum
1774 2047 1994 2104 ibidem

346 2154 474 2194 esse
495 2135 785 2208 praecepit.
815 2135 1020 2189 Fertur
1039 2133 1196 2189 enim
1218 2135 1288 2190 de
1311 2136 1514 2190 eodem
1536 2140 1738 2192 sancto
1758 2136 1880 2192 viro
1899 2153 1996 2192 ve-

348 2226 531 2281 ridica
546 2223 826 2280 relatione
843 2223 995 2294 quod
1008 2223 1276 2293 ,jubente
1290 2223 1606 2280 Waratone
1624 2225 1883 2298 principe
1900 2242 1997 2297 pa-

347 2314 496 2382 latii,
530 2312 630 2385 qui
661 2311 910 2367 Ebroino
942 2310 999 2364 in
1032 2311 1236 2366 eodem
1259 2313 1588 2385 principatu
1612 2318 1992 2379 successerat,

347 2402 410 2464 in
440 2401 604 2456 Cotia
623 2399 779 2456 Silva
799 2398 1146 2471 martyrium
1168 2399 1246 2454 sit
1268 2416 1601 2472 perpessus.
1628 2402 1896 2457 Imitatus
1917 2401 1996 2455 vi-

347 2491 556 2546 delicet
585 2492 674 2545 est
703 2487 974 2544 eumdem
996 2490 1424 2544 antecessorem
1451 2505 1630 2544 suum
1654 2489 1991 2560 Ebroinum,

347 2579 448 2652 qui
479 2577 619 2634 olim
651 2579 920 2634 sanctum
951 2576 1366 2647 Leodegarium
1403 2579 1993 2649 Augustodunensem

345 2669 687 2741 episcopum
708 2663 904 2738 gladio
928 2663 1310 2719 animadverti
1336 2671 1703 2737 praeceperat.
1733 2667 1997 2740 Martyri-

344 2760 510 2812 zatus
539 2759 627 2810 est
651 2757 847 2810 autem
901 2757 1140 2808 sanctus
1171 2751 1420 2826 Vigilius
1451 2755 1562 2810 sub
1595 2755 1687 2810 die
1717 2773 1753 2812 v
1783 2756 1993 2813 Iduum

345 2843 711 2900 Martiarum.
745 2841 886 2896 Cum
911 2844 1104 2896 autem
1129 2856 1362 2896 sacrum
1385 2859 1598 2914 corpus
1617 2843 1746 2914 ejus
1768 2845 1838 2900 ad
1867 2862 1995 2916 pro-

343 2932 534 3006 priam
564 2931 870 2987 veheretur
891 2929 1118 2997 urbem,
1143 2928 1387 3002 contigit
1407 2932 1534 3002 ejus
1556 2931 1870 2988 transitum
1893 2949 1996 3005 per

343 3023 549 3078 urbem
565 3020 745 3075 fuisse
759 3017 1387 3088 Senonicam,cumque
1399 3020 1782 3090 pertransiret
1793 3038 1995 3093 quam-

343 3111 484 3165 dam
515 3110 778 3173 domum,
814 3123 930 3177 qua
957 3104 1038 3160 rei
1058 3105 1237 3160 vincti
1259 3107 1484 3162 catenis
1505 3108 1876 3178 tenebantur,
1901 3128 1995 3166 su-

343 3196 465 3252 bito
497 3194 695 3250 omnia
713 3192 946 3248 vincula
966 3191 1202 3264 dirupta
1223 3197 1384 3260 sunt,
1409 3194 1609 3267 sicque
1639 3197 1991 3254 miserorum

2176 1956 2209 2010 4
2237 1955 2588 2020 hebdomade,
2626 1955 2856 2010 basilice
2883 1962 3090 2011 sancta
3117 1953 3332 2011 Mariae.

2176 2045 2413 2101 Kalend.
2447 2046 2666 2112 Martii,
2696 2046 2882 2115 prima
2913 2043 3267 2113 hebdomade,
3303 2042 3538 2098 basilice
3562 2041 3614 2097 S.
3641 2040 3730 2096 Na-

2104 2149 2272 2188 Μνιι.

2171 2222 2207 2277 2
2234 2221 2588 2290 hebdomade,
2620 2223 3020 2277 monasterium
3056 2223 3480 2290 Longoretense.

2173 2311 2207 2365 3
2236 2310 2586 2378 hebdomade,
2617 2312 3013 2366 monasterium
3037 2310 3406 2366 Sessiacense.

2174 2400 2207 2454 4
2236 2399 2590 2468 hebdomade,
2617 2399 2832 2455 Scolius
2867 2400 3044 2455 Vicus.

2175 2489 2398 2544 Kalend.
2487 2489 2714 2560 Aprilis,
2798 2488 2984 2558 prima
3061 2485 3421 2554 hebdomade,
3511 2487 3730 2541 Bacema

2106 2578 2298 2633 Vicus.

2171 2669 2208 2720 2
2235 2665 2592 2731 hebdomade,
2631 2665 2868 2721 Vendosa
2895 2673 2947 2721 et
2974 2664 3303 2733 Gaugiacus.

2171 2755 2205 2809 3
2235 2754 2569 2810 hebdomade
2598 2756 2961 2812 Nauteriacus
2989 2759 3042 2810 et
3069 2754 3384 2809 Liceiacus.

2173 2847 2206 2898 4
2235 2843 2590 2908 hebdomade,
2629 2845 2942 2898 Tauriacus.

2169 2931 2427 2987 Kalendis
2457 2931 2605 2998 Maii,
2635 2933 2823 3002 prima
2851 2929 3206 2997 hebdomade,
3239 2929 3440 2987 Charm
3467 2931 3631 2986 vicus.

2171 3025 2200 3075 2
2242 3019 2594 3087 hebdomade,
2675 3019 3027 3075 Corcedomus
3081 3026 3134 3074 et
3188 3019 3509 3074 oratorium
3583 3017 3733 3072 sancti

2098 3108 2360 3164 Memmii.

2169 3198 2204 3251 3
2229 3196 2580 3265 hebdomade,
2619 3197 2776 3252 Troia
2802 3203 2854 3252 et
2883 3197 3158 3253 Cornecus
3187 3203 3239 3251 et
3267 3197 3564 3251 Auciacus.

343 3285 520 3341 turba
539 3281 818 3355 ergastuli
833 3281 992 3336 illius
1011 3284 1210 3337 noctes
1227 3283 1496 3350 evadens,
1517 3284 1667 3340 sacri
1685 3286 1858 3358 coepit
1873 3304 1994 3342 cor-
2021 3267 2063 3334 α
2173 3287 2206 3340 4
2232 3285 2584 3351 hebdomade,
2619 3286 2928 3340 Verciecus.

343 3373 504 3447 poris
515 3371 810 3443 exsequiis
831 3369 1118 3426 deservire
1143 3394 1157 3439 ;
1188 3374 1418 3427 exstant
1440 3372 1727 3446 hodieque
1748 3375 1806 3430 in
1829 3375 1990 3431 testi,

343 3462 610 3518 monium
639 3459 788 3516 tanti
819 3457 1087 3514 miraculi
1136 3459 1352 3515 eaedem
1403 3465 1617 3517 catenae
1665 3479 1830 3519 sacro
1859 3464 1990 3536 ejus

342 3551 692 3606 inhaerentes
738 3547 1026 3621 sepulcro.
1070 3547 1346 3620 Sepultus
1394 3553 1485 3606 est
1531 3555 1727 3606 autem
1773 3552 1832 3607 in
1887 3553 1989 3608 ba-

340 3639 508 3696 silica
536 3642 748 3695 sancte
779 3636 880 3692 Dei
911 3636 1212 3708 genitricis
1245 3637 1459 3706 Mariae,
1493 3656 1670 3710 quam
1701 3641 1826 3712 ipse
1858 3657 1991 3696 con-

341 3731 651 3794 struxerat,
684 3726 910 3795 fuitque
942 3723 1145 3780 civitas
1175 3725 1301 3780 sine
1320 3725 1591 3799 episcopo
1623 3728 1747 3784 dies
1775 3731 1828 3784 5.

697 3812 829 3868 CAP.
861 3811 1052 3866 XXIII.
1085 3842 1153 3851 —-
1183 3817 1264 3866 De
1304 3815 1628 3884 Scopilione.

410 3897 663 3970 Scopilio
684 3897 837 3954 sedit
854 3899 1086 3952 aunosB
1110 3914 1123 3960 ;
1143 3897 1421 3953 fuitenim
1435 3901 1800 3972 temporibus
1815 3904 1988 3958 Adeo-

339 3987 481 4053 dati,
517 3985 682 4054 Doni,
715 3983 1040 4057 Agathonis
1072 3985 1469 4041 Romanorum
1502 3989 1986 4059 pontificumzsub

338 4074 695 4130 Theoderico
716 4089 870 4145 rege,
892 4072 963 4126 de
981 4089 1095 4143 quo
1118 4072 1264 4127 nihil
1287 4073 1447 4128 aliud
1473 4075 1720 4147 dignum
1741 4079 1988 4150 scriptu-

336 4181 414 4218 rae
445 4161 790 4234 reperimus,
826 4159 939 4216 nisi
971 4161 1126 4231 quod
1149 4162 1416 4232 quaedam
1447 4163 1684 4220 vascula
1713 4171 1987 4238 argentea

332 4251 395 4307 in
416 4250 710 4307 thesauris
731 4249 1010 4314 ecclesiae,
1037 4249 1130 4304 cui
1153 4250 1401 4321 praefuit,
1423 4252 1836 4324 conspeximus
1855 4255 1984 4324 ejus

330 4341 569 4397 nomine
584 4339 883 4412 insignita.
904 4338 1180 4410 Sepultus
1195 4343 1283 4394 est
1295 4343 1491 4396 autem
1505 4339 1565 4396 in
1585 4341 1828 4399 basilica
1845 4361 1982 4400 san-

332 4429 408 4485 cti
437 4427 669 4485 Eusebii
703 4426 997 4497 martyris.

723 4515 858 4571 CAP.
899 4515 1089 4570 XXIV.
1124 4547 1191 4557 -
1239 4521 1316 4572 De
1369 4519 1589 4574 Tetrica.

2171 3375 2395 3429 Kalend.
2452 3375 2628 3444 Junii,
2682 3376 2869 3446 prima
2922 3371 3284 3438 hebdomade,
3344 3375 3646 3444 Bargiecus
3693 3378 3736 3424 ct

2097 3465 2494 3520 Nantoniecus.

2168 3551 2203 3606 2
2229 3551 2580 3617 hebdomade,
2615 3551 2846 3607 Nessue.

2169 3641 2203 3693 3
2233 3639 2584 3707 hebdomade,
2621 3639 2882 3696 Candida.

2094 3783 2096 3785 .
2167 3729 2201 3782 4
2235 3728 2589 3794 hebdomade,
2614 3729 2931 3784 Dactriacus
2958 3734 3011 3782 et
3036 3727 3312 3782 Solieeus.

2166 3815 2390 3872 Kalend.
2412 3817 2572 3884 Julii,
2599 3818 2786 3888 prima
2812 3815 3165 3882 hebdomade,
3199 3819 3390 3873 Novus
3424 3817 3614 3872 Vicus.

2165 3907 2201 3958 2
2228 3904 2583 3976 hebdomade,
2611 3905 2929 3960 Brioderus.

2164 3993 2199 4047 3
2228 3992 2582 4060 hebdomade,
2606 3992 2822 4048 Giemus
2850 4000 2903 4048 et
2921 3990 3214 4048 Laoderus.

2166 4081 2198 4134 4
2226 4079 2580 4147 hebdomade,
2613 4080 2927 4136 Blanoilus.

2163 4168 2401 4226 Kalend.
2459 4170 2708 4240 Augusti,
2765 4171 2950 4239 prime
2998 4168 3360 4238 hebdomade,
3408 4169 3600 4226 clerici
3638 4172 3735 4223 Do-

2091 4273 2306 4312 minim.

2161 4348 2196 4399 2
2223 4344 2575 4413 hebdomade,
2601 4346 2907 4401 Eliniacus.

2161 4433 2196 4486 3
2222 4431 2570 4500 hebdomade,
2607 4433 2929 4502 Teugiacus.

2161 4522 2194 4575 4
2221 4519 2573 4586 hebdomade,
2607 4521 2925 4576 Tauriacus.

401 4604 686 4692 Treticus,
721 4604 1136 4692 seurTetriicus,
1169 4604 1322 4660 sedit
1341 4623 1529 4662 annos
1561 4608 1646 4675 15,
1671 4625 1904 4666 menses
1923 4611 1977 4665 3.
2010 4627 2058 4692 D
2157 4608 2380 4663 Kalend.
2423 4609 2680 4676 Octobris,
2736 4611 2925 4681 prima
2981 4608 3345 4679 hebdomade,
3401 4613 3595 4668 clerici
3643 4612 3731 4666 Do-

331 4691 435 4746 Hic
458 4689 568 4744 fuit
588 4689 951 4761 temporibus
973 4691 1138 4746 Rom.
1159 4693 1476 4762 praesulum
1496 4694 1721 4763 Leonis,
1747 4698 1982 4753 Benedi-

329 4779 428 4843 cti,
442 4777 708 4844 Joannis,
724 4778 998 4847 Cononis,
1014 4779 1219 4851 Sergii,
1237 4781 1346 4836 sub
1361 4781 1982 4841 ChildebertoJuniore

330 4867 690 4923 Francorum
719 4881 872 4937 rege,
905 4865 1006 4937 qui
1037 4867 1364 4938 appellatus
1395 4874 1484 4924 est
1505 4871 1728 4939 justus,
1755 4872 1842 4927 vir
1871 4873 1979 4928 mi-

326 4949 601 5008 tissimus
630 4955 686 5005 et
715 4951 874 5006 omni
899 4953 1157 5009 bonitate
1178 4959 1421 5010 ornatus
1446 4974 1458 5023 ;
1485 4973 1623 5011 nam
1640 4963 1696 5012 et
1715 4965 1850 5015 ante
1867 4961 1982 5032 epi-

326 5041 634 5108 scopatum
668 5038 889 5094 exstitit
907 5041 1089 5096 abbas
1111 5043 1448 5098 monasterii
1471 5045 1656 5101 sancti
1679 5046 1972 5118 Germani,

326 5127 390 5183 in
425 5141 542 5195 quo
565 5126 754 5180 ofﬁcio
787 5127 1014 5198 positus
1035 5128 1208 5184 talem
1243 5134 1591 5204 tantumque
1612 5151 1674 5190 se
1693 5135 1976 5209 exhibuit,

329 5213 616 5271 utmerito
629 5213 700 5267 ab
717 5215 995 5270 omnibus
1013 5232 1245 5271 summo
1264 5218 1732 5290 frequentaretur
1747 5225 1973 5293 studio;

324 5304 454 5360 erat
469 5299 626 5355 enim
646 5299 866 5372 largus,
883 5302 1037 5374 pius,
1051 5308 1270 5372 castus,
1294 5310 1466 5378 atque
1486 5309 1837 5368 misericors.
1858 5313 1974 5369 Deo

322 5390 509 5464 igitur
521 5387 765 5456 favente,
781 5389 972 5446 omnis
987 5389 1237 5462 populus
1251 5409 1284 5447 a
1300 5393 1540 5451 minimo
1554 5414 1741 5470 usque
1763 5401 1835 5455 ad
1850 5418 1972 5456 ma-

322 5479 576 5546 ximum,
597 5477 1184 5550 divinainspiratione
1204 5485 1470 5552 permoti,
1497 5502 1632 5543 eum
1656 5488 1713 5542 in
1737 5492 1972 5561 pontiﬁ-

321 5585 462 5624 cum
481 5566 742 5621 ordinem
756 5566 1071 5640 elegerunt,
1097 5569 1298 5640 sicque
1320 5588 1353 5625 a
1371 5571 1614 5630 basilica
1635 5579 1820 5632 sancti
1839 5579 1972 5635 Ger-

324 5653 486 5710 mani
518 5657 830 5724 extractus,
863 5655 978 5712 Deo
1009 5655 1220 5729 dignus
1250 5659 1507 5729 pontifex
1536 5667 1626 5718 est
1664 5664 1883 5722 electus
1913 5672 1971 5722 et

2087 4713 2285 4752 τηιηιει
2296 4740 2309 4751 .

2158 4788 2194 4839 2
2222 4783 2576 4853 hebdomade,
2610 4786 2841 4841 basilice
2867 4787 3044 4841 sancti
3074 4786 3360 4842 Germani.

2159 4873 2194 4927 3
2223 4871 2576 4938 hebdomade,
2612 4872 2840 4928 basilice
2867 4875 3046 4929 sancti
3073 4873 3381 4931 Amatoris.

2160 4961 2193 5014 4
2223 4959 2571 5025 hebdomade,
2608 4961 2840 5017 basilica
2864 4963 3041 5018 sancti
3068 4963 3243 5018 Petri.

2157 5047 2421 5103 Kalendis
2497 5047 2772 5118 Novemb.,
2854 5052 3040 5122 prima
3121 5052 3489 5122 hebdomade,
3572 5053 3741 5111 Domi-

2087 5151 2205 5191 01.00
2208 5152 2270 5190 us
2279 5177 2290 5189 .

2154 5228 2190 5278 2
2213 5223 2563 5290 hebdomade,
2595 5229 2993 5283 monasterium
3020 5230 3206 5283 sancti
3233 5229 3484 5287 Iuliani.

2154 5313 2188 5367 3
2218 5311 2572 5384 hebdomade,
2608 5313 2840 5371 basilica
2868 5317 2923 5372 S.
2956 5317 3229 5373 Mariani.

2154 5403 2186 5454 4
2216 5401 2567 5467 hebdomade,
2597 5401 2826 5459 basilica
2853 5405 3031 5460 sancti
3059 5407 3310 5462 Eusebii.

2151 5489 2373 5544 Kalend.
2438 5491 2764 5562 Decembris,
2825 5495 3012 5564 prima
3076 5493 3445 5564 hebdomade,
3530 5498 3742 5554 basilica

2077 5585 2284 5634 sancta?
2314 5576 2525 5633 Mariae.

2147 5669 2183 5720 2
2220 5665 2354 5721 hebd
2388 5665 2569 5737 mede,
2591 5666 2818 5725 basilica
2839 5668 3278 5728 senctiMartini.
