3814 6218
76 321 175 385 245

925 307 1027 372 DE
1071 307 1343 373 GESTIS
1386 308 1633 371 EPISC.
1677 306 2111 374 ANTISSIOD.
2146 342 2224 360 --
2249 312 2448 377 PARS
2489 314 2539 377 Ῑ.

3310 309 3429 377 246

133 461 162 517 3
187 447 523 518 hebdomade,
570 446 800 505 basilica
841 453 1153 503 sanctorum
1182 444 1427 503 Gervasiz'
1460 453 1512 503 et
1539 446 1674 504 Pro-
1702 444 1759 512 Α
1785 448 1900 502 tus.
1940 446 2072 503 Fuit
2102 446 2258 505 enim
2288 450 2649 524 temporibus
2671 447 3244 526 Dagobertijunioris
3275 448 3428 523 regis

80 552 200 610 fasti.

134 641 160 695 ἐι
183 631 512 699 hebdmnada,
539 628 932 686 monasterium
952 627 1244 695 LongoreIi
1269 634 1321 682 et
1347 625 1601 683 Sescz‘asi.

134 728 231 784 Hac
273 723 462 794 itaque
510 715 925 774 constitutione
955 716 1245 781 roborato,
1279 714 1583 772 constituit
1610 719 1676 771 ut

80 818 296 879 abbates,
326 806 645 885 presbyteri
668 822 802 861 cum
820 804 992 873 clero,
1011 805 1084 860 ad
1102 804 1566 877 suprascriptum
1590 804 1675 860 of-

81 905 240 963 ficium
268 897 656 975 peragendum
683 893 1109 961 convenientes,
1143 910 1213 949 ex
1242 892 1543 949 Dominico
1561 892 1674 949 cel-

79 995 194 1050 lario
216 993 279 1047 ab
297 1002 591 1046 aconomo
611 982 863 1040 ecclesia
886 982 1249 1054 stipendium
1267 982 1569 1038 sufficiens
1588 998 1679 1038 ac-

82 1082 293 1156 cipiant;
322 1077 368 1133 si
395 1093 532 1132 vero
582 1072 733 1130 tardi
763 1071 1139 1137 occurrerint,
1181 1075 1285 1126 aut
1315 1070 1678 1144 negligenter

81 1167 421 1244 apparuerint,
438 1166 509 1220 40
529 1164 654 1220 dies
675 1180 709 1218 a
726 1161 860 1217 vino
882 1161 1233 1217 abstineant.
1258 1160 1676 1216 Vicedominus

82 1264 255 1325 autem,
276 1273 345 1312 au
373 1252 669 1318 cellarius,
697 1250 745 1306 si
763 1250 921 1328 quod.
941 1250 1075 1321 jure
1106 1249 1442 1305 ministrare
1464 1248 1678 1304 debent

81 1349 126 1403 in
150 1347 315 1418 aliquo
344 1340 755 1408 subtraxerint,
788 1338 999 1395 retrusi
1030 1338 1090 1392 in
1120 1337 1542 1393 monasterium
1575 1353 1678 1408 per

84 1452 257 1492 annum
268 1432 575 1488 dimidium
598 1446 747 1502 pane
764 1432 821 1484 et
833 1443 985 1499 aqua
1001 1426 1259 1482 contenti
1280 1425 1538 1482 debitam
1556 1443 1674 1497 pce-

84 1524 334 1581 nitentiam
365 1519 719 1595 persolvant.
742 1518 797 1573 Is
813 1520 989 1588 atque
1011 1515 1218 1571 beatus
1248 1514 1557 1587 episcopus
1579 1513 1678 1568 vil-

82 1613 191 1684 lam,
219 1628 331 1684 qua
376 1608 427 1665 ei
457 1626 527 1665 ex
581 1604 955 1663 successione
1004 1608 1314 1676 parentum
1346 1603 1673 1669 advenerat,

84 1700 434 1758 Maximiacum
457 1696 718 1763 nomine,
752 1693 925 1750 sitam
948 1694 1004 1748 in
1036 1709 1185 1766 pago
1215 1692 1520 1759 Senonico,
1541 1709 1675 1748 cum

1786 540 1959 609 atque
1989 537 2249 595 Danielis
2276 540 2401 612 (qui
2420 544 2642 597 mutato
2667 541 2902 597 nomine
2921 545 3158 597 vocatus
3179 540 3430 599 estChiI-

1783 625 2037 699 pericus,
2070 632 2245 699 atque
2296 645 2365 684 ex
2395 629 2601 687 clerico
2643 647 2740 685 rex
2771 634 2860 686 est
2901 630 3180 702 effectus),
3214 630 3428 703 Pepino

1785 731 1918 771 cum
1953 715 2254 773 Plectrude
2286 720 2506 790 majore
2535 719 2746 775 domus
2778 718 3142 792 principante
3173 724 3425 793 regente.

2127 806 2262 861 CAP.
2302 807 2516 864 XXVII.
2551 840 2618 848 ——
2653 814 2734 865 De
2764 811 3079 865 Hainmaro.

1854 893 2211 950 Hainmarus
2232 900 2473 951 vocatus
2494 896 2804 969 episcopus
2827 897 3014 953 tenuit
3034 896 3428 970 principatum

1783 999 1970 1039 annos
2002 985 2086 1039 15.
2132 983 2263 1039 Fuit
2291 984 2447 1039 enim
2482 985 2570 1040 vir
2599 990 2874 1041 strenuus
2907 991 3083 1059 atque
3130 985 3431 1042 nobilitate

1784 1071 2014 1145 generis
2062 1089 2177 1127 non
2207 1073 2575 1129 mediocriter
2612 1076 2938 1143 decoratus,
2989 1074 3171 1131 simul
3200 1090 3432 1147 quoque

1783 1161 2101 1217 fundorum
2122 1162 2402 1234 dignitate
2432 1162 2781 1220 ditissimus.
2806 1165 2952 1219 Nam
2970 1164 3027 1219 in
3051 1168 3280 1220 tantum
3304 1165 3432 1235 ejus

1789 1253 2052 1323 potestas
2083 1250 2441 1307 saculariter
2458 1252 2724 1319 excrevit,
2750 1256 2814 1307 ut
2833 1269 3020 1325 usque
3051 1254 3123 1307 ad
3155 1253 3433 1308 ducatum

1785 1339 2125 1411 penetotius
2148 1340 2497 1412 Burgundia
2516 1341 2858 1413 perveniret.
2882 1342 3136 1415 Contigit
3155 1345 3348 1396 autem
3367 1358 3433 1396 eo

1784 1430 2044 1500 tempore
2074 1427 2367 1499 Pipinum,
2392 1428 2577 1484 filium
2601 1429 2810 1501 prioris
2840 1428 3433 1503 Caroli,Aquitaniam

1786 1533 1853 1572 ex
1884 1517 2218 1573 evocatione
2248 1517 2527 1585 Eudonis,
2558 1519 2986 1591 Aquitanorum
3008 1520 3195 1589 ducis,
3229 1521 3435 1576 adver-

1787 1623 1889 1662 sus
1918 1606 2247 1675 Aimonem,
2271 1605 2730 1679 Casaraugusta
2760 1625 2955 1681 regem
2970 1608 3311 1680 porrexisse,
3332 1611 3432 1681 qui

1787 1695 2166 1768 Lampagiam
2184 1694 2371 1767 ipsius
2383 1696 2643 1752 Eudonis
2661 1697 2839 1752 tiliam
2858 1698 2914 1752 in
2927 1699 3265 1770 conjugium
3280 1716 3436 1755 sum-

84 1789 314 1857 aediﬁciis,
346 1785 678 1859 mancipiis,
707 1783 914 1850 vineis,
943 1781 1125 1847 silvis,
1149 1785 1207 1836 et
1248 1781 1537 1837 universis
1574 1798 1674 1854 ap-
1786 1788 2000 1856 pserat,
2031 1789 2088 1840 ct
2118 1784 2332 1840 fadera
2362 1784 2617 1859 conjugii
2641 1786 3318 1858 ruperat.Convenientes
3338 1805 3438 1843 au-

83 1876 314 1951 pendiciis
343 1873 725 1932 suisbasilica
756 1870 943 1928 sancti
975 1870 1274 1943 Stephani,
1302 1871 1395 1925 cui
1427 1871 1544 1926 Deo
1574 1887 1676 1925 au-

84 1970 204 2022 ctore
226 1964 457 2038 prafuit,
488 1963 818 2018 habeneam
849 1958 1152 2033 delegavit.
1174 1963 1252 2015 De
1283 1962 1505 2027 catero,
1541 1975 1676 2015 con-

85 2058 328 2111 summato
355 2051 603 2109 feliciter
630 2049 758 2105 vita
780 2066 898 2104 sua
927 2065 1125 2119 cursu,
1149 2066 1183 2104 a
1213 2049 1491 2121 quodam,
1514 2048 1679 2104 insti-

83 2148 219 2216 gante
244 2141 484 2206 diabolo,
505 2144 574 2195 ut
603 2139 806 2204 fertur,
849 2137 1259 2194 archidiacono
1290 2154 1416 2205 suo,
1443 2137 1679 2194 nomine

84 2231 405 2305 Regenfredo,
429 2230 576 2286 dum
595 2244 859 2284 scammo
879 2242 1086 2299 sopore
1107 2226 1401 2283 resolutus
1423 2228 1680 2299 quiesce-

85 2326 167 2385 ret,
182 2320 349 2394 gladio
368 2316 712 2375 verberatus
744 2316 1023 2388 martyrio
1050 2315 1229 2371 vitam
1250 2315 1436 2371 finivit
1465 2334 1538 2372 xv
1569 2318 1679 2372 Ka-

85 2407 432 2483 lend.Aprilis,
454 2412 512 2464 et
540 2404 812 2479 sepultus
841 2408 930 2461 est
951 2420 1087 2460 cum
1112 2421 1349 2461 summa
1378 2404 1680 2461 devotione

85 2496 293 2554 ﬁdelium
320 2499 378 2553 in
407 2496 657 2554 basilica
678 2493 864 2550 sancti
880 2493 1113 2549 Eusebii
1134 2493 1428 2566 martyris.
1442 2494 1589 2550 Nam
1608 2495 1679 2550 de

88 2584 247 2640 eodem
265 2583 646 2657 Ragenfredo,
663 2581 907 2653 antiqua
930 2579 1209 2636 relatione
1228 2580 1501 2654 vulgatur
1522 2583 1677 2655 quod

85 2689 187 2728 mox
206 2677 311 2728 uta
329 2671 587 2739 domo,in
603 2687 720 2742 quo
745 2687 920 2725 suum
941 2670 1307 2725 interfecerat
1319 2670 1676 2742 pontificem,

85 2765 151 2816 est
172 2777 434 2834 egressus,
450 2760 654 2816 subito
668 2758 903 2814 turbine
920 2761 1123 2830 raptus
1135 2776 1428 2831 nusquam
1452 2775 1677 2831 compa-

85 2849 187 2904 ruit.
217 2851 533 2905 Fuitautem
556 2848 766 2903 civitas
794 2846 920 2902 sine
942 2847 1216 2919 episcopo
1246 2847 1417 2903 annis
1444 2840 1498 2904 3.
1531 2848 1677 2903 Nam

82 2936 134 2992 de
157 2954 385 3005 scamno,
403 2954 582 3011 super
606 2937 762 3009 quod
782 2936 1129 2991 interfectus
1152 2939 1259 3001 est,
1276 2935 1475 3008 plures
1496 2954 1563 2992 ex
1584 2938 1680 2993 do-

82 3024 172 3081 lore
193 3027 535 3094 dentium,ob
574 3024 854 3080 meritum
881 3023 1068 3080 sancti
1096 3023 1224 3092 viri,
1253 3024 1555 3081 obtinuere
1595 3043 1679 3081 re-

82 3112 310 3181 medium,
340 3115 448 3171 Sed
477 3118 536 3171 et
567 3114 629 3169 in
661 3114 862 3169 eodem
892 3112 1018 3168 loco
1049 3112 1121 3168 ob
1152 3112 1494 3169 memoriam
1520 3118 1576 3169 et
1596 3130 1679 3170 re-

82 3203 343 3259 verentiam
374 3203 672 3276 martyris,
696 3220 730 3257 a
749 3201 1188 3258 successoribus
1219 3202 1429 3273 ipsius,
1450 3203 1577 3273 ejus
1591 3207 1679 3258 est
1707 3176 1750 3244 C

83 3291 275 3348 nomine
300 3295 699 3349 constructum
730 3291 1073 3358 oratorium,
1105 3291 1258 3362 quod
1300 3290 1583 3348 hactenus
1611 3292 1679 3346 fi-

84 3378 261 3435 delium
289 3381 586 3438 devotione
616 3382 925 3436 veneratur
954 3382 1012 3435 et
1039 3378 1269 3435 colitur.
1303 3381 1547 3436 Exstant
1576 3381 1678 3436 ho-

83 3465 247 3539 dieque
271 3469 473 3526 tabula
504 3469 776 3542 ejusdem
799 3468 1045 3537 scamni,
1069 3468 1198 3539 ejus
1220 3468 1565 3541 martyrium
1588 3470 1682 3526 de-

88 3555 357 3627 signantes.

409 3648 545 3704 CAP.
588 3646 753 3702 XXV.
787 3676 855 3689 ο-
889 3649 972 3702 De
999 3646 1297 3702 Flocoaldo.

137 3732 436 3792 Flocoaldus
457 3736 615 3792 sedit
637 3752 824 3791 annos
840 3736 1135 3801 5,menses
1157 3737 1561 3807 quatuor,dies
1593 3738 1688 3802 10,

87 3817 182 3875 Obii
204 3841 324 3879 XVIII
354 3824 602 3881 Kalend.
636 3822 871 3896 Aprilis,
907 3827 964 3879 et
1010 3823 1277 3895 sepultus
1307 3830 1397 3881 est
1434 3825 1493 3881 in
1527 3827 1684 3885 basi-

88 3903 171 3962 lica
195 3911 359 3968 sancti
387 3911 645 3970 Eusebii.
661 3912 794 3968 Fuit
816 3916 1013 3968 autem
1044 3912 1247 3969 civitas
1266 3913 1394 3969 sine
1412 3914 1683 3988 episcopo

90 3994 185 4049 dies
203 4002 252 4049 7.

118 3994 185 4053 ies
203 4002 252 4055 7.

419 4091 556 4147 CAP.
602 4088 790 4146 XXVI.
825 4121 892 4131 —
910 4090 987 4146 De
1011 4089 1290 4147 Savarico.

142 4176 405 4234 Savaricus
430 4178 584 4236 sedit
616 4195 801 4234 annos
825 4180 887 4246 5,
909 4196 1145 4235 menses
1189 4180 1240 4235 4.
1284 4180 1407 4249 Hic,
1434 4185 1495 4237 ut
1530 4181 1688 4239 fama

93 4262 362 4335 conﬁrmat,
394 4285 459 4323 eo
492 4267 653 4341 quod
675 4271 1049 4340 essetgenere
1073 4268 1497 4338 nobilissimus,
1514 4270 1689 4343 capit

93 4364 117 4402 a
136 4354 295 4410 status
323 4356 411 4412 sui
441 4356 649 4413 ordine
677 4356 980 4429 paululum
1016 4356 1327 4426 declinare,
1366 4362 1423 4414 et
1450 4359 1686 4415 sacula-

94 4435 525 4518 ribuscuris,plus
551 4462 730 4518 quam
744 4449 969 4518 oportet
989 4445 1687 4518 pontiﬁcem,inhiantem

1786 1880 1904 1929 tem
1931 1872 1991 1929 in
2022 1873 2238 1941 locum,
2272 1873 2371 1946 qui
2403 1874 2599 1930 Iberra
2629 1875 2861 1943 dicitur,
2896 1877 3034 1932 dum
3067 1877 3219 1933 inter
3246 1894 3308 1933 se
3334 1896 3435 1950 pu-

1786 1979 1963 2036 gnare
1993 1962 2324 2035 coepissent,
2358 1962 2453 2019 hic
2482 1962 2834 2021 Hainmarus
2856 1982 2988 2020 cum
3022 1967 3145 2022 suis
3178 1967 3236 2022 in
3269 1968 3434 2023 Sara-

1787 2069 2063 2109 cenorum
2109 2052 2547 2108 multitudinem
2580 2053 2829 2122 irruens,
2864 2054 3120 2110 maxima
3150 2072 3249 2111 eos
3278 2058 3433 2112 cade

1787 2139 2120 2214 prostravit,
2167 2140 2399 2207 devicit,
2461 2138 2637 2213 atque
2694 2141 2872 2198 simul
2930 2160 3064 2198 cum
3114 2161 3249 2217 rege
3301 2162 3428 2214 suo,

1787 2230 2016 2286 Christo
2046 2230 2417 2302 propitiante,
2461 2230 2645 2286 victor
2672 2232 2915 2288 exstitit.
2950 2232 3160 2305 Sicque
3193 2234 3432 2306 Pipinus

1787 2336 1921 2375 cum
1953 2318 2252 2390 triumpho
2268 2319 2519 2374 Francia
2544 2324 2739 2392 partes
2758 2322 3007 2394 repetiit,
3023 2323 3124 2378 sed
3148 2339 3261 2378 non
3286 2322 3432 2379 mul-

1787 2412 1912 2465 tum
1946 2411 2078 2480 post
2106 2407 2419 2480 pradictus
2468 2408 2630 2464 Eudo
2660 2414 2917 2481 pactum,
2950 2412 3105 2483 quod
3136 2412 3435 2485 pepigerat

1787 2515 1922 2553 cum
1947 2496 2005 2552 Pi
2014 2496 2169 2569 pino,
2185 2495 2373 2552 fallaci
2398 2498 2721 2553 mutatione
2744 2499 3021 2556 deseruit.
3036 2501 3198 2557 Unde
3216 2502 3432 2557 factum

1788 2591 1982 2643 estut
2023 2586 2211 2641 isdem
2267 2586 2641 2651 Hainmarus,
2692 2587 3061 2661 pracipiente
3112 2592 3229 2663 jam
3279 2590 3433 2646 dicto

1787 2675 2013 2749 Pipino,
2044 2674 2258 2731 iterum
2287 2674 2612 2747 Aquitania
2659 2680 2854 2748 partes
2903 2678 3143 2735 collecta
3188 2697 3433 2736 suorum

1788 2763 2166 2820 multitudine
2205 2767 2507 2836 repeteret,
2558 2768 2735 2836 atque
2767 2766 3064 2823 Eudonem
3097 2769 3170 2824 ad
3212 2768 3431 2825 bellum

1787 2856 2141 2925 provocaret,
2175 2852 2391 2924 quibus
2438 2851 2498 2906 in
2529 2870 2712 2908 unum
2749 2856 3099 2927 congressis,
3132 2861 3298 2913 tanta
3327 2876 3433 2914 su-

1788 2942 1907 2998 bito
1955 2942 2110 2997 cade
2157 2940 2431 3012 Aquitani
2474 2946 2835 3012 corruerunt,
2888 2947 2953 2998 ut
2998 2944 3091 2999 vix
3140 2945 3264 3017 ipse
3313 2947 3433 3002 dux

1786 3048 1984 3087 eorum
2016 3030 2178 3085 Eudo
2209 3046 2311 3102 per
2340 3030 2539 3103 fugam
2562 3030 2825 3103 dilapsus
2847 3034 3131 3089 evaderet.
3158 3034 3267 3090 Sed
3296 3052 3435 3106 quo-

1789 3120 2062 3175 rumdam
2111 3116 2427 3174 insidiante
2457 3117 2693 3184 invidia,
2743 3137 2869 3192 qua
2918 3123 3215 3195 prosperis
3265 3123 3436 3179 rebus

1787 3226 2020 3282 semper
2048 3208 2252 3264 adesse
2278 3207 2443 3272 solet,
2474 3212 2815 3281 suggestum
2848 3215 2938 3266 est
2966 3211 3109 3284 regi,
3139 3212 3294 3284 quod
3313 3212 3438 3284 ipse

1789 3299 1948 3354 Eudo
1962 3314 2077 3353 non
2103 3296 2271 3352 aliter
2287 3296 2399 3353 nisi
2420 3313 2488 3352 ex
2504 3313 2791 3353 consensu
2812 3299 3112 3355 Hainmari
3130 3301 3432 3357 evasisset.

1790 3390 1913 3454 Qua
1949 3388 2021 3442 de
2069 3384 2289 3449 clausa,
2340 3385 2674 3441 evocatione
2724 3386 2795 3441 ab
2846 3388 3049 3443 eodem
3097 3405 3230 3461 rege
3277 3390 3433 3460 apud

1790 3478 2132 3533 Bastoneam
2161 3473 2382 3540 villam,
2417 3490 2543 3545 qua
2574 3477 2664 3529 est
2696 3474 2809 3531 sita
2830 3475 2888 3530 in
2908 3476 3061 3531 saltu
3083 3476 3431 3546 Arduenna,

1791 3561 2854 3635 eustodiacarceraliestmancipatus.
2891 3564 3213 3635 Interjectis
3236 3566 3433 3637 itaque

1792 3650 2259 3726 paucisfdiebus,
2295 3650 2602 3721 cujusdam
2627 3651 2854 3723 nepotis
2875 3652 2965 3707 sui
2997 3652 3232 3726 ingenio
3253 3658 3437 3710 extra-

1792 3746 1941 3809 ctus,
1975 3742 2205 3812 arrepto
2233 3755 2382 3811 equo
2427 3739 2624 3812 fugam
2656 3738 2806 3806 iniit,
2840 3741 3012 3812 cujus
3042 3744 3175 3813 post
3202 3745 3434 3815 tergum

1791 3847 1926 3887 cum
1975 3844 2209 3884 summa
2246 3827 2544 3883 velocitate
2592 3828 2902 3885 adversarii
2945 3829 3320 3901 insequentes
3375 3830 3434 3887 in

1792 3919 1938 3987 loco,
1973 3917 2072 3990 qui
2107 3916 2324 3972 Lufaus
2354 3914 2568 3970 dicitur
2586 3915 2645 3970 in
2668 3933 2815 3989 pago
2836 3917 3119 3987 Tullensi,
3147 3936 3282 3974 eum
3304 3937 3437 3976 con-

1793 4008 1977 4064 secuti
2008 4009 2164 4063 sunt.
2197 4004 2305 4071 Qui
2329 4004 2533 4060 videns
2562 4021 2623 4061 se
2653 4021 2855 4061 eorum
2903 4006 3148 4064 insidias
3194 4010 3436 4065 evadere

1795 4114 1911 4153 non
1943 4098 2329 4169 posse,totum
2353 4111 2413 4150 se
2436 4093 2507 4149 ad
2539 4093 2803 4150 divinum
2834 4096 3079 4152 contulit
3109 4098 3390 4154 auxilium
3417 4118 3430 4168 ;

1794 4203 1932 4242 nam
1966 4185 2106 4240 dum
2137 4183 2392 4239 extensis
2421 4182 2675 4240 brachiis
2694 4182 2753 4238 in
2773 4185 3013 4240 modum
3045 4186 3235 4242 crucis
3252 4188 3439 4245 oculis

1797 4275 1869 4330 ad
1913 4273 2124 4328 calum
2174 4271 2430 4335 elevatis,
2492 4288 2807 4344 supernam
2861 4273 3109 4345 gratiam
3157 4281 3437 4344 exoraret,

1796 4361 2013 4418 lanceis
2039 4357 2512 4431 persequentium
2541 4360 2867 4427 confossus,
2910 4361 3085 4417 simul
3125 4377 3257 4419 cum
3290 4382 3440 4436 pra-

1798 4451 1951 4506 dicto
1982 4452 2188 4519 nepote
2218 4463 2324 4502 suo
2355 4446 2647 4502 occubuit.
2681 4447 2881 4519 Ibique
2910 4449 3127 4505 dicitur
3155 4449 3336 4507 fuisse
3357 4470 3444 4509 se-

95 4524 330 4619 insistere,
360 4532 417 4588 in
444 4539 675 4589 tantum
706 4537 773 4589 ut
802 4536 922 4588 tam
953 4551 1169 4606 pagum
1201 4534 1680 4619 Aurelianensem
1712 4554 1757 4619 Ι)
1788 4538 2009 4613 pultus.
2027 4538 2299 4591 Servatur
2329 4535 2609 4590 hactenus
2628 4536 3012 4593 Antissiodori
3039 4538 3097 4594 in
3120 4539 3302 4595 altare
3324 4559 3443 4597 ma-

96 4628 232 4683 quam
256 4618 682 4689 Nivernensem,
705 4621 1207 4678 Tornodorensem
1240 4606 1473 4695 quoque
1505 4627 1680 4696 atque
1712 4606 1753 4619 ﬂ
1789 4606 1897 4683 tris
1928 4624 2183 4681 ecclesia
2214 4641 2355 4679 crux
2374 4639 2551 4677 aurea
2570 4623 3038 4696 IigniDominici,
3062 4630 3442 4687 ostentansin

98 4700 399 4777 Avalensem,
434 4726 663 4766 necnon
695 4713 752 4765 et
788 4709 1191 4765 Tricassinum
1233 4710 1472 4767 militari
1504 4729 1683 4768 manu

99 4785 338 4851 invaderet
365 4798 607 4871 suisque
636 4796 956 4854 ditionibus
1005 4797 1406 4871 subjungeret.
1440 4800 1587 4856 Nam
1616 4818 1684 4856 eo

100 4878 306 4952 tempore
333 4886 533 4942 Franci
573 4887 728 4943 inter
763 4902 827 4942 se
855 4885 1230 4955 dissidentes,
1264 4904 1400 4943 cum
1430 4887 1688 4960 plurima

101 4962 247 5024 civilia
272 4971 412 5029 bella
432 4978 886 5043 commoverent,
919 4973 979 5030 in
1005 4974 1152 5031 silva
1179 4975 1341 5032 Cotia
1358 4976 1416 5030 in
1438 4976 1685 5033 invicem

102 5048 354 5129 irruentes,
397 5064 652 5119 maxima
698 5064 851 5119 cade
899 5080 1027 5121 sese
1079 5067 1514 5134 mactaverunt;
1547 5070 1688 5121 tunc

104 5136 222 5199 idem
238 5148 527 5223 episcopus
543 5155 902 5225 postponens
916 5152 1306 5226 pontiﬁcalem
1322 5154 1687 5227 dignitatem,

105 5230 455 5311 undecumque
472 5240 712 5297 collecta
733 5239 986 5312 plurima
1007 5241 1402 5311 multitudine,
1426 5261 1559 5299 cum
1584 5244 1692 5299 Lu-

105 5317 318 5410 Sfiunum
344 5334 621 5401 pergeret,
654 5333 719 5385 ut
746 5345 876 5385 eam
907 5329 1020 5385 sibi
1052 5330 1201 5385 ferro
1218 5332 1347 5402 subj
1358 5336 1578 5405 ugaret,
1603 5332 1689 5387 di-

106 5409 206 5492 Vino
231 5409 458 5472 fulmine
487 5417 812 5490 perculsus,
847 5417 963 5475 cita
990 5421 1177 5474 morte
1216 5418 1456 5487 interiit,
1490 5419 1691 5492 sicque

106 5488 160 5545 ad
184 5502 443 5572 propriam
468 5488 759 5563 civitatem
790 5511 1141 5579 reportatus,
1166 5511 1338 5580 atque
1360 5508 1418 5564 in
1450 5488 1692 5566 basilica

108 5586 252 5641 Sancti
278 5588 534 5651 Germani
552 5596 723 5667 juxta
741 5597 1195 5670 pradecessores
1225 5615 1364 5655 suos
1395 5603 1481 5654 est
1502 5599 1692 5671 sepul-

1793 4732 1857 4771 se
1885 4714 2055 4787 signa
2085 4711 2345 4785 martyrii
2375 4712 2522 4783 ejus.
2544 4712 2655 4768 Sed
2672 4718 2729 4769 et
2759 4716 3046 4786 quasdam
3070 4734 3162 4774 res
3183 4718 3442 4791 proprie-

1793 4804 1931 4861 tatis
1962 4820 2079 4859 sua
2108 4801 2370 4857 ecclesiis
2391 4800 2490 4857 Dei
2520 4801 2787 4870 ﬁdeliter,
2811 4804 3111 4862 distribuit
3131 4808 3442 4865 consilium

1794 4896 1853 4950 et
1881 4891 2307 4949 ordinationem
2358 4894 2566 4946 nactus
2617 4892 2838 4947 domini
2879 4894 3273 4966 Theodranni,
3315 4898 3442 4969 jam

1797 4987 1937 5039 tunc
1959 4999 2028 5036 ex
2050 4997 2158 5036 sua
2204 4979 2502 5035 voluntate
2524 4979 2773 5036 ordinati
2806 4984 3119 5054 pontificis.
3147 4986 3317 5042 Dedit
3335 4987 3443 5044 ita-

1797 5088 1910 5143 que
1941 5062 2413 5125 basilica'sancti
2442 5068 2745 5141 Stephani,
2790 5072 2861 5127 ad
2896 5072 3255 5145 stipendium
3278 5075 3442 5133 cleri-

1800 5176 1999 5214 corum
2033 5156 2247 5213 ibidem
2278 5162 2391 5213 Deo
2423 5157 2893 5230 deservientium,
2916 5161 3133 5232 villam,
3158 5183 3285 5237 qua
3309 5165 3423 5221 dici

1800 5251 1895 5302 tur
1916 5246 2253 5314 Matriacus,
2270 5246 2441 5302 sitam
2457 5248 2512 5301 in
2534 5265 2683 5321 pago
2696 5249 3141 5320 Senonico,cum
3161 5254 3442 5319 adiﬁciis,

1800 5334 2129 5407 mancipiis,
2162 5334 2369 5403 vineis,
2411 5336 2592 5401 silvis,
2641 5342 2697 5392 et
2747 5339 3036 5396 universis
3085 5340 3445 5413 appendiciis

1799 5424 1945 5480 suis.
1969 5427 2113 5479 Item
2149 5422 2206 5477 in
2237 5440 2385 5496 pago
2405 5424 2896 5483 Antissiodorensi
2928 5430 2997 5483 ad
3020 5426 3443 5485 xenodocbium

1799 5512 2085 5584 pradicta
2116 5510 2319 5567 matris
2349 5511 2604 5597 eeclesia
2626 5513 2844 5585 villam,
2869 5533 2996 5586 qua
3019 5516 3231 5571 dicitur
3257 5510 3444 5567 Milia-

1799 5606 1987 5668 cus,et
1999 5601 2240 5656 alteram
2253 5616 2380 5671 qua
2391 5596 2631 5658 vocatur
2648 5601 2978 5671 Viriliacus,
3001 5617 3135 5657 cum
3155 5596 3445 5656 universis
