3814 6218
349 246 467 335 247

345 377 708 456 appendiciis
722 391 945 436 eorum.
967 379 1249 438 Caeterum
1261 380 1511 438 basilica
1527 381 1710 437 sancti
1729 385 2002 447 Germani
2029 379 2085 450 Α

2052 462 2088 470 ”
2167 467 2471 524 Maurinus
2521 469 2832 541 episcopus
2877 468 3030 525 sedit
3071 485 3254 524 annos
3303 469 3404 531 28,
3457 465 3571 521 fuit
3612 465 3740 528 circa

342 473 415 528 ad
438 469 796 542 stipendium
817 469 1238 525 monachorum
1251 470 1446 526 villam
1470 470 1873 526 Abundiacum
1888 487 1986 526 no-

342 561 499 618 mine
531 560 704 616 sitam
737 558 795 612 in
830 575 977 630 pago
1015 559 1506 614 Antissiodorensi
1547 576 1678 613 cum
1702 558 1984 626 adiﬁciis,

343 648 674 722 mancipiis,
710 646 870 702 silvis
902 651 957 700 et
987 648 1260 702 omnibus
1292 647 1650 719 appendiciis
1682 647 1824 702 suis.
1846 648 1988 702 Item

341 735 401 794 in
433 753 581 810 pago
614 734 946 790 Vastinensi
961 735 1180 802 villam,
1205 753 1330 808 qua:
1363 735 1574 790 dicitur
1594 753 1740 808 pons
1763 737 1990 791 Maxen-

344 827 430 895 tii,
466 824 736 882 similiter
779 840 911 878 cum
963 825 1324 896 appendiciis
1356 825 1498 880 suis.
1534 825 1702 880 Dedit
1731 825 1884 880 idem
1919 825 1990 880 ad

345 913 767 971 xenodochium
792 913 1054 984 ejusdem
1078 913 1328 968 basilicae
1353 913 1574 968 domini
1593 913 1864 969 Germani
1886 912 1993 968 vil-

347 1005 434 1062 las
466 1003 678 1059 sitasin
702 1018 849 1073 pago
878 1002 1516 1070 Antissiodorensi,hoc
1536 1007 1624 1059 est
1647 1003 1996 1075 Nigrontum

350 1110 483 1147 cum
498 1090 855 1164 appendiciis
869 1091 1012 1145 suis.
1033 1091 1320 1146 Linerolas
1333 1108 1564 1164 quoque
1578 1091 1849 1148 similiter
1860 1108 1994 1147 cum

351 1179 712 1254 appendiciis
730 1178 874 1245 suis,
899 1178 1193 1251 simulque
1225 1181 1510 1253 Lagunas.
1539 1181 1679 1236 Nam
1708 1180 1996 1236 Boniacus

350 1267 1682 1340 atqueVitriacus,temporeinterfectionissuae
1703 1269 1762 1324 in
1789 1270 1996 1325 fiscum

349 1361 656 1415 cesserunt
685 1356 1074 1412 Dominicum.

660 1446 794 1501 CAP.
835 1445 1080 1500 XXVIII.
1112 1478 1179 1486 —
1211 1451 1290 1502 De
1325 1446 1696 1502 Theodranno.

417 1535 840 1590 Theodrannus
871 1533 1060 1588 adhuc
1095 1533 1406 1605 superstite
1437 1535 1752 1591 I-Iainmaro
1774 1552 1842 1590 ex
1874 1536 2002 1606 ejus

1194 247 1528 336 APPEND.
1573 246 1678 308 AD
1723 247 1913 309 ssc.
1957 245 2147 329 x._-—
2185 244 2448 307 OP-ERA
2494 262 2886 316 manu.

3643 237 3747 300 ΕΑΒ

2477 379 2611 440 CAP.
2653 379 2888 438 XXXIII.
2918 411 2988 433 .--
3017 377 3400 442 DeMaurino.

2095 557 2400 614 exordium
2435 557 2600 630 regni
2644 557 2833 614 Caroli
2882 557 3108 630 Magni,
3144 556 3232 612 vir
3266 561 3570 614 strenuus.
3602 560 3654 610 et
3680 556 3741 610 fa-

2099 646 2292 701 cunda
2321 645 2650 702 urbanitate
2665 646 3204 718 eloquentissimus,
3231 645 3740 717 atquesanctitatis

2098 731 2288 789 titulis
2311 733 2626 789 admodum
2657 734 2980 792 decoratus.
3010 735 3214 790 Fertur
3237 750 3508 805 namque
3529 734 3740 806 prophe-

2100 821 2214 878 tico
2247 820 2456 894 spiritu
2490 821 2770 878 nonnulla
2801 823 3156 896 pra3dixisse,
3187 839 3322 894 quae.
3373 839 3515 878 mox
3542 823 3617 876 rei
3639 839 3742 892 pro.

2104 909 2261 966 bavit
2293 915 2554 979 eventus,
2589 916 2646 968 et
2674 929 3015 985 quanquam
3042 916 3328 984 potestate
3356 911 3621 968 saeculari
3649 911 3738 966 im-

2105 999 2440 1072 par,mu-1tis
2471 1004 2666 1060 tamen
2705 1000 2882 1060 etiam
2925 1000 3356 1073 potentissimis
3390 999 3671 1074 dignitate
3693 1017 3739 1053 se

2105 1105 2304 1160 parem
2336 1088 2641 1157 exhibuit;
2684 1090 2754 1148 de
2797 1090 2912 1146 hoc.
2955 1090 3283 1149 certissime
3318 1093 3578 1157 constat,
3607 1089 3737 1161 quod

2107 1177 2341 1250 ingenio
2372 1182 2427 1231 et
2458 1179 2769 1249 prudentia
2798 1178 3083 1252 singulari
3116 1196 3230 1247 res,
3263 1183 3334 1234 ut.
3363 1179 3594 1234 dudum
3626 1195 3738 1249 prae—

2109 1265 2786 1336 diximus,ecclesieesuaa
2819 1269 3201 1334 substractas,
3231 1267 3749 1340 annuenteMagne

2109 1353 2338 1422 Carolo,
2357 1359 2502 1411 tunc
2520 1373 2678 1429 rege,
2691 1362 2895 1430 postea
2916 1357 3285 1429 imperatore,
3311 1356 3738 1429 recuperaverit.

2108 1444 2426 1515 Acceptum
2474 1462 2730 1517 namque
2788 1462 3020 1513 aurum,
3059 1449 3126 1501 ut
3177 1445 3388 1512 fertur,
3449 1445 3514 1510 in
3567 1445 3736 1502 eadem

2111 1532 2340 1590 civitate
2383 1532 2446 1590 in
2489 1538 2648 1590 turre
2680 1533 3086 1594 Brunechi-ldis
3116 1534 3447 1600 inventum,
3482 1538 3666 1604 atque,
3690 1538 3748 1588 ut

350 1640 643 1679 consensu
670 1626 758 1677 est
801 1622 1105 1677 ordinatus
1153 1623 1481 1695 episcopus.
1527 1623 1682 1679 Obiit
1714 1628 1909 1680 autem
1941 1642 2006 1680 ιιι
2113 1620 2348 1689 dicitur,
2379 1620 2640 1678 lihratim
2678 1622 3058 1684 distributum
3090 1623 3292 1689 orarii,
3323 1640 3452 1695 quo,
3479 1622 3738 1688 utebatur,

350 1713 498 1768 Non.
540 1711 828 1778 Decemb.,
857 1714 913 1764 et
934 1709 1198 1782 sepultus
1221 1716 1306 1766 est
1330 1711 1389 1766 in
1414 1711 1656 1767 basilica
1677 1713 1735 1769 S.
1773 1713 2003 1768 Eusebii

662 1798 796 1854 CAP.
837 1799 1070 1854 XXXIX.
1102 1831 1169 1840 —
1211 1805 1290 1855 De
1320 1800 1680 1869 Quintiliano.

425 1887 820 1956 Quintilianus
843 1887 1153 1960 episcopus
1185 1888 1310 1948 fuit.
1335 1889 1546 1946 nobilis
1574 1907 1804 1962 genere,
1828 1893 1999 1964 cujus

353 1983 516 2052 pater
544 1975 939 2044 Quintilianus
984 1977 1406 2032 monasterium
1457 1979 1822 2037 Miteretense
1862 1998 1999 2036 con-

352 2067 582 2134 struxit,
617 2083 682 2122 ac
715 2067 890 2121 rebus
925 2065 1175 2138 propriis
1199 2067 1424 2133 ditavit,
1455 2069 1999 2141 xenodochiumque

351 2158 680 2214 Brittonum
715 2156 956 2210 Romam
983 2156 1350 2228 pergentium
1384 2155 1598 2213 ibidem
1630 2175 1758 2213 esse
1788 2159 2000 2215 consti-

348 2246 478 2302 tuit.
513 2245 616 2300 Hic
645 2245 853 2299 beatus
876 2244 1186 2316 episcopus
1225 2249 1359 2299 ante
1388 2245 1786 2318 episcopatum
1822 2247 2001 2304 abbas

348 2335 458 2390 fuit
507 2331 844 2389 monasterii
888 2331 1075 2386 sancti
1107 2333 1377 2386 Germani
1405 2351 1417 2400 ;
1461 2335 1583 2400 sed,
1617 2335 1688 2390 ob
1717 2334 1844 2390 vitae
1878 2354 1996 2392 me-

347 2424 528 2478 ritum
561 2439 626 2477 ac
658 2419 890 2492 generis
923 2418 1307 2487 nobilitatem,
1353 2437 1388 2475 a
1417 2423 1770 2479 monasterio
1799 2425 1997 2496 populi

347 2511 629 2568 electione
655 2513 916 2575 vocatus,
941 2501 1138 2580 pastor
1179 2512 1268 2563 est
1315 2509 1580 2585 Ecclesiae
1604 2511 1994 2584 subrogatus;

349 2599 617 2672 sepultus
648 2602 735 2653 est
764 2597 959 2670 itaque
983 2598 1153 2668 juxta
1175 2598 1627 2670 prazdecessores
1651 2616 1787 2656 suos
1820 2601 1882 2664 in,
1903 2603 2000 2658 ba-

349 2688 517 2744 silica
545 2688 603 2743 S.
638 2684 931 2742 Germani.

759 2778 890 2831 CAP.
933 2774 1092 2829 XXX.
1127 2805 1194 2814 ——
1234 2780 1313 2830 De
1346 2776 1589 2832 Cz'liano.

423 2865 703 2922 Cillianus
720 2863 1029 2937 episcopus
1049 2863 1201 2919 sedit
1231 2880 1415 2927 annos
1437 2881 1556 2932 sex,
1573 2881 1806 2922 menses
1827 2868 1996 2936 duos;

351 2956 495 3013 obiit
524 2958 720 3011 autem
753 2953 938 3026 pridie
967 2952 1162 3008 Nonas
1200 2954 1514 3025 Augustas,
1532 2957 1590 3010 et
1619 2955 1883 3028 sepultus
1914 2962 2003 3013 est

347 3044 407 3099 in
440 3043 680 3100 basilica
709 3041 897 3097 sancti
925 3042 1217 3096 Germani.

729 3135 856 3186 CAP.
889 3129 1076 3184 XXXI.
1112 3161 1177 3170 —
1207 3132 1282 3185 De
1319 3130 1609 3188 Clemente.

418 3221 683 3275 Clemens
697 3220 1005 3292 episcopus
1019 3218 1362 3274 seditannos
1379 3220 1732 3286 5,mensemt
1746 3221 1891 3290 ,dies
1907 3223 1992 3278 10.

347 3310 453 3366 Hic
488 3308 807 3365 caecitatem
854 3323 1192 3378 corpoream
1247 3324 1458 3379 passus
1482 3309 1655 3380 juxta
1692 3309 1995 3365 basilicam

346 3397 745 3472 apostolorum
798 3396 947 3452 Petri
996 3400 1052 3451 et
1107 3394 1269 3451 Pauli
1329 3395 1710 3453 diversorium
1769 3397 1993 3454 habuit.

345 3489 501 3544 Obiit
530 3505 634 3543 x111
664 3486 903 3542 Kalend.
926 3484 1160 3558 Aprilis,
1185 3489 1242 3540 et
1265 3485 1530 3558 sepultus
1563 3491 1652 3542 est
1671 3486 1730 3542 in
1754 3487 1997 3543 basilica

344 3578 532 3634 sancti
565 3576 879 3632 Amatoris.

727 3665 862 3719 CAP.
906 3663 1119 3718 XXXII.
1153 3693 1222 3704 —-
1259 3665 1334 3718 De
1363 3664 1611 3735 Aidulfo.

415 3753 706 3819 Aidulfus,
741 3768 809 3806 ex
857 3754 1090 3806 cantore
1137 3751 1469 3823 episcopus,
1503 3753 1653 3807 sedit
1683 3754 1996 3822 annos,-15;

348 3841 460 3895 fuit
490 3839 856 3910 temporibus
878 3838 1062 3893 Caroli
1096 3837 1357 3908 majoris,
1382 3843 1438 3893 et
1459 3841 1791 3910 perduravit
1815 3858 2001 3914 usque

352 3930 421 3984 ad
462 3927 756 3999 Pipinum,
779 3925 840 3981 in
854 3925 1065 3980 divinis
1079 3926 1287 3981 ofﬁciis
1315 3931 1590 3984 strenuus
1611 3933 1667 3983 et
1686 3929 1998 4001 episcopali

349 4015 620 4090 largitate
663 4015 956 4082 famosus;
1006 4015 1132 4085 ejus
1164 4018 1446 4086 tempore,
1476 4032 1567 4072 res
1597 4016 2000 4074 ecclesiastica:

349 4106 422 4161 ab
453 4104 859 4176 episcoporum
893 4107 1210 4174 postestate
1241 4120 1344 4174 per
1372 4105 1644 4160 eumdem
1674 4105 2000 4179 principem

347 4193 654 4250 abstractae
714 4192 773 4248 in
837 4190 1206 4247 dominatum
1257 4192 1624 4249 saecularium
1674 4200 1999 4263 cesserunt,

346 4281 639 4354 siquidem
687 4283 926 4336 centum
980 4281 1390 4336 tantummodo
1447 4281 1670 4338 mansis
1727 4284 1999 4355 episcopo

345 4369 650 4435 direlictis,
727 4368 1013 4442 quidquid
1091 4368 1362 4424 villarum
1420 4371 1729 4443 superfuit,
1781 4371 1840 4426 in
1901 4389 2000 4430 sex

342 4459 636 4532 principes
668 4459 966 4530 Bajoarios
999 4457 1382 4547 distributum
1433 4463 1555 4526 est;
1589 4458 1833 4515 abbatize
1865 4477 2074 4547 veroD

343 4547 591 4621 singulis
626 4547 940 4602 abbatibus
973 4546 1276 4618 dilargitis,
1310 4564 1489 4618 quam
1522 4547 1775 4603 ecclesiae
1809 4547 1998 4603 humi-

344 4635 645 4692 liationem
677 4636 831 4690 idem
882 4635 1192 4708 religiosus
1225 4635 1484 4708 pontifex
1511 4653 1658 4708 pene
1688 4637 1996 4693 exitialiter

342 4723 548 4790 doluit,
581 4724 724 4778 adeo
755 4729 821 4778 ut
842 4723 1128 4796 paralysis
1151 4724 1352 4780 morbo
1376 4725 1994 4797 correptus,universis

341 4811 434 4866 sui
466 4812 724 4883 corporis
754 4813 961 4868 officiis
993 4812 1565 4884 privaretur.Eodem
1591 4814 1785 4886 itaque
1808 4814 1992 4870 diver-

340 4900 493 4955 sorio
516 4917 649 4954 cum
683 4900 964 4957 clemente
995 4901 1270 4972 praedicto
1293 4900 1484 4956 abhuc
1510 4903 1820 4966 superstite
1842 4903 1995 4958 clau-

340 5005 441 5042 sus
473 4988 622 5059 stipe
642 4987 1034 5043 ecclesiastica
1057 5005 1244 5059 usque
1275 4989 1346 5043 ad
1364 4989 1520 5043 diem
1544 4991 1636 5044 sui
1660 4991 1854 5046 obitus
1873 4990 1989 5046 ale-

338 5076 529 5144 batur,
558 5076 817 5131 Maurino
843 5095 912 5132 ex
939 5075 1240 5131 voluntate
1261 5077 1525 5147 ejusdem
1550 5073 1840 5148 pontificis
1859 5080 1993 5134 sub-

337 5165 710 5220 ministrante
729 5164 995 5237 publicas
1011 5163 1460 5231 functiones,hic
1479 5166 1724 5222 contulit
1738 5167 1990 5222 basilicae

335 5255 524 5310 sancti
558 5253 776 5309 Stefani
810 5270 901 5308 res
934 5251 1304 5325 preprietatis
1339 5269 1454 5308 suae
1487 5253 1545 5307 in
1578 5271 1726 5327 pago
1772 5257 1991 5312 Torno-

335 5343 571 5400 dorensi
608 5342 665 5397 in
697 5341 853 5408 villa,
879 5359 1004 5412 qua:
1027 5339 1419 5396 Montiniacus
1441 5341 1748 5410 dicitur,ea
1772 5345 1993 5401 ratione

333 5432 713 5504 utstipendiis
731 5445 1051 5503 pauperum
1067 5431 1344 5499 perpetuo
1357 5429 1881 5499 deservirent;obiit
1895 5451 1993 5489 au-

331 5538 449 5592 tem
480 5523 679 5578 Idibus
697 5522 902 5578 Nov.et
922 5516 1189 5590 sepultus
1203 5516 1362 5572 estin
1384 5517 1987 5577 basilicaS.Germani.

2029 1750 2090 1828 Di

2114 1709 2280 1767 nodis
2309 1709 2448 1765 hinc
2476 1710 2612 1766 inde
2663 1712 2936 1778 coercuit,
2987 1715 3162 1784 atque
3187 1710 3342 1768 collo
3388 1724 3740 1783 suspensum.

2107 1801 2239 1855 ante
2287 1799 2690 1871 praenominati
2739 1801 2897 1874 regis
2947 1799 3328 1872 praesentiam
3370 1817 3520 1858 novo
3565 1799 3735 1855 ordine

2109 1886 2335 1954 detulit,
2367 1888 2708 1960 pariterque
2734 1889 3064 1946 commissae
3087 1889 3198 1946 sibi
3227 1888 3501 1946 ecclesiae.
3517 1904 3733 1961 pauper-

2107 1979 2286 2032 tatem
2336 1994 2401 2032 ac
2449 1995 2567 2032 suae
2611 1982 2871 2038 tenorem
2925 1978 3223 2049 petitionis
3279 1977 3465 2050 regiis
3523 1977 3732 2038 auribus

2106 2063 2416 2134 intimavit,
2446 2065 2500 2121 id
2538 2082 2600 2121 se
2629 2067 3038 2140 praecogitasse
3059 2083 3368 2136 asserens,
3405 2071 3479 2122 ut.
3502 2065 3733 2138 singulos

2109 2151 2308 2224 palatii
2341 2151 2634 2224 principes
2665 2153 2911 2227 singulis
2944 2154 3068 2210 auri
3109 2154 3274 2212 libris
3305 2155 3374 2212 in
3410 2154 3505 2212 sui
3532 2155 3734 2226 abjuto‘

2110 2239 2260 2296 rium
2312 2241 2664 2308 conciliaret,
2716 2244 2830 2300 sed
2867 2247 3068 2314 postea
3092 2249 3359 2304 mutasse
3389 2242 3738 2306 sententiam..

2108 2334 2282 2402 θάψω
2313 2333 2376 2385 ιη
2404 2330 2530 2402 ipse
2561 2330 2722 2388 solus
2753 2335 2966 2389 cuncta
3014 2333 3320 2404 acciperet,
3362 2331 3738 2403 rectiusjudi-

2109 2434 2291 2474 03388.

2179 2507 2746 2581 Annuitbenignitas
2757 2509 3634 2583 principis,etut,deoedentibus
3645 2509 3732 2564 sin-

2108 2595 2264 2669 gulis
2295 2596 2394 2670 qui
2429 2602 2568 2653 tunc
2608 2615 2702 2653 res
2732 2598 3156 2658 ecclesiasticas
3183 2600 3548 2667 obtinebant,
3562 2596 3728 2672 paula-

2107 2684 2216 2741 tim
2247 2702 2317 2743 cu
2329 2690 2464 2742 ncta
2493 2685 2776 2759 reciperet
2814 2692 3099 2760 praecepto
3140 2687 3299 2761 regio
3327 2689 3534 2745 edixit.
3557 2688 3728 2758 Sicque

2109 2778 2402 2830 annuente
2416 2775 2531 2831 Deo
2551 2775 2830 2847 reciperet
2851 2793 3127 2849 prospere
3155 2777 3361 2845 cessit,
3392 2782 3458 2833 ut
3478 2775 3732 2832 fereintra.

2109 2861 2413 2918 biennium
2448 2862 2644 2921 nullus
2666 2881 2810 2937 pene
2833 2881 3035 2928 eorum
3059 2864 3364 2933 restiterit,
3395 2865 3602 2938 quibus
3616 2879 3726 2936 prae-

2112 2949 2208 3005 dia
2249 2951 2646 3008 ecclesiastica
2692 2957 2895 3010 contra
2945 2953 3175 3016 licitum
3219 2954 3724 3010 deserviebant:ea

2110 3042 2458 3112 tempestate
2480 3041 2718 3098 abbatia
2732 3046 3070 3098 sanctorum
3086 3046 3416 3114 martyrum
3435 3039 3668 3100 θεηταεῆ
3681 3043 3728 3092 et

2025 3116 2371 3195 C‘Protasii,
2421 3145 2646 3186 necnon
2695 3135 2753 3186 et
2803 3131 2989 3190 sancti
3021 3130 3277 3197 Martini,
3311 3130 3509 3188 sancti
3534 3142 3722 3202 quoque

2105 3218 2339 3274 Eusebii
2371 3218 2431 3274 in
2464 3235 2608 3274 usus
2631 3219 2690 3275 S.
2715 3219 2997 3291 Stephani
3019 3219 3720 3288 redierunLMaximaquo-

2106 3323 2220 3379 que
2247 3305 2518 3362 villarum
2569 3324 2726 3379 pars,
2759 3325 2886 3378 quae
2920 3308 3148 3364 fuerant
3187 3312 3434 3366 eatenus
3463 3306 3718 3368 abdicata.

2107 3393 2224 3449 Hoc
2255 3393 2528 3466 praesule,
2552 3394 2779 3467 primus
2816 3412 3011 3452 comes
3042 3395 3178 3468 pagi
3208 3391 3719 3454 Antissiodorensis.

2106 3483 2496 3539 Ermonoldus
2518 3483 2850 3550 nomine,in
2885 3501 2990 3540 suo
3021 3484 3208 3555 ipsius
3241 3486 3459 3556 praedio
3482 3485 3722 3541 monaste-

2107 3570 2262 3626 rium
2294 3571 2352 3626 in
2383 3571 2699 3629 Salvatoris
2746 3573 2964 3630 honore
3013 3573 3364 3641 construxit,
3395 3573 3558 3646 quod
3597 3570 3716 3624 idem

2109 3659 2419 3733 episcopus
2443 3659 2781 3718 solemniter
2811 3661 3118 3728 dedicavit,
3143 3667 3318 3734 atque
3337 3678 3412 3718 ex
3439 3661 3601 3718 rebus
3617 3672 3720 3712 saa-

2109 3746 2186 3829 dti
2219 3749 2498 3820 Stephani
2545 3749 2765 3818 villam,
2817 3750 2909 3806 sui
2940 3750 3251 3806 Cocciacus
3283 3766 3498 3808 nomen
3537 3752 3633 3812 est,
3671 3743 3716 3797 in

2110 3842 2493 3909 augmentum
2526 3838 2708 3903 dedit,
2731 3837 3120 3895 nihilominus
3137 3839 3420 3911 prafatus
3446 3853 3622 3896 comes
3645 3832 3717 3887 0b-

2109 3929 2275 3980 tentu
2305 3925 2562 3997 episcopi
2595 3927 2748 3981 idem
2773 3927 3198 3983 monasterium
3229 3932 3435 3983 sancto
3466 3922 3714 3996 Stephano

2109 4018 2312 4085 postea
2334 4013 2639 4088 delegavit.
2661 4016 2847 4088 Super
2878 4015 3060 4071 altare
3081 4013 3546 4086 quoquematris
3571 4007 3714 4066 eccle-

2111 4103 2230 4169 sia),
2263 4102 2357 4157 hic
2387 4102 2511 4174 ipse
2533 4105 2788 4172 pontifex
2819 4094 3586 4176 pallium,,pretio.sissimum
3603 4109 3710 4154 auro

2109 4195 2166 4245 et
2195 4191 2528 4264 margaritis
2559 4192 2772 4248 obtulit
2802 4190 3210 4250 decentissime
3232 4195 3583 4248 exornatum.
3613 4187 3713 4240 Cru-

2109 4294 2234 4334 cem
2267 4278 2441 4336 etiam
2486 4295 2554 4334 ex
2583 4297 2724 4335 auro
2755 4279 3071 4352 purissimo
3104 4282 3174 4342 et,
3208 4279 3462 4350 gemmis
3489 4269 3711 4349 pretiosis

2108 4367 2459 4439 composuit,
2476 4368 2711 4424 nomine
2732 4368 3057 4428 inscribens
3088 4384 3212 4424 suo.
3240 4367 3379 4432 Sed,
3419 4371 3475 4423 et
3503 4362 3713 4421 imitator

2106 4456 2361 4512 existens
2394 4457 2555 4512 bonae
2588 4457 2883 4512 memoria
2917 4453 3365 4530 predecessoris
3397 4444 3720 4522 sui,contulit

2107 4561 2199 4600 res
2229 4544 2601 4618 proprietatis
2624 4563 2741 4600 suae
2761 4549 2963 4605 sancto
2990 4543 3308 4615 Stephano,
3340 4547 3408 4598 ut
3436 4546 3718 4616 pauperum.

2105 4633 2446 4703 indigentiis
2475 4633 3014 4698 subministrarem.
3035 4633 3186 4692 Sunt,
3208 4636 3407 4688 autem
3439 4629 3712 4688 eadem”:

2105 4721 2304 4793 positae
2350 4721 2409 4777 in
2459 4738 2606 4795 pago
2634 4722 3065 4782 Tornodorensi
3100 4720 3162 4778 in
3193 4719 3353 4789 villa,
3380 4736 3506 4792 qua
3541 4711 3716 4778 dicitur

2101 4811 2460 4870 Fontanetus
2481 4829 2493 4880 ;
2513 4811 2897 4868 nihilominus
2929 4815 2984 4866 et
3004 4809 3314 4882 stipendiis
3345 4806 3720 4865 canonicorum.

2102 4899 2354 4972 agellum
2379 4900 2754 4972 proprietatis
2775 4917 2895 4960 sua;
2916 4898 3184 4966 contulit,
3210 4898 3380 4970 cuius
3408 4888 3708 4954 vocabulum

2100 4993 2190 5043 est
2233 4986 2469 5056 Villare,
2501 5005 2616 5044 non
2648 4987 2817 5062 longe
2847 5006 2881 5042 a
2911 4986 3390 5058 Varciaco,.q.uod
3415 4986 3530 5057 ipse
3556 4989 3708 5068 aquit-

2101 5077 2237 5131 dam
2269 5077 2538 5132 matrona
2583 5077 2932 5143 obtinuerat,
2984 5074 3220 5130 nomine
3265 5073 3459 5130 Rocla.
3497 5063 3706 5156 Decessli

2099 5182 2201 5221 vux
2234 5165 2372 5221 Idus
2401 5166 2672 5237 Augusti,
2708 5170 2884 5237 atque
2913 5165 2973 5220 in
3004 5162 3252 5220 ecclesia
3284 5162 3471 5220 sancti
3501 5160 3714 5214 Gervasn,

2100 5253 2436 5310 tumulatus
2466 5258 2573 5325 est,
2606 5271 2784 5326 quam
2815 5259 2874 5310 et
2913 5253 3039 5326 ipse
3097 5267 3331 5324 quoque
3366 5240 3704 5306 renovaverat-

2499 5342 2626 5399 CAP.
2668 5341 2898 5399 XXXIV.
2933 5373 3002 5408 —_-
3031 5343 3104 5398 De
3132 5341 3363 5403 Auro-ne.

2170 5432 2367 5487 Aaron
2419 5430 2729 5504 episcopus
2759 5431 2912 5486 sedit
2941 5446 3128 5486 annos
3159 5429 3244 5484 43.
3280 5428 3361 5488 De
3392 5427 3494 5484 hoc
3521 5413 3704 5477 constat

2104 5520 2259 5591 quod
2284 5518 2686 5592 proﬁciscente
2706 5519 2949 5584 Romam
2975 5515 3177 5576 Carolo
3204 5517 3415 5591 Magno
3436 5512 3539 5576 sub
3557 5508 3704 5565 Leone
