3814 6218
55 331 164 395 M9

928 332 1030 396 DE
1073 330 1349 394 GESTIS
1392 326 1636 392 EPISG.
1683 325 2116 391 ANTISSYOD.
2149 361 2230 376 —
2255 328 2464 393 PARS
2499 327 2550 394 Ε

3312 327 3436 397 250

50 483 185 540 papa
212 463 285 521 ad
305 463 494 522 decus
521 459 747 538 imperii
778 465 1194 531 roborandam,
1211 479 1346 519 cum
1367 463 1496 534 ipso
1519 458 1673 534 pari-
1702 459 1760 527 Α,
1786 461 2139 534 gitat'em-sa—i
2164 461 2420 519 nominis
2450 462 2834 536 inscriptione
2859 460 3190 538 designans.
3215 465 3442 524 Sancto.

55 563 131 612 ter
146 555 441 627 profectus
456 559 570 622 est,
584 558 758 627 atque
775 555 835 609 in
857 554 988 626 ipsa
1003 552 1368 627 expeditione
1384 550 1678 607 abbatiam

56 644 222 700 sancti
253 643 504 700 Mar-iani
534 661 578 698 a~
598 645 831 716 praefato
883 645 1233 716 imperatore
1273 640 1544 697 obtinuit.
1579 640 1680 694 Hic

56 734 189 788 idem
210 732 470 804 pontifex
489 731 774 788 cibarium
797 749 973 804 super
993 731 1170 787 altare
1193 730 1379 786 sancti
1399 727 1678 800 Stephani

56 839 179 877 auro
227 825 580 894 argentoqut
624 820 867 876 miriﬁce
905 820 1250 892 composuit.
1286 818 1443 874 Obiit
1483 817 1681 872 Idibus

56 910 351 978 Februarii,
385 914 443 966 et
473 908 741 982 sepultus
786 914 876 964 est
921 910 979 963 in
1030 908 1273 964 basilica
1320 907 1506 964 sancti
1540 906 1680 961 Ger-

53 1017 201 1054 V881].

281 1121 293 1139 ε
383 1088 522 1143 CAP.
557 1087 766 1143 XXXV.
798 1119 865 1129 -—
898 1090 970 1143 De
1005 1087 1340 1157 .4ngelelmo.

114 1176 821 1250 Angelelmusepiscopus,
836 1175 1072 1232 natione
1095 1175 1416 1247 Bajoarius,
1429 1191 1497 1228 ex
1520 1175 1692 1244 patre.

59 1266 297 1322 Obtelmo
343 1270 401 1322 et
451 1269 638 1320 matre
694 1266 982 1338 Hogarde,
1015 1265 1166 1320 sedit
1216 1281 1401 1319 annos
1438 1263 1520 1318 t7.
1555 1262 1680 1326 Hic,

56 1372 170 1413 cum
182 1359 334 1411 esset
355 1353 446 1408 vir
466 1369 714 1408 summa;
733 1352 1131 1426 simplicitatis
1143 1351 1534 1412 etcharitatis.
1551 1367 1682 1422 pre-

56 1445 226 1515 sbyter
254 1441 585 1509 ordinatus,
614 1446 674 1497 et
700 1441 952 1500 basilicas
983 1446 1321 1498 sanctorum
1351 1439 1607 1497 Gervasii
1627 1443 1684 1495 et

58 1531 274 1588 Protasii
305 1531 494 1587 abbas
525 1531 888 1603 praestitutus
918 1534 1025 1586 est.
1057 1535 1206 1586 Sane
1234 1531 1546 1586 decedente
1575 1531 1684 1584 Aa-

57 1638 144 1675 ron
165 1621 458 1693 pontiﬁce,
478 1620 766 1675 Jeremias
797 1619 1151 1675 Senonensis
1185 1619 1678 1690 archiepiscopus,

50 1709 205 1779 iussu
228 1708 416 1766 Caroli
449 1708 818 1780 imperatoris
847 1707 1317 1764 Antissiodorum
1345 1707 1606 1772 veniens,
1624 1707 1680 1761 in

57 1798 366 1854 ecclesias.
401 1797 675 1852 Germani
708 1795 846 1853 cleri
877 1800 936 1852 et
965 1795 1162 1868 populi
1185 1795 1414 1869 collegit
1435 1799 1679 1862 ccetum;

56 1886 128 1942 ibi
151 1885 414 1960 generali.
439 1902 729 1941 consensu
759 1886 1087 1953 accedente,
1111 1885 1208 1940 hic
1237 1885 1391 1940 idem
1422 1885 1684 1956 Aug-elei—

56 1992 168 2031 mus
187 1976 256 2030 ab
272 1974 556 2034 omnibus
584 1973 805 2030 electus
825 1979 912 2030 est
929 1974 1240 2046 episcopus
1271 1979 1326 2029 et
1357 1974 1660 2029 ordinatus

56 2063 312 2136 Suscepto
345 2062 531 2136 igitur
550 2062 870 2134 pontificali
890 2061 1214 2117 ministerio
1237 2065 1426 2117 totum
1445 2063 1578 2117 sein
1595 2062 1684 2116 diu

54 2153 230 2208 vinum
251 2151 578 2210 transfudit
592 2151 919 2221 servitium,
934 2151 992 2206 in
1005 2151 1369 2207 orationibus
1379 2151 1682 2216 assiduus,

57 2240 105 2296 in
124 2241 392 2314 lacrymis
415 2240 717 2312 frequens,
742 2241 800 2294 in
824 2239 1212 2312 eleemosynis
1242 2239 1593 2312 praecipuus,
1617 2257 1684 2294 ac

56 2346 183 2400 pene
199 2347 306 2386 suo
329 2334 602 2400 tempore
624 2327 944 2399 singularis
968 2353 982 2394 ;
1007 2328 1190 2383 fertur
1208 2327 1366 2383 enim
1389 2328 1682 2384 interdum

57 2434 230 2473 amore
257 2415 556 2490 largitatis
581 2415 986 2488 aegritudinem
1018 2415 1349 2483 simulasse,
1370 2421 1436 2471 ut
1463 2418 1685 2488 absque

56 2506 213 2562 ullius
241 2505 730 2569 contradictione,
764 2522 890 2577 quae
923 2505 1134 2562 habere
1172 2509 1416 2577 poterat,
1449 2505 1508 2560 in
1541 2522 1687 2561 usus

58 2611 357 2666 pauperum
390 2598 677 2666 erogaret.
703 2593 1019 2650 Ecclesium
1051 2593 1235 2649 sancti
1267 2593 1547 2665 Stephani
1570 2611 1684 2650 non

56 2683 283 2755 simplici
330 2682 616 2754 largitate
655 2681 877 2748 ditavit,
911 2681 1093 2738 altare
1127 2683 1376 2738 senioris
1409 2682 1684 2749 ecclesiae,

55 2771 246 2830 tabulis
292 2771 594 2844 argenteis
641 2769 861 2842 ubique
903 2771 1212 2844 compegit,
1244 2771 1425 2827 alta-re
1454 2787 1686 2844 quoque

56 2865 245 2916 sancta
257 2859 468 2916 Maria:
481 2857 866 2915 nihilominus
876 2857 1080 2914 tabula
1089 2863 1363 2930 argentea
1375 2859 1684 2915 decoravit.

56 2948 232 3004 Sancti
261 2963 507 3020 quoque
537 2947 807 3019 Baptista:
827 2947 1076 3003 Joannis
1101 2947 1282 3003 altare
1312 2947 1491 3003 simili
1524 2965 1690 3003 orna-

57 3042 230 3093 mento
259 3035 589 3103 decoravit,
609 3041 744 3092 ante
773 3035 958 3092 altare
990 3037 1047 3091 S.
1073 3035 1354 3107 Stephani
1385 3042 1503 3092 tres
1526 3053 1686 3092 coro-

53 3142 146 3182 nas
185 3129 502 3199 argenteas
546 3123 820 3196 praecipui
879 3124 1155 3196 ponderis
1212 3124 1596 3195 praeparavit;-
1629 3125 1684 3180 in

1789 567 2023 623 quoque
2063 552 2321 608 Amatori
2368 553 2610 608 calicem
2658 559 2996 626 argenteum
3044 572 3180 612 cum
3221 561 3436 628 patens.

1788 640 1995 695 tribuit
2023 641 2284 712 ejusdem
2308 643 2500 713 operis
2531 659 2869 714 quanquam
2896 644 3169 714 ponderis
3189 645 3432 702 minoris

1789 733 1991 785 sancto
2024 730 2187 785 Petro
2221 730 2510 786 similiter.
2535 730 2724 787 Allare
2756 732 2942 788 sancti
2969 732 3203 789 Eusebii
3237 735 3436 791 tabula

1789 823 2062 890 argentea
2084 820 2400 890 exornavit,
2425 818 2664 877 calicem
2686 825 3028 894 argenteum
3061 837 3194 876 cum
3227 828 3437 894 patens

1789 907 1966 974 dedit,
1991 907 2368 979 Evangelium
2400 925 2632 981 quoque
2664 915 3007 982 argenteum
3047 927 3181 967 cum
3227 915 3436 969 cande-

1789 995 1970 1051 labris
1992 997 2302 1067 argenteis,
2332 1014 2398 1053 ac
2418 997 2718 1054 thuribulo
2751 999 3136 1057 nihilominus
3165 1007 3436 1074 argenteo

1789 1085 2150 1157 praeparavit,
2178 1087 2432 1142 cortinas
2464 1087 2640 1142 etiam
2663 1087 2884 1153 altaris,
2909 1106 2976 1144 ac
2997 1089 3280 1146 nonnulla
3310 1091 3439 1162 pal-

1789 1173 1868 1228 lia
1879 1174 2245 1230 condonavit.
2262 1175 2324 1230 In
2342 1175 2602 1231 ccenobio
2625 1176 2808 1230 sancti
2825 1176 3162 1244 Salvatoris,
3177 1178 3437 1234 tabulam

1791 1266 2125 1333 argenteam
2149 1279 2282 1317 cum
2316 1263 2484 1335 signo
2511 1264 2894 1320 sonorissimo
2924 1265 3098 1321 dedit.
3128 1266 3233 1321 Per
3255 1271 3438 1323 totam

1791 1348 2042 1419 denique
2074 1366 2192 1403 suae
2223 1351 2528 1421 potestatis
2559 1351 2856 1407 dioecesim
2895 1353 3156 1410 ecclesiis
3200 1355 3438 1427 quidem

1788 1436 2008 1492 vicanis
2048 1439 2118 1492 ad
2165 1440 2611 1509 praeparandum
2662 1440 2902 1496 calicem
2934 1445 2990 1497 et
3018 1447 3288 1514 patenam
3322 1449 3441 1501 tres

1790 1525 1971 1581 libras
1984 1527 2206 1598 argenti
2223 1527 2544 1583 distribuit.
2563 1528 2886 1586 Minoribus
2908 1547 3039 1586 vero
3061 1532 3301 1603 capellis
3316 1534 3440 1589 suis

1791 1616 2077 1670 duntaxat
2095 1617 2166 1670 ad
2190 1634 2338 1688 opus
2366 1616 2557 1673 simile
2588 1617 2805 1674 solidos
2831 1620 3248 1688 15'destinavit,
3274 1623 3331 1676 in
3350 1622 3434 1675 vi-

1791 1704 1874 1759 cis
1898 1721 2128 1776 quoque
2160 1705 2416 1776 praefatis
2445 1722 2762 1778 congruam
2797 1709 3021 1780 argenti
3049 1709 3442 1780 quantitatem

1790 1791 2037 1863 largitus
2067 1797 2175 1862 est,
2199 1794 2270 1848 ad
2304 1811 2507 1850 cruces
2539 1795 2598 1850 in
2628 1795 2891 1852 ecclesiis
2923 1799 3307 1854 exornandas.
3341 1799 3443 1854 His

1767 1877 1770 1882 ’
1793 1885 1851 1936 et
1870 1881 2211 1952 hujusmodi
2243 1883 2528 1939 bonorum
2548 1900 2790 1955 operum
2813 1885 3082 1957 frugibus
3112 1885 3320 1957 plenus
3343 1888 3443 1944 de-

1793 1969 1987 2036 cessit,
2023 1971 2134 2026 sub
2155 1971 2247 2026 die
2269 1972 2414 2026 Non.
2437 1971 2670 2037 Juliar.,
2694 1978 2869 2044 atque
2893 1974 2947 2029 in
2985 1974 3228 2031 basilica
3255 1976 3442 2033 sancti

1794 2059 2064 2114 Germani
2098 2059 2338 2114 honeste
2368 2060 2696 2116 tumulatus
2725 2066 2832 2117 est.

2141 2147 2276 2202 ΟΑΡ.
2306 2148 2543 2204 XXXVI.
2579 2180 2645 2192 —
2673 2152 2748 2206 De
2777 2153 3095 2208 Heribaldo.

1868 2235 2214 2292 Heribaldus
2251 2236 2580 2309 episcopus,
2616 2256 2684 2293 ex
2715 2244 2876 2310 patre
2918 2240 3189 2297 Antelmo
3237 2243 3443 2314 Bajoa-

1794 2325 1899 2392 rio,
1944 2329 2130 2380 matre
2191 2325 2442 2381 Frotilde
2495 2327 2850 2396 Vastinensi,
2903 2329 3053 2384 sedit
3108 2347 3294 2387 annos
3351 2333 3440 2388 33.

1797 2415 1960 2469 ll-u‘nc
1988 2414 2069 2468 ab
2092 2413 2328 2470 ineunte
2375 2418 2540 2470 satate
2588 2415 2647 2470 in
2689 2416 2903 2488 palatio
2956 2417 3268 2474 educatum
3313 2424 3452 2491 post

1795 2503 2099 2558 decessum
2124 2503 2394 2558 avunculi
2418 2504 2508 2559 sui
2531 2503 2854 2577 Angelelmi
2881 2505 3073 2562 clerus
3103 2511 3164 2563 et
3191 2508 3445 2580 populus

1795 2591 2045 2647 solemni
2065 2591 2344 2647 electione
2369 2592 2518 2648 facta
2540 2594 2905 2664 pontiﬁcatui
2935 2596 3314 2663 suﬂ'eeerunt,
3345 2597 3460 2654 Al--

1796 2679 1956 2734 drico
1986 2681 2283 2735 Senonum
2334 2679 2766 2753 archiepiscopo
2815 2699 2948 2738 cum
2993 2684 3350 2756 coepiscopis
3379 2703 3458 2742 ex.

1796 2773 2082 2840 praecepto
2106 2768 2377 2824 Ludovici
2412 2770 2780 2841 imperatoris
2802 2771 2979 2842 hujus
3003 2773 3298 2846 negotium
3322 2792 3446 2846 pro.

1796 2862 2056 2912 curante.
2096 2857 2336 2913 Constat
2363 2863 2558 2915 autem
2591 2875 2724 2915 eum
2760 2860 2817 2913 in
2849 2860 3094 2916 ecclesia
3123 2862 3278 2918 beati
3309 2864 3446 2919 Ger.

1796 2947 1953 3001 mani
1973 2950 2030 3000 et
2043 2945 2324 3002 electione
2353 2947 2725 3018 designatum
2753 2952 2810 3002 et
2825 2948 3190 3005 ordinatione
3210 2967 3458 3021 promo-

1797 3038 1922 3090 tum
1933 3077 1944 3089 .
1955 3035 2290 3090 Fuitantem
2304 3035 2391 3088 vir
2403 3035 2721 3090 admodum
2735 3035 2972 3102 nobilis,
2987 3036 3445 3110 formaelegans,

1797 3122 2028 3194 eloquio
2050 3123 2292 3187 nitidus,
2318 3123 2598 3195 singulari
2632 3124 2939 3196 prudentia
2965 3125 3443 3199 circumspectus.

51 3193 516 3270 circuitualtaris
536 3193 741 3268 decem
757 3193 1384 3269 candelabrama—xinia
1401 3217 1458 3267 et
1477 3228 1686 3285 argen-
1719 3193 1762 3260 C
1799 3211 2186 3275 Quamobrem
2216 3215 2273 3266 et
2303 3193 2456 3283 apud
2490 3193 2654 3285 reges
2689 3213 3010 3285 plurimum
3039 3193 3241 3284 valuit,
3273 3215 3352 3273 ita
3384 3220 3449 3271 ut

51 3305 132 3356 tea
147 3299 738 3368 constituit,calicem
763 3304 1104 3372 argenteum
1126 3301 1415 3370 optimum
1437 3317 1569 3356 cum
1590 3319 1691 3373 pa-

51 3393 172 3446 tens,-
209 3389 600 3457 condonavit,
625 3405 692 3446 ac
719 3405 836 3444 suo
869 3387 1106 3444 nomine
1155 3389 1545 3462 praesignavit.
1578 3391 1690 3445 Sed

50 3484 98 3533 et
123 3496 350 3536 crucem
385 3476 815 3551 permaximam
838 3476 992 3534 inibi-
1009 3476 1330 3545 collocavit,
1349 3495 1526 3550 quam
1549 3495 1692 3534 auro

52 3571 392 3641 argentoque
418 3564 588 3622 vultu
612 3565 926 3621 Salvatoris
948 3566 1357 3622 decentissime
1379 3567 1705 3638 decoravit,

51 3655 212 3719 altare
241 3659 533 3729 argentea
562 3653 764 3711 tabula
790 3658 1063 3714 ornatum
1094 3659 1228 3710 ante
1249 3672 1378 3711 eam
1401 3660 1690 3712 statuens.

50 3743 306 3802 Eundem
317 3743 636 3801 ecclesiam
647 3743 1382 3817 signis-quatuormaximis
1395 3748 1452 3800 et
1464 3744 1693 3801 sonoris

52 3834 342 3902 decoravit,
367 3832 514 3888 fecit
530 3836 588 3887 et
615 3848 854 3904 capsam
887 3831 1164 3905 praecipui
1197 3832 1389 3904 operis
1420 3850 1561 3889 auro
1593 3851 1691 3888 ar-

54 3927 318 3993 gentoque
349 3919 796 3992 elegantissime
821 3923 1143 3991 comptam,
1162 3919 1261 3976 ubi
1292 3936 1529 3991 capsum
1551 3922 1691 3977 bea-

51 4007 242 4066 tissimi
257 4007 740 4074 Amatoris,cum
761 4007 971 4064 multis
987 4012 1323 4064 sanctorum
1350 4008 1693 4081 pignoribus

50 4097 310 4154 condidit.
339 4095 599 4168 Tapetia
624 4095 808 4153 etiam
831 4096 1153 4168 optirnaad
1199 4096 1406 4153 sedilia
1435 4097 1692 4154 basilicae

47 4187 372 4246 ﬁci-nanda:
401 4185 670 4258 plurima
694 4183 964 4240 contulit.

105 4273 298 4343 Hujus.
313 4279 587 4346 tempore
616 4273 944 4336 Ludovicus
968 4273 1318 4345 imperator,
1347 4273 1495 4330 facto
1525 4289 1692 4347 gene-

46 4359 134 4416 rali
159 4366 484 4427 conventu,
497 4361 794 4417 canonicis
807 4405 810 4408 .
824 4360 1152 4433 regularem
1180 4363 1374 4418 vitam.
1387 4363 1701 4435 imposuit,

49 4455 204 4520 atque
231 4452 304 4507 ob
335 4449 593 4508 tutelam
621 4449 926 4523 religionis
949 4450 1191 4508 claustri
1223 4451 1692 4508 custodiam-ineo

1798 3300 1858 3354 in
1880 3299 2095 3371 palatio
2115 3300 2618 3372 archicapellanus
2648 3302 2909 3370 effectus,
2925 3302 3188 3359 seculari
3214 3321 3460 3377 quoque:

1799 3387 2082 3461 dignitate
2132 3389 2580 3460 potentissimus
2619 3406 2689 3445 ea
2734 3395 3081 3462 tempestate
3123 3393 3446 3462 exstiterit;

1799 3482 1975 3549 atque
1997 3482 2060 3532 ut
2081 3494 2143 3534 se
2165 3477 2382 3534 habent
2408 3477 2688 3544 humana,
2705 3480 2965 3550 quandiu
2991 3481 3226 3552 quidem
3250 3481 3460 3552 hujus—

1800 3565 1958 3621 modi
1988 3567 2292 3637 potestatis
2339 3566 2500 3637 apice
2543 3566 2756 3636 ﬂoruit,
2790 3568 3168 3624 saecularibus
3200 3570 3450 3642 negotiis

1801 3671 1927 3710 sese
1955 3654 2322 3709 mediocriter
2351 3654 2528 3709 dedit.
2557 3654 2762 3710 Divino
2795 3660 2992 3711 autem
3023 3662 3289 3728 respectu
3319 3662 3446 3714 tan-

1801 3744 1930 3798 dem
1963 3742 2307 3814 inspiratus,
2341 3747 2536 3815 atque,
2569 3745 2723 3816 quod
2756 3762 2792 3800 a
2814 3744 3010 3800 saeculi
3043 3745 3303 3818 appetitu
3327 3747 3458 3818 plu-

1801 3833 2016 3888 rimum
2041 3831 2186 3888 solet
2207 3849 2594 3904 compescere,
2617 3832 3282 3907 inﬁrmitatiscorporeie
3298 3836 3465 3892 molei

1800 3926 2094 3994 gravatus,
2126 3925 2184 3976 et
2213 3937 2427 3987 mores,
2459 3925 2515 3977 et
2543 3923 2742 3978 studia
2771 3923 2830 3977 in
2859 3922 3090 3980 diversa
3126 3923 3465 3992 transtulit,

1801 4027 1981 4082 seque
2002 4014 2189 4065 totum
2215 4010 2427 4066 divinis
2450 4010 2704 4067 servitiis
2719 4016 2781 4067 et
2795 4011 3209 4070 ecclesiasticis
3229 4013 3462 4069 utilita—~

1798 4097 1958 4154 tibus
1970 4115 2038 4153 ex
2049 4098 2248 4153 animo
2271 4098 2458 4154 manci
2467 4099 2645 4170 pavit,
2658 4098 2718 4154 in
2736 4099 3099 4157 orationibus
3117 4102 3464 4169 continens,.

1798 4185 1858 4242 in
1881 4186 2158 4260 lacrymis
2185 4187 2554 4258 profusus,in
2577 4204 2876 4244 servorum
2908 4188 3008 4246 Dei
3040 4189 3323 4246 subsidiis
3341 4189 3462 4247 lar-

1799 4289 1930 4347 gus.
1964 4275 2024 4330 in
2053 4273 2431 4331 ecclesiarum
2462 4275 2830 4347 reparatione
2867 4276 3356 4344 ferventissimus,
3390 4278 3464 4332 in

1799 4379 2124 4435 pauperum
2156 4362 2510 4418 recreatione
2538 4363 2917 4435 singulariter
2945 4364 3252 4432 mirabilis,
3278 4365 3462 4421 miram

1799 4451 1996 4506 biliter
2051 4450 2387 4522 singularis.
2436 4450 2756 4506 Ecclesium
2804 4451 2996 4507 sancti.
3038 4452 3340 4523 Stephani,
3393 4458 3450 4508 et

48 4535 298 4608 tituit,.ac
348 4541 624 4596 diversas
651 4542 1172 4611 competentesque
1195 4540 1465 4595 ofﬁcinas
1487 4557 1690 4596 eorum
1721 4556 1778 4620 De
1799 4539 2118 4611 parietibus
2149 4545 2206 4594 ct
2233 4538 2611 4610 laquearibus
2641 4539 2956 4604 renovavit,
2986 4539 3185 4596 vitreis
3216 4557 3448 4613 quoque

49 4626 232 4684 usibus
251 4627 576 4694 ordinavit,
599 4643 717 4699 qua
735 4627 1270 4684 auctoritateidem
1300 4629 1559 4700 pontifex
1582 4629 1688 4685 de-

49 4711 272 4777 lectam:
300 4715 534 4783 villam,
554 4715 648 4770 cui
673 4715 1039 4772 Pulverenus.
1063 4733 1282 4774 nomen
1305 4721 1423 4785 est,
1440 4717 1689 4773 fratrum

52 4805 456 4862 canonicorum
485 4803 714 4862 scilicet
738 4803 1048 4876 stipendiis
1077 4805 1405 4877 deputavit.
1431 4806 1522 4875 Et,
1553 4805 1693 4878 quia

53 4891 679 4960 qwdambeneﬁciata
695 4896 862 4950 erant
880 4909 1014 4964 qua
1041 4892 1310 4964 protinus
1337 4893 1555 4949 auferri
1573 4909 1692 4950 non

55 4985 336 5050 poterant,
353 4982 670 5039 decretum
695 4985 806 5048 est,
837 4985 906 5037 ut
931 4981 1050 5037 illis
1075 4982 1514 5050 decedentibus,
1547 4999 1708 5040 con--

55 5066 198 5125 timo
225 5070 760 5126 canoniciinvsuos.
776 5087 930 5130 usus,
951 5071 1331 5127 reﬂecterent.
1357 5072 1468 5128 Res
1491 5070 1689 5140 etiam,

54 5169 184 5224 quae.
208 5174 278 5212 ex
315 5159 462 5228 jure
507 5157 743 5230 proprio
773 5159 824 5213 ei
854 5163 1173 5226 cesserant,
1201 5165 1320 5216 tam
1353 5159 1428 5214 in.
1453 5159 1688 5227 Biliaco,

51 5257 208 5312 quam
239 5247 314 5302 in.
337 5247 558 5313 Aman,
589 5248 931 5303 eorumdem-
979 5249 1188 5305 usibus
1244 5247 1549 5322 delegavit.
1583 5248 1690 5311 Qui

51 5331 372 5392 etiaxnvasa
391 5333 1028 5407 argenteaplurimaet
1042 5335 1335 5409 praecipua
1355 5335 1415 5390 in
1447 5335 1684 5392 thesau-

52 5417 119 5473 ris
137 5421 404 5490 ejusdem
439 5422 697 5480 ecclesiis
727 5423 1272 5492 collocavit,.sancto
1296 5425 1583 5480 Germano
1600 5442 1689 5481 ca-

51 5504 203 5564 licem
223 5516 606 5584 argenteum,
625 5519 1001 5586 cumpatena
1028 5513 1191 5569 dedit
1219 5513 1482 5584 ejusdem
1515 5514 1687 5570 sche-

53 5596 231 5666 matis,
245 5600 438 5670 cujus
457 5604 522 5654 .et
549 5601 906 5672 superiorem
939 5603 1180 5669 iecerat;
1205 5602 1548 5674 huiusmodi
1579 5602 1688 5659 lar-

1799 4645 1866 4684 ac
1913 4627 2158 4700 picturis
2206 4628 2446 4699 optimis
2495 4627 2807 4696 decoravit,
2851 4645 3096 4685 coronas
3143 4634 3448 4702 argenteas

1799 4721 2050 4789 quatuor
2071 4715 2348 4782 instituit,
2364 4716 2516 4771 circa
2526 4716 2708 4772 altare
2719 4717 2907 4772 sancti
2919 4717 3460 4790 Stephanitabulas

1800 4809 2124 4879 argenteas,
2154 4809 2211 4860 et
2242 4803 2546 4877 sculptura
2573 4809 2630 4862 et
2654 4805 2845 4878 operis
2892 4805 3449 4880 elegantiarenova-

1798 4895 1900 4962 vit,
1931 4895 2370 4967 capsametiam
2391 4911 2532 4950 auro
2553 4899 2912 4967 argentoque
2936 4895 3181 4952 mirifice
3212 4897 3452 4954 decora-

1797 4983 1898 5050 vit,
1924 4983 2024 5039 ubi
2049 4983 2398 5040 vestimenta
2428 4983 2810 5049 sacratissimi
2841 4984 3116 5041 Germani
3151 4987 3447 5058 reposuit;

1801 5072 2104 5128 basilicam
2155 5072 2340 5128 sancti
2383 5072 2628 5128 Joannis
2679 5073 2949 5144 Baptista;
2997 5078 3129 5146 post
3159 5075 3449 5131 defectum

1798 5161 2010 5216 veteris
2038 5161 2114 5215 ab
2156 5160 2292 5215 imis
2335 5165 2639 5216 exstruens
2672 5160 3072 5218 fundamentis
3104 5163 3161 5217 in
3193 5163 3449 5219 sublime

1799 5248 2098 5319 fastigium
2132 5248 2354 5315 extulit,
2385 5265 2451 5303 ac
2481 5266 2516 5303 x
2547 5249 2790 5304 Kalend.
2823 5250 3088 5306 Januarii
3111 5251 3450 5308 solemniter

1798 5336 2101 5392 dedicavit.
2135 5335 2513 5391 Postmodum
2547 5353 2678 5391 vero
2729 5341 3084 5393 sanctorum.
3119 5343 3442 5410 martyrum

1795 5424 2104 5481 Alexandri
2124 5428 2181 5480 et
2202 5422 2550 5496 Chrysanthi
2575 5424 2837 5496 pignora,
2864 5443 2990 5497 qua:
3011 5426 3085 5481 ab
3103 5426 3246 5481 urbe
3263 5426 3447 5479 Roma

1795 5513 2101 5580 detulerat,
2136 5513 2194 5567 in
2226 5513 2429 5568 eadem
2461 5511 2708 5568 ecclesia
2736 5514 3006 5569 decenter
3033 5512 3312 5575 condidit,
3338 5511 3446 5563 fre-

1794 5604 2050 5676 demque
2089 5617 2224 5658 cum
2261 5599 2534 5659 cancellis
2583 5601 2834 5673 benigno
2884 5599 3077 5658 studio
3125 5595 3439 5662 exornavit,

3439 5887 3497 5935 fr“
