3814 6218
373 342 485 406 251

1221 332 1556 399 APPEND.
1602 333 1706 397 AD
1751 331 1938 398 S/EC.
1985 334 2063 396 X.
2095 365 2174 381 -
2203 330 2464 397 OPERA
2507 354 2727 404 ΑΔΕΣΠ(

2228 330 2464 397 )ΡΕΡιΑ
2507 354 2905 406 ΑΔΕΣΠΟΤΙΚΑ.
3640 344 3734 406 252

373 469 1304 553 atqueadluminariaeorumdem
1327 473 1661 526 sanctorum
1676 467 2015 541 patrociniis
2045 465 2095 536 Α
2130 484 2272 525 auro
2320 486 2464 542 puro
2511 472 2879 546 gemmisque
2932 488 3211 531 exornare
3265 472 3612 547 decreverat,
3655 477 3738 533 sed

366 569 587 642 jugiter
598 561 1239 637 observanda,agellum
1254 560 1570 633 quemdam
1584 557 1845 631 quinque
1859 576 2019 614 man-

371 674 573 715 sorum
608 651 893 711 voeabulo
934 653 1275 708 Bunuorum
1321 667 1389 706 ex
1438 664 1574 721 agro
1625 647 2013 717 Matriacensi,

370 750 427 803 et
455 763 524 802 ex
555 748 838 818 pracepto
869 740 1186 815 apostolico
1217 738 1469 810 benigno
1501 753 1698 793 amore
1729 736 2013 805 contulit;

369 835 675 892 basilicam
725 835 936 889 sancta
983 828 1178 885 Maria
1211 826 1623 900 ’laquearibus,
1666 824 1912 898 picturis
1959 828 2016 880 et

369 923 567 981 vitreis
619 921 930 978 renovavit.
990 916 1509 990 Congregationem
1575 915 2012 980 canonicorum,

368 1021 490 1072 tam
512 1013 836 1069 litterarum
869 1007 1193 1065 eruditione
1214 1022 1391 1079 quam
1413 1003 1817 1060 ecclesiasticae
1840 1003 2013 1058 indu-

368 1104 521 1161 stria
553 1101 765 1158 studiis
794 1097 1126 1161 illustravit,
1144 1095 1427 1151 adhibitis
1456 1094 1847 1165 undecunque
1868 1109 2012 1164 pra-

367 1192 721 1267 ceptoribus,
744 1189 845 1261 qui
877 1204 1000 1243 rem
1032 1173 1287 1241 divinam
1320 1187 1379 1239 et
1408 1183 1602 1238 studio
1634 1182 2017 1255 proveherent

367 1289 425 1341 et
472 1280 755 1338 instantia
819 1276 1282 1349 ampliﬁcarent;
1330 1272 1433 1329 sed
1483 1276 1541 1327 et
1585 1271 1644 1326 in
1706 1270 2014 1342 stipendiis

366 1371 707 1430 earumdem
743 1384 919 1440 quam
952 1365 1152 1438 largus
1198 1360 1486 1419 exstiterit
1525 1377 1640 1415 non
1672 1360 1805 1415 licet
1832 1360 2015 1415 ambi-

364 1479 517 1535 gere,
544 1476 718 1530 qnam
745 1456 842 1529 qui
866 1474 931 1509 cx
955 1451 1249 1527 praedictis
1270 1451 1610 1506 eorumdcm
1639 1449 1811 1504 rebus
1841 1448 2013 1520 quid-

365 1541 521 1624 piam
552 1547 909 1611 detinebant,
943 1542 1212 1614 protinus
1242 1543 1308 1595 ut
1349 1539 1746 1594 discesserunt
1793 1539 2014 1610 absque

364 1638 487 1695 ulla
529 1631 964 1692 intercessionis
1014 1629 1387 1692 relaxatione,
1419 1627 1758 1682 earumdem
1810 1626 2014 1682 usibus

366 1724 718 1784 reservavit:
754 1738 889 1777 nam
917 1720 1180 1792 ipsorum
1212 1714 1482 1773 vestiario
1511 1713 1739 1783 villam,
1752 1716 1843 1771 cui
1866 1716 2011 1771 Con-

2126 562 2311 613 morte
2358 560 2751 618 intercedente
2799 562 3173 635 prapeditus,
3207 581 3321 621 non
3351 565 3609 622 modicas
3638 567 3738 623 auri

2126 663 2410 718 expensas
2448 650 2520 705 ad
2568 650 2622 705 id
2675 652 3068 723 peragendum
3122 652 3377 724 reliquit.
3411 653 3535 709 Tali
3565 654 3737 710 affectu

2125 735 2288 791 bona
2318 738 2637 795 voluntatis
2680 740 2888 812 plenus
2938 744 3124 796 morte
3170 746 3501 814 praventus
3546 747 3629 799 est
3652 745 3739 799 sub

2124 824 2217 881 die
2247 843 2311 881 III
2341 827 2485 882 Non.
2521 828 2680 894 Dec.,
2716 833 2890 901 atque
2919 828 2980 885 in
3010 829 3256 887 ecclesia
3283 831 3475 886 sancti
3507 832 3737 887 Germani

2122 913 2440 971 honorifice
2468 917 2816 974 tumulatus.

2434 1005 2565 1061 Car.
2598 1006 2892 1063 XXXVIII.
2926 1039 2997 1049 —
3027 1008 3098 1063 De
3130 1009 3466 1065 Christiano.

2194 1094 2561 1151 Christianus
2610 1096 2942 1168 episcopus,
2993 1097 3227 1153 natione
3276 1097 3651 1168 Alemannus,
3685 1115 3737 1153 ex

2123 1187 2285 1256 patre
2314 1185 2708 1255 Arcamberto,
2742 1189 2799 1240 et
2827 1189 3013 1241 matre
3041 1185 3363 1254 Emelinde,
3399 1186 3550 1243 sedit
3586 1205 3738 1243 annos

2126 1275 2210 1329 13.
2249 1273 2381 1328 Fuit
2428 1278 2622 1329 autem
2670 1273 2758 1329 vir
2806 1273 3076 1347 simplex,
3106 1279 3163 1331 et
3190 1279 3478 1347 tanquam
3522 1274 3737 1331 naturali

2123 1364 2377 1435 quadam
2410 1363 2590 1418 animi
2622 1362 2937 1435 vultusque
2958 1362 3253 1419 hilaritate
3269 1363 3739 1436 perfusus,humi-

2123 1451 2285 1507 litate
2326 1452 2677 1524 pracipuus,
2709 1456 2766 1507 et
2812 1451 3047 1507 familia
3096 1451 3506 1508 ecclesiastica
3550 1457 3739 1508 amator

2123 1539 2715 1597 ardentissimus.Hic
2746 1540 3044 1597 cochleam
3076 1541 3148 1596 ab
3182 1541 3528 1597 occidentali
3559 1546 3737 1614 partes

2123 1629 2550 1702 pradecessore
2599 1646 2707 1684 suo
2758 1628 3091 1685 inchoatam
3122 1630 3195 1684 ad
3235 1630 3559 1702 perfectum
3588 1647 3739 1702 usque

2123 1719 2413 1791 perduxit.
2443 1718 2542 1774 Hic
2564 1718 2690 1791 ipse
2712 1717 2968 1790 pontifex
2987 1717 3311 1774 beatissimi
3337 1718 3621 1775 Amatoris
3640 1736 3739 1775 cor-

366 1815 505 1872 dida
527 1828 740 1870 nomen
763 1814 870 1871 est.
894 1806 1168 1873 restituit,
1192 1805 1515 1878 ccllamque
1548 1804 1733 1860 sancti
1766 1804 2010 1877 Remigii
2042 1838 2091 1903 B
2123 1808 2281 1880 poris
2331 1808 2598 1864 membra
2625 1825 2659 1863 a
2691 1807 2893 1880 prima
2943 1806 3258 1879 sepultura
3300 1807 3434 1863 loco
3484 1825 3596 1863 una
3632 1823 3737 1864 cum

366 1921 499 1960 cum
528 1902 652 1958 suis
683 1897 1042 1973 appendiciis
1072 1897 1335 1966 duasque
1377 1893 1578 1949 vineas
1618 1893 2010 1961 Corticanum,

364 1996 424 2048 et
445 1990 679 2047 Plantas
692 1988 880 2044 eidem
899 1984 1032 2041 usui
1053 1982 1369 2057 deputavit.
1390 1982 1653 2055 Cumque
1670 1981 1789 2055 regi
1811 1982 2013 2038 Carolo

365 2084 500 2154 post
538 2077 722 2152 patris
768 2074 1041 2131 Ludovici
1074 2088 1400 2141 excessum,
1446 2074 1502 2127 et
1531 2071 1745 2126 charus
1774 2074 1929 2126 esset
1958 2074 2016 2127 et

365 2169 632 2233 intimus,
655 2167 783 2238 ejus
803 2162 1205 2220 munificentia
1233 2161 1403 2218 villas
1428 2161 1717 2233 quasdam
1740 2159 2011 2229 obtinuit,

365 2274 493 2331 qua
523 2255 663 2312 olim
687 2254 809 2327 juri
840 2251 1233 2309 ecclesiastico
1263 2250 1494 2305 fuerant
1540 2249 1839 2317 abdicata,
1871 2266 2012 2321 qua-

364 2363 496 2403 rum
527 2345 650 2400 hac
681 2345 820 2399 sunt
844 2339 1129 2396 vocabula
1168 2339 1419 2409 Gajacus
1468 2355 1601 2392 cum
1653 2336 2015 2411 appendiciis

366 2434 511 2500 suis,
546 2430 905 2489 Garsiliacus
940 2426 1230 2493 similiter,
1264 2426 1670 2498 Camplemesii
1721 2426 2010 2495 similiter,

365 2520 748 2579 Maximiacus
777 2515 1068 2583 similiter,
1092 2531 1269 2587 quam
1302 2531 1371 2570 ex
1399 2530 1564 2584 aquo
1595 2514 1878 2580 dividens,
1899 2531 2016 2569 me-

367 2610 525 2666 diam
556 2611 781 2681 partem
812 2603 1205 2660 luminaribus
1242 2602 1495 2659 ecclesia
1526 2602 1846 2671 distribuit,
1881 2602 2013 2659 reli-

369 2714 546 2772 quam
581 2694 953 2752 medietatem
998 2691 1411 2748 canonicorum
1461 2691 1769 2777 stipendiis
1800 2690 2014 2748 servire

365 2784 657 2861 pracepit,
682 2783 839 2858 regio
872 2784 1155 2856 praecepto
1182 2780 1292 2837 hoc
1331 2781 1709 2837 corrobante:
1743 2785 1919 2853 atque
1948 2784 2014 2835 ut

366 2875 427 2932 in
459 2874 679 2949 prafati
731 2872 885 2947 regis
932 2870 1214 2927 memoria
1242 2886 1309 2926 ex
1338 2870 1541 2925 eadem
1592 2862 1730 2925 villa
1772 2868 1861 2924 bis
1913 2886 2014 2942 per

365 2980 586 3023 annum
633 2962 867 3020 refectio
917 2964 1292 3035 praeparetur,
1323 2976 1441 3015 una
1470 2976 1574 3033 per
1612 2959 2011 3031 prapositum,

364 3054 549 3111 altera
564 3069 667 3126 per
686 3052 951 3123 ejusdem
972 3048 1226 3105 ecclesia
1251 3047 1643 3104 archiclavum
1674 3046 2011 3103 immutabi-

365 3142 499 3198 liter
510 3140 826 3197 sanciente.
842 3139 946 3194 Hic
966 3137 1123 3193 idem
1144 3136 1403 3209 pontifex
1424 3137 1679 3191 secundo
1702 3154 1855 3191 anno
1872 3135 2009 3191 belli

282 3232 286 3242 ·
368 3230 573 3296 civilis,
589 3228 690 3300 qui
706 3231 795 3283 est
824 3243 1014 3283 anuus
1034 3225 1135 3281 Dei
1157 3224 1414 3280 hominis
1439 3224 1570 3280 facti
1602 3224 2014 3298 octingentesi-
2046 3201 2089 3268 C

368 3334 503 3375 mus
523 3315 1010 3390 quadragesimus
1030 3318 1087 3371 et
1106 3330 1281 3382 unus,
1302 3330 1512 3386 corpus
1534 3313 1858 3369 beatissimi
1881 3313 2015 3370 Ger-

366 3406 525 3465 mani
540 3410 822 3480 pracepto
833 3391 1885 3477 regumCaroliet‘Ludoviciexlocoﬁn
1899 3420 2015 3475 quo

366 3497 626 3570 primum
639 3493 995 3551 tumulatum
1011 3490 1629 3561 fuerat,venerabiliter
1639 3490 1910 3548 Kalendis
1922 3491 2018 3547 Se-

365 3584 650 3659 ptembris
686 3583 1124 3648 transmutavit,
1159 3581 1312 3653 quod
1347 3581 1426 3635 ita
1453 3585 1511 3636 et
1541 3579 1834 3637 soliditate
1866 3579 2014 3635 inte-

367 3676 633 3747 grum,et
660 3672 921 3727 vestibus
951 3670 1167 3743 reperit.
1196 3669 2013 3741 incorruptum,utquondam

367 3761 557 3817 fuerat
594 3778 629 3816 a
654 3758 971 3815 venerabili
1012 3761 1275 3830 Augusta
1313 3756 1564 3813 Placidia
1605 3758 2015 3815 decentissime

369 3847 781 3919 compositum.
805 3848 893 3903 Ita
921 3846 1276 3918 optimarum
1308 3845 1593 3901 virtutum
1621 3846 1786 3919 fruge
1815 3847 2015 3903 fecun-

368 3936 501 4000 dus,
527 3934 738 4008 plenus
762 3934 949 3990 atatis
971 3938 1027 3989 et
1043 3932 1372 4005 probitatis,
1388 3933 1695 4005 appositus
1716 3940 1803 3991 est
1824 3937 1895 3991 ad
1918 3954 2019 4009 pa-

366 4026 486 4080 tres
499 4040 640 4080 suos
650 4022 760 4083 sub
773 4023 866 4078 die
875 4039 950 4077 vn
965 4020 1206 4077 Kal.Mai
1215 4025 1477 4094 as,atque
1490 4022 1579 4077 uti
1586 4040 1687 4095 pse
1700 4025 1944 4096 petierat
1956 4026 2015 4082 in

367 4111 612 4169 basilica
642 4110 825 4167 sancti
857 4110 1132 4167 Germani
1161 4108 1221 4165 in
1251 4114 1453 4182 crypta
1493 4112 1677 4167 sancti
1736 4114 2015 4186 Stephani

369 4200 625 4257 nobilem
654 4199 1019 4273 sepulturam
1050 4199 1311 4272 accepit;
1345 4200 1515 4271 cujus
1535 4200 1710 4257 etiam
1733 4201 1914 4258 altare
1941 4204 2019 4259 vi-

365 4306 507 4348 vens
528 4289 721 4347 adhuc
739 4288 944 4347 tabula
963 4291 1238 4361 argentea
1256 4288 1645 4358 decoraverat,
1661 4289 2019 4365 calicemque

366 4377 568 4436 itidem
599 4382 944 4453 argenteum
975 4394 1112 4433 cum
1141 4381 1354 4450 patena
1382 4378 1748 4435 condonavit.

735 4472 867 4525 Car.
902 4466 1165 4524 XXXVII.
1199 4499 1269 4508 —
1304 4472 1386 4523 De
1412 4468 1647 4525 Abbone.

2121 1897 2560 1970 archiepiscopo
2610 1894 3049 1969 Burdegalensi,
3089 1895 3352 1952 Frotario
3408 1898 3648 1965 nomine,
3676 1897 3737 1952 fe-

2122 1986 2268 2042 stive
2300 1986 2361 2041 in
2409 1990 2668 2059 cryptam
2716 1984 2907 2058 ipsius
2956 1985 3166 2040 domus
3214 1986 3557 2041 transvexit.
3586 1986 3736 2056 Hujus

2122 2075 2301 2131 etiam
2333 2075 2596 2131 studium
2629 2074 2759 2143 fuit,
2793 2078 2858 2130 ut
2887 2090 3015 2146 qua
3045 2073 3347 2130 canonicis
3378 2091 3450 2131 ex
3481 2075 3638 2131 rebus
3662 2073 3737 2129 sti-

2123 2165 2333 2237 pendio
2385 2164 2595 2220 debitis
2642 2165 2899 2232 deerant,
2934 2161 3107 2219 celeri
3149 2161 3446 2236 largitatis
3475 2163 3736 2220 clementia

2124 2259 2316 2310 restau
2324 2253 2674 2310 raret.Dedit
2688 2252 2983 2325 siquidem
2998 2252 3221 2308 eisdem
3234 2252 3537 2309 canonicis
3549 2251 3735 2309 Albaris

2120 2342 2340 2411 villam,
2356 2346 2649 2416 quatenus
2670 2359 2739 2398 ex
2762 2343 2890 2413 ejus
2913 2341 3241 2397 redditibus
3257 2340 3423 2397 illius
3444 2340 3735 2398 memoriale

2123 2432 2398 2489 omnibus
2445 2436 2656 2504 agatur
2701 2431 2893 2486 annis.
2935 2431 3199 2486 Decessit
3242 2448 3279 2486 x
3328 2430 3457 2486 Kal.
3508 2428 3731 2487 Decemb.

2123 2523 2481 2595 atquejuxta
2500 2520 2955 2593 pradecessores
2966 2537 3107 2576 suos
3124 2518 3398 2592 sepultus
3410 2525 3500 2577 est
3519 2520 3573 2575 in
3591 2519 3732 2576 eccle-

2122 2612 2211 2668 sia
2242 2610 2428 2667 sancti
2459 2609 2727 2666 Germani
2739 2650 2751 2663 .

2539 2699 2674 2755 CAP.
2707 2697 2940 2753 XXXIX.
2973 2727 3041 2739 —
3073 2702 3152 2754 De
3184 2697 3359 2754 Wala.

2190 2788 2358 2847 wala
2386 2782 2715 2860 episcopu’s,
2747 2803 2958 2859 genere
2986 2786 3265 2853 Francus,
3300 2790 3471 2859 patre
3499 2785 3730 2847 Ardrado,

2121 2884 2309 2935 matre
2336 2876 2592 2944 Witelai,
2618 2876 2793 2932 fratre
2826 2874 3058 2948 optima
3091 2875 3514 2932 recordationis
3539 2873 3734 2946 Ausegi-

2119 2986 2185 3026 so
2216 2968 2512 3023 Senonum
2545 2963 3002 3036 archiepiscopo,
3036 2963 3188 3020 sedit
3220 2980 3413 3021 annos
3440 2966 3499 3033 7,
3528 2963 3638 3019 dies
3660 2963 3727 3015 28.

2119 3056 2223 3112 Hic
2252 3054 2442 3128 primo
2470 3057 2730 3125 tempore
2773 3068 2891 3107 sua
2940 3049 3327 3107 ordinationis
3361 3052 3439 3107 ad
3464 3051 3729 3107 lectionem

2120 3143 2476 3218 sapientium
2509 3139 2713 3196 mundi
2744 3156 2806 3195 se
2836 3138 3103 3206 contulit,
3133 3138 3348 3195 dehinc
3380 3157 3530 3195 onus
3556 3135 3734 3194 vassal-

2122 3234 2335 3301 lorum,
2370 3248 2519 3304 quos
2563 3246 2766 3286 secum
2817 3228 3136 3285 adduxerat
3164 3245 3233 3284 ex
3261 3230 3546 3285 comitatu
3572 3224 3732 3284 Carle-

2123 3323 2346 3390 manni,
2381 3308 2653 3376 decenter
2700 3322 2877 3390 atque
2923 3316 3257 3389 prudenter,
3290 3318 3436 3389 quia
3462 3315 3733 3392 gravabant

2122 3409 2462 3475 Ecclesium,
2496 3425 2531 3463 a
2572 3424 2635 3463 se
2683 3405 2946 3462 removit.
2988 3405 3175 3477 Hujus
3224 3404 3524 3476 siquidem
3567 3400 3732 3476 patris,

2125 3503 2196 3558 de
2218 3517 2331 3573 quo
2353 3497 2670 3570 loquimur,
2693 3494 2957 3551 studium
2981 3493 3090 3549 fuit
3110 3492 3432 3566 magistros
3449 3491 3732 3547 litterarum

2125 3586 2463 3646 charitative
2493 3582 2789 3657 amplecti,
2804 3597 3123 3653 eorumque
3144 3580 3424 3653 alloquiis
3449 3584 3505 3636 et
3519 3575 3732 3635 consiliis

2126 3679 2231 3747 uti,
2257 3692 2482 3749 suoque
2530 3672 2789 3729 convivio
2839 3670 3195 3744 participari.
3228 3670 3513 3736 Quocirca
3540 3669 3642 3724 duo
3664 3666 3733 3721 lu-

2124 3766 2376 3826 minaria
2403 3761 2630 3836 collegii
2677 3760 2861 3817 nostri
2894 3758 3213 3832 Rainogala
3242 3761 3299 3814 et
3328 3758 3566 3832 Alagus,
3594 3752 3733 3810 colla-

2124 3859 2366 3913 borante
2397 3851 2630 3909 llerrico
2657 3848 2978 3921 theosopho
3008 3846 3185 3904 simul
3208 3851 3266 3903 et
3285 3844 3733 3913 monacho,Gesta

2125 3941 2442 4019 prasulum
2463 3939 2639 3995 istius
2655 3937 2812 3993 sedis
2823 3934 3231 4010 compendiose
3244 3940 3423 4008 atque
3434 3931 3732 3991 commatice

2125 4029 2484 4090 elucubratis
2514 4025 2746 4100 paginis
2773 4024 3131 4080 indiderunt.
3168 4022 3300 4080 Fuit
3328 4041 3467 4080 vero
3495 4022 3620 4079 huic
3638 4019 3731 4073 vim

2126 4121 2355 4178 sincera
2396 4119 2453 4172 et
2498 4111 2903 4170 convisceralis
2952 4111 3199 4177 affectio,
3229 4128 3369 4167 cum
3423 4111 3597 4168 servis
3637 4105 3730 4165 Dei,

2127 4207 2387 4282 quosjta
2424 4203 2537 4260 sibi
2574 4201 2884 4258 unanimes
2933 4200 3105 4257 bonis
3154 4199 3280 4256 suis
3327 4200 3660 4263 reddiderat,
3685 4196 3732 4248 ut

2127 4298 2304 4356 etiam
2336 4295 2396 4349 in
2440 4291 2717 4349 extremis
2765 4306 3016 4363 pensum
3065 4288 3175 4344 diei
3209 4305 3313 4361 pro
3345 4287 3450 4345 illo
3481 4286 3734 4362 gratanter

2128 4383 2539 4460 persolverent.
2575 4381 2693 4437 Suo
2737 4377 2913 4434 etiam
2960 4381 3223 4449 tempore
3247 4375 3528 4450 praecipui
3555 4375 3731 4460 Patres,

2128 4458 2404 4531 dominus
2425 4468 2776 4525 Trutbertus
2794 4463 3016 4521 scilicet
3037 4469 3213 4537 atque
3237 4465 3532 4521 Hictarius
3560 4458 3732 4523 senior,

436 4558 599 4615 Abbo
619 4575 688 4614 ex
711 4557 998 4614 monacho
1029 4556 1341 4629 episcopus
1372 4557 1691 4628 supradicti
1725 4557 2017 4614 Heribaldi
2051 4566 2095 4632 Ι)
2127 4561 2519 4619 decesserunt.
2553 4557 2773 4612 Horum
2805 4554 3032 4627 primus
3061 4553 3403 4626 prophetico
3433 4550 3627 4626 spiritu
3646 4545 3735 4620 ple-

367 4646 663 4717 pontificis
691 4663 1028 4719 germanus,
1059 4646 1211 4701 sedit
1241 4661 1427 4700 annos
1455 4648 1510 4713 2,
1530 4662 1762 4703 menses
1797 4648 1901 4717 1ος
1929 4648 2018 4702 vir

369 4736 668 4799 strenuus,
701 4734 1041 4789 omnimoda
1092 4733 1427 4806 eloquentia
1473 4733 1808 4804 praclarus,
1841 4738 2017 4807 atque

368 4821 561 4877 tamin
575 4820 787 4877 divinis
804 4821 1142 4895 Scripturis,
1168 4838 1347 4894 quam
1369 4821 1427 4876 in
1452 4822 1835 4880 sacularibus
1855 4824 2015 4897 prin-

370 4909 636 4981 cipaliter
661 4911 947 4966 eruditus.
978 4911 1111 4966 Fuit
1139 4915 1335 4967 autem
1362 4910 1545 4965 abbas
1567 4912 1812 4967 canobii
1834 4914 2019 4969 sancti

370 4998 666 5065 Germani,
691 5004 825 5070 post
847 4999 1043 5055 fratris
1065 5004 1262 5056 autem
1294 4999 1600 5055 decessum
1631 5000 1810 5071 jussu
1831 5000 2016 5057 Caroli

371 5085 524 5160 regis
545 5085 764 5143 electus
794 5087 1157 5160 pontiﬁcatui
1190 5086 1547 5144 substitutus
1577 5092 1682 5144 est.
1708 5087 1848 5154 Quis
1880 5106 2019 5145 sane

369 5174 460 5229 vir
490 5174 685 5240 fuerit,
707 5179 1116 5249 quantumque
1147 5177 1367 5249 Optima
1389 5176 1669 5248 praditus
1696 5176 2017 5247 voluntate,

370 5263 653 5336 temporis
670 5264 925 5320 brevitas
947 5268 1120 5338 atque
1151 5282 1310 5322 mors
1340 5265 1653 5322 immature
1678 5266 2020 5338 proveniens

373 5353 684 5410 ostendere
713 5371 830 5409 non
857 5353 1141 5427 permisit.
1167 5355 1222 5410 Is
1244 5358 1446 5411 sancto
1468 5355 1761 5427 Stephano
1783 5373 2018 5412 crucem

370 5460 609 5499 auream
641 5460 775 5499 cum
805 5443 1057 5516 gemmis
1086 5443 1358 5515 pretiosis
1378 5442 1642 5514 contulit,
1657 5443 2019 5517 palliumque

370 5533 763 5605 peroptimum
792 5532 1040 5607 largitus
1061 5535 1171 5598 est,
1193 5530 1489 5620 cochleam
1511 5550 1544 5587 a
1563 5537 1727 5620 parte
1755 5523 2020 5589 occiden-

371 5620 495 5693 tali,
519 5639 553 5679 a
581 5623 978 5682 fundamentis
999 5621 1312 5690 inchoavit,
1332 5619 1511 5677 altare
1533 5621 1718 5679 sancti
1738 5622 2015 5695 Stephani

2126 4666 2240 4705 nus
2288 4643 2654 4720 agritudinis
2698 4659 2817 4697 sua
2867 4645 3131 4713 tempore
3180 4640 3425 4708 mansit,
3456 4646 3513 4696 et
3539 4657 3571 4694 a
3604 4646 3734 4693 sam

2124 4734 2357 4794 Domini
2411 4730 2698 4799 natalitio,
2732 4747 2849 4802 quo
2907 4729 3080 4802 coepit
3131 4733 3435 4803 agrotare,
3468 4724 3732 4801 quosdam.

2126 4826 2226 4900 qui
2258 4825 2497 4880 deerant
2514 4838 2549 4878 a
2568 4818 2811 4893 collegio
2839 4819 3086 4874 fratrum
3117 4818 3286 4891 quasi
3318 4832 3573 4891 praesens
3598 4823 3736 4900 agne-

2125 4893 2351 4983 scebat;
2377 4926 2629 4984 sequens
2656 4925 2792 4964 vero
2823 4908 2993 4980 cujus
3023 4911 3178 4964 esset
3208 4906 3404 4963 meriti
3436 4905 3557 4963 dies
3583 4893 3738 4972 sepul-

2124 5009 2268 5061 tura
2292 5000 2513 5069 innuit;
2549 4998 2621 5054 ad
2651 5014 2830 5070 quam
2851 5012 2986 5052 cum
3011 4997 3242 5054 adesset
3260 4992 3584 5069 frequentia
3605 4984 3734 5044 cleri-

2127 5108 2328 5150 corum
2359 5094 2418 5146 et
2446 5086 2668 5162 populi,
2692 5089 2751 5143 et
2781 5085 3132 5157 obsequium
3157 5083 3475 5158 sepeliendi
3506 5073 3737 5153 repende-

2128 5185 2277 5247 rent,
2302 5179 2421 5235 ictu
2454 5194 2570 5234 uno
2592 5174 2787 5232 mallei
2813 5173 3249 5247 corpusculum,
3274 5174 3431 5246 quod
3461 5171 3553 5226 vix
3577 5167 3737 5224 labore

2126 5269 2303 5326 unius
2331 5266 2446 5323 diei
2477 5263 2669 5338 parari
2698 5266 2946 5335 poterat,
2975 5266 3203 5319 sectum
3231 5260 3530 5319 est.’Talia
3556 5253 3735 5313 dixisse

2128 5376 2222 5416 me
2252 5373 2423 5414 nemo
2445 5352 2850 5426 ﬂoccipendat,
2879 5352 2980 5407 sed
3004 5352 3221 5424 quibus
3252 5348 3527 5406 amicitiis
3548 5342 3736 5402 frueba-

2126 5446 2526 5519 tur,agnoscat
2540 5460 2552 5497 :
2568 5444 2852 5497 nocturno
2864 5456 2980 5497 non
2996 5440 3169 5496 modo
3184 5440 3311 5513 ipse
3323 5437 3561 5495 minime
3579 5427 3738 5519 deerat

2126 5518 2341 5607 officio,
2371 5533 2473 5590 sed
2505 5534 2561 5588 et
2592 5531 2865 5587 absentes
2897 5528 3248 5586 nominatim
3280 5526 3624 5601 requirebat,
3650 5518 3736 5572 fra-

2125 5634 2245 5685 tres
2272 5636 2630 5699 puerosque:
2654 5618 2941 5677 librorum
2953 5617 3260 5692 copiam,si
3284 5630 3534 5690 usquam
3556 5608 3738 5669 nosset:
