  <div class='ocr_page' id='page_1' title='image "/cluster/home/n/w/nwhite01/storage/ocr_20150623/138/uva.x000829786/134.png"; bbox 0 0 3814 6218; ppageno 0'>
   <div class='ocr_carea' id='block_1_1' title="bbox 45 417 153 478">
    <p class='ocr_par' dir='ltr' id='par_1_1' title="bbox 45 417 153 478">
     <span class='ocr_line' id='line_1_1' title="bbox 45 417 153 478; baseline 0.009 -1"><span class='ocrx_word' id='word_1_1' title='bbox 45 417 153 478; x_wconf 70' lang='grc'><strong>253</strong></span> 
     </span>
    </p>
   </div>
   <div class='ocr_carea' id='block_1_2' title="bbox 924 409 2552 476">
    <p class='ocr_par' dir='ltr' id='par_1_2' title="bbox 924 409 2552 476">
     <span class='ocr_line' id='line_1_2' title="bbox 924 409 2552 476; baseline 0.002 -3"><span class='ocrx_word' id='word_1_2' title='bbox 924 410 1025 474; x_wconf 89' lang='lat' dir='ltr'>DE</span> <span class='ocrx_word' id='word_1_3' title='bbox 1071 412 1344 476; x_wconf 88' lang='lat' dir='ltr'>GESTIS</span> <span class='ocrx_word' id='word_1_4' title='bbox 1389 409 1634 474; x_wconf 86' lang='lat' dir='ltr'>EPISC.</span> <span class='ocrx_word' id='word_1_5' title='bbox 1683 411 2122 475; x_wconf 81' lang='lat' dir='ltr'>ANTISSIOD.</span> <span class='ocrx_word' id='word_1_6' title='bbox 2150 446 2228 458; x_wconf 89' lang='lat'>-—</span> <span class='ocrx_word' id='word_1_7' title='bbox 2256 411 2460 476; x_wconf 83' lang='lat' dir='ltr'>PARS</span> <span class='ocrx_word' id='word_1_8' title='bbox 2501 413 2552 476; x_wconf 91' lang='grc' dir='ltr'>Ι.</span> 
     </span>
    </p>
   </div>
   <div class='ocr_carea' id='block_1_3' title="bbox 3314 391 3436 474">
    <p class='ocr_par' dir='ltr' id='par_1_3' title="bbox 3314 391 3436 474">
     <span class='ocr_line' id='line_1_3' title="bbox 3314 391 3436 474; baseline -0.008 0"><span class='ocrx_word' id='word_1_9' title='bbox 3314 391 3436 474; x_wconf 55' lang='grc'>254</span> 
     </span>
    </p>
   </div>
   <div class='ocr_carea' id='block_1_4' title="bbox 48 524 3432 619">
    <p class='ocr_par' dir='ltr' id='par_1_4' title="bbox 48 524 3432 619">
     <span class='ocr_line' id='line_1_4' title="bbox 48 524 3432 619; baseline -0.001 -14"><span class='ocrx_word' id='word_1_10' title='bbox 48 550 298 605; x_wconf 76' lang='lat' dir='ltr'>ardenter</span> <span class='ocrx_word' id='word_1_11' title='bbox 316 544 691 603; x_wconf 82' lang='lat' dir='ltr'>desiderabat</span> <span class='ocrx_word' id='word_1_12' title='bbox 711 544 822 601; x_wconf 89' lang='lat' dir='ltr'>huc</span> <span class='ocrx_word' id='word_1_13' title='bbox 844 543 1405 613; x_wconf 79' lang='lat' dir='ltr'>advehere,eeclesiae</span> <span class='ocrx_word' id='word_1_14' title='bbox 1438 544 1675 601; x_wconf 87' lang='lat' dir='ltr'>thesau-</span> <span class='ocrx_word' id='word_1_15' title='bbox 1706 544 1762 613; x_wconf 80' lang='grc' dir='ltr'><strong>Α</strong></span> <span class='ocrx_word' id='word_1_16' title='bbox 1789 545 1920 613; x_wconf 91' lang='lat' dir='ltr'>bus,</span> <span class='ocrx_word' id='word_1_17' title='bbox 1955 545 2276 618; x_wconf 83' lang='lat' dir='ltr'>saepissime</span> <span class='ocrx_word' id='word_1_18' title='bbox 2305 550 2500 603; x_wconf 89' lang='lat' dir='ltr'>tamen</span> <span class='ocrx_word' id='word_1_19' title='bbox 2534 544 2682 603; x_wconf 70' lang='lat' dir='ltr'>lastis</span> <span class='ocrx_word' id='word_1_20' title='bbox 2713 561 2840 603; x_wconf 88' lang='lat' dir='ltr'>sese</span> <span class='ocrx_word' id='word_1_21' title='bbox 2877 524 3192 619; x_wconf 88' lang='lat' dir='ltr'>immergit.</span> <span class='ocrx_word' id='word_1_22' title='bbox 3228 545 3331 602; x_wconf 90' lang='lat' dir='ltr'>Hic</span> <span class='ocrx_word' id='word_1_23' title='bbox 3361 546 3432 602; x_wconf 92' lang='lat' dir='ltr'>ab</span> 
     </span>
    </p>
   </div>
   <div class='ocr_carea' id='block_1_5' title="bbox 49 634 1674 708">
    <p class='ocr_par' dir='ltr' id='par_1_5' title="bbox 49 634 1674 708">
     <span class='ocr_line' id='line_1_5' title="bbox 49 634 1674 708; baseline -0.003 -15"><span class='ocrx_word' id='word_1_24' title='bbox 49 655 161 694; x_wconf 86' lang='lat' dir='ltr'>rum</span> <span class='ocrx_word' id='word_1_25' title='bbox 190 653 254 693; x_wconf 88' lang='lat' dir='ltr'>ac</span> <span class='ocrx_word' id='word_1_26' title='bbox 282 637 333 692; x_wconf 89' lang='lat' dir='ltr'>si</span> <span class='ocrx_word' id='word_1_27' title='bbox 364 635 742 708; x_wconf 80' lang='lat' dir='ltr'>sacrilegium</span> <span class='ocrx_word' id='word_1_28' title='bbox 774 634 993 690; x_wconf 80' lang='lat' dir='ltr'>vitabat</span> <span class='ocrx_word' id='word_1_29' title='bbox 1041 635 1398 707; x_wconf 92' lang='lat' dir='ltr'>contingere,</span> <span class='ocrx_word' id='word_1_30' title='bbox 1431 635 1674 689; x_wconf 88' lang='lat' dir='ltr'>donaria</span> 
     </span>
    </p>
   </div>
   <div class='ocr_carea' id='block_1_6' title="bbox 50 723 1675 800">
    <p class='ocr_par' dir='ltr' id='par_1_6' title="bbox 50 723 1675 800">
     <span class='ocr_line' id='line_1_6' title="bbox 50 723 1675 800; baseline -0.003 -19"><span class='ocrx_word' id='word_1_31' title='bbox 50 731 300 800; x_wconf 85' lang='lat' dir='ltr'>argentea</span> <span class='ocrx_word' id='word_1_32' title='bbox 329 723 419 780; x_wconf 89' lang='lat' dir='ltr'>vel</span> <span class='ocrx_word' id='word_1_33' title='bbox 450 741 629 780; x_wconf 89' lang='lat' dir='ltr'>aurea</span> <span class='ocrx_word' id='word_1_34' title='bbox 654 723 944 795; x_wconf 90' lang='lat' dir='ltr'>palliaque</span> <span class='ocrx_word' id='word_1_35' title='bbox 973 724 1302 796; x_wconf 86' lang='lat' dir='ltr'>percptima</span> <span class='ocrx_word' id='word_1_36' title='bbox 1322 728 1523 779; x_wconf 88' lang='lat' dir='ltr'>saneto</span> <span class='ocrx_word' id='word_1_37' title='bbox 1545 739 1675 777; x_wconf 91' lang='lat' dir='ltr'>eon-</span> 
     </span>
    </p>
   </div>
   <div class='ocr_carea' id='block_1_7' title="bbox 47 811 1675 886">
    <p class='ocr_par' dir='ltr' id='par_1_7' title="bbox 47 811 1675 886">
     <span class='ocr_line' id='line_1_7' title="bbox 47 811 1675 886; baseline -0.002 -17"><span class='ocrx_word' id='word_1_38' title='bbox 47 815 163 869; x_wconf 87' lang='lat' dir='ltr'>tulit</span> <span class='ocrx_word' id='word_1_39' title='bbox 191 813 508 886; x_wconf 81' lang='lat' dir='ltr'>Stephano.</span> <span class='ocrx_word' id='word_1_40' title='bbox 541 812 929 868; x_wconf 88' lang='lat' dir='ltr'>Ecolesiarum</span> <span class='ocrx_word' id='word_1_41' title='bbox 961 811 1418 867; x_wconf 88' lang='lat' dir='ltr'>restaurationes</span> <span class='ocrx_word' id='word_1_42' title='bbox 1446 811 1675 866; x_wconf 87' lang='lat' dir='ltr'>instan-</span> 
     </span>
    </p>
   </div>
   <div class='ocr_carea' id='block_1_8' title="bbox 51 899 1674 974">
    <p class='ocr_par' dir='ltr' id='par_1_8' title="bbox 51 899 1674 974">
     <span class='ocr_line' id='line_1_8' title="bbox 51 899 1674 974; baseline -0.001 -18"><span class='ocrx_word' id='word_1_43' title='bbox 51 903 253 958; x_wconf 82' lang='lat' dir='ltr'>tissime</span> <span class='ocrx_word' id='word_1_44' title='bbox 283 900 599 974; x_wconf 88' lang='lat' dir='ltr'>peregit,ac</span> <span class='ocrx_word' id='word_1_45' title='bbox 629 917 736 955; x_wconf 92' lang='lat' dir='ltr'>suo</span> <span class='ocrx_word' id='word_1_46' title='bbox 769 905 1024 973; x_wconf 89' lang='lat' dir='ltr'>tempore</span> <span class='ocrx_word' id='word_1_47' title='bbox 1070 916 1216 972; x_wconf 90' lang='lat' dir='ltr'>pene</span> <span class='ocrx_word' id='word_1_48' title='bbox 1260 899 1505 956; x_wconf 78' lang='lat' dir='ltr'>feliciter</span> <span class='ocrx_word' id='word_1_49' title='bbox 1532 917 1674 955; x_wconf 79' lang='lat' dir='ltr'>con-</span> 
     </span>
    </p>
   </div>
   <div class='ocr_carea' id='block_1_9' title="bbox 51 988 1676 1060">
    <p class='ocr_par' dir='ltr' id='par_1_9' title="bbox 51 988 1676 1060">
     <span class='ocr_line' id='line_1_9' title="bbox 51 988 1676 1060; baseline -0.002 -13"><span class='ocrx_word' id='word_1_50' title='bbox 51 991 432 1057; x_wconf 88' lang='lat' dir='ltr'>summavit,et</span> <span class='ocrx_word' id='word_1_51' title='bbox 453 1006 588 1045; x_wconf 91' lang='lat' dir='ltr'>cum</span> <span class='ocrx_word' id='word_1_52' title='bbox 611 988 875 1044; x_wconf 87' lang='lat' dir='ltr'>nonnulli</span> <span class='ocrx_word' id='word_1_53' title='bbox 908 989 1294 1044; x_wconf 66' lang='lat' dir='ltr'>diazoeseanOs</span> <span class='ocrx_word' id='word_1_54' title='bbox 1316 1006 1455 1044; x_wconf 89' lang='lat' dir='ltr'>suos</span> <span class='ocrx_word' id='word_1_55' title='bbox 1476 1005 1676 1060; x_wconf 86' lang='lat' dir='ltr'>exspo-</span> 
     </span>
    </p>
   </div>
   <div class='ocr_carea' id='block_1_10' title="bbox 52 1069 1677 1151">
    <p class='ocr_par' dir='ltr' id='par_1_10' title="bbox 52 1069 1677 1151">
     <span class='ocr_line' id='line_1_10' title="bbox 52 1069 1677 1151; baseline 0 -17"><span class='ocrx_word' id='word_1_56' title='bbox 52 1079 194 1146; x_wconf 88' lang='lat' dir='ltr'>lient,</span> <span class='ocrx_word' id='word_1_57' title='bbox 239 1079 717 1151; x_wconf 81' lang='lat' dir='ltr'>propinquosque</span> <span class='ocrx_word' id='word_1_58' title='bbox 767 1078 972 1146; x_wconf 78' lang='lat' dir='ltr'>ditent,</span> <span class='ocrx_word' id='word_1_59' title='bbox 1015 1069 1134 1134; x_wconf 82' lang='lat' dir='ltr'>iste</span> <span class='ocrx_word' id='word_1_60' title='bbox 1163 1095 1197 1132; x_wconf 92' lang='lat' dir='ltr'>a</span> <span class='ocrx_word' id='word_1_61' title='bbox 1226 1078 1677 1151; x_wconf 83' lang='lat' dir='ltr'>consanguineis</span> 
     </span>
    </p>
   </div>
   <div class='ocr_carea' id='block_1_11' title="bbox 55 1165 1674 1240">
    <p class='ocr_par' dir='ltr' id='par_1_11' title="bbox 55 1165 1674 1240">
     <span class='ocr_line' id='line_1_11' title="bbox 55 1165 1674 1240; baseline -0.001 -17"><span class='ocrx_word' id='word_1_62' title='bbox 55 1169 287 1223; x_wconf 79' lang='lat' dir='ltr'>maxima</span> <span class='ocrx_word' id='word_1_63' title='bbox 318 1167 644 1240; x_wconf 86' lang='lat' dir='ltr'>percipiens</span> <span class='ocrx_word' id='word_1_64' title='bbox 673 1165 941 1222; x_wconf 56' lang='lat' dir='ltr'>Ecclesiae</span> <span class='ocrx_word' id='word_1_65' title='bbox 973 1184 1090 1222; x_wconf 61' lang='lat' dir='ltr'>sua;</span> <span class='ocrx_word' id='word_1_66' title='bbox 1121 1167 1258 1222; x_wconf 80' lang='lat' dir='ltr'>ﬁliis</span> <span class='ocrx_word' id='word_1_67' title='bbox 1299 1167 1674 1239; x_wconf 89' lang='lat' dir='ltr'>impertieba-</span> 
     </span>
    </p>
   </div>
   <div class='ocr_carea' id='block_1_12' title="bbox 55 1255 1678 1329">
    <p class='ocr_par' dir='ltr' id='par_1_12' title="bbox 55 1255 1678 1329">
     <span class='ocr_line' id='line_1_12' title="bbox 55 1255 1678 1329; baseline 0 -18"><span class='ocrx_word' id='word_1_68' title='bbox 55 1262 175 1311; x_wconf 85' lang='lat' dir='ltr'>tur:</span> <span class='ocrx_word' id='word_1_69' title='bbox 211 1272 398 1328; x_wconf 89' lang='lat' dir='ltr'>neque</span> <span class='ocrx_word' id='word_1_70' title='bbox 429 1257 584 1311; x_wconf 91' lang='lat' dir='ltr'>enim</span> <span class='ocrx_word' id='word_1_71' title='bbox 617 1255 844 1322; x_wconf 89' lang='lat' dir='ltr'>alienis,</span> <span class='ocrx_word' id='word_1_72' title='bbox 879 1257 979 1311; x_wconf 91' lang='lat' dir='ltr'>sed</span> <span class='ocrx_word' id='word_1_73' title='bbox 1013 1255 1265 1328; x_wconf 81' lang='lat' dir='ltr'>propriis</span> <span class='ocrx_word' id='word_1_74' title='bbox 1314 1256 1678 1329; x_wconf 83' lang='lat' dir='ltr'>transigebat</span> 
     </span>
    </p>
   </div>
   <div class='ocr_carea' id='block_1_13' title="bbox 56 1344 1677 1416">
    <p class='ocr_par' dir='ltr' id='par_1_13' title="bbox 56 1344 1677 1416">
     <span class='ocr_line' id='line_1_13' title="bbox 56 1344 1677 1416; baseline -0.001 -16"><span class='ocrx_word' id='word_1_75' title='bbox 56 1345 232 1410; x_wconf 89' lang='lat' dir='ltr'>donis;</span> <span class='ocrx_word' id='word_1_76' title='bbox 265 1345 322 1400; x_wconf 90' lang='lat' dir='ltr'>in</span> <span class='ocrx_word' id='word_1_77' title='bbox 357 1344 517 1400; x_wconf 90' lang='lat' dir='ltr'>omni</span> <span class='ocrx_word' id='word_1_78' title='bbox 558 1344 822 1400; x_wconf 90' lang='lat' dir='ltr'>convictu</span> <span class='ocrx_word' id='word_1_79' title='bbox 873 1349 1049 1416; x_wconf 87' lang='lat' dir='ltr'>atque</span> <span class='ocrx_word' id='word_1_80' title='bbox 1099 1349 1320 1400; x_wconf 89' lang='lat' dir='ltr'>secreto</span> <span class='ocrx_word' id='word_1_81' title='bbox 1369 1345 1677 1416; x_wconf 63' lang='lat' dir='ltr'>prmsentia</span> 
     </span>
    </p>
   </div>
   <div class='ocr_carea' id='block_1_14' title="bbox 58 1433 1679 1505">
    <p class='ocr_par' dir='ltr' id='par_1_14' title="bbox 58 1433 1679 1505">
     <span class='ocr_line' id='line_1_14' title="bbox 58 1433 1679 1505; baseline -0.001 -16"><span class='ocrx_word' id='word_1_82' title='bbox 58 1450 273 1489; x_wconf 89' lang='lat' dir='ltr'>suorum</span> <span class='ocrx_word' id='word_1_83' title='bbox 303 1451 450 1490; x_wconf 90' lang='lat' dir='ltr'>usus</span> <span class='ocrx_word' id='word_1_84' title='bbox 480 1433 967 1498; x_wconf 88' lang='lat' dir='ltr'>clericorum,non</span> <span class='ocrx_word' id='word_1_85' title='bbox 1001 1433 1229 1504; x_wconf 90' lang='lat' dir='ltr'>patiens</span> <span class='ocrx_word' id='word_1_86' title='bbox 1261 1433 1582 1505; x_wconf 88' lang='lat' dir='ltr'>quidquam</span> <span class='ocrx_word' id='word_1_87' title='bbox 1605 1434 1679 1488; x_wconf 88' lang='lat' dir='ltr'>si-</span> 
     </span>
    </p>
   </div>
   <div class='ocr_carea' id='block_1_15' title="bbox 60 1521 1675 1594">
    <p class='ocr_par' dir='ltr' id='par_1_15' title="bbox 60 1521 1675 1594">
     <span class='ocr_line' id='line_1_15' title="bbox 60 1521 1675 1594; baseline -0.001 -16"><span class='ocrx_word' id='word_1_88' title='bbox 60 1524 279 1578; x_wconf 90' lang='lat' dir='ltr'>nistrum</span> <span class='ocrx_word' id='word_1_89' title='bbox 309 1523 382 1578; x_wconf 90' lang='lat' dir='ltr'>de</span> <span class='ocrx_word' id='word_1_90' title='bbox 421 1522 538 1577; x_wconf 83' lang='lat' dir='ltr'>illis</span> <span class='ocrx_word' id='word_1_91' title='bbox 589 1522 794 1577; x_wconf 91' lang='lat' dir='ltr'>audire</span> <span class='ocrx_word' id='word_1_92' title='bbox 843 1521 931 1577; x_wconf 87' lang='lat' dir='ltr'>vel</span> <span class='ocrx_word' id='word_1_93' title='bbox 996 1521 1190 1593; x_wconf 89' lang='lat' dir='ltr'>loqui;</span> <span class='ocrx_word' id='word_1_94' title='bbox 1225 1526 1397 1578; x_wconf 90' lang='lat' dir='ltr'>utens</span> <span class='ocrx_word' id='word_1_95' title='bbox 1453 1521 1675 1594; x_wconf 87' lang='lat' dir='ltr'>vulgari</span> 
     </span>
    </p>
   </div>
   <div class='ocr_carea' id='block_1_16' title="bbox 60 1610 1677 1684">
    <p class='ocr_par' dir='ltr' id='par_1_16' title="bbox 60 1610 1677 1684">
     <span class='ocr_line' id='line_1_16' title="bbox 60 1610 1677 1684; baseline -0.001 -17"><span class='ocrx_word' id='word_1_96' title='bbox 60 1611 624 1684; x_wconf 85' lang='lat' dir='ltr'>proverbio,nesciant</span> <span class='ocrx_word' id='word_1_97' title='bbox 641 1610 775 1665; x_wconf 89' lang='lat' dir='ltr'>laici</span> <span class='ocrx_word' id='word_1_98' title='bbox 801 1610 941 1682; x_wconf 88' lang='lat' dir='ltr'>quid</span> <span class='ocrx_word' id='word_1_99' title='bbox 969 1610 1189 1666; x_wconf 88' lang='lat' dir='ltr'>faciunt</span> <span class='ocrx_word' id='word_1_100' title='bbox 1209 1610 1488 1681; x_wconf 89' lang='lat' dir='ltr'>clerici,et</span> <span class='ocrx_word' id='word_1_101' title='bbox 1508 1628 1677 1683; x_wconf 89' lang='lat' dir='ltr'>pares</span> 
     </span>
    </p>
   </div>
   <div class='ocr_carea' id='block_1_17' title="bbox 58 1697 1680 1771">
    <p class='ocr_par' dir='ltr' id='par_1_17' title="bbox 58 1697 1680 1771">
     <span class='ocr_line' id='line_1_17' title="bbox 58 1697 1680 1771; baseline 0.001 -18"><span class='ocrx_word' id='word_1_102' title='bbox 58 1700 270 1771; x_wconf 87' lang='lat' dir='ltr'>paribus</span> <span class='ocrx_word' id='word_1_103' title='bbox 299 1698 782 1755; x_wconf 88' lang='lat' dir='ltr'>socientur.Mors</span> <span class='ocrx_word' id='word_1_104' title='bbox 814 1703 1009 1754; x_wconf 90' lang='lat' dir='ltr'>autem</span> <span class='ocrx_word' id='word_1_105' title='bbox 1040 1697 1360 1754; x_wconf 82' lang='lat' dir='ltr'>immatura</span> <span class='ocrx_word' id='word_1_106' title='bbox 1388 1715 1523 1754; x_wconf 91' lang='lat' dir='ltr'>eum</span> <span class='ocrx_word' id='word_1_107' title='bbox 1546 1699 1680 1754; x_wconf 89' lang='lat' dir='ltr'>sub-</span> 
     </span>
    </p>
   </div>
   <div class='ocr_carea' id='block_1_18' title="bbox 59 1785 1678 1859">
    <p class='ocr_par' dir='ltr' id='par_1_18' title="bbox 59 1785 1678 1859">
     <span class='ocr_line' id='line_1_18' title="bbox 59 1785 1678 1859; baseline 0 -17"><span class='ocrx_word' id='word_1_108' title='bbox 59 1788 230 1859; x_wconf 89' lang='lat' dir='ltr'>ripuit,</span> <span class='ocrx_word' id='word_1_109' title='bbox 262 1788 359 1844; x_wconf 88' lang='lat' dir='ltr'>sed</span> <span class='ocrx_word' id='word_1_110' title='bbox 394 1787 664 1843; x_wconf 86' lang='lat' dir='ltr'>Christus</span> <span class='ocrx_word' id='word_1_111' title='bbox 696 1803 874 1858; x_wconf 89' lang='lat' dir='ltr'>super</span> <span class='ocrx_word' id='word_1_112' title='bbox 903 1790 1062 1841; x_wconf 87' lang='lat' dir='ltr'>astra</span> <span class='ocrx_word' id='word_1_113' title='bbox 1090 1785 1332 1841; x_wconf 87' lang='lat' dir='ltr'>sustulit</span> <span class='ocrx_word' id='word_1_114' title='bbox 1362 1787 1531 1858; x_wconf 87' lang='lat' dir='ltr'>cujus</span> <span class='ocrx_word' id='word_1_115' title='bbox 1553 1804 1678 1842; x_wconf 89' lang='lat' dir='ltr'>cor—</span> 
     </span>
    </p>
   </div>
   <div class='ocr_carea' id='block_1_19' title="bbox 59 1874 1756 1976">
    <p class='ocr_par' dir='ltr' id='par_1_19' title="bbox 59 1874 1756 1976">
     <span class='ocr_line' id='line_1_19' title="bbox 59 1874 1756 1976; baseline 0.002 -46"><span class='ocrx_word' id='word_1_116' title='bbox 59 1877 193 1947; x_wconf 84' lang='lat' dir='ltr'>poris</span> <span class='ocrx_word' id='word_1_117' title='bbox 221 1877 484 1932; x_wconf 88' lang='lat' dir='ltr'>membra</span> <span class='ocrx_word' id='word_1_118' title='bbox 509 1875 734 1931; x_wconf 88' lang='lat' dir='ltr'>Saxiaci</span> <span class='ocrx_word' id='word_1_119' title='bbox 778 1874 1116 1930; x_wconf 88' lang='lat' dir='ltr'>monasterii</span> <span class='ocrx_word' id='word_1_120' title='bbox 1147 1875 1288 1948; x_wconf 83' lang='lat' dir='ltr'>tegit</span> <span class='ocrx_word' id='word_1_121' title='bbox 1320 1893 1486 1942; x_wconf 91' lang='lat' dir='ltr'>urna,</span> <span class='ocrx_word' id='word_1_122' title='bbox 1518 1876 1673 1934; x_wconf 78' lang='lat' dir='ltr'>diem</span> <span class='ocrx_word' id='word_1_123' title='bbox 1707 1912 1756 1976; x_wconf 81' lang='grc' dir='ltr'><strong>Β</strong></span> 
     </span>
    </p>
   </div>
   <div class='ocr_carea' id='block_1_20' title="bbox 60 1963 1680 2037">
    <p class='ocr_par' dir='ltr' id='par_1_20' title="bbox 60 1963 1680 2037">
     <span class='ocr_line' id='line_1_20' title="bbox 60 1963 1680 2037; baseline 0.003 -20"><span class='ocrx_word' id='word_1_124' title='bbox 60 1981 122 2018; x_wconf 80' lang='lat' dir='ltr'>vn</span> <span class='ocrx_word' id='word_1_125' title='bbox 149 1965 274 2020; x_wconf 90' lang='lat' dir='ltr'>ldus</span> <span class='ocrx_word' id='word_1_126' title='bbox 325 1965 498 2020; x_wconf 88' lang='lat' dir='ltr'>Mart.</span> <span class='ocrx_word' id='word_1_127' title='bbox 534 1963 747 2020; x_wconf 87' lang='lat' dir='ltr'>clausit</span> <span class='ocrx_word' id='word_1_128' title='bbox 795 1969 1145 2031; x_wconf 88' lang='lat' dir='ltr'>extremum,</span> <span class='ocrx_word' id='word_1_129' title='bbox 1179 1966 1556 2037; x_wconf 89' lang='lat' dir='ltr'>superstitem</span> <span class='ocrx_word' id='word_1_130' title='bbox 1591 1983 1680 2022; x_wconf 89' lang='lat' dir='ltr'>re-</span> 
     </span>
    </p>
   </div>
   <div class='ocr_carea' id='block_1_21' title="bbox 59 2051 1681 2127">
    <p class='ocr_par' dir='ltr' id='par_1_21' title="bbox 59 2051 1681 2127">
     <span class='ocr_line' id='line_1_21' title="bbox 59 2051 1681 2127; baseline 0.003 -22"><span class='ocrx_word' id='word_1_131' title='bbox 59 2051 301 2125; x_wconf 86' lang='lat' dir='ltr'>linquens</span> <span class='ocrx_word' id='word_1_132' title='bbox 331 2054 596 2120; x_wconf 85' lang='lat' dir='ltr'>fratrem,</span> <span class='ocrx_word' id='word_1_133' title='bbox 626 2053 728 2125; x_wconf 93' lang='lat' dir='ltr'>qui</span> <span class='ocrx_word' id='word_1_134' title='bbox 761 2053 873 2108; x_wconf 91' lang='lat' dir='ltr'>sibi</span> <span class='ocrx_word' id='word_1_135' title='bbox 906 2052 1151 2109; x_wconf 85' lang='lat' dir='ltr'>feliciter</span> <span class='ocrx_word' id='word_1_136' title='bbox 1180 2054 1402 2119; x_wconf 86' lang='lat' dir='ltr'>vixit,et</span> <span class='ocrx_word' id='word_1_137' title='bbox 1421 2054 1520 2109; x_wconf 89' lang='lat' dir='ltr'>illa</span> <span class='ocrx_word' id='word_1_138' title='bbox 1540 2073 1681 2127; x_wconf 90' lang='lat' dir='ltr'>quo-</span> 
     </span>
    </p>
   </div>
   <div class='ocr_carea' id='block_1_22' title="bbox 61 2141 1678 2215">
    <p class='ocr_par' dir='ltr' id='par_1_22' title="bbox 61 2141 1678 2215">
     <span class='ocr_line' id='line_1_22' title="bbox 61 2141 1678 2215; baseline 0.001 -19"><span class='ocrx_word' id='word_1_139' title='bbox 61 2158 151 2211; x_wconf 88' lang='lat' dir='ltr'>que</span> <span class='ocrx_word' id='word_1_140' title='bbox 177 2159 272 2213; x_wconf 89' lang='lat' dir='ltr'>pro</span> <span class='ocrx_word' id='word_1_141' title='bbox 302 2144 434 2213; x_wconf 85' lang='lat' dir='ltr'>ejus</span> <span class='ocrx_word' id='word_1_142' title='bbox 464 2142 749 2197; x_wconf 88' lang='lat' dir='ltr'>memoria</span> <span class='ocrx_word' id='word_1_143' title='bbox 780 2141 1046 2197; x_wconf 87' lang='lat' dir='ltr'>facienda</span> <span class='ocrx_word' id='word_1_144' title='bbox 1077 2141 1324 2215; x_wconf 87' lang='lat' dir='ltr'>largitus</span> <span class='ocrx_word' id='word_1_145' title='bbox 1342 2147 1431 2198; x_wconf 91' lang='lat' dir='ltr'>est</span> <span class='ocrx_word' id='word_1_146' title='bbox 1452 2143 1506 2197; x_wconf 91' lang='lat' dir='ltr'>in</span> <span class='ocrx_word' id='word_1_147' title='bbox 1539 2143 1678 2198; x_wconf 80' lang='lat' dir='ltr'>Rivo</span> 
     </span>
    </p>
   </div>
   <div class='ocr_carea' id='block_1_23' title="bbox 61 2229 1678 2304">
    <p class='ocr_par' dir='ltr' id='par_1_23' title="bbox 61 2229 1678 2304">
     <span class='ocr_line' id='line_1_23' title="bbox 61 2229 1678 2304; baseline 0.003 -23"><span class='ocrx_word' id='word_1_148' title='bbox 61 2229 183 2283; x_wconf 87' lang='lat' dir='ltr'>duos</span> <span class='ocrx_word' id='word_1_149' title='bbox 221 2246 458 2285; x_wconf 88' lang='lat' dir='ltr'>mansos</span> <span class='ocrx_word' id='word_1_150' title='bbox 505 2245 641 2284; x_wconf 91' lang='lat' dir='ltr'>cum</span> <span class='ocrx_word' id='word_1_151' title='bbox 693 2229 873 2304; x_wconf 87' lang='lat' dir='ltr'>regali</span> <span class='ocrx_word' id='word_1_152' title='bbox 921 2234 980 2285; x_wconf 88' lang='lat' dir='ltr'>et</span> <span class='ocrx_word' id='word_1_153' title='bbox 1027 2229 1344 2302; x_wconf 87' lang='lat' dir='ltr'>episcopali</span> <span class='ocrx_word' id='word_1_154' title='bbox 1389 2247 1678 2286; x_wconf 90' lang='lat' dir='ltr'>consensu</span> 
     </span>
    </p>
   </div>
   <div class='ocr_carea' id='block_1_24' title="bbox 61 2318 1680 2390">
    <p class='ocr_par' dir='ltr' id='par_1_24' title="bbox 61 2318 1680 2390">
     <span class='ocr_line' id='line_1_24' title="bbox 61 2318 1680 2390; baseline 0.002 -19"><span class='ocrx_word' id='word_1_155' title='bbox 61 2318 319 2373; x_wconf 77' lang='lat' dir='ltr'>canonicis</span> <span class='ocrx_word' id='word_1_156' title='bbox 377 2319 567 2374; x_wconf 86' lang='lat' dir='ltr'>sancti</span> <span class='ocrx_word' id='word_1_157' title='bbox 627 2318 929 2390; x_wconf 88' lang='lat' dir='ltr'>Stephani,</span> <span class='ocrx_word' id='word_1_158' title='bbox 962 2323 1021 2373; x_wconf 91' lang='lat' dir='ltr'>et</span> <span class='ocrx_word' id='word_1_159' title='bbox 1070 2319 1127 2373; x_wconf 92' lang='lat' dir='ltr'>in</span> <span class='ocrx_word' id='word_1_160' title='bbox 1171 2318 1680 2375; x_wconf 84' lang='lat' dir='ltr'>administratione</span> 
     </span>
    </p>
   </div>
   <div class='ocr_carea' id='block_1_25' title="bbox 60 2403 1680 2478">
    <p class='ocr_par' dir='ltr' id='par_1_25' title="bbox 60 2403 1680 2478">
     <span class='ocr_line' id='line_1_25' title="bbox 60 2403 1680 2478; baseline 0.004 -21"><span class='ocrx_word' id='word_1_161' title='bbox 60 2403 268 2460; x_wconf 89' lang='lat' dir='ltr'>luminis</span> <span class='ocrx_word' id='word_1_162' title='bbox 297 2406 481 2461; x_wconf 85' lang='lat' dir='ltr'>divini</span> <span class='ocrx_word' id='word_1_163' title='bbox 511 2405 715 2462; x_wconf 89' lang='lat' dir='ltr'>altaris</span> <span class='ocrx_word' id='word_1_164' title='bbox 763 2407 949 2462; x_wconf 87' lang='lat' dir='ltr'>sancti</span> <span class='ocrx_word' id='word_1_165' title='bbox 982 2406 1261 2478; x_wconf 86' lang='lat' dir='ltr'>Stephani</span> <span class='ocrx_word' id='word_1_166' title='bbox 1288 2408 1346 2462; x_wconf 92' lang='lat' dir='ltr'>in</span> <span class='ocrx_word' id='word_1_167' title='bbox 1378 2408 1680 2464; x_wconf 90' lang='lat' dir='ltr'>Piscaliolo</span> 
     </span>
    </p>
   </div>
   <div class='ocr_carea' id='block_1_26' title="bbox 63 2492 707 2552">
    <p class='ocr_par' dir='ltr' id='par_1_26' title="bbox 63 2492 707 2552">
     <span class='ocr_line' id='line_1_26' title="bbox 63 2492 707 2552; baseline 0.009 -8"><span class='ocrx_word' id='word_1_168' title='bbox 63 2492 176 2548; x_wconf 85' lang='lat' dir='ltr'>villa</span> <span class='ocrx_word' id='word_1_169' title='bbox 198 2511 468 2552; x_wconf 84' lang='lat' dir='ltr'>mansum</span> <span class='ocrx_word' id='word_1_170' title='bbox 501 2513 707 2551; x_wconf 91' lang='lat' dir='ltr'>unum.</span> 
     </span>
    </p>
   </div>
   <div class='ocr_carea' id='block_1_27' title="bbox 457 2637 1252 2696">
    <p class='ocr_par' dir='ltr' id='par_1_27' title="bbox 457 2637 1252 2696">
     <span class='ocr_line' id='line_1_27' title="bbox 457 2637 1252 2696; baseline -0.001 -2"><span class='ocrx_word' id='word_1_171' title='bbox 457 2638 593 2694; x_wconf 76' lang='lat' dir='ltr'><strong>CAP.</strong></span> <span class='ocrx_word' id='word_1_172' title='bbox 627 2637 738 2694; x_wconf 89' lang='lat' dir='ltr'>XL.</span> <span class='ocrx_word' id='word_1_173' title='bbox 772 2670 839 2678; x_wconf 93' lang='lat'><strong><em>—</em></strong></span> <span class='ocrx_word' id='word_1_174' title='bbox 871 2640 945 2694; x_wconf 83' lang='lat' dir='ltr'>De</span> <span class='ocrx_word' id='word_1_175' title='bbox 977 2638 1252 2696; x_wconf 80' lang='lat' dir='ltr'>Uribaldo.</span> 
     </span>
    </p>
   </div>
   <div class='ocr_carea' id='block_1_28' title="bbox 121 2761 1683 2836">
    <p class='ocr_par' dir='ltr' id='par_1_28' title="bbox 121 2761 1683 2836">
     <span class='ocr_line' id='line_1_28' title="bbox 121 2761 1683 2836; baseline 0.001 -18"><span class='ocrx_word' id='word_1_176' title='bbox 121 2761 438 2829; x_wconf 88' lang='lat' dir='ltr'>Uribaldus,</span> <span class='ocrx_word' id='word_1_177' title='bbox 500 2762 734 2818; x_wconf 73' lang='lat' dir='ltr'>natione</span> <span class='ocrx_word' id='word_1_178' title='bbox 801 2764 1178 2836; x_wconf 85' lang='lat' dir='ltr'>Francigena,</span> <span class='ocrx_word' id='word_1_179' title='bbox 1247 2764 1683 2820; x_wconf 88' lang='lat' dir='ltr'>Cameracensis</span> 
     </span>
    </p>
   </div>
   <div class='ocr_carea' id='block_1_29' title="bbox 66 2851 1684 2925">
    <p class='ocr_par' dir='ltr' id='par_1_29' title="bbox 66 2851 1684 2925">
     <span class='ocr_line' id='line_1_29' title="bbox 66 2851 1684 2925; baseline 0.002 -20"><span class='ocrx_word' id='word_1_180' title='bbox 66 2851 280 2907; x_wconf 72' lang='lat' dir='ltr'>civitatis</span> <span class='ocrx_word' id='word_1_181' title='bbox 311 2852 656 2924; x_wconf 90' lang='lat' dir='ltr'>indigena,a</span> <span class='ocrx_word' id='word_1_182' title='bbox 684 2851 972 2908; x_wconf 86' lang='lat' dir='ltr'>Ludovico</span> <span class='ocrx_word' id='word_1_183' title='bbox 1002 2852 1425 2925; x_wconf 86' lang='lat' dir='ltr'>gloriosissimo</span> <span class='ocrx_word' id='word_1_184' title='bbox 1445 2870 1511 2908; x_wconf 92' lang='lat' dir='ltr'>ac</span> <span class='ocrx_word' id='word_1_185' title='bbox 1529 2871 1684 2909; x_wconf 90' lang='lat' dir='ltr'>sem-</span> 
     </span>
    </p>
   </div>
   <div class='ocr_carea' id='block_1_30' title="bbox 67 2939 1655 3013">
    <p class='ocr_par' dir='ltr' id='par_1_30' title="bbox 67 2939 1655 3013">
     <span class='ocr_line' id='line_1_30' title="bbox 67 2939 1655 3013; baseline 0.003 -19"><span class='ocrx_word' id='word_1_186' title='bbox 67 2955 150 3010; x_wconf 84' lang='lat' dir='ltr'>per</span> <span class='ocrx_word' id='word_1_187' title='bbox 165 2943 418 3012; x_wconf 83' lang='lat' dir='ltr'>Angusto</span> <span class='ocrx_word' id='word_1_188' title='bbox 441 2939 578 2995; x_wconf 91' lang='lat' dir='ltr'>huic</span> <span class='ocrx_word' id='word_1_189' title='bbox 600 2940 816 2996; x_wconf 82' lang='lat' dir='ltr'>civitati</span> <span class='ocrx_word' id='word_1_190' title='bbox 841 2941 1075 2997; x_wconf 91' lang='lat' dir='ltr'>futurus</span> <span class='ocrx_word' id='word_1_191' title='bbox 1097 2941 1352 2997; x_wconf 89' lang='lat' dir='ltr'>directus</span> <span class='ocrx_word' id='word_1_192' title='bbox 1363 2942 1655 3013; x_wconf 89' lang='lat' dir='ltr'>estepisco</span> 
     </span>
    </p>
   </div>
   <div class='ocr_carea' id='block_1_31' title="bbox 67 3028 1687 3102">
    <p class='ocr_par' dir='ltr' id='par_1_31' title="bbox 67 3028 1687 3102">
     <span class='ocr_line' id='line_1_31' title="bbox 67 3028 1687 3102; baseline 0.002 -20"><span class='ocrx_word' id='word_1_193' title='bbox 67 3044 174 3098; x_wconf 89' lang='lat' dir='ltr'>pus,</span> <span class='ocrx_word' id='word_1_194' title='bbox 203 3029 546 3101; x_wconf 86' lang='lat' dir='ltr'>parentibus</span> <span class='ocrx_word' id='word_1_195' title='bbox 575 3028 961 3086; x_wconf 89' lang='lat' dir='ltr'>nobilissimis</span> <span class='ocrx_word' id='word_1_196' title='bbox 989 3030 1243 3102; x_wconf 90' lang='lat' dir='ltr'>genitus,</span> <span class='ocrx_word' id='word_1_197' title='bbox 1272 3034 1434 3101; x_wconf 88' lang='lat' dir='ltr'>patre</span> <span class='ocrx_word' id='word_1_198' title='bbox 1465 3030 1687 3086; x_wconf 81' lang='lat' dir='ltr'>scilicet</span> 
     </span>
    </p>
   </div>
   <div class='ocr_carea' id='block_1_32' title="bbox 68 3116 1686 3192">
    <p class='ocr_par' dir='ltr' id='par_1_32' title="bbox 68 3116 1686 3192">
     <span class='ocr_line' id='line_1_32' title="bbox 68 3116 1686 3192; baseline 0.001 -20"><span class='ocrx_word' id='word_1_199' title='bbox 68 3116 639 3191; x_wconf 85' lang='lat' dir='ltr'>Leutfrido,genitrice</span> <span class='ocrx_word' id='word_1_200' title='bbox 669 3118 849 3185; x_wconf 91' lang='lat' dir='ltr'>Doda,</span> <span class='ocrx_word' id='word_1_201' title='bbox 879 3117 1064 3192; x_wconf 87' lang='lat' dir='ltr'>legale</span> <span class='ocrx_word' id='word_1_202' title='bbox 1093 3119 1339 3175; x_wconf 88' lang='lat' dir='ltr'>invicem</span> <span class='ocrx_word' id='word_1_203' title='bbox 1377 3123 1531 3175; x_wconf 88' lang='lat' dir='ltr'>caste</span> <span class='ocrx_word' id='word_1_204' title='bbox 1560 3137 1686 3176; x_wconf 88' lang='lat' dir='ltr'>ser-</span> 
     </span>
    </p>
   </div>
   <div class='ocr_carea' id='block_1_33' title="bbox 65 3205 1685 3280">
    <p class='ocr_par' dir='ltr' id='par_1_33' title="bbox 65 3205 1685 3280">
     <span class='ocr_line' id='line_1_33' title="bbox 65 3205 1685 3280; baseline 0.003 -22"><span class='ocrx_word' id='word_1_205' title='bbox 65 3205 306 3263; x_wconf 82' lang='lat' dir='ltr'>vantibus</span> <span class='ocrx_word' id='word_1_206' title='bbox 352 3207 718 3279; x_wconf 88' lang='lat' dir='ltr'>conjugium.</span> <span class='ocrx_word' id='word_1_207' title='bbox 749 3207 851 3262; x_wconf 86' lang='lat' dir='ltr'>Hic</span> <span class='ocrx_word' id='word_1_208' title='bbox 881 3225 914 3262; x_wconf 93' lang='lat' dir='ltr'>a</span> <span class='ocrx_word' id='word_1_209' title='bbox 946 3208 1136 3280; x_wconf 92' lang='lat' dir='ltr'>primo</span> <span class='ocrx_word' id='word_1_210' title='bbox 1186 3207 1373 3263; x_wconf 72' lang='lat' dir='ltr'>aetatis</span> <span class='ocrx_word' id='word_1_211' title='bbox 1419 3207 1685 3263; x_wconf 91' lang='lat' dir='ltr'>tirocinio</span> 
     </span>
    </p>
   </div>
   <div class='ocr_carea' id='block_1_34' title="bbox 1783 635 3436 708">
    <p class='ocr_par' dir='ltr' id='par_1_34' title="bbox 1783 635 3436 708">
     <span class='ocr_line' id='line_1_34' title="bbox 1783 635 3436 708; baseline 0 -18"><span class='ocrx_word' id='word_1_212' title='bbox 1783 636 2126 691; x_wconf 87' lang='lat' dir='ltr'>occidentali</span> <span class='ocrx_word' id='word_1_213' title='bbox 2156 641 2318 708; x_wconf 90' lang='lat' dir='ltr'>parte</span> <span class='ocrx_word' id='word_1_214' title='bbox 2349 635 2603 692; x_wconf 84' lang='lat' dir='ltr'>ecclesiae</span> <span class='ocrx_word' id='word_1_215' title='bbox 2636 635 2822 692; x_wconf 85' lang='lat' dir='ltr'>sancti</span> <span class='ocrx_word' id='word_1_216' title='bbox 2845 635 3124 706; x_wconf 85' lang='lat' dir='ltr'>Stephani</span> <span class='ocrx_word' id='word_1_217' title='bbox 3157 636 3271 691; x_wconf 93' lang='lat' dir='ltr'>duo</span> <span class='ocrx_word' id='word_1_218' title='bbox 3302 653 3436 691; x_wconf 91' lang='lat' dir='ltr'>con-</span> 
     </span>
    </p>
   </div>
   <div class='ocr_carea' id='block_1_35' title="bbox 1784 724 3432 798">
    <p class='ocr_par' dir='ltr' id='par_1_35' title="bbox 1784 724 3432 798">
     <span class='ocr_line' id='line_1_35' title="bbox 1784 724 3432 798; baseline 0 -18"><span class='ocrx_word' id='word_1_219' title='bbox 1784 725 1997 780; x_wconf 85' lang='lat' dir='ltr'>struxit</span> <span class='ocrx_word' id='word_1_220' title='bbox 2027 725 2234 780; x_wconf 89' lang='lat' dir='ltr'>altaria</span> <span class='ocrx_word' id='word_1_221' title='bbox 2265 742 2277 779; x_wconf 93' lang='lat'>:</span> <span class='ocrx_word' id='word_1_222' title='bbox 2314 725 2588 798; x_wconf 86' lang='lat' dir='ltr'>superius</span> <span class='ocrx_word' id='word_1_223' title='bbox 2620 724 2678 779; x_wconf 92' lang='lat' dir='ltr'>in</span> <span class='ocrx_word' id='word_1_224' title='bbox 2707 724 2923 779; x_wconf 90' lang='lat' dir='ltr'>honore</span> <span class='ocrx_word' id='word_1_225' title='bbox 2965 729 3177 779; x_wconf 67' lang='lat' dir='ltr'>sancta:</span> <span class='ocrx_word' id='word_1_226' title='bbox 3209 725 3432 791; x_wconf 91' lang='lat' dir='ltr'>Crucis,</span> 
     </span>
    </p>
   </div>
   <div class='ocr_carea' id='block_1_36' title="bbox 1785 812 3435 886">
    <p class='ocr_par' dir='ltr' id='par_1_36' title="bbox 1785 812 3435 886">
     <span class='ocr_line' id='line_1_36' title="bbox 1785 812 3435 886; baseline 0 -18"><span class='ocrx_word' id='word_1_227' title='bbox 1785 831 1888 886; x_wconf 91' lang='lat' dir='ltr'>per</span> <span class='ocrx_word' id='word_1_228' title='bbox 1918 831 2094 885; x_wconf 91' lang='lat' dir='ltr'>quam</span> <span class='ocrx_word' id='word_1_229' title='bbox 2121 814 2282 868; x_wconf 92' lang='lat' dir='ltr'>omni</span> <span class='ocrx_word' id='word_1_230' title='bbox 2313 814 2533 869; x_wconf 92' lang='lat' dir='ltr'>mundo</span> <span class='ocrx_word' id='word_1_231' title='bbox 2565 813 2724 869; x_wconf 88' lang='lat' dir='ltr'>salus</span> <span class='ocrx_word' id='word_1_232' title='bbox 2753 812 3004 880; x_wconf 74' lang='lat' dir='ltr'>effulsit;</span> <span class='ocrx_word' id='word_1_233' title='bbox 3039 812 3284 868; x_wconf 91' lang='lat' dir='ltr'>inferius</span> <span class='ocrx_word' id='word_1_234' title='bbox 3303 830 3435 868; x_wconf 85' lang='lat' dir='ltr'>vero</span> 
     </span>
    </p>
   </div>
   <div class='ocr_carea' id='block_1_37' title="bbox 1784 900 3438 974">
    <p class='ocr_par' dir='ltr' id='par_1_37' title="bbox 1784 900 3438 974">
     <span class='ocr_line' id='line_1_37' title="bbox 1784 900 3438 974; baseline -0.001 -18"><span class='ocrx_word' id='word_1_235' title='bbox 1784 902 1940 956; x_wconf 88' lang='lat' dir='ltr'>beati</span> <span class='ocrx_word' id='word_1_236' title='bbox 1964 901 2224 974; x_wconf 88' lang='lat' dir='ltr'>Gregorii</span> <span class='ocrx_word' id='word_1_237' title='bbox 2254 920 2355 972; x_wconf 91' lang='lat' dir='ltr'>pro</span> <span class='ocrx_word' id='word_1_238' title='bbox 2389 901 2604 956; x_wconf 91' lang='lat' dir='ltr'>nostris</span> <span class='ocrx_word' id='word_1_239' title='bbox 2634 900 3068 956; x_wconf 87' lang='lat' dir='ltr'>calamitatibus</span> <span class='ocrx_word' id='word_1_240' title='bbox 3100 901 3438 956; x_wconf 88' lang='lat' dir='ltr'>intercesso-</span> 
     </span>
    </p>
   </div>
   <div class='ocr_carea' id='block_1_38' title="bbox 1785 989 3436 1062">
    <p class='ocr_par' dir='ltr' id='par_1_38' title="bbox 1785 989 3436 1062">
     <span class='ocr_line' id='line_1_38' title="bbox 1785 989 3436 1062; baseline -0.001 -16"><span class='ocrx_word' id='word_1_241' title='bbox 1785 990 2206 1062; x_wconf 87' lang='lat' dir='ltr'>ris,eximiique</span> <span class='ocrx_word' id='word_1_242' title='bbox 2235 989 2399 1045; x_wconf 91' lang='lat' dir='ltr'>Pauli</span> <span class='ocrx_word' id='word_1_243' title='bbox 2429 989 2998 1062; x_wconf 79' lang='lat' dir='ltr'>apostoli,Amatoris</span> <span class='ocrx_word' id='word_1_244' title='bbox 3029 990 3228 1056; x_wconf 88' lang='lat' dir='ltr'>etiam,</span> <span class='ocrx_word' id='word_1_245' title='bbox 3261 993 3436 1060; x_wconf 89' lang='lat' dir='ltr'>atque</span> 
     </span>
    </p>
   </div>
   <div class='ocr_carea' id='block_1_39' title="bbox 1784 1077 3437 1144">
    <p class='ocr_par' dir='ltr' id='par_1_39' title="bbox 1784 1077 3437 1144">
     <span class='ocr_line' id='line_1_39' title="bbox 1784 1077 3437 1144; baseline -0.001 -10"><span class='ocrx_word' id='word_1_246' title='bbox 1784 1079 2079 1144; x_wconf 89' lang='lat' dir='ltr'>Germani,</span> <span class='ocrx_word' id='word_1_247' title='bbox 2109 1095 2174 1134; x_wconf 91' lang='lat' dir='ltr'>ac</span> <span class='ocrx_word' id='word_1_248' title='bbox 2202 1077 2460 1142; x_wconf 89' lang='lat' dir='ltr'>Martini,</span> <span class='ocrx_word' id='word_1_249' title='bbox 2483 1083 2539 1133; x_wconf 91' lang='lat' dir='ltr'>et</span> <span class='ocrx_word' id='word_1_250' title='bbox 2571 1077 2865 1133; x_wconf 90' lang='lat' dir='ltr'>Benedicti</span> <span class='ocrx_word' id='word_1_251' title='bbox 2896 1078 3114 1133; x_wconf 90' lang='lat' dir='ltr'>honore</span> <span class='ocrx_word' id='word_1_252' title='bbox 3145 1077 3437 1133; x_wconf 83' lang='lat' dir='ltr'>honestis-</span> 
     </span>
    </p>
   </div>
   <div class='ocr_carea' id='block_1_40' title="bbox 1786 1165 3439 1238">
    <p class='ocr_par' dir='ltr' id='par_1_40' title="bbox 1786 1165 3439 1238">
     <span class='ocr_line' id='line_1_40' title="bbox 1786 1165 3439 1238; baseline -0.002 -15"><span class='ocrx_word' id='word_1_253' title='bbox 1786 1167 1934 1223; x_wconf 86' lang='lat' dir='ltr'>sime</span> <span class='ocrx_word' id='word_1_254' title='bbox 1965 1167 2272 1234; x_wconf 85' lang='lat' dir='ltr'>dedicavit,</span> <span class='ocrx_word' id='word_1_255' title='bbox 2303 1184 2422 1222; x_wconf 74' lang='lat' dir='ltr'>suae</span> <span class='ocrx_word' id='word_1_256' title='bbox 2456 1165 2664 1222; x_wconf 89' lang='lat' dir='ltr'>salutis</span> <span class='ocrx_word' id='word_1_257' title='bbox 2696 1183 2812 1221; x_wconf 90' lang='lat' dir='ltr'>non</span> <span class='ocrx_word' id='word_1_258' title='bbox 2839 1165 3169 1233; x_wconf 89' lang='lat' dir='ltr'>immemor,</span> <span class='ocrx_word' id='word_1_259' title='bbox 3204 1166 3302 1238; x_wconf 90' lang='lat' dir='ltr'>qui</span> <span class='ocrx_word' id='word_1_260' title='bbox 3335 1183 3439 1238; x_wconf 90' lang='lat' dir='ltr'>per</span> 
     </span>
    </p>
   </div>
   <div class='ocr_carea' id='block_1_41' title="bbox 1786 1253 3437 1326">
    <p class='ocr_par' dir='ltr' id='par_1_41' title="bbox 1786 1253 3437 1326">
     <span class='ocr_line' id='line_1_41' title="bbox 1786 1253 3437 1326; baseline -0.002 -14"><span class='ocrx_word' id='word_1_261' title='bbox 1786 1257 2022 1312; x_wconf 90' lang='lat' dir='ltr'>beatum</span> <span class='ocrx_word' id='word_1_262' title='bbox 2055 1254 2399 1326; x_wconf 89' lang='lat' dir='ltr'>Gregorium</span> <span class='ocrx_word' id='word_1_263' title='bbox 2435 1255 2696 1310; x_wconf 91' lang='lat' dir='ltr'>animam</span> <span class='ocrx_word' id='word_1_264' title='bbox 2726 1253 2786 1308; x_wconf 92' lang='lat' dir='ltr'>in</span> <span class='ocrx_word' id='word_1_265' title='bbox 2818 1253 2954 1309; x_wconf 90' lang='lat' dir='ltr'>imis</span> <span class='ocrx_word' id='word_1_266' title='bbox 2980 1254 3136 1309; x_wconf 87' lang='lat' dir='ltr'>erebi</span> <span class='ocrx_word' id='word_1_267' title='bbox 3169 1253 3437 1310; x_wconf 86' lang='lat' dir='ltr'>faucibus</span> 
     </span>
    </p>
   </div>
   <div class='ocr_carea' id='block_1_42' title="bbox 1786 1341 3437 1416">
    <p class='ocr_par' dir='ltr' id='par_1_42' title="bbox 1786 1341 3437 1416">
     <span class='ocr_line' id='line_1_42' title="bbox 1786 1341 3437 1416; baseline -0.001 -17"><span class='ocrx_word' id='word_1_268' title='bbox 1786 1343 2084 1416; x_wconf 86' lang='lat' dir='ltr'>alligatam</span> <span class='ocrx_word' id='word_1_269' title='bbox 2119 1344 2378 1398; x_wconf 92' lang='lat' dir='ltr'>nondum</span> <span class='ocrx_word' id='word_1_270' title='bbox 2413 1343 2690 1414; x_wconf 89' lang='lat' dir='ltr'>baptismi</span> <span class='ocrx_word' id='word_1_271' title='bbox 2725 1341 2953 1397; x_wconf 88' lang='lat' dir='ltr'>lavacro</span> <span class='ocrx_word' id='word_1_272' title='bbox 2986 1345 3268 1405; x_wconf 89' lang='lat' dir='ltr'>renatam,</span> <span class='ocrx_word' id='word_1_273' title='bbox 3301 1358 3437 1397; x_wconf 91' lang='lat' dir='ltr'>cum</span> 
     </span>
    </p>
   </div>
   <div class='ocr_carea' id='block_1_43' title="bbox 1787 1429 3439 1504">
    <p class='ocr_par' dir='ltr' id='par_1_43' title="bbox 1787 1429 3439 1504">
     <span class='ocr_line' id='line_1_43' title="bbox 1787 1429 3439 1504; baseline -0.002 -16"><span class='ocrx_word' id='word_1_274' title='bbox 1787 1433 2021 1488; x_wconf 89' lang='lat' dir='ltr'>salubre</span> <span class='ocrx_word' id='word_1_275' title='bbox 2050 1437 2245 1488; x_wconf 89' lang='lat' dir='ltr'>tamen</span> <span class='ocrx_word' id='word_1_276' title='bbox 2278 1450 2342 1485; x_wconf 87' lang='lat' dir='ltr'>ac</span> <span class='ocrx_word' id='word_1_277' title='bbox 2373 1431 2641 1504; x_wconf 90' lang='lat' dir='ltr'>generale</span> <span class='ocrx_word' id='word_1_278' title='bbox 2665 1429 2942 1502; x_wconf 87' lang='lat' dir='ltr'>baptismi</span> <span class='ocrx_word' id='word_1_279' title='bbox 2967 1434 3321 1502; x_wconf 61' lang='lat' dir='ltr'>praeceptum</span> <span class='ocrx_word' id='word_1_280' title='bbox 3345 1447 3439 1485; x_wconf 90' lang='lat' dir='ltr'>su-</span> 
     </span>
    </p>
   </div>
   <div class='ocr_carea' id='block_1_44' title="bbox 1787 1517 3438 1592">
    <p class='ocr_par' dir='ltr' id='par_1_44' title="bbox 1787 1517 3438 1592">
     <span class='ocr_line' id='line_1_44' title="bbox 1787 1517 3438 1592; baseline -0.002 -16"><span class='ocrx_word' id='word_1_281' title='bbox 1787 1521 1985 1592; x_wconf 85' lang='lat' dir='ltr'>pernis</span> <span class='ocrx_word' id='word_1_282' title='bbox 2016 1520 2254 1575; x_wconf 90' lang='lat' dir='ltr'>sedibus</span> <span class='ocrx_word' id='word_1_283' title='bbox 2287 1524 2522 1574; x_wconf 86' lang='lat' dir='ltr'>noverat</span> <span class='ocrx_word' id='word_1_284' title='bbox 2550 1535 2679 1574; x_wconf 90' lang='lat' dir='ltr'>esse</span> <span class='ocrx_word' id='word_1_285' title='bbox 2711 1517 2961 1585; x_wconf 90' lang='lat' dir='ltr'>illatum,</span> <span class='ocrx_word' id='word_1_286' title='bbox 2994 1519 3215 1588; x_wconf 89' lang='lat' dir='ltr'>absque</span> <span class='ocrx_word' id='word_1_287' title='bbox 3259 1517 3438 1574; x_wconf 91' lang='lat' dir='ltr'>dubio</span> 
     </span>
    </p>
   </div>
   <div class='ocr_carea' id='block_1_45' title="bbox 1789 1605 3440 1681">
    <p class='ocr_par' dir='ltr' id='par_1_45' title="bbox 1789 1605 3440 1681">
     <span class='ocr_line' id='line_1_45' title="bbox 1789 1605 3440 1681; baseline -0.002 -16"><span class='ocrx_word' id='word_1_288' title='bbox 1789 1610 2087 1666; x_wconf 78' lang='lat' dir='ltr'>conlidens</span> <span class='ocrx_word' id='word_1_289' title='bbox 2119 1610 2246 1681; x_wconf 85' lang='lat' dir='ltr'>ejus</span> <span class='ocrx_word' id='word_1_290' title='bbox 2278 1608 2569 1681; x_wconf 89' lang='lat' dir='ltr'>precibus,</span> <span class='ocrx_word' id='word_1_291' title='bbox 2607 1624 2666 1663; x_wconf 90' lang='lat' dir='ltr'>se</span> <span class='ocrx_word' id='word_1_292' title='bbox 2697 1624 2870 1678; x_wconf 91' lang='lat' dir='ltr'>posse</span> <span class='ocrx_word' id='word_1_293' title='bbox 2919 1605 3095 1661; x_wconf 88' lang='lat' dir='ltr'>etiam</span> <span class='ocrx_word' id='word_1_294' title='bbox 3145 1607 3203 1661; x_wconf 92' lang='lat' dir='ltr'>in</span> <span class='ocrx_word' id='word_1_295' title='bbox 3255 1607 3440 1662; x_wconf 88' lang='lat' dir='ltr'>morte</span> 
     </span>
    </p>
   </div>
   <div class='ocr_carea' id='block_1_46' title="bbox 1787 1695 3440 1770">
    <p class='ocr_par' dir='ltr' id='par_1_46' title="bbox 1787 1695 3440 1770">
     <span class='ocr_line' id='line_1_46' title="bbox 1787 1695 3440 1770; baseline -0.002 -16"><span class='ocrx_word' id='word_1_296' title='bbox 1787 1698 2018 1754; x_wconf 89' lang='lat' dir='ltr'>salvari.</span> <span class='ocrx_word' id='word_1_297' title='bbox 2054 1696 2498 1770; x_wconf 90' lang='lat' dir='ltr'>Congregationi</span> <span class='ocrx_word' id='word_1_298' title='bbox 2529 1696 2780 1768; x_wconf 88' lang='lat' dir='ltr'>denique</span> <span class='ocrx_word' id='word_1_299' title='bbox 2811 1695 2921 1751; x_wconf 88' lang='lat' dir='ltr'>sibi</span> <span class='ocrx_word' id='word_1_300' title='bbox 2959 1695 3286 1750; x_wconf 64' lang='lat' dir='ltr'>commissa:</span> <span class='ocrx_word' id='word_1_301' title='bbox 3318 1713 3440 1750; x_wconf 91' lang='lat' dir='ltr'>me-</span> 
     </span>
    </p>
   </div>
   <div class='ocr_carea' id='block_1_47' title="bbox 1788 1783 3440 1856">
    <p class='ocr_par' dir='ltr' id='par_1_47' title="bbox 1788 1783 3440 1856">
     <span class='ocr_line' id='line_1_47' title="bbox 1788 1783 3440 1856; baseline -0.002 -14"><span class='ocrx_word' id='word_1_302' title='bbox 1788 1787 2063 1843; x_wconf 89' lang='lat' dir='ltr'>dietatem</span> <span class='ocrx_word' id='word_1_303' title='bbox 2096 1787 2384 1842; x_wconf 90' lang='lat' dir='ltr'>Chichirei</span> <span class='ocrx_word' id='word_1_304' title='bbox 2417 1783 2754 1856; x_wconf 69' lang='lat' dir='ltr'>villaz,regio</span> <span class='ocrx_word' id='word_1_305' title='bbox 2776 1785 3134 1839; x_wconf 84' lang='lat' dir='ltr'>confirmans</span> <span class='ocrx_word' id='word_1_306' title='bbox 3155 1788 3440 1856; x_wconf 70' lang='lat' dir='ltr'>praecepto</span> 
     </span>
    </p>
   </div>
   <div class='ocr_carea' id='block_1_48' title="bbox 1789 1871 3440 1943">
    <p class='ocr_par' dir='ltr' id='par_1_48' title="bbox 1789 1871 3440 1943">
     <span class='ocr_line' id='line_1_48' title="bbox 1789 1871 3440 1943; baseline -0.004 -11"><span class='ocrx_word' id='word_1_307' title='bbox 1789 1875 2072 1941; x_wconf 88' lang='lat' dir='ltr'>attribuit,</span> <span class='ocrx_word' id='word_1_308' title='bbox 2107 1879 2171 1930; x_wconf 90' lang='lat' dir='ltr'>ut</span> <span class='ocrx_word' id='word_1_309' title='bbox 2200 1874 2293 1929; x_wconf 90' lang='lat' dir='ltr'>die</span> <span class='ocrx_word' id='word_1_310' title='bbox 2319 1891 2436 1929; x_wconf 66' lang='lat' dir='ltr'>suae</span> <span class='ocrx_word' id='word_1_311' title='bbox 2469 1871 2874 1939; x_wconf 90' lang='lat' dir='ltr'>ordinationis,</span> <span class='ocrx_word' id='word_1_312' title='bbox 2908 1872 3117 1943; x_wconf 87' lang='lat' dir='ltr'>suique</span> <span class='ocrx_word' id='word_1_313' title='bbox 3139 1872 3332 1927; x_wconf 91' lang='lat' dir='ltr'>obitus</span> <span class='ocrx_word' id='word_1_314' title='bbox 3353 1875 3440 1927; x_wconf 92' lang='lat' dir='ltr'>at-</span> 
     </span>
    </p>
   </div>
   <div class='ocr_carea' id='block_1_49' title="bbox 1789 1958 3440 2036">
    <p class='ocr_par' dir='ltr' id='par_1_49' title="bbox 1789 1958 3440 2036">
     <span class='ocr_line' id='line_1_49' title="bbox 1789 1958 3440 2036; baseline -0.004 -16"><span class='ocrx_word' id='word_1_315' title='bbox 1789 1981 1902 2036; x_wconf 91' lang='lat' dir='ltr'>que</span> <span class='ocrx_word' id='word_1_316' title='bbox 1929 1963 2173 2019; x_wconf 88' lang='lat' dir='ltr'>senioris</span> <span class='ocrx_word' id='word_1_317' title='bbox 2206 1963 2295 2017; x_wconf 91' lang='lat' dir='ltr'>sui</span> <span class='ocrx_word' id='word_1_318' title='bbox 2331 1961 2484 2033; x_wconf 86' lang='lat' dir='ltr'>regis</span> <span class='ocrx_word' id='word_1_319' title='bbox 2537 1958 2833 2026; x_wconf 88' lang='lat' dir='ltr'>Ludovici,</span> <span class='ocrx_word' id='word_1_320' title='bbox 2863 1965 2919 2013; x_wconf 90' lang='lat' dir='ltr'>et</span> <span class='ocrx_word' id='word_1_321' title='bbox 2951 1976 3253 2014; x_wconf 90' lang='lat' dir='ltr'>sacrorum</span> <span class='ocrx_word' id='word_1_322' title='bbox 3295 1959 3440 2014; x_wconf 87' lang='lat' dir='ltr'>alta-</span> 
     </span>
    </p>
   </div>
   <div class='ocr_carea' id='block_1_50' title="bbox 1788 2046 3440 2122">
    <p class='ocr_par' dir='ltr' id='par_1_50' title="bbox 1788 2046 3440 2122">
     <span class='ocr_line' id='line_1_50' title="bbox 1788 2046 3440 2122; baseline -0.003 -14"><span class='ocrx_word' id='word_1_323' title='bbox 1788 2053 1966 2118; x_wconf 90' lang='lat' dir='ltr'>rium,</span> <span class='ocrx_word' id='word_1_324' title='bbox 1998 2052 2106 2107; x_wconf 93' lang='lat' dir='ltr'>hoc</span> <span class='ocrx_word' id='word_1_325' title='bbox 2137 2055 2226 2106; x_wconf 90' lang='lat' dir='ltr'>est</span> <span class='ocrx_word' id='word_1_326' title='bbox 2256 2054 2614 2122; x_wconf 84' lang='lat' dir='ltr'>cryptarum,</span> <span class='ocrx_word' id='word_1_327' title='bbox 2651 2047 3037 2103; x_wconf 84' lang='lat' dir='ltr'>dedicationis</span> <span class='ocrx_word' id='word_1_328' title='bbox 3083 2048 3177 2102; x_wconf 90' lang='lat' dir='ltr'>die</span> <span class='ocrx_word' id='word_1_329' title='bbox 3207 2046 3440 2103; x_wconf 89' lang='lat' dir='ltr'>refectio</span> 
     </span>
    </p>
   </div>
   <div class='ocr_carea' id='block_1_51' title="bbox 1790 2134 3443 2213">
    <p class='ocr_par' dir='ltr' id='par_1_51' title="bbox 1790 2134 3443 2213">
     <span class='ocr_line' id='line_1_51' title="bbox 1790 2134 3443 2213; baseline -0.003 -18"><span class='ocrx_word' id='word_1_330' title='bbox 1790 2157 2048 2213; x_wconf 88' lang='lat' dir='ltr'>congrua</span> <span class='ocrx_word' id='word_1_331' title='bbox 2068 2142 2512 2212; x_wconf 90' lang='lat' dir='ltr'>pararetur,quo</span> <span class='ocrx_word' id='word_1_332' title='bbox 2535 2135 2741 2192; x_wconf 90' lang='lat' dir='ltr'>saltem</span> <span class='ocrx_word' id='word_1_333' title='bbox 2767 2134 3030 2190; x_wconf 91' lang='lat' dir='ltr'>muneris</span> <span class='ocrx_word' id='word_1_334' title='bbox 3054 2135 3363 2190; x_wconf 90' lang='lat' dir='ltr'>collatione</span> <span class='ocrx_word' id='word_1_335' title='bbox 3384 2139 3443 2190; x_wconf 92' lang='lat' dir='ltr'>et</span> 
     </span>
    </p>
   </div>
   <div class='ocr_carea' id='block_1_52' title="bbox 1790 2223 3441 2301">
    <p class='ocr_par' dir='ltr' id='par_1_52' title="bbox 1790 2223 3441 2301">
     <span class='ocr_line' id='line_1_52' title="bbox 1790 2223 3441 2301; baseline -0.004 -16"><span class='ocrx_word' id='word_1_336' title='bbox 1790 2246 1892 2301; x_wconf 91' lang='lat' dir='ltr'>per</span> <span class='ocrx_word' id='word_1_337' title='bbox 1921 2227 2185 2300; x_wconf 90' lang='lat' dir='ltr'>singulos</span> <span class='ocrx_word' id='word_1_338' title='bbox 2217 2242 2404 2281; x_wconf 89' lang='lat' dir='ltr'>annos</span> <span class='ocrx_word' id='word_1_339' title='bbox 2434 2223 2822 2280; x_wconf 86' lang='lat' dir='ltr'>venerationis</span> <span class='ocrx_word' id='word_1_340' title='bbox 2844 2223 2971 2294; x_wconf 87' lang='lat' dir='ltr'>ejus</span> <span class='ocrx_word' id='word_1_341' title='bbox 2994 2223 3150 2295; x_wconf 85' lang='lat' dir='ltr'>apud</span> <span class='ocrx_word' id='word_1_342' title='bbox 3176 2227 3441 2295; x_wconf 88' lang='lat' dir='ltr'>posteros</span> 
     </span>
    </p>
   </div>
   <div class='ocr_carea' id='block_1_53' title="bbox 1790 2310 3441 2383">
    <p class='ocr_par' dir='ltr' id='par_1_53' title="bbox 1790 2310 3441 2383">
     <span class='ocr_line' id='line_1_53' title="bbox 1790 2310 3441 2383; baseline -0.003 -11"><span class='ocrx_word' id='word_1_343' title='bbox 1790 2317 2153 2373; x_wconf 88' lang='lat' dir='ltr'>revivisceret</span> <span class='ocrx_word' id='word_1_344' title='bbox 2185 2313 2487 2369; x_wconf 89' lang='lat' dir='ltr'>memoria.</span> <span class='ocrx_word' id='word_1_345' title='bbox 2509 2311 2814 2367; x_wconf 86' lang='lat' dir='ltr'>Canonicis</span> <span class='ocrx_word' id='word_1_346' title='bbox 2846 2328 3076 2383; x_wconf 90' lang='lat' dir='ltr'>quoque</span> <span class='ocrx_word' id='word_1_347' title='bbox 3109 2310 3296 2366; x_wconf 89' lang='lat' dir='ltr'>sancti</span> <span class='ocrx_word' id='word_1_348' title='bbox 3326 2313 3441 2367; x_wconf 89' lang='lat' dir='ltr'>Eu-</span> 
     </span>
    </p>
   </div>
   <div class='ocr_carea' id='block_1_54' title="bbox 1790 2399 3445 2473">
    <p class='ocr_par' dir='ltr' id='par_1_54' title="bbox 1790 2399 3445 2473">
     <span class='ocr_line' id='line_1_54' title="bbox 1790 2399 3445 2473; baseline -0.002 -13"><span class='ocrx_word' id='word_1_349' title='bbox 1790 2404 1934 2460; x_wconf 88' lang='lat' dir='ltr'>sebii</span> <span class='ocrx_word' id='word_1_350' title='bbox 1967 2405 2025 2458; x_wconf 92' lang='lat' dir='ltr'>in</span> <span class='ocrx_word' id='word_1_351' title='bbox 2059 2402 2411 2458; x_wconf 89' lang='lat' dir='ltr'>Molendinis</span> <span class='ocrx_word' id='word_1_352' title='bbox 2445 2400 2600 2467; x_wconf 86' lang='lat' dir='ltr'>villa,</span> <span class='ocrx_word' id='word_1_353' title='bbox 2636 2417 2874 2456; x_wconf 84' lang='lat' dir='ltr'>mansos</span> <span class='ocrx_word' id='word_1_354' title='bbox 2901 2399 3149 2454; x_wconf 89' lang='lat' dir='ltr'>contulit</span> <span class='ocrx_word' id='word_1_355' title='bbox 3187 2404 3313 2454; x_wconf 90' lang='lat' dir='ltr'>octo</span> <span class='ocrx_word' id='word_1_356' title='bbox 3340 2417 3445 2473; x_wconf 91' lang='lat' dir='ltr'>per</span> 
     </span>
    </p>
   </div>
   <div class='ocr_carea' id='block_1_55' title="bbox 1791 2487 3442 2565">
    <p class='ocr_par' dir='ltr' id='par_1_55' title="bbox 1791 2487 3442 2565">
     <span class='ocr_line' id='line_1_55' title="bbox 1791 2487 3442 2565; baseline -0.002 -17"><span class='ocrx_word' id='word_1_357' title='bbox 1791 2496 2142 2565; x_wconf 68' lang='lat' dir='ltr'>praeceptum</span> <span class='ocrx_word' id='word_1_358' title='bbox 2175 2492 2399 2564; x_wconf 89' lang='lat' dir='ltr'>regium</span> <span class='ocrx_word' id='word_1_359' title='bbox 2431 2487 2845 2562; x_wconf 89' lang='lat' dir='ltr'>perpetualiter</span> <span class='ocrx_word' id='word_1_360' title='bbox 2888 2505 3089 2543; x_wconf 88' lang='lat' dir='ltr'>eorum</span> <span class='ocrx_word' id='word_1_361' title='bbox 3138 2488 3442 2545; x_wconf 89' lang='lat' dir='ltr'>destinans</span> 
     </span>
    </p>
   </div>
   <div class='ocr_carea' id='block_1_56' title="bbox 1792 2576 3443 2650">
    <p class='ocr_par' dir='ltr' id='par_1_56' title="bbox 1792 2576 3443 2650">
     <span class='ocr_line' id='line_1_56' title="bbox 1792 2576 3443 2650; baseline -0.002 -13"><span class='ocrx_word' id='word_1_362' title='bbox 1792 2583 2017 2647; x_wconf 90' lang='lat' dir='ltr'>usui,ut</span> <span class='ocrx_word' id='word_1_363' title='bbox 2055 2598 2257 2636; x_wconf 89' lang='lat' dir='ltr'>eorum</span> <span class='ocrx_word' id='word_1_364' title='bbox 2308 2580 2633 2635; x_wconf 87' lang='lat' dir='ltr'>interventu</span> <span class='ocrx_word' id='word_1_365' title='bbox 2687 2577 3020 2650; x_wconf 85' lang='lat' dir='ltr'>fragilitatis</span> <span class='ocrx_word' id='word_1_366' title='bbox 3072 2576 3232 2632; x_wconf 92' lang='lat' dir='ltr'>illius</span> <span class='ocrx_word' id='word_1_367' title='bbox 3280 2577 3443 2633; x_wconf 82' lang='lat' dir='ltr'>ﬁeret</span> 
     </span>
    </p>
   </div>
   <div class='ocr_carea' id='block_1_57' title="bbox 1793 2664 3442 2738">
    <p class='ocr_par' dir='ltr' id='par_1_57' title="bbox 1793 2664 3442 2738">
     <span class='ocr_line' id='line_1_57' title="bbox 1793 2664 3442 2738; baseline -0.003 -13"><span class='ocrx_word' id='word_1_368' title='bbox 1793 2669 2046 2726; x_wconf 87' lang='lat' dir='ltr'>dilectio.</span> <span class='ocrx_word' id='word_1_369' title='bbox 2068 2669 2364 2724; x_wconf 91' lang='lat' dir='ltr'>Postremo</span> <span class='ocrx_word' id='word_1_370' title='bbox 2395 2667 2536 2722; x_wconf 91' lang='lat' dir='ltr'>dum</span> <span class='ocrx_word' id='word_1_371' title='bbox 2570 2665 2711 2722; x_wconf 84' lang='lat' dir='ltr'>talia</span> <span class='ocrx_word' id='word_1_372' title='bbox 2741 2669 3014 2738; x_wconf 91' lang='lat' dir='ltr'>aguntur,</span> <span class='ocrx_word' id='word_1_373' title='bbox 3049 2665 3280 2721; x_wconf 90' lang='lat' dir='ltr'>subitus</span> <span class='ocrx_word' id='word_1_374' title='bbox 3312 2664 3442 2720; x_wconf 66' lang='lat' dir='ltr'>vitae</span> 
     </span>
    </p>
   </div>
   <div class='ocr_carea' id='block_1_58' title="bbox 1791 2754 3443 2830">
    <p class='ocr_par' dir='ltr' id='par_1_58' title="bbox 1791 2754 3443 2830">
     <span class='ocr_line' id='line_1_58' title="bbox 1791 2754 3443 2830; baseline -0.002 -17"><span class='ocrx_word' id='word_1_375' title='bbox 1791 2757 2027 2830; x_wconf 87' lang='lat' dir='ltr'>irrepsit</span> <span class='ocrx_word' id='word_1_376' title='bbox 2057 2774 2298 2813; x_wconf 89' lang='lat' dir='ltr'>occasus</span> <span class='ocrx_word' id='word_1_377' title='bbox 2330 2756 2713 2827; x_wconf 89' lang='lat' dir='ltr'>omniumque</span> <span class='ocrx_word' id='word_1_378' title='bbox 2745 2771 2872 2826; x_wconf 67' lang='lat' dir='ltr'>quae</span> <span class='ocrx_word' id='word_1_379' title='bbox 2903 2754 3174 2809; x_wconf 92' lang='lat' dir='ltr'>videntur</span> <span class='ocrx_word' id='word_1_380' title='bbox 3193 2758 3250 2809; x_wconf 89' lang='lat' dir='ltr'>et</span> <span class='ocrx_word' id='word_1_381' title='bbox 3282 2758 3443 2809; x_wconf 87' lang='lat' dir='ltr'>tran-</span> 
     </span>
    </p>
   </div>
   <div class='ocr_carea' id='block_1_59' title="bbox 1793 2842 3440 2915">
    <p class='ocr_par' dir='ltr' id='par_1_59' title="bbox 1793 2842 3440 2915">
     <span class='ocr_line' id='line_1_59' title="bbox 1793 2842 3440 2915; baseline -0.004 -12"><span class='ocrx_word' id='word_1_382' title='bbox 1793 2851 1964 2904; x_wconf 87' lang='lat' dir='ltr'>seunt</span> <span class='ocrx_word' id='word_1_383' title='bbox 1994 2844 2364 2912; x_wconf 89' lang='lat' dir='ltr'>oblitus,sola</span> <span class='ocrx_word' id='word_1_384' title='bbox 2395 2844 2600 2899; x_wconf 87' lang='lat' dir='ltr'>mortis</span> <span class='ocrx_word' id='word_1_385' title='bbox 2623 2843 2794 2915; x_wconf 78' lang='lat' dir='ltr'>cmpit</span> <span class='ocrx_word' id='word_1_386' title='bbox 2815 2842 3199 2913; x_wconf 90' lang='lat' dir='ltr'>trepidatione</span> <span class='ocrx_word' id='word_1_387' title='bbox 3224 2843 3440 2914; x_wconf 90' lang='lat' dir='ltr'>urgeri,</span> 
     </span>
    </p>
   </div>
   <div class='ocr_carea' id='block_1_60' title="bbox 1794 2931 3442 3000">
    <p class='ocr_par' dir='ltr' id='par_1_60' title="bbox 1794 2931 3442 3000">
     <span class='ocr_line' id='line_1_60' title="bbox 1794 2931 3442 3000; baseline -0.003 -9"><span class='ocrx_word' id='word_1_388' title='bbox 1794 2953 1958 2991; x_wconf 91' lang='lat' dir='ltr'>reum</span> <span class='ocrx_word' id='word_1_389' title='bbox 1990 2952 2050 2990; x_wconf 89' lang='lat' dir='ltr'>se</span> <span class='ocrx_word' id='word_1_390' title='bbox 2081 2933 2408 3000; x_wconf 88' lang='lat' dir='ltr'>clamitans,</span> <span class='ocrx_word' id='word_1_391' title='bbox 2443 2931 2960 2988; x_wconf 83' lang='lat' dir='ltr'>sceleratissimum</span> <span class='ocrx_word' id='word_1_392' title='bbox 3009 2932 3314 2996; x_wconf 85' lang='lat' dir='ltr'>conﬁtens,</span> <span class='ocrx_word' id='word_1_393' title='bbox 3345 2947 3442 2986; x_wconf 84' lang='lat' dir='ltr'>ve-</span> 
     </span>
    </p>
   </div>
   <div class='ocr_carea' id='block_1_61' title="bbox 1794 3020 3440 3092">
    <p class='ocr_par' dir='ltr' id='par_1_61' title="bbox 1794 3020 3440 3092">
     <span class='ocr_line' id='line_1_61' title="bbox 1794 3020 3440 3092; baseline -0.003 -12"><span class='ocrx_word' id='word_1_394' title='bbox 1794 3025 1951 3081; x_wconf 88' lang='lat' dir='ltr'>niam</span> <span class='ocrx_word' id='word_1_395' title='bbox 1984 3041 2017 3080; x_wconf 91' lang='lat' dir='ltr'>a</span> <span class='ocrx_word' id='word_1_396' title='bbox 2040 3024 2287 3090; x_wconf 86' lang='lat' dir='ltr'>cunctis,</span> <span class='ocrx_word' id='word_1_397' title='bbox 2324 3027 2388 3078; x_wconf 93' lang='lat' dir='ltr'>ut</span> <span class='ocrx_word' id='word_1_398' title='bbox 2436 3039 2672 3078; x_wconf 81' lang='lat' dir='ltr'>necesse</span> <span class='ocrx_word' id='word_1_399' title='bbox 2719 3021 2928 3087; x_wconf 87' lang='lat' dir='ltr'>fuerat,</span> <span class='ocrx_word' id='word_1_400' title='bbox 2963 3020 3229 3075; x_wconf 85' lang='lat' dir='ltr'>ﬂebiliter</span> <span class='ocrx_word' id='word_1_401' title='bbox 3264 3021 3440 3092; x_wconf 87' lang='lat' dir='ltr'>depo-</span> 
     </span>
    </p>
   </div>
   <div class='ocr_carea' id='block_1_62' title="bbox 1794 3107 3441 3186">
    <p class='ocr_par' dir='ltr' id='par_1_62' title="bbox 1794 3107 3441 3186">
     <span class='ocr_line' id='line_1_62' title="bbox 1794 3107 3441 3186; baseline -0.004 -16"><span class='ocrx_word' id='word_1_402' title='bbox 1794 3131 1984 3182; x_wconf 89' lang='lat' dir='ltr'>scens,</span> <span class='ocrx_word' id='word_1_403' title='bbox 2022 3129 2156 3186; x_wconf 89' lang='lat' dir='ltr'>spes</span> <span class='ocrx_word' id='word_1_404' title='bbox 2188 3113 2258 3167; x_wconf 92' lang='lat' dir='ltr'>ad</span> <span class='ocrx_word' id='word_1_405' title='bbox 2309 3110 2520 3167; x_wconf 81' lang='lat' dir='ltr'>cmlum</span> <span class='ocrx_word' id='word_1_406' title='bbox 2553 3109 2818 3182; x_wconf 86' lang='lat' dir='ltr'>erigitur,</span> <span class='ocrx_word' id='word_1_407' title='bbox 2849 3127 3014 3165; x_wconf 89' lang='lat' dir='ltr'>mens</span> <span class='ocrx_word' id='word_1_408' title='bbox 3043 3113 3102 3165; x_wconf 92' lang='lat' dir='ltr'>et</span> <span class='ocrx_word' id='word_1_409' title='bbox 3129 3107 3441 3164; x_wconf 89' lang='lat' dir='ltr'>consilium</span> 
     </span>
    </p>
   </div>
   <div class='ocr_carea' id='block_1_63' title="bbox 1795 3198 3442 3270">
    <p class='ocr_par' dir='ltr' id='par_1_63' title="bbox 1795 3198 3442 3270">
     <span class='ocr_line' id='line_1_63' title="bbox 1795 3198 3442 3270; baseline -0.004 -12"><span class='ocrx_word' id='word_1_410' title='bbox 1795 3203 1866 3258; x_wconf 88' lang='lat' dir='ltr'>ad</span> <span class='ocrx_word' id='word_1_411' title='bbox 1894 3201 2189 3257; x_wconf 86' lang='lat' dir='ltr'>Christum</span> <span class='ocrx_word' id='word_1_412' title='bbox 2223 3218 2337 3256; x_wconf 91' lang='lat' dir='ltr'>non</span> <span class='ocrx_word' id='word_1_413' title='bbox 2370 3218 2498 3256; x_wconf 86' lang='lat' dir='ltr'>sero</span> <span class='ocrx_word' id='word_1_414' title='bbox 2529 3199 2906 3265; x_wconf 89' lang='lat' dir='ltr'>convertitur,</span> <span class='ocrx_word' id='word_1_415' title='bbox 2932 3203 3105 3270; x_wconf 90' lang='lat' dir='ltr'>atque</span> <span class='ocrx_word' id='word_1_416' title='bbox 3134 3202 3266 3270; x_wconf 90' lang='lat' dir='ltr'>post</span> <span class='ocrx_word' id='word_1_417' title='bbox 3285 3198 3442 3268; x_wconf 81' lang='lat' dir='ltr'>beati</span> 
     </span>
    </p>
   </div>
   <div class='ocr_carea' id='block_1_64' title="bbox 65 3275 3444 3368">
    <p class='ocr_par' dir='ltr' id='par_1_64' title="bbox 65 3275 3444 3368">
     <span class='ocr_line' id='line_1_64' title="bbox 65 3275 3444 3368; baseline -0.002 -21"><span class='ocrx_word' id='word_1_418' title='bbox 65 3275 1443 3368; x_wconf 82' lang='lat' dir='ltr'>spiritualibusimbuiturdisciplinis,liberalium</span> <span class='ocrx_word' id='word_1_419' title='bbox 1469 3297 1683 3352; x_wconf 87' lang='lat' dir='ltr'>artium</span> <span class='ocrx_word' id='word_1_420' title='bbox 1719 3275 1761 3344; x_wconf 66' lang='grc' dir='ltr'>(ἶ</span> <span class='ocrx_word' id='word_1_421' title='bbox 1797 3290 2096 3362; x_wconf 85' lang='lat' dir='ltr'>Stephani,</span> <span class='ocrx_word' id='word_1_422' title='bbox 2131 3291 2300 3360; x_wconf 87' lang='lat' dir='ltr'>cujus</span> <span class='ocrx_word' id='word_1_423' title='bbox 2331 3289 2452 3344; x_wconf 89' lang='lat' dir='ltr'>sedi</span> <span class='ocrx_word' id='word_1_424' title='bbox 2495 3289 2822 3360; x_wconf 68' lang='lat' dir='ltr'>prazfuerat,</span> <span class='ocrx_word' id='word_1_425' title='bbox 2857 3287 3268 3354; x_wconf 88' lang='lat' dir='ltr'>interventum,</span> <span class='ocrx_word' id='word_1_426' title='bbox 3303 3303 3444 3341; x_wconf 89' lang='lat' dir='ltr'>san-</span> 
     </span>
    </p>
   </div>
   <div class='ocr_carea' id='block_1_65' title="bbox 66 3383 1686 3457">
    <p class='ocr_par' dir='ltr' id='par_1_65' title="bbox 66 3383 1686 3457">
     <span class='ocr_line' id='line_1_65' title="bbox 66 3383 1686 3457; baseline 0.002 -21"><span class='ocrx_word' id='word_1_427' title='bbox 66 3383 249 3438; x_wconf 83' lang='lat' dir='ltr'>studiis</span> <span class='ocrx_word' id='word_1_428' title='bbox 299 3384 569 3457; x_wconf 89' lang='lat' dir='ltr'>apprime</span> <span class='ocrx_word' id='word_1_429' title='bbox 626 3383 970 3449; x_wconf 91' lang='lat' dir='ltr'>instructus,</span> <span class='ocrx_word' id='word_1_430' title='bbox 1004 3385 1250 3440; x_wconf 88' lang='lat' dir='ltr'>Joannis</span> <span class='ocrx_word' id='word_1_431' title='bbox 1301 3384 1453 3440; x_wconf 91' lang='lat' dir='ltr'>Scoti</span> <span class='ocrx_word' id='word_1_432' title='bbox 1487 3386 1586 3456; x_wconf 93' lang='lat' dir='ltr'>qui</span> <span class='ocrx_word' id='word_1_433' title='bbox 1619 3402 1686 3441; x_wconf 89' lang='lat' dir='ltr'>ea</span> 
     </span>
    </p>
   </div>
   <div class='ocr_carea' id='block_1_66' title="bbox 67 3470 1682 3544">
    <p class='ocr_par' dir='ltr' id='par_1_66' title="bbox 67 3470 1682 3544">
     <span class='ocr_line' id='line_1_66' title="bbox 67 3470 1682 3544; baseline 0.002 -19"><span class='ocrx_word' id='word_1_434' title='bbox 67 3475 376 3543; x_wconf 81' lang='lat' dir='ltr'>tempestate</span> <span class='ocrx_word' id='word_1_435' title='bbox 407 3488 512 3544; x_wconf 91' lang='lat' dir='ltr'>per</span> <span class='ocrx_word' id='word_1_436' title='bbox 531 3470 750 3527; x_wconf 84' lang='lat' dir='ltr'>Gallias</span> <span class='ocrx_word' id='word_1_437' title='bbox 767 3472 1066 3544; x_wconf 67' lang='lat' dir='ltr'>sapientiae</span> <span class='ocrx_word' id='word_1_438' title='bbox 1084 3473 1449 3528; x_wconf 86' lang='lat' dir='ltr'>diffundebat</span> <span class='ocrx_word' id='word_1_439' title='bbox 1467 3473 1682 3542; x_wconf 89' lang='lat' dir='ltr'>radios,</span> 
     </span>
    </p>
   </div>
   <div class='ocr_carea' id='block_1_67' title="bbox 69 3557 1685 3634">
    <p class='ocr_par' dir='ltr' id='par_1_67' title="bbox 69 3557 1685 3634">
     <span class='ocr_line' id='line_1_67' title="bbox 69 3557 1685 3634; baseline 0.004 -23"><span class='ocrx_word' id='word_1_440' title='bbox 69 3557 226 3616; x_wconf 85' lang='lat' dir='ltr'>factus</span> <span class='ocrx_word' id='word_1_441' title='bbox 255 3561 668 3633; x_wconf 89' lang='lat' dir='ltr'>pedissequus,</span> <span class='ocrx_word' id='word_1_442' title='bbox 689 3561 861 3631; x_wconf 88' lang='lat' dir='ltr'>cujus</span> <span class='ocrx_word' id='word_1_443' title='bbox 889 3560 1271 3632; x_wconf 80' lang='lat' dir='ltr'>discipulatui</span> <span class='ocrx_word' id='word_1_444' title='bbox 1298 3559 1472 3634; x_wconf 90' lang='lat' dir='ltr'>longo</span> <span class='ocrx_word' id='word_1_445' title='bbox 1505 3561 1685 3617; x_wconf 69' lang='lat' dir='ltr'>inhaz-</span> 
     </span>
    </p>
   </div>
   <div class='ocr_carea' id='block_1_68' title="bbox 66 3648 1681 3723">
    <p class='ocr_par' dir='ltr' id='par_1_68' title="bbox 66 3648 1681 3723">
     <span class='ocr_line' id='line_1_68' title="bbox 66 3648 1681 3723; baseline 0.002 -21"><span class='ocrx_word' id='word_1_446' title='bbox 66 3664 175 3703; x_wconf 84' lang='lat' dir='ltr'>rens</span> <span class='ocrx_word' id='word_1_447' title='bbox 202 3653 480 3723; x_wconf 85' lang='lat' dir='ltr'>tempore,</span> <span class='ocrx_word' id='word_1_448' title='bbox 513 3648 711 3705; x_wconf 89' lang='lat' dir='ltr'>divina</span> <span class='ocrx_word' id='word_1_449' title='bbox 741 3649 920 3705; x_wconf 91' lang='lat' dir='ltr'>simul</span> <span class='ocrx_word' id='word_1_450' title='bbox 953 3654 1010 3704; x_wconf 92' lang='lat' dir='ltr'>et</span> <span class='ocrx_word' id='word_1_451' title='bbox 1039 3649 1300 3706; x_wconf 90' lang='lat' dir='ltr'>humana</span> <span class='ocrx_word' id='word_1_452' title='bbox 1330 3651 1681 3722; x_wconf 88' lang='lat' dir='ltr'>prospicere,</span> 
     </span>
    </p>
   </div>
   <div class='ocr_carea' id='block_1_69' title="bbox 68 3737 1684 3810">
    <p class='ocr_par' dir='ltr' id='par_1_69' title="bbox 68 3737 1684 3810">
     <span class='ocr_line' id='line_1_69' title="bbox 68 3737 1684 3810; baseline 0.002 -19"><span class='ocrx_word' id='word_1_453' title='bbox 68 3751 309 3809; x_wconf 87' lang='lat' dir='ltr'>prospera</span> <span class='ocrx_word' id='word_1_454' title='bbox 337 3755 504 3810; x_wconf 69' lang='lat' dir='ltr'>aeque</span> <span class='ocrx_word' id='word_1_455' title='bbox 535 3741 593 3793; x_wconf 92' lang='lat' dir='ltr'>et</span> <span class='ocrx_word' id='word_1_456' title='bbox 622 3737 860 3793; x_wconf 91' lang='lat' dir='ltr'>sinistra</span> <span class='ocrx_word' id='word_1_457' title='bbox 890 3737 1095 3810; x_wconf 73' lang='lat' dir='ltr'>aequali</span> <span class='ocrx_word' id='word_1_458' title='bbox 1123 3737 1288 3794; x_wconf 89' lang='lat' dir='ltr'>lance</span> <span class='ocrx_word' id='word_1_459' title='bbox 1319 3737 1522 3793; x_wconf 89' lang='lat' dir='ltr'>didicit</span> <span class='ocrx_word' id='word_1_460' title='bbox 1542 3755 1684 3810; x_wconf 88' lang='lat' dir='ltr'>pon-</span> 
     </span>
    </p>
   </div>
   <div class='ocr_carea' id='block_1_70' title="bbox 70 3825 1684 3899">
    <p class='ocr_par' dir='ltr' id='par_1_70' title="bbox 70 3825 1684 3899">
     <span class='ocr_line' id='line_1_70' title="bbox 70 3825 1684 3899; baseline 0.003 -22"><span class='ocrx_word' id='word_1_461' title='bbox 70 3825 486 3883; x_wconf 85' lang='lat' dir='ltr'>derare.Dehinc</span> <span class='ocrx_word' id='word_1_462' title='bbox 504 3827 830 3898; x_wconf 85' lang='lat' dir='ltr'>juventutis</span> <span class='ocrx_word' id='word_1_463' title='bbox 861 3825 1116 3883; x_wconf 91' lang='lat' dir='ltr'>solidum</span> <span class='ocrx_word' id='word_1_464' title='bbox 1145 3827 1324 3882; x_wconf 89' lang='lat' dir='ltr'>robur</span> <span class='ocrx_word' id='word_1_465' title='bbox 1345 3828 1590 3899; x_wconf 88' lang='lat' dir='ltr'>adeptus</span> <span class='ocrx_word' id='word_1_466' title='bbox 1612 3828 1684 3884; x_wconf 90' lang='lat' dir='ltr'>ad</span> 
     </span>
    </p>
   </div>
   <div class='ocr_carea' id='block_1_71' title="bbox 71 3912 1686 3988">
    <p class='ocr_par' dir='ltr' id='par_1_71' title="bbox 71 3912 1686 3988">
     <span class='ocr_line' id='line_1_71' title="bbox 71 3912 1686 3988; baseline 0.004 -23"><span class='ocrx_word' id='word_1_467' title='bbox 71 3912 233 3970; x_wconf 83' lang='lat' dir='ltr'>aulam</span> <span class='ocrx_word' id='word_1_468' title='bbox 265 3916 642 3972; x_wconf 84' lang='lat' dir='ltr'>introductus</span> <span class='ocrx_word' id='word_1_469' title='bbox 671 3919 760 3971; x_wconf 89' lang='lat' dir='ltr'>est</span> <span class='ocrx_word' id='word_1_470' title='bbox 789 3916 1032 3988; x_wconf 89' lang='lat' dir='ltr'>regiam,</span> <span class='ocrx_word' id='word_1_471' title='bbox 1065 3915 1166 3970; x_wconf 91' lang='lat' dir='ltr'>ubi</span> <span class='ocrx_word' id='word_1_472' title='bbox 1215 3915 1373 3988; x_wconf 89' lang='lat' dir='ltr'>regio</span> <span class='ocrx_word' id='word_1_473' title='bbox 1424 3915 1686 3972; x_wconf 90' lang='lat' dir='ltr'>militans</span> 
     </span>
    </p>
   </div>
   <div class='ocr_carea' id='block_1_72' title="bbox 72 4003 1686 4074">
    <p class='ocr_par' dir='ltr' id='par_1_72' title="bbox 72 4003 1686 4074">
     <span class='ocr_line' id='line_1_72' title="bbox 72 4003 1686 4074; baseline 0.003 -19"><span class='ocrx_word' id='word_1_474' title='bbox 72 4003 267 4060; x_wconf 70' lang='lat' dir='ltr'>servitio</span> <span class='ocrx_word' id='word_1_475' title='bbox 294 4004 528 4061; x_wconf 83' lang='lat' dir='ltr'>Christo</span> <span class='ocrx_word' id='word_1_476' title='bbox 559 4004 672 4060; x_wconf 90' lang='lat' dir='ltr'>sibi</span> <span class='ocrx_word' id='word_1_477' title='bbox 705 4005 930 4059; x_wconf 89' lang='lat' dir='ltr'>favente</span> <span class='ocrx_word' id='word_1_478' title='bbox 958 4004 1137 4074; x_wconf 91' lang='lat' dir='ltr'>hujus</span> <span class='ocrx_word' id='word_1_479' title='bbox 1159 4004 1317 4060; x_wconf 91' lang='lat' dir='ltr'>sedis</span> <span class='ocrx_word' id='word_1_480' title='bbox 1336 4003 1506 4058; x_wconf 90' lang='lat' dir='ltr'>Wala</span> <span class='ocrx_word' id='word_1_481' title='bbox 1527 4005 1686 4060; x_wconf 89' lang='lat' dir='ltr'>dece-</span> 
     </span>
    </p>
   </div>
   <div class='ocr_carea' id='block_1_73' title="bbox 73 4088 1685 4165">
    <p class='ocr_par' dir='ltr' id='par_1_73' title="bbox 73 4088 1685 4165">
     <span class='ocr_line' id='line_1_73' title="bbox 73 4088 1685 4165; baseline 0.004 -23"><span class='ocrx_word' id='word_1_482' title='bbox 73 4088 214 4147; x_wconf 89' lang='lat' dir='ltr'>dente</span> <span class='ocrx_word' id='word_1_483' title='bbox 227 4092 742 4165; x_wconf 88' lang='lat' dir='ltr'>episcopo,meruit</span> <span class='ocrx_word' id='word_1_484' title='bbox 763 4092 1058 4164; x_wconf 67' lang='lat' dir='ltr'>suscipere</span> <span class='ocrx_word' id='word_1_485' title='bbox 1079 4091 1685 4164; x_wconf 72' lang='lat' dir='ltr'>thronum,praalibato</span> 
     </span>
    </p>
   </div>
   <div class='ocr_carea' id='block_1_74' title="bbox 74 4180 1682 4254">
    <p class='ocr_par' dir='ltr' id='par_1_74' title="bbox 74 4180 1682 4254">
     <span class='ocr_line' id='line_1_74' title="bbox 74 4180 1682 4254; baseline 0.003 -23"><span class='ocrx_word' id='word_1_486' title='bbox 74 4193 179 4250; x_wconf 83' lang='lat' dir='ltr'>rege</span> <span class='ocrx_word' id='word_1_487' title='bbox 204 4181 490 4238; x_wconf 90' lang='lat' dir='ltr'>Ludovico</span> <span class='ocrx_word' id='word_1_488' title='bbox 511 4181 685 4254; x_wconf 85' lang='lat' dir='ltr'>digne</span> <span class='ocrx_word' id='word_1_489' title='bbox 701 4181 1053 4236; x_wconf 87' lang='lat' dir='ltr'>famulatum</span> <span class='ocrx_word' id='word_1_490' title='bbox 1070 4180 1232 4237; x_wconf 93' lang='lat' dir='ltr'>illius</span> <span class='ocrx_word' id='word_1_491' title='bbox 1251 4185 1682 4249; x_wconf 91' lang='lat' dir='ltr'>remunerante,</span> 
     </span>
    </p>
   </div>
   <div class='ocr_carea' id='block_1_75' title="bbox 73 4264 1684 4342">
    <p class='ocr_par' dir='ltr' id='par_1_75' title="bbox 73 4264 1684 4342">
     <span class='ocr_line' id='line_1_75' title="bbox 73 4264 1684 4342; baseline 0.003 -23"><span class='ocrx_word' id='word_1_492' title='bbox 73 4264 328 4341; x_wconf 86' lang='lat' dir='ltr'>bujusque</span> <span class='ocrx_word' id='word_1_493' title='bbox 356 4269 633 4326; x_wconf 66' lang='lat' dir='ltr'>Ecclesiae</span> <span class='ocrx_word' id='word_1_494' title='bbox 663 4273 721 4325; x_wconf 90' lang='lat' dir='ltr'>et</span> <span class='ocrx_word' id='word_1_495' title='bbox 749 4269 886 4326; x_wconf 91' lang='lat' dir='ltr'>cleri</span> <span class='ocrx_word' id='word_1_496' title='bbox 916 4273 974 4325; x_wconf 90' lang='lat' dir='ltr'>et</span> <span class='ocrx_word' id='word_1_497' title='bbox 1003 4268 1191 4342; x_wconf 91' lang='lat' dir='ltr'>plebis</span> <span class='ocrx_word' id='word_1_498' title='bbox 1230 4269 1600 4325; x_wconf 89' lang='lat' dir='ltr'>conniventia</span> <span class='ocrx_word' id='word_1_499' title='bbox 1625 4268 1684 4324; x_wconf 91' lang='lat' dir='ltr'>in</span> 
     </span>
    </p>
   </div>
   <div class='ocr_carea' id='block_1_76' title="bbox 73 4357 1687 4431">
    <p class='ocr_par' dir='ltr' id='par_1_76' title="bbox 73 4357 1687 4431">
     <span class='ocr_line' id='line_1_76' title="bbox 73 4357 1687 4431; baseline 0.003 -23"><span class='ocrx_word' id='word_1_500' title='bbox 73 4363 310 4424; x_wconf 86' lang='lat' dir='ltr'>unum,ut</span> <span class='ocrx_word' id='word_1_501' title='bbox 339 4358 607 4431; x_wconf 83' lang='lat' dir='ltr'>pontifex</span> <span class='ocrx_word' id='word_1_502' title='bbox 634 4358 1001 4415; x_wconf 90' lang='lat' dir='ltr'>ordinaretur</span> <span class='ocrx_word' id='word_1_503' title='bbox 1041 4357 1452 4429; x_wconf 90' lang='lat' dir='ltr'>applaudente,</span> <span class='ocrx_word' id='word_1_504' title='bbox 1485 4358 1687 4430; x_wconf 91' lang='lat' dir='ltr'>sicque</span> 
     </span>
    </p>
   </div>
   <div class='ocr_carea' id='block_1_77' title="bbox 73 4444 1686 4518">
    <p class='ocr_par' dir='ltr' id='par_1_77' title="bbox 73 4444 1686 4518">
     <span class='ocr_line' id='line_1_77' title="bbox 73 4444 1686 4518; baseline 0.005 -24"><span class='ocrx_word' id='word_1_505' title='bbox 73 4444 354 4512; x_wconf 84' lang='lat' dir='ltr'>opitulante</span> <span class='ocrx_word' id='word_1_506' title='bbox 380 4449 524 4513; x_wconf 91' lang='lat' dir='ltr'>Deo,</span> <span class='ocrx_word' id='word_1_507' title='bbox 558 4464 693 4502; x_wconf 90' lang='lat' dir='ltr'>cum</span> <span class='ocrx_word' id='word_1_508' title='bbox 725 4463 960 4503; x_wconf 88' lang='lat' dir='ltr'>summa</span> <span class='ocrx_word' id='word_1_509' title='bbox 1003 4447 1183 4502; x_wconf 88' lang='lat' dir='ltr'>totius</span> <span class='ocrx_word' id='word_1_510' title='bbox 1213 4445 1413 4518; x_wconf 88' lang='lat' dir='ltr'>populi</span> <span class='ocrx_word' id='word_1_511' title='bbox 1435 4446 1686 4502; x_wconf 84' lang='lat' dir='ltr'>exsulta-</span> 
     </span>
    </p>
   </div>
   <div class='ocr_carea' id='block_1_78' title="bbox 73 4531 1685 4608">
    <p class='ocr_par' dir='ltr' id='par_1_78' title="bbox 73 4531 1685 4608">
     <span class='ocr_line' id='line_1_78' title="bbox 73 4531 1685 4608; baseline 0.004 -25"><span class='ocrx_word' id='word_1_512' title='bbox 73 4531 198 4588; x_wconf 87' lang='lat' dir='ltr'>tione</span> <span class='ocrx_word' id='word_1_513' title='bbox 225 4535 312 4591; x_wconf 89' lang='lat' dir='ltr'>die</span> <span class='ocrx_word' id='word_1_514' title='bbox 339 4534 758 4608; x_wconf 83' lang='lat' dir='ltr'>Non.April.ab</span> <span class='ocrx_word' id='word_1_515' title='bbox 788 4533 1070 4606; x_wconf 87' lang='lat' dir='ltr'>Ansegiso</span> <span class='ocrx_word' id='word_1_516' title='bbox 1099 4533 1416 4590; x_wconf 88' lang='lat' dir='ltr'>venerabili</span> <span class='ocrx_word' id='word_1_517' title='bbox 1456 4535 1685 4590; x_wconf 90' lang='lat' dir='ltr'>archie-</span> 
     </span>
    </p>
   </div>
   <div class='ocr_carea' id='block_1_79' title="bbox 1795 3375 3444 3450">
    <p class='ocr_par' dir='ltr' id='par_1_79' title="bbox 1795 3375 3444 3450">
     <span class='ocr_line' id='line_1_79' title="bbox 1795 3375 3444 3450; baseline -0.004 -16"><span class='ocrx_word' id='word_1_518' title='bbox 1795 3380 1867 3434; x_wconf 93' lang='lat' dir='ltr'>cti</span> <span class='ocrx_word' id='word_1_519' title='bbox 1900 3378 2215 3436; x_wconf 88' lang='lat' dir='ltr'>Clementis</span> <span class='ocrx_word' id='word_1_520' title='bbox 2246 3395 2307 3433; x_wconf 92' lang='lat' dir='ltr'>se</span> <span class='ocrx_word' id='word_1_521' title='bbox 2358 3377 2653 3450; x_wconf 79' lang='lat' dir='ltr'>suffragiis</span> <span class='ocrx_word' id='word_1_522' title='bbox 2701 3375 3038 3442; x_wconf 90' lang='lat' dir='ltr'>committit,</span> <span class='ocrx_word' id='word_1_523' title='bbox 3072 3380 3247 3447; x_wconf 89' lang='lat' dir='ltr'>atque</span> <span class='ocrx_word' id='word_1_524' title='bbox 3275 3375 3333 3428; x_wconf 92' lang='lat' dir='ltr'>in</span> <span class='ocrx_word' id='word_1_525' title='bbox 3371 3375 3444 3429; x_wconf 93' lang='lat' dir='ltr'>li-</span> 
     </span>
    </p>
   </div>
   <div class='ocr_carea' id='block_1_80' title="bbox 1794 3462 3439 3535">
    <p class='ocr_par' dir='ltr' id='par_1_80' title="bbox 1794 3462 3439 3535">
     <span class='ocr_line' id='line_1_80' title="bbox 1794 3462 3439 3535; baseline -0.004 -12"><span class='ocrx_word' id='word_1_526' title='bbox 1794 3469 1952 3524; x_wconf 92' lang='lat' dir='ltr'>mine</span> <span class='ocrx_word' id='word_1_527' title='bbox 2000 3469 2211 3523; x_wconf 91' lang='lat' dir='ltr'>domus</span> <span class='ocrx_word' id='word_1_528' title='bbox 2257 3470 2418 3522; x_wconf 86' lang='lat' dir='ltr'>extra</span> <span class='ocrx_word' id='word_1_529' title='bbox 2459 3463 2765 3520; x_wconf 90' lang='lat' dir='ltr'>ecclesiam</span> <span class='ocrx_word' id='word_1_530' title='bbox 2798 3463 3058 3535; x_wconf 89' lang='lat' dir='ltr'>corporis</span> <span class='ocrx_word' id='word_1_531' title='bbox 3090 3463 3180 3518; x_wconf 92' lang='lat' dir='ltr'>sui</span> <span class='ocrx_word' id='word_1_532' title='bbox 3210 3462 3439 3535; x_wconf 90' lang='lat' dir='ltr'>glebam</span> 
     </span>
    </p>
   </div>
   <div class='ocr_carea' id='block_1_81' title="bbox 1794 3550 3440 3628">
    <p class='ocr_par' dir='ltr' id='par_1_81' title="bbox 1794 3550 3440 3628">
     <span class='ocr_line' id='line_1_81' title="bbox 1794 3550 3440 3628; baseline -0.005 -16"><span class='ocrx_word' id='word_1_533' title='bbox 1794 3556 2024 3628; x_wconf 90' lang='lat' dir='ltr'>sepeliri</span> <span class='ocrx_word' id='word_1_534' title='bbox 2051 3554 2560 3627; x_wconf 84' lang='lat' dir='ltr'>efﬂagitat,sicque</span> <span class='ocrx_word' id='word_1_535' title='bbox 2594 3557 2753 3608; x_wconf 91' lang='lat' dir='ltr'>totus</span> <span class='ocrx_word' id='word_1_536' title='bbox 2785 3568 3100 3608; x_wconf 90' lang='lat' dir='ltr'>conversus</span> <span class='ocrx_word' id='word_1_537' title='bbox 3125 3552 3182 3606; x_wconf 92' lang='lat' dir='ltr'>in</span> <span class='ocrx_word' id='word_1_538' title='bbox 3207 3550 3440 3619; x_wconf 90' lang='lat' dir='ltr'>melius,</span> 
     </span>
    </p>
   </div>
   <div class='ocr_carea' id='block_1_82' title="bbox 1794 3640 3442 3712">
    <p class='ocr_par' dir='ltr' id='par_1_82' title="bbox 1794 3640 3442 3712">
     <span class='ocr_line' id='line_1_82' title="bbox 1794 3640 3442 3712; baseline -0.004 -12"><span class='ocrx_word' id='word_1_539' title='bbox 1794 3644 1945 3700; x_wconf 93' lang='lat' dir='ltr'>felici</span> <span class='ocrx_word' id='word_1_540' title='bbox 1977 3645 2048 3700; x_wconf 92' lang='lat' dir='ltr'>ad</span> <span class='ocrx_word' id='word_1_541' title='bbox 2079 3643 2376 3700; x_wconf 91' lang='lat' dir='ltr'>Christum</span> <span class='ocrx_word' id='word_1_542' title='bbox 2407 3641 2659 3696; x_wconf 76' lang='lat' dir='ltr'>transitu</span> <span class='ocrx_word' id='word_1_543' title='bbox 2691 3640 3170 3712; x_wconf 88' lang='lat' dir='ltr'>migravit.Quem</span> <span class='ocrx_word' id='word_1_544' title='bbox 3202 3656 3317 3694; x_wconf 90' lang='lat' dir='ltr'>non</span> <span class='ocrx_word' id='word_1_545' title='bbox 3347 3655 3442 3694; x_wconf 85' lang='lat' dir='ltr'>ex-</span> 
     </span>
    </p>
   </div>
   <div class='ocr_carea' id='block_1_83' title="bbox 1794 3727 3446 3800">
    <p class='ocr_par' dir='ltr' id='par_1_83' title="bbox 1794 3727 3446 3800">
     <span class='ocr_line' id='line_1_83' title="bbox 1794 3727 3446 3800; baseline -0.004 -11"><span class='ocrx_word' id='word_1_546' title='bbox 1794 3738 1904 3800; x_wconf 90' lang='lat' dir='ltr'>tra,</span> <span class='ocrx_word' id='word_1_547' title='bbox 1937 3734 2036 3789; x_wconf 92' lang='lat' dir='ltr'>sed</span> <span class='ocrx_word' id='word_1_548' title='bbox 2083 3733 2236 3787; x_wconf 89' lang='lat' dir='ltr'>intra</span> <span class='ocrx_word' id='word_1_549' title='bbox 2285 3729 2590 3786; x_wconf 86' lang='lat' dir='ltr'>ecclesiam</span> <span class='ocrx_word' id='word_1_550' title='bbox 2640 3729 2793 3784; x_wconf 89' lang='lat' dir='ltr'>beati</span> <span class='ocrx_word' id='word_1_551' title='bbox 2842 3727 3153 3784; x_wconf 90' lang='lat' dir='ltr'>Clementis</span> <span class='ocrx_word' id='word_1_552' title='bbox 3201 3730 3446 3784; x_wconf 72' lang='lat' dir='ltr'>affectus</span> 
     </span>
    </p>
   </div>
   <div class='ocr_carea' id='block_1_84' title="bbox 1794 3816 3446 3892">
    <p class='ocr_par' dir='ltr' id='par_1_84' title="bbox 1794 3816 3446 3892">
     <span class='ocr_line' id='line_1_84' title="bbox 1794 3816 3446 3892; baseline -0.005 -14"><span class='ocrx_word' id='word_1_553' title='bbox 1794 3822 1929 3878; x_wconf 91' lang='lat' dir='ltr'>cleri</span> <span class='ocrx_word' id='word_1_554' title='bbox 1963 3821 2242 3886; x_wconf 90' lang='lat' dir='ltr'>recondit,</span> <span class='ocrx_word' id='word_1_555' title='bbox 2276 3837 2379 3892; x_wconf 90' lang='lat' dir='ltr'>per</span> <span class='ocrx_word' id='word_1_556' title='bbox 2428 3834 2602 3891; x_wconf 91' lang='lat' dir='ltr'>quem</span> <span class='ocrx_word' id='word_1_557' title='bbox 2653 3817 2851 3874; x_wconf 89' lang='lat' dir='ltr'>vivens</span> <span class='ocrx_word' id='word_1_558' title='bbox 2901 3817 3093 3873; x_wconf 90' lang='lat' dir='ltr'>adhuc</span> <span class='ocrx_word' id='word_1_559' title='bbox 3141 3818 3294 3889; x_wconf 91' lang='lat' dir='ltr'>apud</span> <span class='ocrx_word' id='word_1_560' title='bbox 3329 3816 3446 3872; x_wconf 88' lang='lat' dir='ltr'>cle-</span> 
     </span>
    </p>
   </div>
   <div class='ocr_carea' id='block_1_85' title="bbox 1794 3905 3445 3979">
    <p class='ocr_par' dir='ltr' id='par_1_85' title="bbox 1794 3905 3445 3979">
     <span class='ocr_line' id='line_1_85' title="bbox 1794 3905 3445 3979; baseline -0.003 -13"><span class='ocrx_word' id='word_1_561' title='bbox 1794 3911 2076 3966; x_wconf 88' lang='lat' dir='ltr'>mentiam</span> <span class='ocrx_word' id='word_1_562' title='bbox 2107 3909 2325 3966; x_wconf 89' lang='lat' dir='ltr'>summi</span> <span class='ocrx_word' id='word_1_563' title='bbox 2349 3908 2591 3979; x_wconf 90' lang='lat' dir='ltr'>judicis,</span> <span class='ocrx_word' id='word_1_564' title='bbox 2625 3905 2833 3962; x_wconf 86' lang='lat' dir='ltr'>obnixe</span> <span class='ocrx_word' id='word_1_565' title='bbox 2875 3923 2938 3963; x_wconf 91' lang='lat' dir='ltr'>se</span> <span class='ocrx_word' id='word_1_566' title='bbox 2981 3906 3231 3962; x_wconf 89' lang='lat' dir='ltr'>credidit</span> <span class='ocrx_word' id='word_1_567' title='bbox 3278 3907 3445 3976; x_wconf 52' lang='lat' dir='ltr'>adju-</span> 
     </span>
    </p>
   </div>
   <div class='ocr_carea' id='block_1_86' title="bbox 1790 3995 3446 4063">
    <p class='ocr_par' dir='ltr' id='par_1_86' title="bbox 1790 3995 3446 4063">
     <span class='ocr_line' id='line_1_86' title="bbox 1790 3995 3446 4063; baseline -0.002 -9"><span class='ocrx_word' id='word_1_568' title='bbox 1790 3999 1935 4055; x_wconf 90' lang='lat' dir='ltr'>vari.</span> <span class='ocrx_word' id='word_1_569' title='bbox 1970 3999 2135 4055; x_wconf 81' lang='lat' dir='ltr'>Rexit</span> <span class='ocrx_word' id='word_1_570' title='bbox 2186 3996 2494 4053; x_wconf 89' lang='lat' dir='ltr'>ecclesiam</span> <span class='ocrx_word' id='word_1_571' title='bbox 2543 3995 2712 4050; x_wconf 90' lang='lat' dir='ltr'>annis</span> <span class='ocrx_word' id='word_1_572' title='bbox 2739 3998 2795 4062; x_wconf 90' lang='lat'>7,</span> <span class='ocrx_word' id='word_1_573' title='bbox 2830 4011 3030 4050; x_wconf 89' lang='lat' dir='ltr'>mense</span> <span class='ocrx_word' id='word_1_574' title='bbox 3063 3997 3112 4063; x_wconf 87' lang='grc'>1,</span> <span class='ocrx_word' id='word_1_575' title='bbox 3150 3999 3207 4050; x_wconf 88' lang='lat' dir='ltr'>et</span> <span class='ocrx_word' id='word_1_576' title='bbox 3238 3995 3446 4050; x_wconf 89' lang='lat' dir='ltr'>diebus</span> 
     </span>
    </p>
   </div>
   <div class='ocr_carea' id='block_1_87' title="bbox 1792 4083 3445 4159">
    <p class='ocr_par' dir='ltr' id='par_1_87' title="bbox 1792 4083 3445 4159">
     <span class='ocr_line' id='line_1_87' title="bbox 1792 4083 3445 4159; baseline -0.004 -15"><span class='ocrx_word' id='word_1_577' title='bbox 1792 4091 1846 4156; x_wconf 92' lang='lat'>8,</span> <span class='ocrx_word' id='word_1_578' title='bbox 1873 4087 2130 4159; x_wconf 91' lang='lat' dir='ltr'>obiitque</span> <span class='ocrx_word' id='word_1_579' title='bbox 2161 4104 2217 4142; x_wconf 84' lang='lat' dir='ltr'>1v</span> <span class='ocrx_word' id='word_1_580' title='bbox 2250 4086 2388 4141; x_wconf 91' lang='lat' dir='ltr'>Idus</span> <span class='ocrx_word' id='word_1_581' title='bbox 2438 4084 2594 4140; x_wconf 91' lang='lat' dir='ltr'>Maii.</span> <span class='ocrx_word' id='word_1_582' title='bbox 2646 4083 2866 4140; x_wconf 90' lang='lat' dir='ltr'>Mansit</span> <span class='ocrx_word' id='word_1_583' title='bbox 2917 4083 3173 4140; x_wconf 88' lang='lat' dir='ltr'>Ecclesia</span> <span class='ocrx_word' id='word_1_584' title='bbox 3220 4084 3445 4156; x_wconf 88' lang='lat' dir='ltr'>absque</span> 
     </span>
    </p>
   </div>
   <div class='ocr_carea' id='block_1_88' title="bbox 1793 4173 2685 4250">
    <p class='ocr_par' dir='ltr' id='par_1_88' title="bbox 1793 4173 2685 4250">
     <span class='ocr_line' id='line_1_88' title="bbox 1793 4173 2685 4250; baseline -0.006 -18"><span class='ocrx_word' id='word_1_585' title='bbox 1793 4176 2064 4250; x_wconf 80' lang='lat' dir='ltr'>pontifice</span> <span class='ocrx_word' id='word_1_586' title='bbox 2098 4191 2328 4231; x_wconf 88' lang='lat' dir='ltr'>menses</span> <span class='ocrx_word' id='word_1_587' title='bbox 2353 4175 2406 4239; x_wconf 92' lang='lat'>3,</span> <span class='ocrx_word' id='word_1_588' title='bbox 2441 4173 2565 4228; x_wconf 90' lang='lat' dir='ltr'>dies</span> <span class='ocrx_word' id='word_1_589' title='bbox 2599 4174 2685 4227; x_wconf 93' lang='grc'>17.</span> 
     </span>
    </p>
   </div>
   <div class='ocr_carea' id='block_1_89' title="bbox 2191 4313 3040 4384">
    <p class='ocr_par' dir='ltr' id='par_1_89' title="bbox 2191 4313 3040 4384">
     <span class='ocr_line' id='line_1_89' title="bbox 2191 4313 3040 4384; baseline -0.006 -13"><span class='ocrx_word' id='word_1_590' title='bbox 2191 4316 2325 4372; x_wconf 73' lang='lat' dir='ltr'>CAP.</span> <span class='ocrx_word' id='word_1_591' title='bbox 2359 4315 2501 4370; x_wconf 89' lang='lat' dir='ltr'><strong>XLI.</strong></span> <span class='ocrx_word' id='word_1_592' title='bbox 2532 4345 2602 4354; x_wconf 94' lang='lat'>—</span> <span class='ocrx_word' id='word_1_593' title='bbox 2630 4315 2702 4369; x_wconf 86' lang='lat' dir='ltr'>De</span> <span class='ocrx_word' id='word_1_594' title='bbox 2733 4313 3040 4384; x_wconf 78' lang='lat' dir='ltr'>Herifrz&#39;do.</span> 
     </span>
    </p>
   </div>
   <div class='ocr_carea' id='block_1_90' title="bbox 1866 4436 3444 4508">
    <p class='ocr_par' dir='ltr' id='par_1_90' title="bbox 1866 4436 3444 4508">
     <span class='ocr_line' id='line_1_90' title="bbox 1866 4436 3444 4508; baseline -0.005 -10"><span class='ocrx_word' id='word_1_595' title='bbox 1866 4442 2212 4506; x_wconf 87' lang='lat' dir='ltr'>Herifridus,</span> <span class='ocrx_word' id='word_1_596' title='bbox 2246 4440 2483 4495; x_wconf 87' lang='lat' dir='ltr'>natione</span> <span class='ocrx_word' id='word_1_597' title='bbox 2515 4438 2913 4502; x_wconf 89' lang='lat' dir='ltr'>Carnotensis,</span> <span class='ocrx_word' id='word_1_598' title='bbox 2936 4437 3080 4490; x_wconf 88' lang='lat' dir='ltr'>vixit</span> <span class='ocrx_word' id='word_1_599' title='bbox 3108 4436 3360 4508; x_wconf 88' lang='lat' dir='ltr'>gloriose</span> <span class='ocrx_word' id='word_1_600' title='bbox 3384 4436 3444 4491; x_wconf 90' lang='lat' dir='ltr'>in</span> 
     </span>
    </p>
   </div>
   <div class='ocr_carea' id='block_1_91' title="bbox 1793 4524 3442 4605">
    <p class='ocr_par' dir='ltr' id='par_1_91' title="bbox 1793 4524 3442 4605">
     <span class='ocr_line' id='line_1_91' title="bbox 1793 4524 3442 4605; baseline -0.004 -18"><span class='ocrx_word' id='word_1_601' title='bbox 1793 4531 2131 4605; x_wconf 88' lang='lat' dir='ltr'>episcopatu</span> <span class='ocrx_word' id='word_1_602' title='bbox 2159 4533 2231 4584; x_wconf 84' lang='lat'>22</span> <span class='ocrx_word' id='word_1_603' title='bbox 2262 4546 2423 4598; x_wconf 90' lang='lat' dir='ltr'>ann.,</span> <span class='ocrx_word' id='word_1_604' title='bbox 2455 4543 2718 4582; x_wconf 89' lang='lat' dir='ltr'>mensem</span> <span class='ocrx_word' id='word_1_605' title='bbox 2753 4527 2804 4592; x_wconf 75' lang='grc'>4,</span> <span class='ocrx_word' id='word_1_606' title='bbox 2836 4526 2960 4580; x_wconf 90' lang='lat' dir='ltr'>dies</span> <span class='ocrx_word' id='word_1_607' title='bbox 2995 4525 3192 4580; x_wconf 76' lang='lat' dir='ltr'>l6.Hie</span> <span class='ocrx_word' id='word_1_608' title='bbox 3221 4524 3310 4578; x_wconf 93' lang='lat' dir='ltr'>vir</span> <span class='ocrx_word' id='word_1_609' title='bbox 3340 4541 3442 4580; x_wconf 89' lang='lat' dir='ltr'>no-</span> 
     </span>
    </p>
   </div>
   <div class='ocr_carea' id='block_1_92' title="bbox 75 4612 3442 4704">
    <p class='ocr_par' dir='ltr' id='par_1_92' title="bbox 75 4612 3442 4704">
     <span class='ocr_line' id='line_1_92' title="bbox 75 4612 3442 4704; baseline -0.001 -29"><span class='ocrx_word' id='word_1_610' title='bbox 75 4619 273 4695; x_wconf 84' lang='lat' dir='ltr'>pisc-opo</span> <span class='ocrx_word' id='word_1_611' title='bbox 296 4625 606 4680; x_wconf 87' lang='lat' dir='ltr'>ordinatus</span> <span class='ocrx_word' id='word_1_612' title='bbox 636 4627 724 4679; x_wconf 90' lang='lat' dir='ltr'>est</span> <span class='ocrx_word' id='word_1_613' title='bbox 750 4624 1060 4696; x_wconf 69' lang='lat' dir='ltr'>episcopus</span> <span class='ocrx_word' id='word_1_614' title='bbox 1092 4639 1106 4678; x_wconf 88' lang='lat'><strong>:</strong></span> <span class='ocrx_word' id='word_1_615' title='bbox 1141 4623 1239 4678; x_wconf 92' lang='lat' dir='ltr'>ubi</span> <span class='ocrx_word' id='word_1_616' title='bbox 1272 4640 1450 4694; x_wconf 92' lang='lat' dir='ltr'>quam</span> <span class='ocrx_word' id='word_1_617' title='bbox 1483 4623 1684 4679; x_wconf 87' lang='lat' dir='ltr'>floride</span> <span class='ocrx_word' id='word_1_618' title='bbox 1714 4640 1761 4704; x_wconf 84' lang='lat' dir='ltr'><strong>D</strong></span> <span class='ocrx_word' id='word_1_619' title='bbox 1793 4620 2117 4676; x_wconf 83' lang='lat' dir='ltr'>bilissimas</span> <span class='ocrx_word' id='word_1_620' title='bbox 2150 4616 2401 4704; x_wconf 88' lang='lat' dir='ltr'>qualiter</span> <span class='ocrx_word' id='word_1_621' title='bbox 2421 4616 2572 4670; x_wconf 89' lang='lat' dir='ltr'>hanc</span> <span class='ocrx_word' id='word_1_622' title='bbox 2595 4612 3442 4704; x_wconf 78' lang='lat' dir='ltr'>suscepitdignitatem,qualis</span> 
     </span>
    </p>
   </div>
   <div class='ocr_carea' id='block_1_93' title="bbox 75 4708 1680 4784">
    <p class='ocr_par' dir='ltr' id='par_1_93' title="bbox 75 4708 1680 4784">
     <span class='ocr_line' id='line_1_93' title="bbox 75 4708 1680 4784; baseline 0.004 -23"><span class='ocrx_word' id='word_1_623' title='bbox 75 4708 484 4784; x_wconf 77' lang='lat' dir='ltr'>vixerit,quanto</span> <span class='ocrx_word' id='word_1_624' title='bbox 515 4713 713 4768; x_wconf 82' lang='lat' dir='ltr'>studio</span> <span class='ocrx_word' id='word_1_625' title='bbox 744 4712 984 4768; x_wconf 91' lang='lat' dir='ltr'>domum</span> <span class='ocrx_word' id='word_1_626' title='bbox 1036 4710 1147 4767; x_wconf 91' lang='lat' dir='ltr'>sibi</span> <span class='ocrx_word' id='word_1_627' title='bbox 1183 4711 1462 4768; x_wconf 84' lang='lat' dir='ltr'>creditam</span> <span class='ocrx_word' id='word_1_628' title='bbox 1494 4712 1680 4767; x_wconf 90' lang='lat' dir='ltr'>subli-</span> 
     </span>
    </p>
   </div>
   <div class='ocr_carea' id='block_1_94' title="bbox 77 4800 1677 4873">
    <p class='ocr_par' dir='ltr' id='par_1_94' title="bbox 77 4800 1677 4873">
     <span class='ocr_line' id='line_1_94' title="bbox 77 4800 1677 4873; baseline 0.006 -25"><span class='ocrx_word' id='word_1_629' title='bbox 77 4809 205 4854; x_wconf 83' lang='lat' dir='ltr'>mare</span> <span class='ocrx_word' id='word_1_630' title='bbox 231 4801 680 4873; x_wconf 89' lang='lat' dir='ltr'>voluerit,quam</span> <span class='ocrx_word' id='word_1_631' title='bbox 701 4800 860 4856; x_wconf 91' lang='lat' dir='ltr'>mitis</span> <span class='ocrx_word' id='word_1_632' title='bbox 881 4817 1020 4873; x_wconf 81' lang='lat' dir='ltr'>erga</span> <span class='ocrx_word' id='word_1_633' title='bbox 1040 4816 1273 4872; x_wconf 87' lang='lat' dir='ltr'>gregem</span> <span class='ocrx_word' id='word_1_634' title='bbox 1287 4800 1677 4869; x_wconf 91' lang='lat' dir='ltr'>Dominicum,</span> 
     </span>
    </p>
   </div>
   <div class='ocr_carea' id='block_1_95' title="bbox 75 4879 1682 4962">
    <p class='ocr_par' dir='ltr' id='par_1_95' title="bbox 75 4879 1682 4962">
     <span class='ocr_line' id='line_1_95' title="bbox 75 4879 1682 4962; baseline 0.005 -25"><span class='ocrx_word' id='word_1_635' title='bbox 75 4879 348 4960; x_wconf 84' lang='lat' dir='ltr'>largusque</span> <span class='ocrx_word' id='word_1_636' title='bbox 363 4890 736 4962; x_wconf 88' lang='lat' dir='ltr'>dispensator</span> <span class='ocrx_word' id='word_1_637' title='bbox 752 4888 1239 4957; x_wconf 86' lang='lat' dir='ltr'>exstiterit,multi</span> <span class='ocrx_word' id='word_1_638' title='bbox 1263 4889 1455 4944; x_wconf 90' lang='lat' dir='ltr'>adhuc</span> <span class='ocrx_word' id='word_1_639' title='bbox 1477 4907 1682 4960; x_wconf 90' lang='lat' dir='ltr'>super-</span> 
     </span>
    </p>
   </div>
   <div class='ocr_carea' id='block_1_96' title="bbox 77 4976 1681 5049">
    <p class='ocr_par' dir='ltr' id='par_1_96' title="bbox 77 4976 1681 5049">
     <span class='ocr_line' id='line_1_96' title="bbox 77 4976 1681 5049; baseline 0.006 -26"><span class='ocrx_word' id='word_1_640' title='bbox 77 4979 205 5041; x_wconf 77' lang='lat' dir='ltr'>sunt,</span> <span class='ocrx_word' id='word_1_641' title='bbox 225 4978 320 5049; x_wconf 89' lang='lat' dir='ltr'>qui</span> <span class='ocrx_word' id='word_1_642' title='bbox 349 4977 538 5034; x_wconf 90' lang='lat' dir='ltr'>oculis</span> <span class='ocrx_word' id='word_1_643' title='bbox 571 4995 634 5033; x_wconf 89' lang='lat' dir='ltr'>se</span> <span class='ocrx_word' id='word_1_644' title='bbox 661 4977 878 5034; x_wconf 90' lang='lat' dir='ltr'>vidisse</span> <span class='ocrx_word' id='word_1_645' title='bbox 907 4980 1218 5033; x_wconf 90' lang='lat' dir='ltr'>testantur.</span> <span class='ocrx_word' id='word_1_646' title='bbox 1250 4976 1489 5033; x_wconf 90' lang='lat' dir='ltr'>Nullum</span> <span class='ocrx_word' id='word_1_647' title='bbox 1540 4977 1681 5034; x_wconf 89' lang='lat' dir='ltr'>solis</span> 
     </span>
    </p>
   </div>
   <div class='ocr_carea' id='block_1_97' title="bbox 80 5065 1676 5138">
    <p class='ocr_par' dir='ltr' id='par_1_97' title="bbox 80 5065 1676 5138">
     <span class='ocr_line' id='line_1_97' title="bbox 80 5065 1676 5138; baseline 0.004 -24"><span class='ocrx_word' id='word_1_648' title='bbox 80 5065 268 5133; x_wconf 68' lang='lat' dir='ltr'>astam,</span> <span class='ocrx_word' id='word_1_649' title='bbox 299 5067 530 5122; x_wconf 90' lang='lat' dir='ltr'>nullum</span> <span class='ocrx_word' id='word_1_650' title='bbox 562 5066 814 5138; x_wconf 91' lang='lat' dir='ltr'>denique</span> <span class='ocrx_word' id='word_1_651' title='bbox 836 5066 1051 5122; x_wconf 91' lang='lat' dir='ltr'>hiemis</span> <span class='ocrx_word' id='word_1_652' title='bbox 1082 5065 1356 5120; x_wconf 89' lang='lat' dir='ltr'>horrebat</span> <span class='ocrx_word' id='word_1_653' title='bbox 1398 5065 1676 5138; x_wconf 91' lang='lat' dir='ltr'>algorem,</span> 
     </span>
    </p>
   </div>
   <div class='ocr_carea' id='block_1_98' title="bbox 79 5150 1678 5228">
    <p class='ocr_par' dir='ltr' id='par_1_98' title="bbox 79 5150 1678 5228">
     <span class='ocr_line' id='line_1_98' title="bbox 79 5150 1678 5228; baseline 0.004 -26"><span class='ocrx_word' id='word_1_654' title='bbox 79 5150 191 5216; x_wconf 81' lang='lat' dir='ltr'>quin</span> <span class='ocrx_word' id='word_1_655' title='bbox 220 5155 362 5209; x_wconf 90' lang='lat' dir='ltr'>beati</span> <span class='ocrx_word' id='word_1_656' title='bbox 395 5154 838 5228; x_wconf 82' lang='lat' dir='ltr'>protomartyris</span> <span class='ocrx_word' id='word_1_657' title='bbox 870 5153 1151 5228; x_wconf 90' lang='lat' dir='ltr'>Stephani</span> <span class='ocrx_word' id='word_1_658' title='bbox 1189 5153 1456 5210; x_wconf 62' lang='lat' dir='ltr'>Ecclesia;</span> <span class='ocrx_word' id='word_1_659' title='bbox 1487 5155 1678 5210; x_wconf 90' lang='lat' dir='ltr'>decori</span> 
     </span>
    </p>
   </div>
   <div class='ocr_carea' id='block_1_99' title="bbox 78 5239 1677 5314">
    <p class='ocr_par' dir='ltr' id='par_1_99' title="bbox 78 5239 1677 5314">
     <span class='ocr_line' id='line_1_99' title="bbox 78 5239 1677 5314; baseline 0.002 -21"><span class='ocrx_word' id='word_1_660' title='bbox 78 5239 281 5312; x_wconf 81' lang='lat' dir='ltr'>pervigil</span> <span class='ocrx_word' id='word_1_661' title='bbox 329 5243 652 5310; x_wconf 89' lang='lat' dir='ltr'>insudaret,</span> <span class='ocrx_word' id='word_1_662' title='bbox 685 5245 839 5299; x_wconf 91' lang='lat' dir='ltr'>unde</span> <span class='ocrx_word' id='word_1_663' title='bbox 895 5243 1084 5299; x_wconf 89' lang='lat' dir='ltr'>multa</span> <span class='ocrx_word' id='word_1_664' title='bbox 1138 5259 1448 5298; x_wconf 90' lang='lat' dir='ltr'>munerum</span> <span class='ocrx_word' id='word_1_665' title='bbox 1508 5242 1677 5314; x_wconf 64' lang='lat' dir='ltr'>regiae</span> 
     </span>
    </p>
   </div>
   <div class='ocr_carea' id='block_1_100' title="bbox 79 5326 1678 5401">
    <p class='ocr_par' dir='ltr' id='par_1_100' title="bbox 79 5326 1678 5401">
     <span class='ocr_line' id='line_1_100' title="bbox 79 5326 1678 5401; baseline 0.005 -23"><span class='ocrx_word' id='word_1_666' title='bbox 79 5326 447 5386; x_wconf 69' lang='lat' dir='ltr'>muniﬁcentia:</span> <span class='ocrx_word' id='word_1_667' title='bbox 475 5331 648 5387; x_wconf 80' lang='lat' dir='ltr'>xenia</span> <span class='ocrx_word' id='word_1_668' title='bbox 675 5331 905 5401; x_wconf 91' lang='lat' dir='ltr'>obtulit,</span> <span class='ocrx_word' id='word_1_669' title='bbox 938 5336 1003 5387; x_wconf 91' lang='lat' dir='ltr'>ut</span> <span class='ocrx_word' id='word_1_670' title='bbox 1041 5331 1195 5387; x_wconf 90' lang='lat' dir='ltr'>beati</span> <span class='ocrx_word' id='word_1_671' title='bbox 1242 5329 1461 5387; x_wconf 89' lang='lat' dir='ltr'>Juliani</span> <span class='ocrx_word' id='word_1_672' title='bbox 1493 5331 1678 5386; x_wconf 85' lang='lat' dir='ltr'>abba-</span> 
     </span>
    </p>
   </div>
   <div class='ocr_carea' id='block_1_101' title="bbox 77 5411 1674 5493">
    <p class='ocr_par' dir='ltr' id='par_1_101' title="bbox 77 5411 1674 5493">
     <span class='ocr_line' id='line_1_101' title="bbox 77 5411 1674 5493; baseline 0.008 -32"><span class='ocrx_word' id='word_1_673' title='bbox 77 5411 212 5481; x_wconf 87' lang='lat' dir='ltr'>tiam,</span> <span class='ocrx_word' id='word_1_674' title='bbox 252 5421 433 5476; x_wconf 86' lang='lat' dir='ltr'>sancti</span> <span class='ocrx_word' id='word_1_675' title='bbox 491 5421 772 5493; x_wconf 86' lang='lat' dir='ltr'>Stephani</span> <span class='ocrx_word' id='word_1_676' title='bbox 832 5420 1064 5477; x_wconf 84' lang='lat' dir='ltr'>servitio</span> <span class='ocrx_word' id='word_1_677' title='bbox 1121 5418 1458 5493; x_wconf 90' lang='lat' dir='ltr'>applicaret,</span> <span class='ocrx_word' id='word_1_678' title='bbox 1520 5419 1674 5491; x_wconf 86' lang='lat' dir='ltr'>quod</span> 
     </span>
    </p>
   </div>
   <div class='ocr_carea' id='block_1_102' title="bbox 79 5501 1674 5582">
    <p class='ocr_par' dir='ltr' id='par_1_102' title="bbox 79 5501 1674 5582">
     <span class='ocr_line' id='line_1_102' title="bbox 79 5501 1674 5582; baseline 0.005 -28"><span class='ocrx_word' id='word_1_679' title='bbox 79 5501 231 5560; x_wconf 87' lang='lat' dir='ltr'>multa</span> <span class='ocrx_word' id='word_1_680' title='bbox 257 5524 385 5565; x_wconf 90' lang='lat' dir='ltr'>eum</span> <span class='ocrx_word' id='word_1_681' title='bbox 417 5509 758 5565; x_wconf 81' lang='lat' dir='ltr'>difficultate</span> <span class='ocrx_word' id='word_1_682' title='bbox 798 5510 1040 5582; x_wconf 88' lang='lat' dir='ltr'>peregit,</span> <span class='ocrx_word' id='word_1_683' title='bbox 1075 5510 1176 5564; x_wconf 85' lang='lat' dir='ltr'>sed</span> <span class='ocrx_word' id='word_1_684' title='bbox 1226 5507 1416 5581; x_wconf 88' lang='lat' dir='ltr'>regale</span> <span class='ocrx_word' id='word_1_685' title='bbox 1464 5524 1674 5580; x_wconf 72' lang='lat' dir='ltr'>praece-</span> 
     </span>
    </p>
   </div>
   <div class='ocr_carea' id='block_1_103' title="bbox 79 5592 1678 5671">
    <p class='ocr_par' dir='ltr' id='par_1_103' title="bbox 79 5592 1678 5671">
     <span class='ocr_line' id='line_1_103' title="bbox 79 5592 1678 5671; baseline -0.002 -16"><span class='ocrx_word' id='word_1_686' title='bbox 79 5592 232 5660; x_wconf 65' lang='grc' dir='ltr'>Ρίυω,</span> <span class='ocrx_word' id='word_1_687' title='bbox 263 5599 413 5668; x_wconf 88' lang='lat' dir='ltr'>quod</span> <span class='ocrx_word' id='word_1_688' title='bbox 444 5615 513 5654; x_wconf 83' lang='lat' dir='ltr'>ex</span> <span class='ocrx_word' id='word_1_689' title='bbox 543 5615 610 5654; x_wconf 89' lang='lat' dir='ltr'>eo</span> <span class='ocrx_word' id='word_1_690' title='bbox 641 5599 884 5671; x_wconf 79' lang='lat' dir='ltr'>adeptus</span> <span class='ocrx_word' id='word_1_691' title='bbox 934 5599 1140 5666; x_wconf 88' lang='lat' dir='ltr'>fuerat,</span> <span class='ocrx_word' id='word_1_692' title='bbox 1175 5615 1333 5654; x_wconf 84' lang='lat' dir='ltr'>mors</span> <span class='ocrx_word' id='word_1_693' title='bbox 1360 5598 1678 5660; x_wconf 85' lang='lat' dir='ltr'>immatura</span> 
     </span>
    </p>
   </div>
   <div class='ocr_carea' id='block_1_104' title="bbox 82 5681 1676 5760">
    <p class='ocr_par' dir='ltr' id='par_1_104' title="bbox 82 5681 1676 5760">
     <span class='ocr_line' id='line_1_104' title="bbox 82 5681 1676 5760; baseline 0.003 -25"><span class='ocrx_word' id='word_1_694' title='bbox 82 5681 342 5745; x_wconf 81' lang='lat' dir='ltr'>possidere</span> <span class='ocrx_word' id='word_1_695' title='bbox 364 5687 698 5758; x_wconf 87' lang='lat' dir='ltr'>prohibuit:</span> <span class='ocrx_word' id='word_1_696' title='bbox 725 5688 1308 5760; x_wconf 66' lang='lat' dir='ltr'>mors,inquam,qua</span> <span class='ocrx_word' id='word_1_697' title='bbox 1340 5703 1469 5744; x_wconf 86' lang='lat' dir='ltr'>raro</span> <span class='ocrx_word' id='word_1_698' title='bbox 1499 5685 1676 5742; x_wconf 88' lang='lat' dir='ltr'>tristi-</span> 
     </span>
    </p>
   </div>
   <div class='ocr_carea' id='block_1_105' title="bbox 1792 4700 3445 4780">
    <p class='ocr_par' dir='ltr' id='par_1_105' title="bbox 1792 4700 3445 4780">
     <span class='ocr_line' id='line_1_105' title="bbox 1792 4700 3445 4780; baseline -0.005 -16"><span class='ocrx_word' id='word_1_699' title='bbox 1792 4711 1852 4764; x_wconf 90' lang='lat' dir='ltr'>in</span> <span class='ocrx_word' id='word_1_700' title='bbox 1884 4703 2442 4780; x_wconf 82' lang='lat' dir='ltr'>pontificatu,qualis</span> <span class='ocrx_word' id='word_1_701' title='bbox 2475 4708 2532 4758; x_wconf 91' lang='lat' dir='ltr'>et</span> <span class='ocrx_word' id='word_1_702' title='bbox 2562 4707 2695 4759; x_wconf 89' lang='lat' dir='ltr'>ante</span> <span class='ocrx_word' id='word_1_703' title='bbox 2726 4702 2903 4758; x_wconf 88' lang='lat' dir='ltr'>fuerit</span> <span class='ocrx_word' id='word_1_704' title='bbox 2933 4719 3049 4756; x_wconf 89' lang='lat' dir='ltr'>non</span> <span class='ocrx_word' id='word_1_705' title='bbox 3082 4700 3332 4773; x_wconf 88' lang='lat' dir='ltr'>allegare</span> <span class='ocrx_word' id='word_1_706' title='bbox 3355 4701 3445 4757; x_wconf 83' lang='lat' dir='ltr'>lit-</span> 
     </span>
    </p>
   </div>
   <div class='ocr_carea' id='block_1_106' title="bbox 1791 4790 3443 4863">
    <p class='ocr_par' dir='ltr' id='par_1_106' title="bbox 1791 4790 3443 4863">
     <span class='ocr_line' id='line_1_106' title="bbox 1791 4790 3443 4863; baseline -0.004 -10"><span class='ocrx_word' id='word_1_707' title='bbox 1791 4797 1931 4854; x_wconf 91' lang='lat' dir='ltr'>teris</span> <span class='ocrx_word' id='word_1_708' title='bbox 1987 4792 2531 4851; x_wconf 89' lang='lat' dir='ltr'>indecentissimum</span> <span class='ocrx_word' id='word_1_709' title='bbox 2581 4796 2690 4856; x_wconf 89' lang='lat' dir='ltr'>est,</span> <span class='ocrx_word' id='word_1_710' title='bbox 2724 4809 2790 4847; x_wconf 89' lang='lat' dir='ltr'>eo</span> <span class='ocrx_word' id='word_1_711' title='bbox 2839 4790 3130 4863; x_wconf 89' lang='lat' dir='ltr'>siquidem</span> <span class='ocrx_word' id='word_1_712' title='bbox 3179 4794 3443 4862; x_wconf 91' lang='lat' dir='ltr'>tempore</span> 
     </span>
    </p>
   </div>
   <div class='ocr_carea' id='block_1_107' title="bbox 1791 4879 3440 4952">
    <p class='ocr_par' dir='ltr' id='par_1_107' title="bbox 1791 4879 3440 4952">
     <span class='ocr_line' id='line_1_107' title="bbox 1791 4879 3440 4952; baseline -0.005 -10"><span class='ocrx_word' id='word_1_713' title='bbox 1791 4885 2032 4942; x_wconf 89' lang='lat' dir='ltr'>Carolus</span> <span class='ocrx_word' id='word_1_714' title='bbox 2063 4884 2209 4939; x_wconf 91' lang='lat' dir='ltr'>nulli</span> <span class='ocrx_word' id='word_1_715' title='bbox 2241 4883 2454 4938; x_wconf 91' lang='lat' dir='ltr'>virtute</span> <span class='ocrx_word' id='word_1_716' title='bbox 2486 4881 2780 4936; x_wconf 90' lang='lat' dir='ltr'>secundus</span> <span class='ocrx_word' id='word_1_717' title='bbox 2808 4879 2987 4935; x_wconf 91' lang='lat' dir='ltr'>totius</span> <span class='ocrx_word' id='word_1_718' title='bbox 3020 4879 3179 4934; x_wconf 91' lang='lat' dir='ltr'>orbis</span> <span class='ocrx_word' id='word_1_719' title='bbox 3227 4880 3440 4952; x_wconf 83' lang='lat' dir='ltr'>guber-</span> 
     </span>
    </p>
   </div>
   <div class='ocr_carea' id='block_1_108' title="bbox 1792 4967 3440 5044">
    <p class='ocr_par' dir='ltr' id='par_1_108' title="bbox 1792 4967 3440 5044">
     <span class='ocr_line' id='line_1_108' title="bbox 1792 4967 3440 5044; baseline -0.004 -13"><span class='ocrx_word' id='word_1_720' title='bbox 1792 4976 1969 5031; x_wconf 88' lang='lat' dir='ltr'>nabat</span> <span class='ocrx_word' id='word_1_721' title='bbox 1997 4973 2332 5044; x_wconf 90' lang='lat' dir='ltr'>imperium,</span> <span class='ocrx_word' id='word_1_722' title='bbox 2365 4986 2479 5042; x_wconf 88' lang='lat' dir='ltr'>quo</span> <span class='ocrx_word' id='word_1_723' title='bbox 2511 4969 2760 5041; x_wconf 89' lang='lat' dir='ltr'>hospite,</span> <span class='ocrx_word' id='word_1_724' title='bbox 2795 4967 2990 5024; x_wconf 90' lang='lat' dir='ltr'>felices</span> <span class='ocrx_word' id='word_1_725' title='bbox 3033 4968 3304 5024; x_wconf 88' lang='lat' dir='ltr'>exstitere</span> <span class='ocrx_word' id='word_1_726' title='bbox 3348 4985 3440 5024; x_wconf 91' lang='lat' dir='ltr'>res</span> 
     </span>
    </p>
   </div>
   <div class='ocr_carea' id='block_1_109' title="bbox 1790 5056 3441 5133">
    <p class='ocr_par' dir='ltr' id='par_1_109' title="bbox 1790 5056 3441 5133">
     <span class='ocr_line' id='line_1_109' title="bbox 1790 5056 3441 5133; baseline -0.004 -14"><span class='ocrx_word' id='word_1_727' title='bbox 1790 5061 2164 5133; x_wconf 89' lang='lat' dir='ltr'>mundi,quia</span> <span class='ocrx_word' id='word_1_728' title='bbox 2193 5064 2250 5115; x_wconf 92' lang='lat' dir='ltr'>et</span> <span class='ocrx_word' id='word_1_729' title='bbox 2273 5075 2370 5114; x_wconf 86' lang='lat' dir='ltr'>rex</span> <span class='ocrx_word' id='word_1_730' title='bbox 2393 5057 2937 5130; x_wconf 90' lang='lat' dir='ltr'>philosophabatur,</span> <span class='ocrx_word' id='word_1_731' title='bbox 2970 5061 3028 5112; x_wconf 90' lang='lat' dir='ltr'>et</span> <span class='ocrx_word' id='word_1_732' title='bbox 3048 5056 3441 5130; x_wconf 90' lang='lat' dir='ltr'>philosophus</span> 
     </span>
    </p>
   </div>
   <div class='ocr_carea' id='block_1_110' title="bbox 1790 5145 3437 5224">
    <p class='ocr_par' dir='ltr' id='par_1_110' title="bbox 1790 5145 3437 5224">
     <span class='ocr_line' id='line_1_110' title="bbox 1790 5145 3437 5224; baseline -0.004 -16"><span class='ocrx_word' id='word_1_733' title='bbox 1790 5152 1952 5224; x_wconf 91' lang='lat' dir='ltr'>regni</span> <span class='ocrx_word' id='word_1_734' title='bbox 1987 5149 2400 5205; x_wconf 90' lang='lat' dir='ltr'>moderabatur</span> <span class='ocrx_word' id='word_1_735' title='bbox 2429 5147 2688 5202; x_wconf 89' lang='lat' dir='ltr'>habenas</span> <span class='ocrx_word' id='word_1_736' title='bbox 2720 5163 2732 5202; x_wconf 91' lang='lat'>:</span> <span class='ocrx_word' id='word_1_737' title='bbox 2769 5163 2904 5202; x_wconf 90' lang='lat' dir='ltr'>nam</span> <span class='ocrx_word' id='word_1_738' title='bbox 2937 5145 3074 5201; x_wconf 89' lang='lat' dir='ltr'>licet</span> <span class='ocrx_word' id='word_1_739' title='bbox 3105 5145 3164 5201; x_wconf 90' lang='lat' dir='ltr'>in</span> <span class='ocrx_word' id='word_1_740' title='bbox 3190 5147 3437 5213; x_wconf 89' lang='lat' dir='ltr'>diversa,</span> 
     </span>
    </p>
   </div>
   <div class='ocr_carea' id='block_1_111' title="bbox 1789 5234 3440 5312">
    <p class='ocr_par' dir='ltr' id='par_1_111' title="bbox 1789 5234 3440 5312">
     <span class='ocr_line' id='line_1_111' title="bbox 1789 5234 3440 5312; baseline -0.004 -17"><span class='ocrx_word' id='word_1_741' title='bbox 1789 5243 1990 5312; x_wconf 91' lang='lat' dir='ltr'>utpote</span> <span class='ocrx_word' id='word_1_742' title='bbox 2020 5254 2223 5311; x_wconf 91' lang='lat' dir='ltr'>regum</span> <span class='ocrx_word' id='word_1_743' title='bbox 2255 5234 2518 5291; x_wconf 92' lang='lat' dir='ltr'>omnium</span> <span class='ocrx_word' id='word_1_744' title='bbox 2552 5235 3440 5307; x_wconf 87' lang='lat' dir='ltr'>potentissimus,extenderetur</span> 
     </span>
    </p>
   </div>
   <div class='ocr_carea' id='block_1_112' title="bbox 1787 5323 3440 5397">
    <p class='ocr_par' dir='ltr' id='par_1_112' title="bbox 1787 5323 3440 5397">
     <span class='ocr_line' id='line_1_112' title="bbox 1787 5323 3440 5397; baseline -0.004 -13"><span class='ocrx_word' id='word_1_745' title='bbox 1787 5329 2039 5395; x_wconf 89' lang='lat' dir='ltr'>animus,</span> <span class='ocrx_word' id='word_1_746' title='bbox 2073 5324 2404 5381; x_wconf 89' lang='lat' dir='ltr'>liberalium</span> <span class='ocrx_word' id='word_1_747' title='bbox 2455 5325 2668 5380; x_wconf 88' lang='lat' dir='ltr'>artium</span> <span class='ocrx_word' id='word_1_748' title='bbox 2722 5325 2938 5380; x_wconf 80' lang='lat' dir='ltr'>ferulas</span> <span class='ocrx_word' id='word_1_749' title='bbox 2970 5342 3004 5380; x_wconf 87' lang='lat' dir='ltr'>a</span> <span class='ocrx_word' id='word_1_750' title='bbox 3034 5323 3253 5397; x_wconf 89' lang='lat' dir='ltr'>palatio</span> <span class='ocrx_word' id='word_1_751' title='bbox 3295 5341 3440 5377; x_wconf 89' lang='lat' dir='ltr'>nun-</span> 
     </span>
    </p>
   </div>
   <div class='ocr_carea' id='block_1_113' title="bbox 1789 5411 3438 5490">
    <p class='ocr_par' dir='ltr' id='par_1_113' title="bbox 1789 5411 3438 5490">
     <span class='ocr_line' id='line_1_113' title="bbox 1789 5411 3438 5490; baseline -0.004 -18"><span class='ocrx_word' id='word_1_752' title='bbox 1789 5434 1964 5490; x_wconf 90' lang='lat' dir='ltr'>quam</span> <span class='ocrx_word' id='word_1_753' title='bbox 1994 5415 2214 5471; x_wconf 89' lang='lat' dir='ltr'>videret</span> <span class='ocrx_word' id='word_1_754' title='bbox 2243 5416 2465 5480; x_wconf 88' lang='lat' dir='ltr'>deesse,</span> <span class='ocrx_word' id='word_1_755' title='bbox 2492 5414 2591 5469; x_wconf 91' lang='lat' dir='ltr'>sed</span> <span class='ocrx_word' id='word_1_756' title='bbox 2622 5414 2791 5486; x_wconf 68' lang='lat' dir='ltr'>regiae</span> <span class='ocrx_word' id='word_1_757' title='bbox 2812 5413 3116 5486; x_wconf 89' lang='lat' dir='ltr'>dignitatis</span> <span class='ocrx_word' id='word_1_758' title='bbox 3138 5411 3332 5467; x_wconf 89' lang='lat' dir='ltr'>aulam</span> <span class='ocrx_word' id='word_1_759' title='bbox 3354 5415 3438 5464; x_wconf 92' lang='lat' dir='ltr'>to-</span> 
     </span>
    </p>
   </div>
   <div class='ocr_carea' id='block_1_114' title="bbox 1786 5497 3438 5576">
    <p class='ocr_par' dir='ltr' id='par_1_114' title="bbox 1786 5497 3438 5576">
     <span class='ocr_line' id='line_1_114' title="bbox 1786 5497 3438 5576; baseline -0.008 -14"><span class='ocrx_word' id='word_1_760' title='bbox 1786 5507 1904 5562; x_wconf 90' lang='lat' dir='ltr'>tius</span> <span class='ocrx_word' id='word_1_761' title='bbox 1943 5505 2240 5576; x_wconf 77' lang='lat' dir='ltr'>sapientiae</span> <span class='ocrx_word' id='word_1_762' title='bbox 2289 5502 2659 5576; x_wconf 84' lang='lat' dir='ltr'>gymnasium</span> <span class='ocrx_word' id='word_1_763' title='bbox 2711 5501 3008 5558; x_wconf 88' lang='lat' dir='ltr'>mirareris</span> <span class='ocrx_word' id='word_1_764' title='bbox 3055 5501 3320 5556; x_wconf 89' lang='lat' dir='ltr'>existere.</span> <span class='ocrx_word' id='word_1_765' title='bbox 3351 5497 3438 5550; x_wconf 91' lang='lat' dir='ltr'>Ad</span> 
     </span>
    </p>
   </div>
   <div class='ocr_carea' id='block_1_115' title="bbox 1784 5583 3437 5663">
    <p class='ocr_par' dir='ltr' id='par_1_115' title="bbox 1784 5583 3437 5663">
     <span class='ocr_line' id='line_1_115' title="bbox 1784 5583 3437 5663; baseline -0.008 -12"><span class='ocrx_word' id='word_1_766' title='bbox 1784 5596 1942 5651; x_wconf 90' lang='lat' dir='ltr'>hunc</span> <span class='ocrx_word' id='word_1_767' title='bbox 1998 5593 2190 5649; x_wconf 90' lang='lat' dir='ltr'>locum</span> <span class='ocrx_word' id='word_1_768' title='bbox 2249 5592 2468 5663; x_wconf 89' lang='lat' dir='ltr'>quique</span> <span class='ocrx_word' id='word_1_769' title='bbox 2528 5590 2775 5659; x_wconf 90' lang='lat' dir='ltr'>nobiles,</span> <span class='ocrx_word' id='word_1_770' title='bbox 2808 5595 2863 5644; x_wconf 90' lang='lat' dir='ltr'>et</span> <span class='ocrx_word' id='word_1_771' title='bbox 2905 5589 3069 5660; x_wconf 88' lang='lat' dir='ltr'>regni</span> <span class='ocrx_word' id='word_1_772' title='bbox 3123 5583 3437 5656; x_wconf 88' lang='lat' dir='ltr'>optimates</span> 
     </span>
    </p>
   </div>
   <div class='ocr_carea' id='block_1_116' title="bbox 1785 5670 3429 5753">
    <p class='ocr_par' dir='ltr' id='par_1_116' title="bbox 1785 5670 3429 5753">
     <span class='ocr_line' id='line_1_116' title="bbox 1785 5670 3429 5753; baseline -0.007 -13"><span class='ocrx_word' id='word_1_773' title='bbox 1785 5683 2046 5741; x_wconf 90' lang='lat' dir='ltr'>discendi</span> <span class='ocrx_word' id='word_1_774' title='bbox 2108 5681 2296 5753; x_wconf 88' lang='lat' dir='ltr'>gratia</span> <span class='ocrx_word' id='word_1_775' title='bbox 2353 5678 2618 5747; x_wconf 89' lang='lat' dir='ltr'>humani,</span> <span class='ocrx_word' id='word_1_776' title='bbox 2653 5683 2709 5734; x_wconf 89' lang='lat' dir='ltr'>et</span> <span class='ocrx_word' id='word_1_777' title='bbox 2757 5674 3135 5734; x_wconf 86' lang='lat' dir='ltr'>ecclesiastici</span> <span class='ocrx_word' id='word_1_778' title='bbox 3187 5670 3429 5728; x_wconf 83' lang='lat' dir='ltr'>habitus</span> 
     </span>
    </p>
   </div>
   <div class='ocr_carea' id='block_1_117' title="bbox 3341 5885 3556 5959">
    <p class='ocr_par' dir='ltr' id='par_1_117' title="bbox 3341 5885 3556 5959">
     <span class='ocr_line' id='line_1_117' title="bbox 3341 5885 3556 5959; baseline 0 -8"><span class='ocrx_word' id='word_1_779' title='bbox 3341 5885 3556 5959; x_wconf 44' lang='grc' dir='ltr'><em>,Γ</em></span> 
     </span>
    </p>
   </div>
  </div>
