3814 6218
349 368 468 433 2ὅῦ
1199 365 1536 428 APPEND.
1583 366 1686 426 AD
1730 363 1918 426 SEO.
1963 363 2042 425 X.
2075 395 2152 407 —
2182 363 2440 427 OPERA
2486 385 2882 434 AAEEIIOTIKA'.
3619 368 3732 436 256.

349 501 576 561 soboles
607 496 1146 568 destinabant,certi
1178 497 1492 570 utriusque
1514 497 1834 569 disciplina
1857 493 2078 569 dog-A.
2105 512 2232 552 mos
2260 496 2508 554 condere
2555 514 2715 554 mors
2762 497 2962 555 infelix
3011 497 3334 571 prohibuit.
3363 497 3554 556 Multa
3584 500 3735 556 deni—

352 611 449 650 ma
479 591 694 666 oppido
725 589 1028 663 refulgere.
1066 589 1219 644 Inter
1267 587 1412 643 alios
1462 587 1715 660 denique
1760 586 1996 659 superbi
2105 602 2218 657 que
2258 587 2508 658 praefatae
2553 588 2675 643 sedi
2727 588 3028 646 subtracta
3072 594 3240 645 erant
3284 590 3594 658 beneﬁcia,
3617 608 3722 662 qua

351 681 663 755 sanguinis
685 681 950 752 juvenes,
985 677 1128 733 inibi
1161 676 1587 733 exsultantibus
1631 675 1826 731 animo
1857 692 1994 730 con-
2105 673 2302 730 solerti
2335 693 2475 730 cura
2516 693 2869 748 summaque
2915 677 3220 750 vigilantia
3269 678 3567 750 regalibus
3603 696 3732 750 pre--

353 772 621 836 ﬂuentes,
654 769 854 824 aderat
884 767 1156 840 praefatus
1186 765 1272 820 vir
1301 782 1369 821 ex
1401 765 1768 824 nobilissima
1798 765 1997 820 Armo-
2105 763 2286 836 ccptis
2330 781 2396 819 ac
2445 765 2781 836 apostolicis
2830 765 3149 839 privilegiis
3202 767 3433 823 sancite
3479 784 3588 823 suo.
3623 768 3718 825 loco

351 858 538 916 ricani
581 861 802 913 tractus
850 855 1123 929 prosapia
1170 854 1485 920 derivatus,
1520 853 1842 909 [lcrifridus
1892 870 1993 908 no-
2106 852 2379 919 restituit,
2411 871 2481 907 ex
2511 853 2728 925 quibus
2759 854 3013 910 Malliaci
3048 873 3184 911 cum
3234 855 3363 910 suis
3413 856 3719 925 adjacentiis

351 949 530 1015 mine,
568 964 795 1002 morum
851 945 1158 1002 sanctitate
1215 943 1688 1015 probatissimus,
1722 942 1886 997 vultu
1941 945 1997 996 et
2105 941 2476 996 medietatem
2509 941 2675 996 altari
2709 942 2782 996 ad
2816 943 3230 999 concinnanda.
3262 942 3579 1003 luminaria
3619 962 3724 999 coa-

350 1037 784 1093 conversatione
815 1033 1132 1105 angelicas,
1167 1033 1383 1088 ardens
1409 1032 1466 1086 in
1507 1031 1782 1086 humanis
1829 1035 1994 1085 tene-
2104 1028 2257 1097 tulit,
2287 1028 2528 1084 alteram
2562 1030 2860 1086 canonicis
2892 1032 2962 1086 ad
2997 1033 3374 1088 refectionem
3421 1032 3526 1088 die
3561 1033 3718 1088 obitus

347 1127 468 1184 bris
499 1125 703 1181 divina:
731 1121 1237 1193 contemplationis
1268 1119 1682 1190 radius.llujus
1713 1122 1998 1191 patcrHe-
2105 1118 2196 1172 sui
2265 1119 2705 1190 praeparandam
2775 1121 3084 1176 concessit.
3149 1119 3514 1176 Crevennum
3577 1123 3734 1177 ctiam-

348 1197 587 1273 rifridus
617 1213 956 1269 nominatus
985 1215 1093 1276 est,
1127 1215 1314 1264 mater
1340 1227 1472 1264 vero
1505 1209 1882 1280 Hiscmberga
1909 1219 2000 1262 est
2106 1206 2299 1261 villam
2347 1212 2404 1262 et
2450 1207 2794 1264 Narciacum
2844 1226 2911 1264 ac
2961 1210 3261 1277 Novicum,
3295 1227 3437 1266 cum
3484 1211 3601 1267 suis
3640 1229 3718 1280 ap-

347 1307 705 1377 nuucupata.
739 1301 975 1358 Nobiles
1021 1316 1250 1373 genere,
1301 1297 1614 1353 nobiliores
1665 1297 1993 1352 sanctitate.
2105 1294 2388 1366 pendiciis
2464 1295 2576 1350 sibi
2644 1296 2895 1368 suisque
2962 1297 3415 1356 successoribus
3479 1304 3720 1371 perpetuo

345 1395 452 1460 Qui
482 1394 618 1449 licet
651 1393 839 1447 forent
871 1388 1168 1461 conjugati
1202 1386 1560 1455 szeculo,erat
1594 1391 1784 1441 tamen
1810 1384 1998 1440 in'ccz-
2106 1385 2392 1440 servitura
2457 1384 2560 1438 diu
2627 1385 2999 1458 multumque
3061 1386 3338 1444 laborans
3407 1387 3715 1460 impetravit.

346 1482 592 1540 lestibus
626 1480 856 1534 illorum
889 1476 1251 1532 conversatio
1277 1493 1290 1529 :
1316 1475 1413 1546 qui
1448 1475 1744 1546 praefatam
1774 1474 1995 1546 prolem
2103 1473 2383 1528 Artadum
2417 1471 2667 1545 denique
2697 1478 2752 1528 et
2785 1474 2842 1529 in
2880 1474 3194 1546 Capilliaco
3243 1491 3518 1533 mansum
3567 1491 3717 1531 unum

346 1576 544 1628 tenere
601 1570 928 1641 diligentes,
975 1563 1404 1637 Omnipotentis
1455 1568 1512 1619 et
1568 1563 1749 1618 beatae
1803 1562 1994 1618 Mariae
2104 1561 2163 1617 in
2200 1561 2506 1618 Lindriaco
2557 1561 2758 1631 alium,
2801 1567 2856 1618 ct
2904 1563 3275 1632 farinarium,
3322 1566 3479 1636 quod
3527 1570 3610 1620 est
3646 1581 3718 1619 sc-

348 1659 582 1717 scrvitio
612 1657 1002 1712 tradiderunt.
2106 1668 2210 1706 cus
2259 1668 2496 1705 murum
2549 1650 2732 1718 urbis,
2768 1652 2840 1706 ad
2891 1653 3222 1722 parandum
3274 1653 3333 1708 in
3389 1653 3484 1709 die
3530 1653 3720 1708 ordina-

419 1748 484 1802 In
515 1744 856 1802 Carnotensi
892 1743 1053 1810 urbe,
1087 1741 1240 1796 unde
1269 1745 1324 1795 et
1361 1740 1473 1812 ipsi
1523 1740 1755 1795 oriundi
1809 1745 1994 1807 erant,
2105 1738 2280 1793 tionis
2339 1755 2458 1793 sua
2515 1737 2779 1794 edulium
2849 1740 3130 1796 fratribus
3187 1742 3500 1798 concessit.
3554 1743 3718 1796 Orato-

346 1836 566 1909 ingenti
601 1832 987 1908 gratulatione
1017 1847 1152 1885 eum
1182 1833 1586 1886 tonsorantes:
1621 1830 1700 1884 ibi
1731 1829 1997 1901 aliquan-
2027 1827 2264 1928 Bripm
2297 1843 2438 1882 sane
2483 1827 2807 1883 beatissimi
2857 1828 3192 1898 Clementis,
3223 1831 3392 1902 quod
3431 1835 3519 1886 est-
3560 1831 3611 1885 in
3650 1845 3720 1884 ea-

346 1925 529 1997 tisper
554 1920 895 1978 liberalibus
925 1919 1233 1976 institutus
1263 1918 1570 1984 studiis,ut
1600 1918 1656 1972 in
1688 1936 1822 1973 eum
1844 1917 1995 1974 litte-
2027 1917 2073 1928 “’
2103 1917 2235 1972 dem
2294 1917 2457 1984 urbe,
2513 1917 2771 1972 ﬂammis
2826 1921 3107 1973 exustum
3162 1919 3528 1984 restauravit,
3583 1920 3733 1989 eique-

347 2013 486 2070 ralis
517 2011 762 2068 scientia
792 2012 1180 2074 concurreret,
1205 2008 1441 2063 domino
1474 2008 1745 2063 Gauterio
1777 2012 1990 2063 sancta)
2104 2023 2206 2077 per
2263 2004 2733 2077 deprecationem
2795 2006 3166 2074 Herimberti,
3201 2008 3300 2080 qui
3355 2009 3456 2064 his
3488 2011 3618 2080 jure-
3648 2007 3717 2062 bc-

343 2099 780 2160 Asurelianensis
819 2097 1084 2154 Ecclesiae
1133 2097 1404 2169 episcopo
1438 2096 1493 2152 id
1527 2101 1892 2168 procurante,
1927 2113 1994 2152 ex
2104 2094 2400 2150 neﬁciario
2448 2095 2738 2162 utebatur,
2773 2095 3184 2152 Chimiliacum
3227 2097 3437 2154 villam
3483 2114 3607 2153 cum
3645 2113 3718 2152 ec-

345 2193 516 2262 cujus
546 2191 908 2262 processerat
939 2186 1311 2260 progenie,ad
1337 2185 1657 2258 supradicti
1680 2185 1992 2258 imperato-
2102 2182 2280 2239 clesia
2321 2182 2507 2239 sancti
2540 2183 2801 2251 Andreae,
2837 2201 2976 2256 quae
3010 2189 3102 2240 est
3147 2185 3207 2240 in
3257 2186 3568 2259 Gurgiaco,
3592 2185 3719 2240 attri-

345 2280 427 2336 ris
454 2277 805 2334 famulatum
830 2276 1150 2332 serviturus
1173 2273 1594 2346 dirigitur.lllic
1616 2274 1784 2346 plene
1806 2273 1995 2345 Scrip-
2103 2272 2254 2339 buit,
2287 2276 2570 2344 praecepto
2629 2273 2985 2329 conﬁrmans
3041 2274 3221 2346 regio.
3283 2275 3506 2332 Eodem
3557 2280 3709 2347 pacto,

345 2374 609 2426 turarum
641 2369 1016 2439 perscrutans
1061 2363 1326 2435 paginas,
1362 2362 1606 2418 senioris
1637 2363 1731 2418 hic
1764 2362 1995 2417 inbazsit
2103 2366 2168 2416 ut
2218 2361 2372 2416 idem
2440 2360 2840 2418 Iterimbertus
2904 2361 3177 2418 Ecclesiae.
3243 2364 3364 2420 sibi
3433 2363 3712 2421 commissa

345 2457 598 2525 servitio,
633 2459 698 2511 ut
728 2469 1031 2525 nunquam
1064 2452 1136 2507 ab
1163 2452 1291 2522 ejus
1321 2450 1491 2506 vellet
1523 2451 1830 2522 praesentia
1874 2450 1993 2506 dis-
2102 2450 2484 2506 ﬁdelissimus
2530 2449 2706 2517 ﬁlius,
2740 2450 2840 2522 qui
2888 2452 3154 2507 omnium
3202 2452 3576 2510 ecclesiarum
3616 2467 3706 2508 res-

345 2547 567 2613 cedere,
601 2559 905 2614 nunquam
945 2541 1017 2595 ab
1065 2538 1478 2595 ecclesiasticis
1526 2539 1775 2612 negotiis
1824 2557 1994 2612 sepa-
2102 2539 2415 2594 taurationi
2447 2541 2579 2610 post
2626 2538 2994 2611 praelibatum
3043 2541 3384 2612 pontiﬁcem
3438 2541 3705 2603 insudarit,

347 2634 483 2691 rari.
503 2634 732 2689 Interea
758 2630 924 2686 urbis
952 2627 1477 2684 Antissiodorensis
1507 2627 1565 2682 in
1598 2645 1782 2683 unum
1816 2629 1991 2684 collo-
2102 2627 2323 2684 eisdem
2385 2629 2556 2683 rebus
2614 2628 2806 2683 adhuc
2862 2629 3058 2687 vivens
3115 2630 3431 2700 frueretur,
3482 2645 3706 2701 unusque

345 2727 475 2780 cata
501 2721 639 2778 clari
671 2724 729 2776 et
765 2719 955 2792 plebis
1001 2717 1288 2790 congerie,
1322 2718 1394 2773 de
1445 2716 1712 2789 eligendo
1764 2722 1996 2788 pastore
2102 2721 2234 2789 post
2292 2715 2482 2786 illum,
2541 2733 2715 2788 quem
2783 2716 3043 2788 eligeret,
3106 2719 3496 2792 propinquus;
3551 2718 3710 2789 sicque

349 2811 661 2869 consilium
693 2808 993 2882 quaeritur,
1027 2811 1202 2878 atque
1228 2807 1300 2861 ad
1327 2807 1498 2879 regis:
1547 2807 1992 2879 magniﬁcentiae
2102 2805 2432 2862 necessaria
2497 2805 2734 2877 praefato
2791 2805 3314 2863 subministrarent
3372 2808 3624 2873 oratorio,
3664 2811 3707 2861 et

350 2918 520 2958 aures
551 2898 795 2954 nuntius
823 2896 1042 2969 percito
1075 2894 1347 2968 dirigitur
1381 2911 1392 2949 :
1432 2911 1536 2951 nec
1570 2913 1734 2951 mora
1763 2913 1860 2951 rex
1890 2914 1993 2951 au~
2101 2895 2194 2951 die
2220 2893 2550 2950 festivitatis
2581 2895 2768 2950 sancti
2792 2893 3106 2950 Clementis
3129 2897 3416 2970 martyris
3431 2912 3710 2970 congruum

346 2989 465 3046 dite
495 2986 774 3044 antistitis
804 2984 987 3051 obitu,
1020 2983 1180 3040 omni
1219 2983 1558 3055 cupiditatis
1583 2985 1786 3040 ardore
1816 2986 1992 3056 depo-
2103 2982 2398 3041 canonicis
2434 2982 2833 3054 impertirent
2898 2987 3155 3054 pastum,
3217 2990 3513 3056 quatenus
3563 2983 3713 3056 ipsius

347 3075 682 3147 sito,divina
708 3073 1118 3146 perordinante
1149 3071 1456 3128 clementia
1484 3073 1724 3129 consilio
1747 3072 1889 3129 aulae
1913 3091 1996 3130 re-
2103 3073 2258 3144 apud
2300 3071 2486 3130 Deum
2535 3071 3004 3142 omnipotentem-
3046 3071 3398 3141 intenventu,
3433 3073 3522 3130 cui
3567 3087 3708 3143 auge.

350 3167 456 3240 ῥῶ
482 3160 1280 3237 procerum,acclamantibus
1305 3161 1800 3230 cunctis,domino
1832 3162 1994 3218 Heri-
2032 3230 2067 3240 Α
2107 3160 2238 3216 licis
2267 3159 2442 3215 etiam
2477 3159 2753 3215 manibus
2781 3159 2840 3214 in
2871 3159 3020 3216 mari
3047 3165 3376 3233 prmparatn
3405 3166 3493 3218 est
3519 3161 3708 3223 domus,

348 3230 675 3311 f’redo-cum
714 3267 945 3306 summa
985 3250 1303 3306 reverentia
1353 3250 1708 3306 nominando
1743 3255 1998 3323 pastora-
2025 3230 2068 3296 (ἶ
2107 3248 2424 3304 criminum
2455 3248 2729 3304 ﬂuctibus
2758 3251 3228 3305 exoneratam-ad
3267 3255 3497 3308 tet-eruas
3539 3247 3728 3321 quietis:

348 3344 462 3400 lem
495 3341 717 3398 confert
747 3339 1236 3412 baculum,atque
1265 3341 1337 3396 ad
1369 3340 1761 3396 Senonensem
1790 3341 1994 3396 urbem
2105 3342 2340 3411 portum
2373 3355 2494 3395 suae
2523 3337 2757 3393 virtutis
2805 3338 3060 3394 anchora
3107 3337 3522 3407 introduceret,
3551 3344 3606 3395 et
3622 3335 3709 3392 cle-

349 3431 548 3504 dirigit
574 3429 988 3486 ordinandum.
1025 3430 1206 3494 Quem
1239 3427 1643 3484 divinissimus
1686 3428 1998 3500 archipon-
2106 3427 2340 3482 mentite
2369 3443 2489 3481 sua:
2520 3426 2654 3481 sinu
2677 3427 2905 3499 jugiter
2937 3427 3290 3484 confoveret.
3320 3429 3502 3502 quue
3529 3422 3710 3484 domini

346 3521 488 3578 tifex
517 3519 828 3576 Gauterius
860 3535 994 3574 cum
1027 3534 1259 3574 summo
1289 3517 1508 3573 honore
1535 3517 1827 3590 excipiens
1859 3535 1998 3573 con-
2107 3514 2365 3572 Gauterii
2395 3515 2884 3584 archimandritas,
2921 3533 3156 3589 suaeque
3199 3516 3522 3580 dimcescos
3562 3515 3712 3589 ponti-

347 3628 536 3667 scnsu-
570 3609 706 3665 cleri
754 3612 811 3664 et
859 3606 1046 3680 plebis
1093 3606 1233 3662 illuc
1278 3607 1457 3678 hujus
1501 3606 1583 3660 rei
1631 3607 1821 3678 gratia
1867 3623 2000 3662 con-
2107 3605 2285 3660 ficum
2330 3603 2674 3659 auctoritate
2721 3602 2781 3658 in
2831 3607 3186 3676 perpetuum.
3227 3606 3497 3664 durabile
3539 3602 3741 3682 sanxit.

349 3697 604 3763 fluentis,
664 3696 978 3752 festivitate
1042 3695 1230 3750 sancti
1297 3693 1562 3760 Joannis,
1625 3711 1742 3765 qua
1810 3695 1999 3766 capite
2107 3693 2169 3750 In
2199 3691 2439 3747 Arbrico
2473 3709 2707 3764 quoque
2738 3708 2947 3747 mansa
2994 3696 3265 3764 quatuor,
3301 3693 3472 3751 altari
3501 3691 3710 3750 ecclesia

349 3783 954 3857 praeciso-cmlestibus
987 3786 1077 3838 est
1106 3783 1440 3838 insinuatus
1485 3782 1779 3849 sacrariis,
1810 3783 1865 3836 in
1899 3783 1996 3838 Ni-
2109 3782 2167 3837 S.
2202 3780 2506 3853 Stephani,
2556 3781 2615 3836 in
2683 3780 2994 3836 archiclavi
3061 3782 3322 3839 dominio
3391 3779 3708 3847 condonavit,

349 3872 500 3944 gello
530 3871 794 3928 cmnobio
835 3869 1144 3934 ordinavit,
1176 3874 1233 3924 et
1281 3887 1416 3925 cum
1463 3887 1699 3925 summa
1743 3870 1998 3926 exsulta-
2109 3872 2168 3925 in
2201 3870 2484 3926 Senonico
2515 3869 2694 3926 etiam
2726 3887 2875 3942 pago
2919 3875 2984 3926 et.
3023 3872 3316 3927 comitatu.
3350 3873 3504 3944 apud
3546 3871 3711 3927 Noem-

349 3961 508 4017 tione
557 3960 614 4014 in
669 3959 821 4014 hanc
875 3959 1073 4014 sedem
1132 3957 1560 4012 inthronizavit.
1596 3958 1704 4013 Ubi
1750 3959 2001 4030 qualiter
2109 3957 2255 4014 lium
2283 3957 2480 4012 villam
2532 3975 2714 4030 supra
2763 3958 3005 4014 ﬂuvium
3054 3959 3324 4016 Ichauna
3371 3955 3709 4018 mansa-vide-

347 4048 574 4116 vixerit,
609 4051 670 4102 et
697 4063 875 4118 quam
905 4045 1163 4101 nobilem
1199 4062 1264 4101 se
1292 4063 1678 4119 normamque
1717 4048 2010 4102 virtutum,
2107 4046 2240 4103 licet
2265 4063 2453 4114 xxxvr,
2485 4050 2544 4102 et
2571 4047 2804 4102 tertiam
2844 4051 3068 4118 partem
3120 4049 3339 4114 mansi,
3366 4049 3521 4122 quod
3564 4061 3707 4119 quan-

351 4137 626 4194 omnibus
658 4135 992 4208 praebuerit,
1024 4133 1157 4206 plus
1211 4139 1549 4207 supersunt,
1584 4135 1685 4207 qui
1722 4136 1844 4190 hinc
1871 4135 2001 4192 luce
2110 4135 2245 4190 dam
2279 4135 2390 4189 fuit
2417 4134 2766 4191 beneﬁcium
2814 4134 3131 4208 Aganonisi
3162 4151 3299 4192 cum
3347 4135 3614 4194 alodio-in
3635 4133 3730 4188 Po.“

352 4224 565 4280 clarius
597 4227 812 4280 norunt
841 4239 854 4276 :
889 4226 946 4278 et
977 4221 1254 4294 quoniam
1279 4221 1466 4278 hostis
1497 4222 1736 4278 humani
1772 4223 2000 4296 generis
2110 4223 2302 4279 merio‘
2322 4222 2459 4279 villa
2491 4223 2956 4296 supraﬂuvium
2993 4225 3209 4293 Orose,
3243 4227 3402 4298 quod
3432 4220 3708 4294 πωςιείω

351 4312 630 4368 adversus
653 4312 852 4382 justos
883 4307 1139 4382 ampli-us
1186 4309 1410 4365 fraudis
1461 4327 1578 4364 suae
1610 4310 1849 4384 pervigil
1880 4315 2003 4366 ten-
2109 4316 2310 4370 sancto
2341 4311 2636 4383 Stephano
2676 4312 2838 4367 dedit
2885 4313 2957 4369 ad
3007 4315 3462 4372 restaurandam
3501 4307 3716 4370 ecclesia

351 4401 441 4457 dit
470 4399 855 4474 muscipulas,
888 4399 1118 4455 diversa
1148 4400 1284 4455 huic
1316 4400 1436 4456 viro
1467 4401 1785 4472 apostolico
1814 4400 2000 4475 inges-
2107 4400 2296 4473 ipsius
2326 4400 2602 4468 martyris
2635 4399 2918 4456 fabricam
2965 4401 3026 4456 in
3070 4401 3414 4458 ministerio:
3447 4394 3706 4458 amhiciavi

353 4490 429 4546 sit
458 4489 802 4554 tentamina,
836 4493 901 4545 ut
929 4507 964 4544 a
991 4488 1254 4545 veritatis
1293 4488 1527 4545 tramite
1573 4490 1998 4547 exorbitantem
2109 4489 2374 4558 contulit,
2407 4506 2473 4545 eo
2503 4493 2701 4544 tamen
2731 4492 2955 4558 tenore,
2987 4494 3054 4546 ut
3081 4495 3142 4546 et
3168 4489 3374 4547 villam.
3399 4497 3461 4548 et
3497 4486 3706 4546 alodium

355 4580 426 4635 ad
460 4597 566 4635 sua
597 4579 748 4634 male
777 4579 1035 4634 suadens
1059 4582 1307 4634 verteret
1335 4577 1597 4634 consilia.
1622 4579 1767 4634 Nam
1799 4578 2001 4635 civitas
2032 4593 2078 4657 ι)
2103 4579 2439 4652 Ῑαωίόίοῐιιε
2451 4577 2785 4651 Wulfagius
2804 4595 2871 4634 ac
2889 4578 3045 4635 filius
3061 4576 3710 4650 ejusAnseisustencanl'.

355 4666 668 4738 improvise
701 4667 957 4722 ﬂammis
983 4669 1164 4732 exsta,
1188 4666 1422 4739 penitus
1451 4682 1620 4722 versa
1647 4671 1734 4722 est
1763 4667 1821 4722 in
1853 4668 2004 4723 cine-
2112 4672 2169 4724 et
2196 4668 2258 4723 in
2289 4684 2468 4724 censu
2497 4685 2590 4736 xv,
2623 4666 2843 4724 solidos
2883 4667 3212 4724 archiclavo.
3253 4669 3596 4739 persolvunt.
3619 4659 3710 4717 Illis

357 4771 451 4811 res
482 4759 712 4810 tantum
741 4759 800 4810 et
829 4756 1060 4811 rudera.
2111 4773 2244 4812 vero
2277 4755 2542 4825 mortuis,
2569 4755 2786 4812 eisdem
2826 4772 2930 4812 res.
2967 4755 3028 4811 in
3060 4755 3484 4816 ministerium.
3519 4749 3718 4810 redeant

429 4842 534 4898 His
582 4841 697 4898 ista
742 4843 943 4916 gestis,
976 4842 1190 4898 charus
1242 4841 1464 4899 domini
1522 4842 1844 4900 Hcrifridus
1894 4844 2006 4900 hoc
2115 4844 2442 4901 archiclavi.
2477 4845 2790 4900 Innumcra
2819 4843 3036 4917 quippe
3071 4849 3214 4902 sunt
3259 4843 3576 4902 sanctitatis
3615 4838 3732 4908 ejlﬁ'

359 4929 556 4987 animo
583 4930 811 4986 induxit
852 4948 978 4998 suo,
1013 4948 1317 5004 nunquam
1368 4930 1481 4987 sibi
1531 4931 1766 5004 aliquod
1819 4933 2005 4999 factu-
2112 4933 2773 5007 insignia,qumpenitus
2791 4934 3016 4990 narrari
3035 4927 3712 5007 carnalislinguaminime

360 5035 492 5075 rum
525 5019 584 5073 in
619 5019 759 5074 urbe
787 5019 1211 5088 habitaculum,
1245 5021 1430 5076 donec
1479 5021 1632 5076 aedes
1680 5021 1774 5077 Dei
1824 5021 2009 5077 eccle-
2116 5022 2388 5078 sufﬁciet.
2421 5023 2589 5077 Nunc
2618 5021 2912 5094 siquidem
2943 5022 3179 5079 beatum
3215 5023 3507 5080 virum'do
3521 5015 3714 5074 Christo

363 5107 470 5174 sia,
503 5106 724 5162 scilicet
752 5108 930 5163 beatae
963 5125 1193 5181 semper
1220 5108 1464 5181 virginis
1500 5109 1694 5164 Mariae
1726 5127 1791 5166 ac
1823 5110 2010 5166 sancti
2109 5111 2332 5184 jugiter
2364 5111 2759 5167 ruminantcm
2790 5111 3071 5185 aegritudo
3101 5111 3426 5185 podagricae
3469 5100 3712 5183 passioﬁitl

361 5196 627 5262 Joannis,
660 5195 956 5268 simulque
983 5197 1154 5270 primi
1187 5198 1456 5270 martyris
1489 5199 1766 5271 Stephani
1801 5200 1858 5254 in
1891 5200 2007 5272 pri-
2118 5199 2315 5257 subito
2349 5199 2580 5266 invasit,
2613 5199 2893 5272 chiragraa
2941 5200 3126 5255 etiam
3161 5217 3230 5256 ac
3259 5200 3520 5256 omnium
3551 5196 3602 5251 in
3624 5203 3718 5245 θον-

364 5283 586 5341 stinum
628 5285 1028 5359 redigerentur
1077 5290 1316 5342 statum.
1351 5287 1505 5352 Quas
1553 5305 1728 5360 parvo
1780 5294 2012 5345 conten-
2119 5305 2258 5362 pore
2288 5292 2522 5344 artuum
2563 5287 2809 5362 languor
2855 5289 3083 5362 ingens,
3118 5306 3239 5361 qua
3263 5288 3364 5346 diu
3395 5286 3719 5350 multauiun

363 5378 462 5432 tus
511 5373 802 5447 tuguriolo
852 5391 985 5430 mox
1033 5375 1379 5431 remdificare
1427 5377 1619 5449 coepit,
1653 5381 1716 5433 et.
1746 5377 2012 5434 funditus
2119 5381 2392 5451 gravatus
2423 5380 2514 5433 est
2541 5375 2808 5434 molestia
2840 5394 2852 5433 :
2887 5378 2987 5434 sed
3021 5382 3216 5435 tamen
3249 5379 3481 5436 animus
3507 5392 3540 5431 a
3562 5367 3738 5429 divin

363 5480 464 5520 eas
493 5480 666 5536 opere
695 5463 943 5518 mirifico
976 5464 1292 5519 exornavit.
1326 5465 1388 5519 In
1431 5465 1770 5537 hujusmodi
1817 5467 2012 5523 studio
2122 5465 2498 5522 meditatione
2528 5483 2836 5538 nunquam
2866 5467 3110 5522 vacabat
3134 5467 3314 5526 beatas
3348 5451 3719 5538 sempenvilﬁi‘

366 5569 557 5626 usque
584 5553 654 5607 ad
688 5552 814 5607 vita:
844 5551 1163 5607 terminum
1210 5551 1554 5623 permansit,
1587 5551 1786 5624 sicque
1833 5553 2015 5610 ecclc-
2124 5554 2218 5610 nis
2232 5553 2426 5610 Mariae
2449 5572 2517 5611 ac
2538 5556 2723 5612 sancti
2741 5555 2985 5612 Joannis
3000 5555 3314 5612 Dominicis
3345 5541 3736 5612 Incamstionis-

365 5639 474 5698 siis
502 5641 773 5699 nobiliter
804 5639 1128 5708 restructis,
1162 5643 1599 5698 antecessorum
1640 5659 1884 5698 suorum
1914 5643 2014 5700 do-
2125 5643 2340 5718 przevii,
2383 5661 2610 5702 necnon
2657 5645 2834 5702 etiam
2881 5645 3110 5702 domini
3151 5629 3718 5718 Stephani-ww
