  <div class='ocr_page' id='page_1' title='image "/cluster/home/n/w/nwhite01/storage/ocr_20150623/138/uva.x000829786/136.png"; bbox 0 0 3814 6218; ppageno 0'>
   <div class='ocr_carea' id='block_1_1' title="bbox 45 336 153 397">
    <p class='ocr_par' dir='ltr' id='par_1_1' title="bbox 45 336 153 397">
     <span class='ocr_line' id='line_1_1' title="bbox 45 336 153 397; baseline -0.046 0"><span class='ocrx_word' id='word_1_1' title='bbox 45 336 153 397; x_wconf 66' lang='grc'><strong>28⁸7</strong></span> 
     </span>
    </p>
   </div>
   <div class='ocr_carea' id='block_1_2' title="bbox 922 330 2554 402">
    <p class='ocr_par' dir='ltr' id='par_1_2' title="bbox 922 330 2554 402">
     <span class='ocr_line' id='line_1_2' title="bbox 922 330 2554 402; baseline 0.002 -8"><span class='ocrx_word' id='word_1_2' title='bbox 922 332 1026 394; x_wconf 83' lang='grc' dir='ltr'><strong>ΒΕ</strong></span> <span class='ocrx_word' id='word_1_3' title='bbox 1071 330 1349 396; x_wconf 82' lang='lat' dir='ltr'><strong>GESTIS</strong></span> <span class='ocrx_word' id='word_1_4' title='bbox 1387 331 1640 396; x_wconf 75' lang='lat' dir='ltr'><strong>&quot;EPISC.</strong></span> <span class='ocrx_word' id='word_1_5' title='bbox 1685 333 2122 398; x_wconf 82' lang='lat' dir='ltr'><strong>ANTISSIOD.</strong></span> <span class='ocrx_word' id='word_1_6' title='bbox 2155 369 2235 382; x_wconf 89' lang='lat'>—</span> <span class='ocrx_word' id='word_1_7' title='bbox 2261 337 2460 402; x_wconf 77' lang='lat' dir='ltr'><strong>PARS</strong></span> <span class='ocrx_word' id='word_1_8' title='bbox 2497 339 2554 401; x_wconf 81' lang='lat'><strong>1.</strong></span> 
     </span>
    </p>
   </div>
   <div class='ocr_carea' id='block_1_3' title="bbox 3307 343 3448 405">
    <p class='ocr_par' dir='ltr' id='par_1_3' title="bbox 3307 343 3448 405">
     <span class='ocr_line' id='line_1_3' title="bbox 3307 343 3448 405; baseline -0.014 -1"><span class='ocrx_word' id='word_1_9' title='bbox 3307 343 3448 405; x_wconf 63' lang='grc' dir='ltr'><strong>ςεδε</strong></span> 
     </span>
    </p>
   </div>
   <div class='ocr_carea' id='block_1_4' title="bbox 41 463 3451 543">
    <p class='ocr_par' dir='ltr' id='par_1_4' title="bbox 41 463 3451 543">
     <span class='ocr_line' id='line_1_4' title="bbox 41 463 3451 543; baseline 0.002 -20"><span class='ocrx_word' id='word_1_10' title='bbox 41 464 250 538; x_wconf 79' lang='lat' dir='ltr'><strong>jugiter</strong></span> <span class='ocrx_word' id='word_1_11' title='bbox 271 480 342 524; x_wconf 74' lang='lat' dir='ltr'><strong>se</strong></span> <span class='ocrx_word' id='word_1_12' title='bbox 375 463 724 536; x_wconf 59' lang='lat' dir='ltr'><strong>efﬂagitans</strong></span> <span class='ocrx_word' id='word_1_13' title='bbox 769 463 1028 522; x_wconf 75' lang='lat' dir='ltr'><strong>relevari.</strong></span> <span class='ocrx_word' id='word_1_14' title='bbox 1055 464 1324 532; x_wconf 78' lang='lat' dir='ltr'><strong>Quadam</strong></span> <span class='ocrx_word' id='word_1_15' title='bbox 1357 469 1550 522; x_wconf 86' lang='lat' dir='ltr'><strong>autem</strong></span> <span class='ocrx_word' id='word_1_16' title='bbox 1581 466 1686 523; x_wconf 87' lang='lat' dir='ltr'><strong>die</strong></span> <span class='ocrx_word' id='word_1_17' title='bbox 1709 467 2036 540; x_wconf 64' lang='lat' dir='ltr'><strong>Acorpare</strong></span> <span class='ocrx_word' id='word_1_18' title='bbox 2063 470 2272 540; x_wconf 87' lang='lat' dir='ltr'><strong>sensit,</strong></span> <span class='ocrx_word' id='word_1_19' title='bbox 2305 486 2422 542; x_wconf 90' lang='lat' dir='ltr'><strong>qua</strong></span> <span class='ocrx_word' id='word_1_20' title='bbox 2451 471 2795 542; x_wconf 65' lang='lat' dir='ltr'><strong>aegritudine</strong></span> <span class='ocrx_word' id='word_1_21' title='bbox 2817 488 3138 543; x_wconf 81' lang='lat' dir='ltr'><strong>percussus</strong></span> <span class='ocrx_word' id='word_1_22' title='bbox 3157 473 3228 529; x_wconf 86' lang='lat' dir='ltr'><strong>ad</strong></span> <span class='ocrx_word' id='word_1_23' title='bbox 3247 473 3451 530; x_wconf 87' lang='lat' dir='ltr'><strong>sancti</strong></span> 
     </span>
    </p>
   </div>
   <div class='ocr_carea' id='block_1_5' title="bbox 48 553 1686 627">
    <p class='ocr_par' dir='ltr' id='par_1_5' title="bbox 48 553 1686 627">
     <span class='ocr_line' id='line_1_5' title="bbox 48 553 1686 627; baseline 0 -17"><span class='ocrx_word' id='word_1_24' title='bbox 48 553 431 610; x_wconf 85' lang='lat' dir='ltr'><strong>validissimus</strong></span> <span class='ocrx_word' id='word_1_25' title='bbox 465 559 660 612; x_wconf 89' lang='lat' dir='ltr'><strong>tumor</strong></span> <span class='ocrx_word' id='word_1_26' title='bbox 679 554 926 625; x_wconf 85' lang='lat' dir='ltr'><strong>pedibus</strong></span> <span class='ocrx_word' id='word_1_27' title='bbox 957 554 1086 626; x_wconf 91' lang='lat' dir='ltr'><strong>ejus</strong></span> <span class='ocrx_word' id='word_1_28' title='bbox 1107 569 1236 611; x_wconf 88' lang='lat' dir='ltr'><strong>sese</strong></span> <span class='ocrx_word' id='word_1_29' title='bbox 1255 554 1522 627; x_wconf 80' lang='lat' dir='ltr'><strong>ingessit,</strong></span> <span class='ocrx_word' id='word_1_30' title='bbox 1543 556 1686 610; x_wconf 85' lang='lat' dir='ltr'><strong>adeo</strong></span> 
     </span>
    </p>
   </div>
   <div class='ocr_carea' id='block_1_6' title="bbox 49 642 1690 715">
    <p class='ocr_par' dir='ltr' id='par_1_6' title="bbox 49 642 1690 715">
     <span class='ocr_line' id='line_1_6' title="bbox 49 642 1690 715; baseline 0 -17"><span class='ocrx_word' id='word_1_31' title='bbox 49 647 101 698; x_wconf 89' lang='lat' dir='ltr'><strong>ut</strong></span> <span class='ocrx_word' id='word_1_32' title='bbox 124 642 385 715; x_wconf 76' lang='lat' dir='ltr'><strong>sapiendi</strong></span> <span class='ocrx_word' id='word_1_33' title='bbox 407 658 476 698; x_wconf 90' lang='lat' dir='ltr'><strong>ac</strong></span> <span class='ocrx_word' id='word_1_34' title='bbox 507 642 821 702; x_wconf 76' lang='lat' dir='ltr'><strong>mandandi</strong></span> <span class='ocrx_word' id='word_1_35' title='bbox 846 643 1183 700; x_wconf 69' lang='lat' dir='ltr'><strong>facultatem</strong></span> <span class='ocrx_word' id='word_1_36' title='bbox 1204 643 1263 697; x_wconf 85' lang='lat' dir='ltr'><strong>ei</strong></span> <span class='ocrx_word' id='word_1_37' title='bbox 1285 644 1521 715; x_wconf 78' lang='lat' dir='ltr'><strong>penitus</strong></span> <span class='ocrx_word' id='word_1_38' title='bbox 1541 645 1690 698; x_wconf 86' lang='lat' dir='ltr'><strong>vcla-</strong></span> 
     </span>
    </p>
   </div>
   <div class='ocr_carea' id='block_1_7' title="bbox 47 730 1687 802">
    <p class='ocr_par' dir='ltr' id='par_1_7' title="bbox 47 730 1687 802">
     <span class='ocr_line' id='line_1_7' title="bbox 47 730 1687 802; baseline 0 -16"><span class='ocrx_word' id='word_1_39' title='bbox 47 737 154 786; x_wconf 82' lang='lat' dir='ltr'><strong>rst:</strong></span> <span class='ocrx_word' id='word_1_40' title='bbox 176 735 299 786; x_wconf 81' lang='lat' dir='ltr'><strong>tum</strong></span> <span class='ocrx_word' id='word_1_41' title='bbox 324 731 520 802; x_wconf 60' lang='lat' dir='ltr'><strong>subito</strong></span> <span class='ocrx_word' id='word_1_42' title='bbox 543 731 754 787; x_wconf 76' lang='lat' dir='ltr'><strong>corvus</strong></span> <span class='ocrx_word' id='word_1_43' title='bbox 773 730 898 788; x_wconf 79' lang='lat' dir='ltr'><strong>ales</strong></span> <span class='ocrx_word' id='word_1_44' title='bbox 917 731 1266 790; x_wconf 83' lang='lat' dir='ltr'><strong>cadaverum</strong></span> <span class='ocrx_word' id='word_1_45' title='bbox 1285 731 1480 788; x_wconf 78' lang='lat' dir='ltr'><strong>amica</strong></span> <span class='ocrx_word' id='word_1_46' title='bbox 1506 731 1687 786; x_wconf 84' lang='lat' dir='ltr'><strong>oblita</strong></span> 
     </span>
    </p>
   </div>
   <div class='ocr_carea' id='block_1_8' title="bbox 43 819 1686 892">
    <p class='ocr_par' dir='ltr' id='par_1_8' title="bbox 43 819 1686 892">
     <span class='ocr_line' id='line_1_8' title="bbox 43 819 1686 892; baseline 0.001 -18"><span class='ocrx_word' id='word_1_47' title='bbox 43 819 270 892; x_wconf 73' lang='lat' dir='ltr'><strong>propriae</strong></span> <span class='ocrx_word' id='word_1_48' title='bbox 305 825 525 880; x_wconf 64' lang='lat' dir='ltr'><strong>naturis</strong></span> <span class='ocrx_word' id='word_1_49' title='bbox 553 823 779 891; x_wconf 87' lang='lat' dir='ltr'><strong>partem</strong></span> <span class='ocrx_word' id='word_1_50' title='bbox 801 819 1146 891; x_wconf 84' lang='lat' dir='ltr'><strong>stanni,qua</strong></span> <span class='ocrx_word' id='word_1_51' title='bbox 1177 820 1365 878; x_wconf 80' lang='lat' dir='ltr'><strong>fuerat</strong></span> <span class='ocrx_word' id='word_1_52' title='bbox 1385 819 1686 875; x_wconf 79' lang='lat' dir='ltr'><strong>cochleare</strong></span> 
     </span>
    </p>
   </div>
   <div class='ocr_carea' id='block_1_9' title="bbox 44 908 1689 981">
    <p class='ocr_par' dir='ltr' id='par_1_9' title="bbox 44 908 1689 981">
     <span class='ocr_line' id='line_1_9' title="bbox 44 908 1689 981; baseline -0.001 -16"><span class='ocrx_word' id='word_1_53' title='bbox 44 913 384 980; x_wconf 70' lang='lat' dir='ltr'><strong>coopertum,</strong></span> <span class='ocrx_word' id='word_1_54' title='bbox 418 925 518 964; x_wconf 82' lang='lat' dir='ltr'><strong>ore</strong></span> <span class='ocrx_word' id='word_1_55' title='bbox 549 908 754 980; x_wconf 87' lang='lat' dir='ltr'><strong>patulo</strong></span> <span class='ocrx_word' id='word_1_56' title='bbox 785 908 1057 981; x_wconf 80' lang='lat' dir='ltr'><strong>arripuit,</strong></span> <span class='ocrx_word' id='word_1_57' title='bbox 1078 912 1137 964; x_wconf 91' lang='lat' dir='ltr'><strong>et</strong></span> <span class='ocrx_word' id='word_1_58' title='bbox 1165 912 1298 964; x_wconf 88' lang='lat' dir='ltr'><strong>ante</strong></span> <span class='ocrx_word' id='word_1_59' title='bbox 1329 908 1585 980; x_wconf 86' lang='lat' dir='ltr'><strong>episcopi</strong></span> <span class='ocrx_word' id='word_1_60' title='bbox 1613 908 1689 963; x_wconf 88' lang='lat' dir='ltr'><strong>fe-</strong></span> 
     </span>
    </p>
   </div>
   <div class='ocr_carea' id='block_1_10' title="bbox 47 995 1687 1069">
    <p class='ocr_par' dir='ltr' id='par_1_10' title="bbox 47 995 1687 1069">
     <span class='ocr_line' id='line_1_10' title="bbox 47 995 1687 1069; baseline -0.002 -16"><span class='ocrx_word' id='word_1_61' title='bbox 47 1005 288 1054; x_wconf 78' lang='lat' dir='ltr'><strong>nestram</strong></span> <span class='ocrx_word' id='word_1_62' title='bbox 307 999 477 1068; x_wconf 72' lang='lat' dir='ltr'><strong>juxta</strong></span> <span class='ocrx_word' id='word_1_63' title='bbox 497 1014 675 1069; x_wconf 84' lang='lat' dir='ltr'><strong>quam</strong></span> <span class='ocrx_word' id='word_1_64' title='bbox 699 997 1021 1064; x_wconf 79' lang='lat' dir='ltr'><strong>cubitabat,</strong></span> <span class='ocrx_word' id='word_1_65' title='bbox 1037 998 1314 1068; x_wconf 88' lang='lat' dir='ltr'><strong>projecit:</strong></span> <span class='ocrx_word' id='word_1_66' title='bbox 1340 1013 1468 1068; x_wconf 70' lang='lat' dir='ltr'><strong>quae</strong></span> <span class='ocrx_word' id='word_1_67' title='bbox 1491 995 1687 1052; x_wconf 90' lang='lat' dir='ltr'><strong>stanni</strong></span> 
     </span>
    </p>
   </div>
   <div class='ocr_carea' id='block_1_11' title="bbox 50 1085 1690 1158">
    <p class='ocr_par' dir='ltr' id='par_1_11' title="bbox 50 1085 1690 1158">
     <span class='ocr_line' id='line_1_11' title="bbox 50 1085 1690 1158; baseline -0.002 -13"><span class='ocrx_word' id='word_1_68' title='bbox 50 1086 318 1158; x_wconf 79' lang='lat' dir='ltr'><strong>particula</strong></span> <span class='ocrx_word' id='word_1_69' title='bbox 351 1091 488 1142; x_wconf 69' lang='lat' dir='ltr'><strong>ante</strong></span> <span class='ocrx_word' id='word_1_70' title='bbox 522 1085 831 1158; x_wconf 70' lang='lat' dir='ltr'><strong>prasulem</strong></span> <span class='ocrx_word' id='word_1_71' title='bbox 862 1085 1042 1141; x_wconf 85' lang='lat' dir='ltr'><strong>allata</strong></span> <span class='ocrx_word' id='word_1_72' title='bbox 1068 1089 1176 1151; x_wconf 88' lang='lat' dir='ltr'><strong>est,</strong></span> <span class='ocrx_word' id='word_1_73' title='bbox 1209 1103 1387 1158; x_wconf 87' lang='lat' dir='ltr'><strong>quam</strong></span> <span class='ocrx_word' id='word_1_74' title='bbox 1433 1085 1690 1157; x_wconf 79' lang='lat' dir='ltr'><strong>pontifex</strong></span> 
     </span>
    </p>
   </div>
   <div class='ocr_carea' id='block_1_12' title="bbox 43 1173 1688 1247">
    <p class='ocr_par' dir='ltr' id='par_1_12' title="bbox 43 1173 1688 1247">
     <span class='ocr_line' id='line_1_12' title="bbox 43 1173 1688 1247; baseline -0.002 -16"><span class='ocrx_word' id='word_1_75' title='bbox 43 1176 340 1247; x_wconf 72' lang='lat' dir='ltr'><strong>arripiens,</strong></span> <span class='ocrx_word' id='word_1_76' title='bbox 372 1176 637 1233; x_wconf 78' lang='lat' dir='ltr'><strong>invocato</strong></span> <span class='ocrx_word' id='word_1_77' title='bbox 685 1173 919 1232; x_wconf 85' lang='lat' dir='ltr'><strong>Domini</strong></span> <span class='ocrx_word' id='word_1_78' title='bbox 970 1174 1230 1239; x_wconf 87' lang='lat' dir='ltr'><strong>nomine,</strong></span> <span class='ocrx_word' id='word_1_79' title='bbox 1260 1174 1565 1245; x_wconf 88' lang='lat' dir='ltr'><strong>ﬁdensque</strong></span> <span class='ocrx_word' id='word_1_80' title='bbox 1623 1190 1688 1230; x_wconf 89' lang='lat' dir='ltr'><strong>se</strong></span> 
     </span>
    </p>
   </div>
   <div class='ocr_carea' id='block_1_13' title="bbox 47 1263 1687 1335">
    <p class='ocr_par' dir='ltr' id='par_1_13' title="bbox 47 1263 1687 1335">
     <span class='ocr_line' id='line_1_13' title="bbox 47 1263 1687 1335; baseline -0.001 -16"><span class='ocrx_word' id='word_1_81' title='bbox 47 1265 261 1320; x_wconf 11' lang='lat' dir='ltr'><strong>emeritis</strong></span> <span class='ocrx_word' id='word_1_82' title='bbox 287 1264 478 1324; x_wconf 77' lang='lat' dir='ltr'><strong>sancti</strong></span> <span class='ocrx_word' id='word_1_83' title='bbox 495 1263 783 1335; x_wconf 79' lang='lat' dir='ltr'><strong>Stephani</strong></span> <span class='ocrx_word' id='word_1_84' title='bbox 806 1280 977 1335; x_wconf 85' lang='lat' dir='ltr'><strong>posse</strong></span> <span class='ocrx_word' id='word_1_85' title='bbox 997 1263 1194 1320; x_wconf 87' lang='lat' dir='ltr'><strong>sanari</strong></span> <span class='ocrx_word' id='word_1_86' title='bbox 1221 1267 1499 1319; x_wconf 88' lang='lat' dir='ltr'><strong>stannum</strong></span> <span class='ocrx_word' id='word_1_87' title='bbox 1529 1263 1687 1334; x_wconf 86' lang='lat' dir='ltr'><strong>pedi-</strong></span> 
     </span>
    </p>
   </div>
   <div class='ocr_carea' id='block_1_14' title="bbox 56 1351 1689 1424">
    <p class='ocr_par' dir='ltr' id='par_1_14' title="bbox 56 1351 1689 1424">
     <span class='ocr_line' id='line_1_14' title="bbox 56 1351 1689 1424; baseline -0.003 -15"><span class='ocrx_word' id='word_1_88' title='bbox 56 1354 153 1409; x_wconf 83' lang='lat' dir='ltr'><strong>bus</strong></span> <span class='ocrx_word' id='word_1_89' title='bbox 169 1352 564 1424; x_wconf 58' lang='lat' dir='ltr'><strong>superposuit,</strong></span> <span class='ocrx_word' id='word_1_90' title='bbox 593 1368 850 1423; x_wconf 82' lang='lat' dir='ltr'><strong>moxque</strong></span> <span class='ocrx_word' id='word_1_91' title='bbox 882 1351 1048 1406; x_wconf 88' lang='lat' dir='ltr'><strong>dolor</strong></span> <span class='ocrx_word' id='word_1_92' title='bbox 1079 1351 1384 1418; x_wconf 86' lang='lat' dir='ltr'><strong>abscessit,</strong></span> <span class='ocrx_word' id='word_1_93' title='bbox 1415 1368 1518 1406; x_wconf 87' lang='lat' dir='ltr'><strong>nec</strong></span> <span class='ocrx_word' id='word_1_94' title='bbox 1580 1351 1689 1405; x_wconf 77' lang='lat' dir='ltr'><strong>mi-</strong></span> 
     </span>
    </p>
   </div>
   <div class='ocr_carea' id='block_1_15' title="bbox 59 1439 1690 1512">
    <p class='ocr_par' dir='ltr' id='par_1_15' title="bbox 59 1439 1690 1512">
     <span class='ocr_line' id='line_1_15' title="bbox 59 1439 1690 1512; baseline -0.001 -17"><span class='ocrx_word' id='word_1_95' title='bbox 59 1441 404 1506; x_wconf 62' lang='lat' dir='ltr'><strong>runnsi‘basc</strong></span> <span class='ocrx_word' id='word_1_96' title='bbox 434 1440 822 1500; x_wconf 84' lang='lat' dir='ltr'><strong>avis&#39;Domini</strong></span> <span class='ocrx_word' id='word_1_97' title='bbox 856 1439 1100 1512; x_wconf 87' lang='lat' dir='ltr'><strong>imperio</strong></span> <span class='ocrx_word' id='word_1_98' title='bbox 1129 1440 1424 1512; x_wconf 81' lang='lat' dir='ltr'><strong>malagma</strong></span> <span class='ocrx_word' id='word_1_99' title='bbox 1443 1439 1690 1511; x_wconf 87' lang='lat' dir='ltr'><strong>pedibus</strong></span> 
     </span>
    </p>
   </div>
   <div class='ocr_carea' id='block_1_16' title="bbox 57 1527 1691 1600">
    <p class='ocr_par' dir='ltr' id='par_1_16' title="bbox 57 1527 1691 1600">
     <span class='ocr_line' id='line_1_16' title="bbox 57 1527 1691 1600; baseline -0.002 -15"><span class='ocrx_word' id='word_1_100' title='bbox 57 1530 220 1585; x_wconf 86' lang='lat' dir='ltr'><strong>sancti</strong></span> <span class='ocrx_word' id='word_1_101' title='bbox 251 1529 356 1586; x_wconf 85' lang='lat' dir='ltr'><strong>viri</strong></span> <span class='ocrx_word' id='word_1_102' title='bbox 389 1528 655 1594; x_wconf 85' lang='lat' dir='ltr'><strong>contulit,</strong></span> <span class='ocrx_word' id='word_1_103' title='bbox 683 1546 816 1600; x_wconf 70' lang='lat' dir='ltr'><strong>quae</strong></span> <span class='ocrx_word' id='word_1_104' title='bbox 846 1529 1023 1584; x_wconf 83' lang='lat' dir='ltr'><strong>etiam</strong></span> <span class='ocrx_word' id='word_1_105' title='bbox 1055 1527 1190 1583; x_wconf 68' lang='lat' dir='ltr'><strong>Elia</strong></span> <span class='ocrx_word' id='word_1_106' title='bbox 1241 1528 1457 1584; x_wconf 85' lang='lat' dir='ltr'><strong>famem</strong></span> <span class='ocrx_word' id='word_1_107' title='bbox 1488 1528 1691 1584; x_wconf 84' lang='lat' dir='ltr'><strong>.carnis</strong></span> 
     </span>
    </p>
   </div>
   <div class='ocr_carea' id='block_1_17' title="bbox 59 1616 1689 1689">
    <p class='ocr_par' dir='ltr' id='par_1_17' title="bbox 59 1616 1689 1689">
     <span class='ocr_line' id='line_1_17' title="bbox 59 1616 1689 1689; baseline -0.003 -15"><span class='ocrx_word' id='word_1_108' title='bbox 59 1618 228 1674; x_wconf 83' lang='lat' dir='ltr'><strong>edulio</strong></span> <span class='ocrx_word' id='word_1_109' title='bbox 260 1617 857 1689; x_wconf 81' lang='lat' dir='ltr'><strong>refecit.Aliquandiu</strong></span> <span class='ocrx_word' id='word_1_110' title='bbox 888 1621 1167 1688; x_wconf 63' lang='lat' dir='ltr'><strong>praeterea</strong></span> <span class='ocrx_word' id='word_1_111' title='bbox 1209 1616 1554 1673; x_wconf 77' lang='lat' dir='ltr'><strong>desiderans</strong></span> <span class='ocrx_word' id='word_1_112' title='bbox 1605 1616 1689 1672; x_wconf 88' lang='lat' dir='ltr'><strong>uti</strong></span> 
     </span>
    </p>
   </div>
   <div class='ocr_carea' id='block_1_18' title="bbox 55 1705 1693 1778">
    <p class='ocr_par' dir='ltr' id='par_1_18' title="bbox 55 1705 1693 1778">
     <span class='ocr_line' id='line_1_18' title="bbox 55 1705 1693 1778; baseline -0.002 -13"><span class='ocrx_word' id='word_1_113' title='bbox 55 1706 320 1778; x_wconf 74' lang='lat' dir='ltr'><strong>colloquio</strong></span> <span class='ocrx_word' id='word_1_114' title='bbox 351 1707 577 1762; x_wconf 76' lang='lat' dir='ltr'><strong>domini</strong></span> <span class='ocrx_word' id='word_1_115' title='bbox 630 1705 896 1764; x_wconf 82' lang='lat' dir='ltr'><strong>Rithucri</strong></span> <span class='ocrx_word' id='word_1_116' title='bbox 936 1705 1500 1778; x_wconf 64' lang='lat' dir='ltr'><strong>Augustmtricorum</strong></span> <span class='ocrx_word' id='word_1_117' title='bbox 1537 1705 1693 1777; x_wconf 86' lang='lat' dir='ltr'><strong>epis-</strong></span> 
     </span>
    </p>
   </div>
   <div class='ocr_carea' id='block_1_19' title="bbox 1781 558 3452 635">
    <p class='ocr_par' dir='ltr' id='par_1_19' title="bbox 1781 558 3452 635">
     <span class='ocr_line' id='line_1_19' title="bbox 1781 558 3452 635; baseline 0.004 -24"><span class='ocrx_word' id='word_1_118' title='bbox 1781 558 2035 613; x_wconf 76' lang='lat' dir='ltr'><strong>.Andreae</strong></span> <span class='ocrx_word' id='word_1_119' title='bbox 2059 558 2364 614; x_wconf 84' lang='lat' dir='ltr'><strong>ecclesiam</strong></span> <span class='ocrx_word' id='word_1_120' title='bbox 2417 560 2636 630; x_wconf 87' lang='lat' dir='ltr'><strong>pernici</strong></span> <span class='ocrx_word' id='word_1_121' title='bbox 2691 577 2894 632; x_wconf 82' lang='lat' dir='ltr'><strong>gressu</strong></span> <span class='ocrx_word' id='word_1_122' title='bbox 2940 562 3219 635; x_wconf 79' lang='lat' dir='ltr'><strong>confugit,</strong></span> <span class='ocrx_word' id='word_1_123' title='bbox 3254 561 3452 634; x_wconf 82' lang='lat' dir='ltr'><strong>ibique</strong></span> 
     </span>
    </p>
   </div>
   <div class='ocr_carea' id='block_1_20' title="bbox 1798 647 3450 722">
    <p class='ocr_par' dir='ltr' id='par_1_20' title="bbox 1798 647 3450 722">
     <span class='ocr_line' id='line_1_20' title="bbox 1798 647 3450 722; baseline 0.002 -22"><span class='ocrx_word' id='word_1_124' title='bbox 1798 647 1952 716; x_wconf 88' lang='lat' dir='ltr'><strong>quod</strong></span> <span class='ocrx_word' id='word_1_125' title='bbox 1987 647 2290 703; x_wconf 90' lang='lat' dir='ltr'><strong>residuum</strong></span> <span class='ocrx_word' id='word_1_126' title='bbox 2333 649 2522 704; x_wconf 90' lang='lat' dir='ltr'><strong>noctis</strong></span> <span class='ocrx_word' id='word_1_127' title='bbox 2576 649 2779 716; x_wconf 89' lang='lat' dir='ltr'><strong>fuerat,</strong></span> <span class='ocrx_word' id='word_1_128' title='bbox 2814 649 3060 706; x_wconf 90' lang='lat' dir='ltr'><strong>Domino</strong></span> <span class='ocrx_word' id='word_1_129' title='bbox 3110 651 3450 722; x_wconf 73' lang='lat' dir='ltr'><strong>supplicans</strong></span> 
     </span>
    </p>
   </div>
   <div class='ocr_carea' id='block_1_21' title="bbox 1796 735 3449 807">
    <p class='ocr_par' dir='ltr' id='par_1_21' title="bbox 1796 735 3449 807">
     <span class='ocr_line' id='line_1_21' title="bbox 1796 735 3449 807; baseline 0.002 -17"><span class='ocrx_word' id='word_1_130' title='bbox 1796 735 2038 807; x_wconf 86' lang='lat' dir='ltr'><strong>peregit,</strong></span> <span class='ocrx_word' id='word_1_131' title='bbox 2070 735 2279 791; x_wconf 88' lang='lat' dir='ltr'><strong>dehinc</strong></span> <span class='ocrx_word' id='word_1_132' title='bbox 2325 736 2701 793; x_wconf 88' lang='lat' dir='ltr'><strong>illucescente</strong></span> <span class='ocrx_word' id='word_1_133' title='bbox 2749 738 2842 793; x_wconf 89' lang='lat' dir='ltr'><strong>dio</strong></span> <span class='ocrx_word' id='word_1_134' title='bbox 2906 755 3072 794; x_wconf 83' lang='lat' dir='ltr'><strong>sacra</strong></span> <span class='ocrx_word' id='word_1_135' title='bbox 3133 739 3449 794; x_wconf 84' lang='lat' dir='ltr'><strong>missarum</strong></span> 
     </span>
    </p>
   </div>
   <div class='ocr_carea' id='block_1_22' title="bbox 1785 822 3454 898">
    <p class='ocr_par' dir='ltr' id='par_1_22' title="bbox 1785 822 3454 898">
     <span class='ocr_line' id='line_1_22' title="bbox 1785 822 3454 898; baseline 0.002 -20"><span class='ocrx_word' id='word_1_136' title='bbox 1785 822 2086 878; x_wconf 76' lang='lat' dir='ltr'><strong>solemnia</strong></span> <span class='ocrx_word' id='word_1_137' title='bbox 2133 823 2533 880; x_wconf 84' lang='lat' dir='ltr'><strong>celebraturus</strong></span> <span class='ocrx_word' id='word_1_138' title='bbox 2587 825 2931 898; x_wconf 84' lang='lat' dir='ltr'><strong>accingitur.</strong></span> <span class='ocrx_word' id='word_1_139' title='bbox 2974 829 3095 892; x_wconf 82' lang='lat' dir='ltr'><strong>Quo</strong></span> <span class='ocrx_word' id='word_1_140' title='bbox 3150 826 3362 882; x_wconf 88' lang='lat' dir='ltr'><strong>hausto</strong></span> <span class='ocrx_word' id='word_1_141' title='bbox 3411 844 3454 882; x_wconf 83' lang='lat' dir='ltr'><strong>&#39;a</strong></span> 
     </span>
    </p>
   </div>
   <div class='ocr_carea' id='block_1_23' title="bbox 1801 910 3450 986">
    <p class='ocr_par' dir='ltr' id='par_1_23' title="bbox 1801 910 3450 986">
     <span class='ocr_line' id='line_1_23' title="bbox 1801 910 3450 986; baseline 0.002 -20"><span class='ocrx_word' id='word_1_142' title='bbox 1801 910 1996 966; x_wconf 91' lang='lat' dir='ltr'><strong>divino</strong></span> <span class='ocrx_word' id='word_1_143' title='bbox 2028 912 2184 967; x_wconf 88' lang='lat' dir='ltr'><strong>fonte</strong></span> <span class='ocrx_word' id='word_1_144' title='bbox 2217 911 2478 980; x_wconf 85' lang='lat' dir='ltr'><strong>consilio,</strong></span> <span class='ocrx_word' id='word_1_145' title='bbox 2514 931 2672 985; x_wconf 85' lang='lat' dir='ltr'><strong>corp,</strong></span> <span class='ocrx_word' id='word_1_146' title='bbox 2705 918 2761 969; x_wconf 89' lang='lat' dir='ltr'><strong>et</strong></span> <span class='ocrx_word' id='word_1_147' title='bbox 2791 931 2957 986; x_wconf 86' lang='lat' dir='ltr'><strong>sang.</strong></span> <span class='ocrx_word' id='word_1_148' title='bbox 2999 915 3168 970; x_wconf 89' lang='lat' dir='ltr'><strong>Dom.</strong></span> <span class='ocrx_word' id='word_1_149' title='bbox 3194 914 3450 970; x_wconf 86' lang='lat' dir='ltr'><strong>libamen</strong></span> 
     </span>
    </p>
   </div>
   <div class='ocr_carea' id='block_1_24' title="bbox 1795 1001 3453 1072">
    <p class='ocr_par' dir='ltr' id='par_1_24' title="bbox 1795 1001 3453 1072">
     <span class='ocr_line' id='line_1_24' title="bbox 1795 1001 3453 1072; baseline 0.002 -18"><span class='ocrx_word' id='word_1_150' title='bbox 1795 1004 2073 1066; x_wconf 87' lang='lat' dir='ltr'><strong>sumeret,</strong></span> <span class='ocrx_word' id='word_1_151' title='bbox 2095 1005 2160 1054; x_wconf 92' lang='lat' dir='ltr'><strong>ut</strong></span> <span class='ocrx_word' id='word_1_152' title='bbox 2189 1002 2320 1072; x_wconf 85' lang='lat' dir='ltr'><strong>ejus</strong></span> <span class='ocrx_word' id='word_1_153' title='bbox 2350 1001 2564 1057; x_wconf 87' lang='lat' dir='ltr'><strong>virtute</strong></span> <span class='ocrx_word' id='word_1_154' title='bbox 2595 1007 2804 1058; x_wconf 87' lang='lat' dir='ltr'><strong>cuneta</strong></span> <span class='ocrx_word' id='word_1_155' title='bbox 2829 1003 3187 1060; x_wconf 84' lang='lat' dir='ltr'><strong>infirmitatis</strong></span> <span class='ocrx_word' id='word_1_156' title='bbox 3217 1003 3453 1058; x_wconf 87' lang='lat' dir='ltr'><strong>infesta-</strong></span> 
     </span>
    </p>
   </div>
   <div class='ocr_carea' id='block_1_25' title="bbox 1797 1087 3452 1164">
    <p class='ocr_par' dir='ltr' id='par_1_25' title="bbox 1797 1087 3452 1164">
     <span class='ocr_line' id='line_1_25' title="bbox 1797 1087 3452 1164; baseline 0.002 -22"><span class='ocrx_word' id='word_1_157' title='bbox 1797 1087 1878 1143; x_wconf 89' lang='lat' dir='ltr'><strong>tio</strong></span> <span class='ocrx_word' id='word_1_158' title='bbox 1903 1089 2358 1160; x_wconf 87' lang='lat' dir='ltr'><strong>conquiesceret.</strong></span> <span class='ocrx_word' id='word_1_159' title='bbox 2395 1091 2557 1156; x_wconf 89' lang='lat' dir='ltr'><strong>Quod</strong></span> <span class='ocrx_word' id='word_1_160' title='bbox 2588 1091 2786 1146; x_wconf 88' lang='lat' dir='ltr'><strong>divina</strong></span> <span class='ocrx_word' id='word_1_161' title='bbox 2831 1092 3016 1147; x_wconf 87' lang='lat' dir='ltr'><strong>virtus</strong></span> <span class='ocrx_word' id='word_1_162' title='bbox 3066 1093 3282 1164; x_wconf 88' lang='lat' dir='ltr'><strong>petenti</strong></span> <span class='ocrx_word' id='word_1_163' title='bbox 3337 1109 3452 1148; x_wconf 91' lang='lat' dir='ltr'><strong>non</strong></span> 
     </span>
    </p>
   </div>
   <div class='ocr_carea' id='block_1_26' title="bbox 1783 1176 3453 1252">
    <p class='ocr_par' dir='ltr' id='par_1_26' title="bbox 1783 1176 3453 1252">
     <span class='ocr_line' id='line_1_26' title="bbox 1783 1176 3453 1252; baseline 0.003 -20"><span class='ocrx_word' id='word_1_164' title='bbox 1783 1176 2113 1248; x_wconf 76' lang='lat' dir='ltr'><strong>denegans.</strong></span> <span class='ocrx_word' id='word_1_165' title='bbox 2133 1177 2288 1233; x_wconf 91' lang='lat' dir='ltr'><strong>lllico</strong></span> <span class='ocrx_word' id='word_1_166' title='bbox 2303 1179 2460 1234; x_wconf 89' lang='lat' dir='ltr'><strong>enim</strong></span> <span class='ocrx_word' id='word_1_167' title='bbox 2488 1184 2551 1234; x_wconf 93' lang='lat' dir='ltr'><strong>ut</strong></span> <span class='ocrx_word' id='word_1_168' title='bbox 2575 1181 2993 1252; x_wconf 86' lang='lat' dir='ltr'><strong>redemptionis</strong></span> <span class='ocrx_word' id='word_1_169' title='bbox 3007 1185 3220 1236; x_wconf 67' lang='lat' dir='ltr'><strong>nostris</strong></span> <span class='ocrx_word' id='word_1_170' title='bbox 3233 1182 3453 1237; x_wconf 87' lang='lat' dir='ltr'><strong>donum</strong></span> 
     </span>
    </p>
   </div>
   <div class='ocr_carea' id='block_1_27' title="bbox 1801 1264 3455 1340">
    <p class='ocr_par' dir='ltr' id='par_1_27' title="bbox 1801 1264 3455 1340">
     <span class='ocr_line' id='line_1_27' title="bbox 1801 1264 3455 1340; baseline 0.004 -22"><span class='ocrx_word' id='word_1_171' title='bbox 1801 1264 2209 1322; x_wconf 65' lang='lat' dir='ltr'><strong>inaestimabile</strong></span> <span class='ocrx_word' id='word_1_172' title='bbox 2230 1284 2328 1322; x_wconf 88' lang='lat' dir='ltr'><strong>ore</strong></span> <span class='ocrx_word' id='word_1_173' title='bbox 2359 1268 2630 1340; x_wconf 85' lang='lat' dir='ltr'><strong>sumpsit,</strong></span> <span class='ocrx_word' id='word_1_174' title='bbox 2654 1269 2904 1324; x_wconf 82' lang='lat' dir='ltr'><strong>febrium</strong></span> <span class='ocrx_word' id='word_1_175' title='bbox 2945 1268 3099 1324; x_wconf 88' lang='lat' dir='ltr'><strong>calor</strong></span> <span class='ocrx_word' id='word_1_176' title='bbox 3119 1286 3185 1324; x_wconf 88' lang='lat' dir='ltr'><strong>ac</strong></span> <span class='ocrx_word' id='word_1_177' title='bbox 3225 1269 3273 1324; x_wconf 89' lang='lat' dir='ltr'><strong>si</strong></span> <span class='ocrx_word' id='word_1_178' title='bbox 3306 1286 3455 1324; x_wconf 89' lang='lat' dir='ltr'><strong>nun-</strong></span> 
     </span>
    </p>
   </div>
   <div class='ocr_carea' id='block_1_28' title="bbox 1801 1354 3459 1430">
    <p class='ocr_par' dir='ltr' id='par_1_28' title="bbox 1801 1354 3459 1430">
     <span class='ocr_line' id='line_1_28' title="bbox 1801 1354 3459 1430; baseline 0.003 -22"><span class='ocrx_word' id='word_1_179' title='bbox 1801 1371 1978 1424; x_wconf 86' lang='lat' dir='ltr'><strong>quam</strong></span> <span class='ocrx_word' id='word_1_180' title='bbox 2012 1354 2071 1409; x_wconf 89' lang='lat' dir='ltr'><strong>in</strong></span> <span class='ocrx_word' id='word_1_181' title='bbox 2104 1372 2172 1410; x_wconf 90' lang='lat' dir='ltr'><strong>eo</strong></span> <span class='ocrx_word' id='word_1_182' title='bbox 2212 1356 2440 1423; x_wconf 82' lang='lat' dir='ltr'><strong>fuisset,</strong></span> <span class='ocrx_word' id='word_1_183' title='bbox 2475 1357 2799 1412; x_wconf 79' lang='lat' dir='ltr'><strong>exstinctus</strong></span> <span class='ocrx_word' id='word_1_184' title='bbox 2853 1361 2958 1413; x_wconf 89' lang='lat' dir='ltr'><strong>est.</strong></span> <span class='ocrx_word' id='word_1_185' title='bbox 2992 1357 3139 1412; x_wconf 88' lang='lat' dir='ltr'><strong>Illud</strong></span> <span class='ocrx_word' id='word_1_186' title='bbox 3182 1357 3459 1430; x_wconf 57' lang='lat' dir='ltr'><strong>presteres</strong></span> 
     </span>
    </p>
   </div>
   <div class='ocr_carea' id='block_1_29' title="bbox 1799 1443 3455 1519">
    <p class='ocr_par' dir='ltr' id='par_1_29' title="bbox 1799 1443 3455 1519">
     <span class='ocr_line' id='line_1_29' title="bbox 1799 1443 3455 1519; baseline 0.002 -22"><span class='ocrx_word' id='word_1_187' title='bbox 1799 1459 1915 1497; x_wconf 90' lang='lat' dir='ltr'><strong>non</strong></span> <span class='ocrx_word' id='word_1_188' title='bbox 1949 1443 2362 1509; x_wconf 88' lang='lat' dir='ltr'><strong>omittendum,</strong></span> <span class='ocrx_word' id='word_1_189' title='bbox 2396 1446 2550 1516; x_wconf 91' lang='lat' dir='ltr'><strong>quod</strong></span> <span class='ocrx_word' id='word_1_190' title='bbox 2576 1449 2640 1500; x_wconf 87' lang='lat' dir='ltr'><strong>et</strong></span> <span class='ocrx_word' id='word_1_191' title='bbox 2668 1445 2726 1500; x_wconf 89' lang='lat' dir='ltr'><strong>in</strong></span> <span class='ocrx_word' id='word_1_192' title='bbox 2759 1447 2893 1502; x_wconf 84' lang='lat' dir='ltr'><strong>sede</strong></span> <span class='ocrx_word' id='word_1_193' title='bbox 2925 1447 3266 1519; x_wconf 88' lang='lat' dir='ltr'><strong>pontiﬁcali,</strong></span> <span class='ocrx_word' id='word_1_194' title='bbox 3299 1453 3356 1502; x_wconf 88' lang='lat' dir='ltr'><strong>et</strong></span> <span class='ocrx_word' id='word_1_195' title='bbox 3397 1447 3455 1501; x_wconf 89' lang='lat' dir='ltr'><strong>in</strong></span> 
     </span>
    </p>
   </div>
   <div class='ocr_carea' id='block_1_30' title="bbox 1787 1530 3460 1607">
    <p class='ocr_par' dir='ltr' id='par_1_30' title="bbox 1787 1530 3460 1607">
     <span class='ocr_line' id='line_1_30' title="bbox 1787 1530 3460 1607; baseline 0.001 -19"><span class='ocrx_word' id='word_1_196' title='bbox 1787 1530 1942 1588; x_wconf 90' lang='lat' dir='ltr'><strong>.locis</strong></span> <span class='ocrx_word' id='word_1_197' title='bbox 1966 1532 2426 1605; x_wconf 87' lang='lat' dir='ltr'><strong>circumpositis,</strong></span> <span class='ocrx_word' id='word_1_198' title='bbox 2461 1533 2825 1607; x_wconf 77' lang='lat' dir='ltr'><strong>divulgatum</strong></span> <span class='ocrx_word' id='word_1_199' title='bbox 2861 1536 3162 1604; x_wconf 87' lang='lat' dir='ltr'><strong>novimus;</strong></span> <span class='ocrx_word' id='word_1_200' title='bbox 3187 1537 3460 1592; x_wconf 85' lang='lat' dir='ltr'><strong>asserunt</strong></span> 
     </span>
    </p>
   </div>
   <div class='ocr_carea' id='block_1_31' title="bbox 1800 1619 3474 1707">
    <p class='ocr_par' dir='ltr' id='par_1_31' title="bbox 1800 1619 3474 1707">
     <span class='ocr_line' id='line_1_31' title="bbox 1800 1619 3474 1707; baseline 0.001 -33"><span class='ocrx_word' id='word_1_201' title='bbox 1800 1619 1955 1674; x_wconf 90' lang='lat' dir='ltr'><strong>enim</strong></span> <span class='ocrx_word' id='word_1_202' title='bbox 1982 1620 2062 1686; x_wconf 91' lang='lat' dir='ltr'><strong>hi,</strong></span> <span class='ocrx_word' id='word_1_203' title='bbox 2099 1620 2198 1692; x_wconf 88' lang='lat' dir='ltr'><strong>qui</strong></span> <span class='ocrx_word' id='word_1_204' title='bbox 2231 1621 2392 1676; x_wconf 89' lang='lat' dir='ltr'><strong>illius</strong></span> <span class='ocrx_word' id='word_1_205' title='bbox 2421 1626 2682 1693; x_wconf 86' lang='lat' dir='ltr'><strong>tempore</strong></span> <span class='ocrx_word' id='word_1_206' title='bbox 2713 1622 3083 1678; x_wconf 89' lang='lat' dir='ltr'><strong>scholaribus</strong></span> <span class='ocrx_word' id='word_1_207' title='bbox 3122 1623 3336 1678; x_wconf 86' lang='lat' dir='ltr'><strong>studiis</strong></span> <span class='ocrx_word' id='word_1_208' title='bbox 3368 1623 3474 1707; x_wconf 6' lang='lat' dir='ltr'><strong>in-g</strong></span> 
     </span>
    </p>
   </div>
   <div class='ocr_carea' id='block_1_32' title="bbox 1800 1707 3462 1782">
    <p class='ocr_par' dir='ltr' id='par_1_32' title="bbox 1800 1707 3462 1782">
     <span class='ocr_line' id='line_1_32' title="bbox 1800 1707 3462 1782; baseline 0.002 -20"><span class='ocrx_word' id='word_1_209' title='bbox 1800 1707 2107 1777; x_wconf 85' lang='lat' dir='ltr'><strong>sistebant,</strong></span> <span class='ocrx_word' id='word_1_210' title='bbox 2142 1711 2295 1781; x_wconf 87' lang='lat' dir='ltr'><strong>quod</strong></span> <span class='ocrx_word' id='word_1_211' title='bbox 2325 1711 2380 1764; x_wconf 88' lang='lat' dir='ltr'><strong>.si</strong></span> <span class='ocrx_word' id='word_1_212' title='bbox 2411 1727 2585 1765; x_wconf 81' lang='lat' dir='ltr'><strong>mane</strong></span> <span class='ocrx_word' id='word_1_213' title='bbox 2617 1712 2746 1782; x_wconf 86' lang='lat' dir='ltr'><strong>ejus</strong></span> <span class='ocrx_word' id='word_1_214' title='bbox 2775 1711 3198 1779; x_wconf 87' lang='lat' dir='ltr'><strong>benedictione,</strong></span> <span class='ocrx_word' id='word_1_215' title='bbox 3232 1715 3331 1767; x_wconf 85' lang='lat' dir='ltr'><strong>aut</strong></span> <span class='ocrx_word' id='word_1_216' title='bbox 3351 1710 3462 1766; x_wconf 88' lang='lat' dir='ltr'><strong>sal-</strong></span> 
     </span>
    </p>
   </div>
   <div class='ocr_carea' id='block_1_33' title="bbox 51 1794 3462 1900">
    <p class='ocr_par' dir='ltr' id='par_1_33' title="bbox 51 1794 3462 1900">
     <span class='ocr_line' id='line_1_33' title="bbox 51 1794 3462 1900; baseline 0.001 -50"><span class='ocrx_word' id='word_1_217' title='bbox 51 1796 186 1867; x_wconf 82' lang='lat' dir='ltr'><strong>-c0pi,</strong></span> <span class='ocrx_word' id='word_1_218' title='bbox 214 1795 478 1852; x_wconf 77' lang='lat' dir='ltr'><strong>viliarem</strong></span> <span class='ocrx_word' id='word_1_219' title='bbox 541 1811 720 1866; x_wconf 76' lang='lat' dir='ltr'><strong>supra</strong></span> <span class='ocrx_word' id='word_1_220' title='bbox 781 1794 1024 1850; x_wconf 84' lang='lat' dir='ltr'><strong>fluvium</strong></span> <span class='ocrx_word' id='word_1_221' title='bbox 1077 1794 1346 1854; x_wconf 67' lang='lat' dir='ltr'><strong>Iohanne</strong></span> <span class='ocrx_word' id='word_1_222' title='bbox 1374 1795 1546 1861; x_wconf 87' lang='lat' dir='ltr'><strong>adiit,</strong></span> <span class='ocrx_word' id='word_1_223' title='bbox 1577 1811 1692 1866; x_wconf 91' lang='lat' dir='ltr'><strong>quo</strong></span> <span class='ocrx_word' id='word_1_224' title='bbox 1727 1835 1774 1900; x_wconf 77' lang='grc' dir='ltr'><strong>Β</strong></span> <span class='ocrx_word' id='word_1_225' title='bbox 1804 1801 1921 1851; x_wconf 85' lang='lat' dir='ltr'><strong>tem</strong></span> <span class='ocrx_word' id='word_1_226' title='bbox 1945 1799 2254 1868; x_wconf 68' lang='lat' dir='ltr'><strong>praesentia</strong></span> <span class='ocrx_word' id='word_1_227' title='bbox 2285 1799 2397 1854; x_wconf 85' lang='lat' dir='ltr'><strong>frui</strong></span> <span class='ocrx_word' id='word_1_228' title='bbox 2429 1803 2812 1866; x_wconf 85' lang='lat' dir='ltr'><strong>mererentur,</strong></span> <span class='ocrx_word' id='word_1_229' title='bbox 2843 1815 3103 1871; x_wconf 87' lang='lat' dir='ltr'><strong>omnem,</strong></span> <span class='ocrx_word' id='word_1_230' title='bbox 3137 1817 3209 1855; x_wconf 89' lang='lat' dir='ltr'><strong>ne</strong></span> <span class='ocrx_word' id='word_1_231' title='bbox 3257 1816 3324 1855; x_wconf 92' lang='lat' dir='ltr'><strong>eo</strong></span> <span class='ocrx_word' id='word_1_232' title='bbox 3369 1800 3462 1855; x_wconf 89' lang='lat' dir='ltr'><strong>die</strong></span> 
     </span>
    </p>
   </div>
   <div class='ocr_carea' id='block_1_34' title="bbox 51 1882 1699 1956">
    <p class='ocr_par' dir='ltr' id='par_1_34' title="bbox 51 1882 1699 1956">
     <span class='ocr_line' id='line_1_34' title="bbox 51 1882 1699 1956; baseline -0.001 -18"><span class='ocrx_word' id='word_1_233' title='bbox 51 1884 308 1955; x_wconf 31' lang='lat' dir='ltr'><strong>,prefatus</strong></span> <span class='ocrx_word' id='word_1_234' title='bbox 367 1884 629 1956; x_wconf 79' lang='lat' dir='ltr'><strong>pontifex</strong></span> <span class='ocrx_word' id='word_1_235' title='bbox 681 1883 951 1940; x_wconf 75' lang='lat' dir='ltr'><strong>alacriter</strong></span> <span class='ocrx_word' id='word_1_236' title='bbox 996 1883 1213 1940; x_wconf 86' lang='lat' dir='ltr'><strong>obvius</strong></span> <span class='ocrx_word' id='word_1_237' title='bbox 1265 1883 1570 1956; x_wconf 81' lang='lat' dir='ltr'><strong>processit,</strong></span> <span class='ocrx_word' id='word_1_238' title='bbox 1600 1882 1699 1938; x_wconf 92' lang='lat' dir='ltr'><strong>ubi</strong></span> 
     </span>
    </p>
   </div>
   <div class='ocr_carea' id='block_1_35' title="bbox 53 1971 1698 2044">
    <p class='ocr_par' dir='ltr' id='par_1_35' title="bbox 53 1971 1698 2044">
     <span class='ocr_line' id='line_1_35' title="bbox 53 1971 1698 2044; baseline -0.003 -12"><span class='ocrx_word' id='word_1_239' title='bbox 53 1973 256 2032; x_wconf 83' lang='lat' dir='ltr'><strong>mutuis</strong></span> <span class='ocrx_word' id='word_1_240' title='bbox 289 1990 434 2032; x_wconf 83' lang='lat' dir='ltr'><strong>:sese</strong></span> <span class='ocrx_word' id='word_1_241' title='bbox 474 1972 859 2030; x_wconf 82' lang='lat' dir='ltr'><strong>confoventes</strong></span> <span class='ocrx_word' id='word_1_242' title='bbox 920 1971 1306 2043; x_wconf 85' lang='lat' dir='ltr'><strong>amplexibus,</strong></span> <span class='ocrx_word' id='word_1_243' title='bbox 1335 1971 1569 2044; x_wconf 85' lang='lat' dir='ltr'><strong>longam</strong></span> <span class='ocrx_word' id='word_1_244' title='bbox 1628 1973 1698 2028; x_wconf 91' lang='lat' dir='ltr'><strong>de</strong></span> 
     </span>
    </p>
   </div>
   <div class='ocr_carea' id='block_1_36' title="bbox 63 2061 1698 2134">
    <p class='ocr_par' dir='ltr' id='par_1_36' title="bbox 63 2061 1698 2134">
     <span class='ocr_line' id='line_1_36' title="bbox 63 2061 1698 2134; baseline 0.001 -20"><span class='ocrx_word' id='word_1_245' title='bbox 63 2061 313 2134; x_wconf 82' lang='lat' dir='ltr'><strong>religione</strong></span> <span class='ocrx_word' id='word_1_246' title='bbox 343 2061 649 2134; x_wconf 73' lang='lat' dir='ltr'><strong>protulere</strong></span> <span class='ocrx_word' id='word_1_247' title='bbox 679 2061 1054 2116; x_wconf 86' lang='lat' dir='ltr'><strong>sententiam.</strong></span> <span class='ocrx_word' id='word_1_248' title='bbox 1076 2061 1214 2116; x_wconf 85' lang='lat' dir='ltr'><strong>Erat</strong></span> <span class='ocrx_word' id='word_1_249' title='bbox 1242 2065 1441 2116; x_wconf 90' lang='lat' dir='ltr'><strong>autem</strong></span> <span class='ocrx_word' id='word_1_250' title='bbox 1466 2061 1543 2116; x_wconf 91' lang='lat' dir='ltr'><strong>ibi</strong></span> <span class='ocrx_word' id='word_1_251' title='bbox 1569 2061 1698 2115; x_wconf 89' lang='lat' dir='ltr'><strong>fons</strong></span> 
     </span>
    </p>
   </div>
   <div class='ocr_carea' id='block_1_37' title="bbox 63 2137 1699 2221">
    <p class='ocr_par' dir='ltr' id='par_1_37' title="bbox 63 2137 1699 2221">
     <span class='ocr_line' id='line_1_37' title="bbox 63 2137 1699 2221; baseline -0.002 -16"><span class='ocrx_word' id='word_1_252' title='bbox 63 2137 372 2208; x_wconf 79' lang='lat' dir='ltr'><strong>delicabiles</strong></span> <span class='ocrx_word' id='word_1_253' title='bbox 396 2150 695 2207; x_wconf 79' lang='lat' dir='ltr'><strong>ebulliens</strong></span> <span class='ocrx_word' id='word_1_254' title='bbox 721 2167 924 2221; x_wconf 85' lang='lat' dir='ltr'><strong>aquas,</strong></span> <span class='ocrx_word' id='word_1_255' title='bbox 941 2166 1088 2221; x_wconf 88' lang='lat' dir='ltr'><strong>quas</strong></span> <span class='ocrx_word' id='word_1_256' title='bbox 1111 2149 1196 2204; x_wconf 90' lang='lat' dir='ltr'><strong>vir</strong></span> <span class='ocrx_word' id='word_1_257' title='bbox 1213 2148 1562 2221; x_wconf 88' lang='lat' dir='ltr'><strong>magniﬁcus</strong></span> <span class='ocrx_word' id='word_1_258' title='bbox 1585 2149 1699 2203; x_wconf 85' lang='lat' dir='ltr'><strong>He-</strong></span> 
     </span>
    </p>
   </div>
   <div class='ocr_carea' id='block_1_38' title="bbox 65 2237 1696 2312">
    <p class='ocr_par' dir='ltr' id='par_1_38' title="bbox 65 2237 1696 2312">
     <span class='ocr_line' id='line_1_38' title="bbox 65 2237 1696 2312; baseline 0 -20"><span class='ocrx_word' id='word_1_259' title='bbox 65 2239 277 2298; x_wconf 74' lang='lat' dir='ltr'><strong>rifridns</strong></span> <span class='ocrx_word' id='word_1_260' title='bbox 307 2239 625 2312; x_wconf 85' lang='lat' dir='ltr'><strong>episcopus</strong></span> <span class='ocrx_word' id='word_1_261' title='bbox 655 2239 892 2295; x_wconf 87' lang='lat' dir='ltr'><strong>intuens</strong></span> <span class='ocrx_word' id='word_1_262' title='bbox 914 2239 1192 2310; x_wconf 82' lang='lat' dir='ltr'><strong>lnge-nam</strong></span> <span class='ocrx_word' id='word_1_263' title='bbox 1227 2237 1464 2294; x_wconf 89' lang='lat' dir='ltr'><strong>ﬁctilem</strong></span> <span class='ocrx_word' id='word_1_264' title='bbox 1496 2239 1696 2293; x_wconf 86' lang='lat' dir='ltr'><strong>eadem</strong></span> 
     </span>
    </p>
   </div>
   <div class='ocr_carea' id='block_1_39' title="bbox 65 2325 1701 2400">
    <p class='ocr_par' dir='ltr' id='par_1_39' title="bbox 65 2325 1701 2400">
     <span class='ocr_line' id='line_1_39' title="bbox 65 2325 1701 2400; baseline -0.001 -19"><span class='ocrx_word' id='word_1_265' title='bbox 65 2328 277 2400; x_wconf 76' lang='lat' dir='ltr'><strong>lympha</strong></span> <span class='ocrx_word' id='word_1_266' title='bbox 307 2327 544 2400; x_wconf 87' lang='lat' dir='ltr'><strong>plenam</strong></span> <span class='ocrx_word' id='word_1_267' title='bbox 581 2327 794 2383; x_wconf 82' lang='lat' dir='ltr'><strong>deferri</strong></span> <span class='ocrx_word' id='word_1_268' title='bbox 817 2326 1021 2398; x_wconf 81' lang='lat' dir='ltr'><strong>jussit,</strong></span> <span class='ocrx_word' id='word_1_269' title='bbox 1048 2343 1315 2398; x_wconf 89' lang='lat' dir='ltr'><strong>equoque</strong></span> <span class='ocrx_word' id='word_1_270' title='bbox 1345 2325 1701 2391; x_wconf 82' lang='lat' dir='ltr'><strong>insidens,et</strong></span> 
     </span>
    </p>
   </div>
   <div class='ocr_carea' id='block_1_40' title="bbox 67 2415 1700 2490">
    <p class='ocr_par' dir='ltr' id='par_1_40' title="bbox 67 2415 1700 2490">
     <span class='ocr_line' id='line_1_40' title="bbox 67 2415 1700 2490; baseline 0.001 -22"><span class='ocrx_word' id='word_1_271' title='bbox 67 2416 195 2471; x_wconf 79' lang='lat' dir='ltr'><strong>facta</strong></span> <span class='ocrx_word' id='word_1_272' title='bbox 223 2418 477 2490; x_wconf 79' lang='lat' dir='ltr'><strong>desuper</strong></span> <span class='ocrx_word' id='word_1_273' title='bbox 519 2417 712 2474; x_wconf 85' lang='lat' dir='ltr'><strong>crucis</strong></span> <span class='ocrx_word' id='word_1_274' title='bbox 753 2416 922 2488; x_wconf 82' lang='lat' dir='ltr'><strong>signo</strong></span> <span class='ocrx_word' id='word_1_275' title='bbox 975 2433 1078 2470; x_wconf 86' lang='lat' dir='ltr'><strong>vas</strong></span> <span class='ocrx_word' id='word_1_276' title='bbox 1110 2415 1351 2486; x_wconf 89' lang='lat' dir='ltr'><strong>accepit.</strong></span> <span class='ocrx_word' id='word_1_277' title='bbox 1380 2416 1484 2470; x_wconf 88' lang='lat' dir='ltr'><strong>Ast</strong></span> <span class='ocrx_word' id='word_1_278' title='bbox 1511 2431 1700 2485; x_wconf 88' lang='lat' dir='ltr'><strong>equus</strong></span> 
     </span>
    </p>
   </div>
   <div class='ocr_carea' id='block_1_41' title="bbox 67 2503 1700 2577">
    <p class='ocr_par' dir='ltr' id='par_1_41' title="bbox 67 2503 1700 2577">
     <span class='ocr_line' id='line_1_41' title="bbox 67 2503 1700 2577; baseline -0.001 -18"><span class='ocrx_word' id='word_1_279' title='bbox 67 2507 445 2566; x_wconf 77' lang='lat' dir='ltr'><strong>ferocissimus</strong></span> <span class='ocrx_word' id='word_1_280' title='bbox 477 2505 748 2577; x_wconf 77' lang='lat' dir='ltr'><strong>laganum</strong></span> <span class='ocrx_word' id='word_1_281' title='bbox 780 2504 1076 2562; x_wconf 86' lang='lat' dir='ltr'><strong>insolitam</strong></span> <span class='ocrx_word' id='word_1_282' title='bbox 1107 2520 1288 2574; x_wconf 87' lang='lat' dir='ltr'><strong>super</strong></span> <span class='ocrx_word' id='word_1_283' title='bbox 1336 2519 1398 2557; x_wconf 88' lang='lat' dir='ltr'><strong>se</strong></span> <span class='ocrx_word' id='word_1_284' title='bbox 1442 2503 1700 2558; x_wconf 87' lang='lat' dir='ltr'><strong>sentiens</strong></span> 
     </span>
    </p>
   </div>
   <div class='ocr_carea' id='block_1_42' title="bbox 55 2591 1702 2667">
    <p class='ocr_par' dir='ltr' id='par_1_42' title="bbox 55 2591 1702 2667">
     <span class='ocr_line' id='line_1_42' title="bbox 55 2591 1702 2667; baseline -0.002 -17"><span class='ocrx_word' id='word_1_285' title='bbox 55 2595 305 2664; x_wconf 61' lang='lat' dir='ltr'><strong>exsilivit,</strong></span> <span class='ocrx_word' id='word_1_286' title='bbox 339 2597 548 2667; x_wconf 86' lang='lat' dir='ltr'><strong>sicque</strong></span> <span class='ocrx_word' id='word_1_287' title='bbox 598 2612 702 2650; x_wconf 86' lang='lat' dir='ltr'><strong>vas</strong></span> <span class='ocrx_word' id='word_1_288' title='bbox 753 2598 816 2648; x_wconf 92' lang='lat' dir='ltr'><strong>ut</strong></span> <span class='ocrx_word' id='word_1_289' title='bbox 842 2592 1086 2665; x_wconf 83' lang='lat' dir='ltr'><strong>plenum</strong></span> <span class='ocrx_word' id='word_1_290' title='bbox 1138 2594 1329 2648; x_wconf 83' lang='lat' dir='ltr'><strong>fuerat</strong></span> <span class='ocrx_word' id='word_1_291' title='bbox 1373 2591 1498 2647; x_wconf 91' lang='lat' dir='ltr'><strong>solo</strong></span> <span class='ocrx_word' id='word_1_292' title='bbox 1530 2595 1702 2647; x_wconf 86' lang='lat' dir='ltr'><strong>tenus</strong></span> 
     </span>
    </p>
   </div>
   <div class='ocr_carea' id='block_1_43' title="bbox 65 2681 1700 2756">
    <p class='ocr_par' dir='ltr' id='par_1_43' title="bbox 65 2681 1700 2756">
     <span class='ocr_line' id='line_1_43' title="bbox 65 2681 1700 2756; baseline -0.003 -17"><span class='ocrx_word' id='word_1_293' title='bbox 65 2685 317 2756; x_wconf 84' lang='lat' dir='ltr'><strong>projecit:</strong></span> <span class='ocrx_word' id='word_1_294' title='bbox 355 2684 510 2741; x_wconf 84' lang='lat' dir='ltr'><strong>mira</strong></span> <span class='ocrx_word' id='word_1_295' title='bbox 543 2701 634 2740; x_wconf 83' lang='lat' dir='ltr'><strong>res</strong></span> <span class='ocrx_word' id='word_1_296' title='bbox 669 2701 680 2738; x_wconf 90' lang='lat'><strong>:</strong></span> <span class='ocrx_word' id='word_1_297' title='bbox 715 2700 815 2738; x_wconf 89' lang='lat' dir='ltr'><strong>vas</strong></span> <span class='ocrx_word' id='word_1_298' title='bbox 846 2683 1002 2737; x_wconf 89' lang='lat' dir='ltr'><strong>enim</strong></span> <span class='ocrx_word' id='word_1_299' title='bbox 1037 2686 1101 2736; x_wconf 89' lang='lat' dir='ltr'><strong>ut</strong></span> <span class='ocrx_word' id='word_1_300' title='bbox 1129 2681 1366 2752; x_wconf 87' lang='lat' dir='ltr'><strong>plenum</strong></span> <span class='ocrx_word' id='word_1_301' title='bbox 1404 2681 1610 2747; x_wconf 86' lang='lat' dir='ltr'><strong>fuerat,</strong></span> <span class='ocrx_word' id='word_1_302' title='bbox 1633 2696 1700 2735; x_wconf 87' lang='lat' dir='ltr'><strong>ac</strong></span> 
     </span>
    </p>
   </div>
   <div class='ocr_carea' id='block_1_44' title="bbox 57 2768 1698 2843">
    <p class='ocr_par' dir='ltr' id='par_1_44' title="bbox 57 2768 1698 2843">
     <span class='ocr_line' id='line_1_44' title="bbox 57 2768 1698 2843; baseline -0.002 -18"><span class='ocrx_word' id='word_1_303' title='bbox 57 2773 102 2826; x_wconf 76' lang='lat' dir='ltr'><strong>si</strong></span> <span class='ocrx_word' id='word_1_304' title='bbox 155 2775 427 2832; x_wconf 84' lang='lat' dir='ltr'><strong>manibus</strong></span> <span class='ocrx_word' id='word_1_305' title='bbox 479 2773 690 2829; x_wconf 87' lang='lat' dir='ltr'><strong>leniter</strong></span> <span class='ocrx_word' id='word_1_306' title='bbox 743 2773 1152 2843; x_wconf 85' lang='lat' dir='ltr'><strong>deponeretur,</strong></span> <span class='ocrx_word' id='word_1_307' title='bbox 1199 2785 1376 2841; x_wconf 85' lang='lat' dir='ltr'><strong>super</strong></span> <span class='ocrx_word' id='word_1_308' title='bbox 1426 2768 1698 2824; x_wconf 79' lang='lat' dir='ltr'><strong>tellurem</strong></span> 
     </span>
    </p>
   </div>
   <div class='ocr_carea' id='block_1_45' title="bbox 63 2856 1697 2933">
    <p class='ocr_par' dir='ltr' id='par_1_45' title="bbox 63 2856 1697 2933">
     <span class='ocr_line' id='line_1_45' title="bbox 63 2856 1697 2933; baseline -0.004 -15"><span class='ocrx_word' id='word_1_309' title='bbox 63 2862 274 2927; x_wconf 77' lang='lat' dir='ltr'><strong>nesed-it,</strong></span> <span class='ocrx_word' id='word_1_310' title='bbox 309 2866 368 2917; x_wconf 90' lang='lat' dir='ltr'><strong>et</strong></span> <span class='ocrx_word' id='word_1_311' title='bbox 397 2877 586 2933; x_wconf 85' lang='lat' dir='ltr'><strong>aquas</strong></span> <span class='ocrx_word' id='word_1_312' title='bbox 619 2860 677 2916; x_wconf 90' lang='lat' dir='ltr'><strong>in</strong></span> <span class='ocrx_word' id='word_1_313' title='bbox 701 2877 857 2926; x_wconf 89' lang='lat' dir='ltr'><strong>.sese,</strong></span> <span class='ocrx_word' id='word_1_314' title='bbox 889 2875 962 2914; x_wconf 88' lang='lat' dir='ltr'><strong>ne</strong></span> <span class='ocrx_word' id='word_1_315' title='bbox 1005 2862 1401 2932; x_wconf 85' lang='lat' dir='ltr'><strong>vergerentur,</strong></span> <span class='ocrx_word' id='word_1_316' title='bbox 1436 2856 1697 2914; x_wconf 81' lang='lat' dir='ltr'><strong>retinuit.</strong></span> 
     </span>
    </p>
   </div>
   <div class='ocr_carea' id='block_1_46' title="bbox 65 2946 1697 3020">
    <p class='ocr_par' dir='ltr' id='par_1_46' title="bbox 65 2946 1697 3020">
     <span class='ocr_line' id='line_1_46' title="bbox 65 2946 1697 3020; baseline -0.004 -14"><span class='ocrx_word' id='word_1_317' title='bbox 65 2949 232 3006; x_wconf 78' lang='lat' dir='ltr'><strong>Mirati</strong></span> <span class='ocrx_word' id='word_1_318' title='bbox 258 2954 402 3009; x_wconf 79' lang='lat' dir='ltr'><strong>sunt</strong></span> <span class='ocrx_word' id='word_1_319' title='bbox 432 2965 640 3006; x_wconf 86' lang='lat' dir='ltr'><strong>omnes</strong></span> <span class='ocrx_word' id='word_1_320' title='bbox 662 2949 764 3020; x_wconf 75' lang='lat' dir='ltr'><strong>qui</strong></span> <span class='ocrx_word' id='word_1_321' title='bbox 794 2949 1057 3004; x_wconf 83' lang='lat' dir='ltr'><strong>aderant.</strong></span> <span class='ocrx_word' id='word_1_322' title='bbox 1084 2948 1246 3003; x_wconf 85' lang='lat' dir='ltr'><strong>Idem</strong></span> <span class='ocrx_word' id='word_1_323' title='bbox 1276 2963 1511 3020; x_wconf 91' lang='lat' dir='ltr'><strong>quoque</strong></span> <span class='ocrx_word' id='word_1_324' title='bbox 1542 2946 1697 3018; x_wconf 86' lang='lat' dir='ltr'><strong>lym-</strong></span> 
     </span>
    </p>
   </div>
   <div class='ocr_carea' id='block_1_47' title="bbox 61 3035 1699 3108">
    <p class='ocr_par' dir='ltr' id='par_1_47' title="bbox 61 3035 1699 3108">
     <span class='ocr_line' id='line_1_47' title="bbox 61 3035 1699 3108; baseline -0.002 -15"><span class='ocrx_word' id='word_1_325' title='bbox 61 3037 219 3108; x_wconf 76' lang='lat' dir='ltr'><strong>pham</strong></span> <span class='ocrx_word' id='word_1_326' title='bbox 249 3039 324 3096; x_wconf 84' lang='lat' dir='ltr'><strong>ad</strong></span> <span class='ocrx_word' id='word_1_327' title='bbox 355 3054 425 3094; x_wconf 84' lang='lat' dir='ltr'><strong>se</strong></span> <span class='ocrx_word' id='word_1_328' title='bbox 451 3039 695 3094; x_wconf 83' lang='lat' dir='ltr'><strong>domum</strong></span> <span class='ocrx_word' id='word_1_329' title='bbox 731 3037 1006 3108; x_wconf 87' lang='lat' dir='ltr'><strong>reportari</strong></span> <span class='ocrx_word' id='word_1_330' title='bbox 1031 3035 1240 3107; x_wconf 85' lang='lat' dir='ltr'><strong>jussit,</strong></span> <span class='ocrx_word' id='word_1_331' title='bbox 1267 3040 1326 3090; x_wconf 89' lang='lat' dir='ltr'><strong>et</strong></span> <span class='ocrx_word' id='word_1_332' title='bbox 1355 3051 1567 3091; x_wconf 90' lang='lat' dir='ltr'><strong>nomen</strong></span> <span class='ocrx_word' id='word_1_333' title='bbox 1593 3035 1699 3090; x_wconf 87' lang='lat' dir='ltr'><strong>Do-</strong></span> 
     </span>
    </p>
   </div>
   <div class='ocr_carea' id='block_1_48' title="bbox 65 3124 1702 3195">
    <p class='ocr_par' dir='ltr' id='par_1_48' title="bbox 65 3124 1702 3195">
     <span class='ocr_line' id='line_1_48' title="bbox 65 3124 1702 3195; baseline 0 -17"><span class='ocrx_word' id='word_1_334' title='bbox 65 3126 189 3182; x_wconf 85' lang='lat' dir='ltr'><strong>mini</strong></span> <span class='ocrx_word' id='word_1_335' title='bbox 243 3126 602 3184; x_wconf 84' lang='lat' dir='ltr'><strong>benedicens</strong></span> <span class='ocrx_word' id='word_1_336' title='bbox 655 3124 1157 3184; x_wconf 81' lang='lat' dir='ltr'><strong>sufﬁcieutissime</strong></span> <span class='ocrx_word' id='word_1_337' title='bbox 1211 3124 1428 3192; x_wconf 86' lang='lat' dir='ltr'><strong>hausit,</strong></span> <span class='ocrx_word' id='word_1_338' title='bbox 1476 3140 1702 3195; x_wconf 89' lang='lat' dir='ltr'><strong>suoque</strong></span> 
     </span>
    </p>
   </div>
   <div class='ocr_carea' id='block_1_49' title="bbox 55 3199 1774 3289">
    <p class='ocr_par' dir='ltr' id='par_1_49' title="bbox 55 3199 1774 3289">
     <span class='ocr_line' id='line_1_49' title="bbox 55 3199 1774 3289; baseline -0.003 -18"><span class='ocrx_word' id='word_1_339' title='bbox 55 3215 388 3289; x_wconf 70' lang='lat' dir='ltr'><strong>coepiscopo</strong></span> <span class='ocrx_word' id='word_1_340' title='bbox 414 3219 474 3272; x_wconf 89' lang='lat' dir='ltr'><strong>et</strong></span> <span class='ocrx_word' id='word_1_341' title='bbox 497 3213 739 3286; x_wconf 78' lang='lat' dir='ltr'><strong>reliquis</strong></span> <span class='ocrx_word' id='word_1_342' title='bbox 765 3213 876 3270; x_wconf 87' lang='lat' dir='ltr'><strong>hoc</strong></span> <span class='ocrx_word' id='word_1_343' title='bbox 903 3213 1335 3272; x_wconf 83' lang='lat' dir='ltr'><strong>admirantibus</strong></span> <span class='ocrx_word' id='word_1_344' title='bbox 1383 3212 1698 3271; x_wconf 87' lang='lat' dir='ltr'><strong>bibendam</strong></span> <span class='ocrx_word' id='word_1_345' title='bbox 1733 3199 1774 3265; x_wconf 86' lang='lat' dir='ltr'>C</span> 
     </span>
    </p>
   </div>
   <div class='ocr_carea' id='block_1_50' title="bbox 59 3298 1704 3372">
    <p class='ocr_par' dir='ltr' id='par_1_50' title="bbox 59 3298 1704 3372">
     <span class='ocr_line' id='line_1_50' title="bbox 59 3298 1704 3372; baseline 0 -16"><span class='ocrx_word' id='word_1_346' title='bbox 59 3302 224 3360; x_wconf 74' lang='lat' dir='ltr'><strong>dedit.</strong></span> <span class='ocrx_word' id='word_1_347' title='bbox 251 3305 370 3362; x_wconf 74' lang='lat' dir='ltr'><strong>Hoc</strong></span> <span class='ocrx_word' id='word_1_348' title='bbox 414 3302 695 3363; x_wconf 65' lang='lat' dir='ltr'><strong>meritum</strong></span> <span class='ocrx_word' id='word_1_349' title='bbox 745 3301 926 3360; x_wconf 81' lang='lat' dir='ltr'><strong>fuisse</strong></span> <span class='ocrx_word' id='word_1_350' title='bbox 974 3300 1270 3372; x_wconf 87' lang='lat' dir='ltr'><strong>pontiﬁcis</strong></span> <span class='ocrx_word' id='word_1_351' title='bbox 1319 3298 1612 3365; x_wconf 87' lang='lat' dir='ltr'><strong>Herifridi,</strong></span> <span class='ocrx_word' id='word_1_352' title='bbox 1645 3303 1704 3356; x_wconf 89' lang='lat' dir='ltr'><strong>et</strong></span> 
     </span>
    </p>
   </div>
   <div class='ocr_carea' id='block_1_51' title="bbox 57 3387 1702 3460">
    <p class='ocr_par' dir='ltr' id='par_1_51' title="bbox 57 3387 1702 3460">
     <span class='ocr_line' id='line_1_51' title="bbox 57 3387 1702 3460; baseline -0.001 -16"><span class='ocrx_word' id='word_1_353' title='bbox 57 3391 265 3454; x_wconf 78' lang='lat' dir='ltr'><strong>domini</strong></span> <span class='ocrx_word' id='word_1_354' title='bbox 298 3392 537 3449; x_wconf 75' lang='lat' dir='ltr'><strong>Rithuei</strong></span> <span class='ocrx_word' id='word_1_355' title='bbox 571 3406 744 3450; x_wconf 80' lang='lat' dir='ltr'><strong>nemo</strong></span> <span class='ocrx_word' id='word_1_356' title='bbox 775 3406 984 3450; x_wconf 80' lang='lat' dir='ltr'><strong>sanum</strong></span> <span class='ocrx_word' id='word_1_357' title='bbox 1015 3389 1252 3460; x_wconf 81' lang='lat' dir='ltr'><strong>sapiens</strong></span> <span class='ocrx_word' id='word_1_358' title='bbox 1298 3387 1544 3444; x_wconf 89' lang='lat' dir='ltr'><strong>dubitet.</strong></span> <span class='ocrx_word' id='word_1_359' title='bbox 1579 3387 1702 3443; x_wconf 69' lang='lat' dir='ltr'><strong>Gae-</strong></span> 
     </span>
    </p>
   </div>
   <div class='ocr_carea' id='block_1_52' title="bbox 66 3475 1706 3554">
    <p class='ocr_par' dir='ltr' id='par_1_52' title="bbox 66 3475 1706 3554">
     <span class='ocr_line' id='line_1_52' title="bbox 66 3475 1706 3554; baseline -0.001 -20"><span class='ocrx_word' id='word_1_360' title='bbox 66 3484 231 3542; x_wconf 78' lang='lat' dir='ltr'><strong>terum</strong></span> <span class='ocrx_word' id='word_1_361' title='bbox 249 3487 389 3554; x_wconf 69' lang='lat' dir='ltr'><strong>post</strong></span> <span class='ocrx_word' id='word_1_362' title='bbox 417 3479 595 3552; x_wconf 81' lang='lat' dir='ltr'><strong>longa</strong></span> <span class='ocrx_word' id='word_1_363' title='bbox 624 3479 776 3536; x_wconf 79' lang='lat' dir='ltr'><strong>inter</strong></span> <span class='ocrx_word' id='word_1_364' title='bbox 806 3495 870 3536; x_wconf 87' lang='lat' dir='ltr'><strong>se</strong></span> <span class='ocrx_word' id='word_1_365' title='bbox 911 3477 1187 3536; x_wconf 68' lang='lat' dir='ltr'><strong>stramina</strong></span> <span class='ocrx_word' id='word_1_366' title='bbox 1218 3481 1281 3534; x_wconf 85' lang='lat' dir='ltr'><strong>et</strong></span> <span class='ocrx_word' id='word_1_367' title='bbox 1331 3475 1526 3532; x_wconf 84' lang='lat' dir='ltr'><strong>dulcia</strong></span> <span class='ocrx_word' id='word_1_368' title='bbox 1555 3475 1706 3532; x_wconf 81' lang='lat' dir='ltr'><strong>inter</strong></span> 
     </span>
    </p>
   </div>
   <div class='ocr_carea' id='block_1_53' title="bbox 63 3565 1368 3639">
    <p class='ocr_par' dir='ltr' id='par_1_53' title="bbox 63 3565 1368 3639">
     <span class='ocr_line' id='line_1_53' title="bbox 63 3565 1368 3639; baseline -0.003 -15"><span class='ocrx_word' id='word_1_369' title='bbox 63 3573 277 3628; x_wconf 77' lang='lat' dir='ltr'><strong>sanctos</strong></span> <span class='ocrx_word' id='word_1_370' title='bbox 308 3567 537 3636; x_wconf 66' lang='lat' dir='ltr'><strong>oscine,</strong></span> <span class='ocrx_word' id='word_1_371' title='bbox 570 3567 793 3639; x_wconf 70' lang='lat' dir='ltr'><strong>quique</strong></span> <span class='ocrx_word' id='word_1_372' title='bbox 821 3566 1121 3624; x_wconf 74' lang='lat' dir='ltr'><strong>redierunt</strong></span> <span class='ocrx_word' id='word_1_373' title='bbox 1147 3565 1210 3620; x_wconf 78' lang='lat' dir='ltr'><strong>in</strong></span> <span class='ocrx_word' id='word_1_374' title='bbox 1244 3581 1368 3622; x_wconf 89' lang='lat' dir='ltr'><strong>sua.</strong></span> 
     </span>
    </p>
   </div>
   <div class='ocr_carea' id='block_1_54' title="bbox 121 3653 1704 3737">
    <p class='ocr_par' dir='ltr' id='par_1_54' title="bbox 121 3653 1704 3737">
     <span class='ocr_line' id='line_1_54' title="bbox 121 3653 1704 3737; baseline -0.002 -26"><span class='ocrx_word' id='word_1_375' title='bbox 121 3659 377 3737; x_wconf 69' lang='lat' dir='ltr'><strong>Cumque</strong></span> <span class='ocrx_word' id='word_1_376' title='bbox 407 3657 484 3718; x_wconf 83' lang='lat' dir='ltr'><strong>ad</strong></span> <span class='ocrx_word' id='word_1_377' title='bbox 517 3656 771 3712; x_wconf 71' lang='lat' dir='ltr'><strong>civitatis</strong></span> <span class='ocrx_word' id='word_1_378' title='bbox 804 3655 1018 3712; x_wconf 65' lang='lat' dir='ltr'><strong>moenia</strong></span> <span class='ocrx_word' id='word_1_379' title='bbox 1047 3654 1324 3712; x_wconf 87' lang='lat' dir='ltr'><strong>dominus</strong></span> <span class='ocrx_word' id='word_1_380' title='bbox 1375 3653 1704 3710; x_wconf 84' lang='lat' dir='ltr'><strong>Herifridus</strong></span> 
     </span>
    </p>
   </div>
   <div class='ocr_carea' id='block_1_55' title="bbox 63 3742 1704 3819">
    <p class='ocr_par' dir='ltr' id='par_1_55' title="bbox 63 3742 1704 3819">
     <span class='ocr_line' id='line_1_55' title="bbox 63 3742 1704 3819; baseline -0.003 -19"><span class='ocrx_word' id='word_1_381' title='bbox 63 3746 230 3804; x_wconf 82' lang='lat' dir='ltr'><strong>redire</strong></span> <span class='ocrx_word' id='word_1_382' title='bbox 254 3747 620 3819; x_wconf 80' lang='lat' dir='ltr'><strong>disponeret,</strong></span> <span class='ocrx_word' id='word_1_383' title='bbox 654 3745 1000 3816; x_wconf 77' lang='lat' dir='ltr'><strong>deprecatus</strong></span> <span class='ocrx_word' id='word_1_384' title='bbox 1031 3746 1120 3798; x_wconf 89' lang='lat' dir='ltr'><strong>est</strong></span> <span class='ocrx_word' id='word_1_385' title='bbox 1147 3745 1276 3813; x_wconf 86' lang='lat' dir='ltr'><strong>ejus</strong></span> <span class='ocrx_word' id='word_1_386' title='bbox 1324 3742 1704 3812; x_wconf 74' lang='lat' dir='ltr'><strong>magniﬁcen—</strong></span> 
     </span>
    </p>
   </div>
   <div class='ocr_carea' id='block_1_56' title="bbox 63 3829 1708 3902">
    <p class='ocr_par' dir='ltr' id='par_1_56' title="bbox 63 3829 1708 3902">
     <span class='ocr_line' id='line_1_56' title="bbox 63 3829 1708 3902; baseline 0.001 -16"><span class='ocrx_word' id='word_1_387' title='bbox 63 3834 191 3890; x_wconf 82' lang='lat' dir='ltr'><strong>tiam</strong></span> <span class='ocrx_word' id='word_1_388' title='bbox 221 3835 705 3896; x_wconf 74' lang='lat' dir='ltr'><strong>Hermembertus</strong></span> <span class='ocrx_word' id='word_1_389' title='bbox 738 3832 821 3887; x_wconf 78' lang='lat' dir='ltr'><strong>illi</strong></span> <span class='ocrx_word' id='word_1_390' title='bbox 854 3831 1255 3898; x_wconf 85' lang='lat' dir='ltr'><strong>ﬁdelissimus,</strong></span> <span class='ocrx_word' id='word_1_391' title='bbox 1279 3847 1393 3902; x_wconf 90' lang='lat' dir='ltr'><strong>quo</strong></span> <span class='ocrx_word' id='word_1_392' title='bbox 1425 3830 1485 3888; x_wconf 91' lang='lat' dir='ltr'><strong>in</strong></span> <span class='ocrx_word' id='word_1_393' title='bbox 1525 3829 1708 3887; x_wconf 80' lang='lat' dir='ltr'><strong>eccle—</strong></span> 
     </span>
    </p>
   </div>
   <div class='ocr_carea' id='block_1_57' title="bbox 64 3919 1710 3993">
    <p class='ocr_par' dir='ltr' id='par_1_57' title="bbox 64 3919 1710 3993">
     <span class='ocr_line' id='line_1_57' title="bbox 64 3919 1710 3993; baseline -0.001 -19"><span class='ocrx_word' id='word_1_394' title='bbox 64 3921 196 3979; x_wconf 75' lang='lat' dir='ltr'><strong>siam</strong></span> <span class='ocrx_word' id='word_1_395' title='bbox 223 3923 416 3986; x_wconf 58' lang='lat' dir='ltr'><strong>aucti</strong></span> <span class='ocrx_word' id='word_1_396' title='bbox 448 3923 692 3978; x_wconf 77' lang='lat' dir='ltr'><strong>Andreas</strong></span> <span class='ocrx_word' id='word_1_397' title='bbox 723 3938 851 3993; x_wconf 82' lang='lat' dir='ltr'><strong>quae</strong></span> <span class='ocrx_word' id='word_1_398' title='bbox 879 3925 972 3978; x_wconf 86' lang='lat' dir='ltr'><strong>est</strong></span> <span class='ocrx_word' id='word_1_399' title='bbox 1001 3921 1059 3974; x_wconf 85' lang='lat' dir='ltr'><strong>in</strong></span> <span class='ocrx_word' id='word_1_400' title='bbox 1089 3919 1376 3992; x_wconf 87' lang='lat' dir='ltr'><strong>Gurgiaco</strong></span> <span class='ocrx_word' id='word_1_401' title='bbox 1428 3936 1496 3976; x_wconf 82' lang='lat' dir='ltr'><strong>ea</strong></span> <span class='ocrx_word' id='word_1_402' title='bbox 1539 3923 1710 3977; x_wconf 88' lang='lat' dir='ltr'><strong>nocte</strong></span> 
     </span>
    </p>
   </div>
   <div class='ocr_carea' id='block_1_58' title="bbox 71 4007 1706 4080">
    <p class='ocr_par' dir='ltr' id='par_1_58' title="bbox 71 4007 1706 4080">
     <span class='ocr_line' id='line_1_58' title="bbox 71 4007 1706 4080; baseline -0.002 -16"><span class='ocrx_word' id='word_1_403' title='bbox 71 4017 385 4074; x_wconf 68' lang='lat' dir='ltr'><strong>moraturus</strong></span> <span class='ocrx_word' id='word_1_404' title='bbox 411 4010 840 4075; x_wconf 57' lang='lat' dir='ltr'><strong>secederetmii</strong></span> <span class='ocrx_word' id='word_1_405' title='bbox 869 4008 930 4064; x_wconf 81' lang='lat' dir='ltr'><strong>id</strong></span> <span class='ocrx_word' id='word_1_406' title='bbox 963 4009 1118 4080; x_wconf 86' lang='lat' dir='ltr'><strong>quod</strong></span> <span class='ocrx_word' id='word_1_407' title='bbox 1143 4009 1376 4080; x_wconf 84' lang='lat' dir='ltr'><strong>petebat</strong></span> <span class='ocrx_word' id='word_1_408' title='bbox 1393 4007 1706 4064; x_wconf 86' lang='lat' dir='ltr'><strong>concessit.</strong></span> 
     </span>
    </p>
   </div>
   <div class='ocr_carea' id='block_1_59' title="bbox 67 4097 1708 4169">
    <p class='ocr_par' dir='ltr' id='par_1_59' title="bbox 67 4097 1708 4169">
     <span class='ocr_line' id='line_1_59' title="bbox 67 4097 1708 4169; baseline 0 -17"><span class='ocrx_word' id='word_1_409' title='bbox 67 4097 155 4154; x_wconf 84' lang='lat' dir='ltr'><strong>Ubi</strong></span> <span class='ocrx_word' id='word_1_410' title='bbox 180 4113 246 4156; x_wconf 86' lang='lat' dir='ltr'><strong>ea</strong></span> <span class='ocrx_word' id='word_1_411' title='bbox 266 4101 368 4160; x_wconf 75' lang='lat' dir='ltr'><strong>die</strong></span> <span class='ocrx_word' id='word_1_412' title='bbox 399 4104 674 4160; x_wconf 75' lang='lat' dir='ltr'><strong>moratus</strong></span> <span class='ocrx_word' id='word_1_413' title='bbox 704 4102 824 4164; x_wconf 83' lang='lat' dir='ltr'><strong>est;</strong></span> <span class='ocrx_word' id='word_1_414' title='bbox 845 4115 1102 4169; x_wconf 82' lang='lat' dir='ltr'><strong>cumque</strong></span> <span class='ocrx_word' id='word_1_415' title='bbox 1126 4113 1196 4154; x_wconf 90' lang='lat' dir='ltr'><strong>ea</strong></span> <span class='ocrx_word' id='word_1_416' title='bbox 1225 4113 1353 4168; x_wconf 70' lang='lat' dir='ltr'><strong>quae</strong></span> <span class='ocrx_word' id='word_1_417' title='bbox 1373 4097 1708 4168; x_wconf 88' lang='lat' dir='ltr'><strong>pontiﬁcem</strong></span> 
     </span>
    </p>
   </div>
   <div class='ocr_carea' id='block_1_60' title="bbox 67 4186 1708 4261">
    <p class='ocr_par' dir='ltr' id='par_1_60' title="bbox 67 4186 1708 4261">
     <span class='ocr_line' id='line_1_60' title="bbox 67 4186 1708 4261; baseline 0.001 -21"><span class='ocrx_word' id='word_1_418' title='bbox 67 4186 306 4256; x_wconf 69' lang='lat' dir='ltr'><strong>decebat,</strong></span> <span class='ocrx_word' id='word_1_419' title='bbox 340 4189 624 4261; x_wconf 79' lang='lat' dir='ltr'><strong>praefatus</strong></span> <span class='ocrx_word' id='word_1_420' title='bbox 683 4187 1162 4247; x_wconf 79' lang='lat' dir='ltr'><strong>Hermembertus</strong></span> <span class='ocrx_word' id='word_1_421' title='bbox 1213 4189 1584 4257; x_wconf 70' lang='lat' dir='ltr'><strong>praepararet,</strong></span> <span class='ocrx_word' id='word_1_422' title='bbox 1617 4201 1708 4242; x_wconf 82' lang='lat' dir='ltr'><strong>re-</strong></span> 
     </span>
    </p>
   </div>
   <div class='ocr_carea' id='block_1_61' title="bbox 67 4273 1711 4348">
    <p class='ocr_par' dir='ltr' id='par_1_61' title="bbox 67 4273 1711 4348">
     <span class='ocr_line' id='line_1_61' title="bbox 67 4273 1711 4348; baseline -0.004 -14"><span class='ocrx_word' id='word_1_423' title='bbox 67 4283 220 4346; x_wconf 69' lang='lat' dir='ltr'><strong>pente</strong></span> <span class='ocrx_word' id='word_1_424' title='bbox 243 4277 508 4338; x_wconf 48' lang='lat' dir='ltr'><strong>{dudum</strong></span> <span class='ocrx_word' id='word_1_425' title='bbox 538 4292 752 4348; x_wconf 78' lang='lat' dir='ltr'><strong>vapore</strong></span> <span class='ocrx_word' id='word_1_426' title='bbox 781 4274 865 4335; x_wconf 86' lang='lat' dir='ltr'><strong>sic</strong></span> <span class='ocrx_word' id='word_1_427' title='bbox 897 4291 1179 4335; x_wconf 81' lang='lat' dir='ltr'><strong>accensus</strong></span> <span class='ocrx_word' id='word_1_428' title='bbox 1208 4279 1320 4346; x_wconf 87' lang='lat' dir='ltr'><strong>est,</strong></span> <span class='ocrx_word' id='word_1_429' title='bbox 1334 4278 1402 4330; x_wconf 84' lang='lat' dir='ltr'><strong>ut</strong></span> <span class='ocrx_word' id='word_1_430' title='bbox 1431 4273 1573 4330; x_wconf 91' lang='lat' dir='ltr'><strong>nihil</strong></span> <span class='ocrx_word' id='word_1_431' title='bbox 1597 4273 1711 4330; x_wconf 88' lang='lat' dir='ltr'><strong>nisi</strong></span> 
     </span>
    </p>
   </div>
   <div class='ocr_carea' id='block_1_62' title="bbox 69 4361 1710 4434">
    <p class='ocr_par' dir='ltr' id='par_1_62' title="bbox 69 4361 1710 4434">
     <span class='ocr_line' id='line_1_62' title="bbox 69 4361 1710 4434; baseline 0 -16"><span class='ocrx_word' id='word_1_432' title='bbox 69 4362 334 4426; x_wconf 66' lang='lat' dir='ltr'><strong>fervorem</strong></span> <span class='ocrx_word' id='word_1_433' title='bbox 359 4365 629 4427; x_wconf 69' lang='lat' dir='ltr'><strong>sentiret.</strong></span> <span class='ocrx_word' id='word_1_434' title='bbox 661 4365 825 4432; x_wconf 82' lang='lat' dir='ltr'><strong>Quod</strong></span> <span class='ocrx_word' id='word_1_435' title='bbox 877 4363 1203 4422; x_wconf 84' lang='lat' dir='ltr'><strong>Herifridus</strong></span> <span class='ocrx_word' id='word_1_436' title='bbox 1228 4361 1518 4434; x_wconf 87' lang='lat' dir='ltr'><strong>gloriosus</strong></span> <span class='ocrx_word' id='word_1_437' title='bbox 1554 4361 1710 4433; x_wconf 65' lang='lat' dir='ltr'><strong>aspr-</strong></span> 
     </span>
    </p>
   </div>
   <div class='ocr_carea' id='block_1_63' title="bbox 73 4449 1712 4523">
    <p class='ocr_par' dir='ltr' id='par_1_63' title="bbox 73 4449 1712 4523">
     <span class='ocr_line' id='line_1_63' title="bbox 73 4449 1712 4523; baseline 0.001 -16"><span class='ocrx_word' id='word_1_438' title='bbox 73 4452 234 4520; x_wconf 69' lang='lat' dir='ltr'><strong>ciam,</strong></span> <span class='ocrx_word' id='word_1_439' title='bbox 264 4454 536 4516; x_wconf 64' lang='lat' dir='ltr'><strong>invocato</strong></span> <span class='ocrx_word' id='word_1_440' title='bbox 567 4451 805 4512; x_wconf 75' lang='lat' dir='ltr'><strong>neruine</strong></span> <span class='ocrx_word' id='word_1_441' title='bbox 852 4451 1106 4519; x_wconf 87' lang='lat' dir='ltr'><strong>Domini,</strong></span> <span class='ocrx_word' id='word_1_442' title='bbox 1141 4467 1212 4508; x_wconf 90' lang='lat' dir='ltr'><strong>ne</strong></span> <span class='ocrx_word' id='word_1_443' title='bbox 1257 4449 1514 4523; x_wconf 78' lang='lat' dir='ltr'><strong>amplius</strong></span> <span class='ocrx_word' id='word_1_444' title='bbox 1560 4451 1712 4508; x_wconf 86' lang='lat' dir='ltr'><strong>hanc</strong></span> 
     </span>
    </p>
   </div>
   <div class='ocr_carea' id='block_1_64' title="bbox 1805 1884 3461 1957">
    <p class='ocr_par' dir='ltr' id='par_1_64' title="bbox 1805 1884 3461 1957">
     <span class='ocr_line' id='line_1_64' title="bbox 1805 1884 3461 1957; baseline 0.002 -18"><span class='ocrx_word' id='word_1_445' title='bbox 1805 1884 1984 1957; x_wconf 84' lang='lat' dir='ltr'><strong>virgis</strong></span> <span class='ocrx_word' id='word_1_446' title='bbox 2015 1890 2116 1941; x_wconf 89' lang='lat' dir='ltr'><strong>aut</strong></span> <span class='ocrx_word' id='word_1_447' title='bbox 2147 1887 2354 1943; x_wconf 88' lang='lat' dir='ltr'><strong>baculo</strong></span> <span class='ocrx_word' id='word_1_448' title='bbox 2387 1887 3080 1954; x_wconf 71' lang='lat' dir='ltr'><strong>cmderentur,=exclusam</strong></span> <span class='ocrx_word' id='word_1_449' title='bbox 3101 1905 3230 1944; x_wconf 87' lang='lat' dir='ltr'><strong>esse</strong></span> <span class='ocrx_word' id='word_1_450' title='bbox 3263 1888 3461 1944; x_wconf 88' lang='lat' dir='ltr'><strong>formi-</strong></span> 
     </span>
    </p>
   </div>
   <div class='ocr_carea' id='block_1_65' title="bbox 1807 1974 3460 2048">
    <p class='ocr_par' dir='ltr' id='par_1_65' title="bbox 1807 1974 3460 2048">
     <span class='ocr_line' id='line_1_65' title="bbox 1807 1974 3460 2048; baseline 0.003 -21"><span class='ocrx_word' id='word_1_451' title='bbox 1807 1974 2004 2029; x_wconf 89' lang='lat' dir='ltr'><strong>dinem</strong></span> <span class='ocrx_word' id='word_1_452' title='bbox 2035 1991 2048 2029; x_wconf 89' lang='lat'>:</span> <span class='ocrx_word' id='word_1_453' title='bbox 2085 1975 2363 2030; x_wconf 90' lang='lat' dir='ltr'><strong>omnibus</strong></span> <span class='ocrx_word' id='word_1_454' title='bbox 2405 1975 2620 2048; x_wconf 89' lang='lat' dir='ltr'><strong>quippe</strong></span> <span class='ocrx_word' id='word_1_455' title='bbox 2667 1977 2867 2032; x_wconf 88' lang='lat' dir='ltr'><strong>omnia</strong></span> <span class='ocrx_word' id='word_1_456' title='bbox 2916 1977 3106 2032; x_wconf 91' lang='lat' dir='ltr'><strong>factus</strong></span> <span class='ocrx_word' id='word_1_457' title='bbox 3135 1981 3256 2045; x_wconf 90' lang='lat' dir='ltr'><strong>est;</strong></span> <span class='ocrx_word' id='word_1_458' title='bbox 3291 1993 3460 2032; x_wconf 87' lang='lat' dir='ltr'><strong>senes</strong></span> 
     </span>
    </p>
   </div>
   <div class='ocr_carea' id='block_1_66' title="bbox 1796 2063 3463 2136">
    <p class='ocr_par' dir='ltr' id='par_1_66' title="bbox 1796 2063 3463 2136">
     <span class='ocr_line' id='line_1_66' title="bbox 1796 2063 3463 2136; baseline 0.002 -19"><span class='ocrx_word' id='word_1_459' title='bbox 1796 2063 1964 2117; x_wconf 82' lang='lat' dir='ltr'><strong>enim</strong></span> <span class='ocrx_word' id='word_1_460' title='bbox 1985 2063 2058 2118; x_wconf 89' lang='lat' dir='ltr'><strong>ad</strong></span> <span class='ocrx_word' id='word_1_461' title='bbox 2082 2063 2310 2134; x_wconf 86' lang='lat' dir='ltr'><strong>potiora</strong></span> <span class='ocrx_word' id='word_1_462' title='bbox 2339 2081 2446 2119; x_wconf 89' lang='lat' dir='ltr'><strong>suo</strong></span> <span class='ocrx_word' id='word_1_463' title='bbox 2479 2063 2764 2120; x_wconf 88' lang='lat' dir='ltr'><strong>invitabat</strong></span> <span class='ocrx_word' id='word_1_464' title='bbox 2794 2064 3322 2136; x_wconf 86' lang='lat' dir='ltr'><strong>exemplo,juvencs</strong></span> <span class='ocrx_word' id='word_1_465' title='bbox 3344 2065 3463 2136; x_wconf 87' lang='lat' dir='ltr'><strong>pla-</strong></span> 
     </span>
    </p>
   </div>
   <div class='ocr_carea' id='block_1_67' title="bbox 1807 2151 3459 2225">
    <p class='ocr_par' dir='ltr' id='par_1_67' title="bbox 1807 2151 3459 2225">
     <span class='ocr_line' id='line_1_67' title="bbox 1807 2151 3459 2225; baseline 0.001 -19"><span class='ocrx_word' id='word_1_466' title='bbox 1807 2151 1955 2218; x_wconf 85' lang='lat' dir='ltr'><strong>cido,</strong></span> <span class='ocrx_word' id='word_1_467' title='bbox 1981 2166 2050 2205; x_wconf 89' lang='lat' dir='ltr'><strong>ne</strong></span> <span class='ocrx_word' id='word_1_468' title='bbox 2081 2152 2436 2222; x_wconf 87' lang='lat' dir='ltr'><strong>desiperent,</strong></span> <span class='ocrx_word' id='word_1_469' title='bbox 2469 2152 2794 2225; x_wconf 87' lang='lat' dir='ltr'><strong>corrigebat</strong></span> <span class='ocrx_word' id='word_1_470' title='bbox 2837 2152 3090 2224; x_wconf 86' lang='lat' dir='ltr'><strong>eloquio,</strong></span> <span class='ocrx_word' id='word_1_471' title='bbox 3125 2153 3459 2208; x_wconf 86' lang='lat' dir='ltr'><strong>adolescen-</strong></span> 
     </span>
    </p>
   </div>
   <div class='ocr_carea' id='block_1_68' title="bbox 1807 2239 3461 2313">
    <p class='ocr_par' dir='ltr' id='par_1_68' title="bbox 1807 2239 3461 2313">
     <span class='ocr_line' id='line_1_68' title="bbox 1807 2239 3461 2313; baseline 0.001 -19"><span class='ocrx_word' id='word_1_472' title='bbox 1807 2243 1893 2294; x_wconf 88' lang='lat' dir='ltr'><strong>tes</strong></span> <span class='ocrx_word' id='word_1_473' title='bbox 1926 2239 2158 2310; x_wconf 90' lang='lat' dir='ltr'><strong>pietatis</strong></span> <span class='ocrx_word' id='word_1_474' title='bbox 2183 2257 2426 2296; x_wconf 77' lang='lat' dir='ltr'><strong>summas</strong></span> <span class='ocrx_word' id='word_1_475' title='bbox 2458 2242 2832 2297; x_wconf 84' lang='lat' dir='ltr'><strong>sustentabat</strong></span> <span class='ocrx_word' id='word_1_476' title='bbox 2879 2242 3123 2313; x_wconf 87' lang='lat' dir='ltr'><strong>gremio,</strong></span> <span class='ocrx_word' id='word_1_477' title='bbox 3155 2241 3363 2296; x_wconf 90' lang='lat' dir='ltr'><strong>divites</strong></span> <span class='ocrx_word' id='word_1_478' title='bbox 3389 2246 3461 2296; x_wconf 76' lang='lat' dir='ltr'><strong>ut</strong></span> 
     </span>
    </p>
   </div>
   <div class='ocr_carea' id='block_1_69' title="bbox 1807 2328 3457 2402">
    <p class='ocr_par' dir='ltr' id='par_1_69' title="bbox 1807 2328 3457 2402">
     <span class='ocr_line' id='line_1_69' title="bbox 1807 2328 3457 2402; baseline 0.002 -20"><span class='ocrx_word' id='word_1_479' title='bbox 1807 2345 1916 2382; x_wconf 89' lang='lat' dir='ltr'><strong>sua</strong></span> <span class='ocrx_word' id='word_1_480' title='bbox 1947 2328 2182 2383; x_wconf 90' lang='lat' dir='ltr'><strong>domino</strong></span> <span class='ocrx_word' id='word_1_481' title='bbox 2205 2328 2772 2401; x_wconf 84' lang='lat' dir='ltr'><strong>largirentur,seque</strong></span> <span class='ocrx_word' id='word_1_482' title='bbox 2793 2330 3128 2384; x_wconf 87' lang='lat' dir='ltr'><strong>divitiarum</strong></span> <span class='ocrx_word' id='word_1_483' title='bbox 3153 2330 3457 2402; x_wconf 88' lang='lat' dir='ltr'><strong>dispensa-</strong></span> 
     </span>
    </p>
   </div>
   <div class='ocr_carea' id='block_1_70' title="bbox 1811 2418 3458 2484">
    <p class='ocr_par' dir='ltr' id='par_1_70' title="bbox 1811 2418 3458 2484">
     <span class='ocr_line' id='line_1_70' title="bbox 1811 2418 3458 2484; baseline 0.002 -14"><span class='ocrx_word' id='word_1_484' title='bbox 1811 2420 1963 2471; x_wconf 87' lang='lat' dir='ltr'><strong>tores</strong></span> <span class='ocrx_word' id='word_1_485' title='bbox 1986 2433 2100 2470; x_wconf 90' lang='lat' dir='ltr'><strong>non</strong></span> <span class='ocrx_word' id='word_1_486' title='bbox 2118 2418 2388 2473; x_wconf 91' lang='lat' dir='ltr'><strong>dominos</strong></span> <span class='ocrx_word' id='word_1_487' title='bbox 2411 2418 2761 2474; x_wconf 87' lang='lat' dir='ltr'><strong>constitutos</strong></span> <span class='ocrx_word' id='word_1_488' title='bbox 2783 2418 3458 2484; x_wconf 85' lang='lat' dir='ltr'><strong>essereminiscerentur,</strong></span> 
     </span>
    </p>
   </div>
   <div class='ocr_carea' id='block_1_71' title="bbox 1800 2504 3463 2578">
    <p class='ocr_par' dir='ltr' id='par_1_71' title="bbox 1800 2504 3463 2578">
     <span class='ocr_line' id='line_1_71' title="bbox 1800 2504 3463 2578; baseline 0.003 -20"><span class='ocrx_word' id='word_1_489' title='bbox 1800 2505 1929 2576; x_wconf 88' lang='lat' dir='ltr'><strong>jugi</strong></span> <span class='ocrx_word' id='word_1_490' title='bbox 1950 2504 2141 2559; x_wconf 91' lang='lat' dir='ltr'><strong>studio</strong></span> <span class='ocrx_word' id='word_1_491' title='bbox 2161 2506 2544 2575; x_wconf 83' lang='lat' dir='ltr'><strong>informabat;</strong></span> <span class='ocrx_word' id='word_1_492' title='bbox 2567 2507 2926 2578; x_wconf 81' lang='lat' dir='ltr'><strong>pauperibus</strong></span> <span class='ocrx_word' id='word_1_493' title='bbox 2947 2508 3122 2562; x_wconf 88' lang='lat' dir='ltr'><strong>etiam</strong></span> <span class='ocrx_word' id='word_1_494' title='bbox 3144 2507 3301 2562; x_wconf 90' lang='lat' dir='ltr'><strong>velut</strong></span> <span class='ocrx_word' id='word_1_495' title='bbox 3321 2507 3463 2563; x_wconf 86' lang='lat' dir='ltr'><strong>hila-</strong></span> 
     </span>
    </p>
   </div>
   <div class='ocr_carea' id='block_1_72' title="bbox 1810 2593 3460 2668">
    <p class='ocr_par' dir='ltr' id='par_1_72' title="bbox 1810 2593 3460 2668">
     <span class='ocr_line' id='line_1_72' title="bbox 1810 2593 3460 2668; baseline 0.002 -20"><span class='ocrx_word' id='word_1_496' title='bbox 1810 2593 1890 2648; x_wconf 90' lang='lat' dir='ltr'><strong>ris</strong></span> <span class='ocrx_word' id='word_1_497' title='bbox 1912 2594 2081 2649; x_wconf 86' lang='lat' dir='ltr'><strong>dator</strong></span> <span class='ocrx_word' id='word_1_498' title='bbox 2103 2610 2211 2649; x_wconf 90' lang='lat' dir='ltr'><strong>sua</strong></span> <span class='ocrx_word' id='word_1_499' title='bbox 2233 2594 2476 2650; x_wconf 90' lang='lat' dir='ltr'><strong>minime</strong></span> <span class='ocrx_word' id='word_1_500' title='bbox 2499 2596 2784 2667; x_wconf 87' lang='lat' dir='ltr'><strong>negabat:</strong></span> <span class='ocrx_word' id='word_1_501' title='bbox 2811 2613 2947 2651; x_wconf 88' lang='lat' dir='ltr'><strong>nam</strong></span> <span class='ocrx_word' id='word_1_502' title='bbox 2972 2595 3211 2651; x_wconf 86' lang='lat' dir='ltr'><strong>clericos</strong></span> <span class='ocrx_word' id='word_1_503' title='bbox 3233 2596 3381 2668; x_wconf 89' lang='lat' dir='ltr'><strong>stipe</strong></span> <span class='ocrx_word' id='word_1_504' title='bbox 3403 2599 3460 2651; x_wconf 89' lang='lat' dir='ltr'><strong>et</strong></span> 
     </span>
    </p>
   </div>
   <div class='ocr_carea' id='block_1_73' title="bbox 1809 2682 3466 2756">
    <p class='ocr_par' dir='ltr' id='par_1_73' title="bbox 1809 2682 3466 2756">
     <span class='ocr_line' id='line_1_73' title="bbox 1809 2682 3466 2756; baseline 0.002 -20"><span class='ocrx_word' id='word_1_505' title='bbox 1809 2682 2067 2737; x_wconf 83' lang='lat' dir='ltr'><strong>vestibus</strong></span> <span class='ocrx_word' id='word_1_506' title='bbox 2089 2683 2440 2754; x_wconf 89' lang='lat' dir='ltr'><strong>indigentes,</strong></span> <span class='ocrx_word' id='word_1_507' title='bbox 2465 2684 2725 2756; x_wconf 88' lang='lat' dir='ltr'><strong>quandiu</strong></span> <span class='ocrx_word' id='word_1_508' title='bbox 2760 2685 2979 2753; x_wconf 87' lang='lat' dir='ltr'><strong>aderat,</strong></span> <span class='ocrx_word' id='word_1_509' title='bbox 3003 2701 3200 2742; x_wconf 86' lang='lat' dir='ltr'><strong>secum</strong></span> <span class='ocrx_word' id='word_1_510' title='bbox 3228 2688 3292 2739; x_wconf 92' lang='lat' dir='ltr'><strong>ut</strong></span> <span class='ocrx_word' id='word_1_511' title='bbox 3316 2685 3466 2740; x_wconf 88' lang='lat' dir='ltr'><strong>ﬁlios</strong></span> 
     </span>
    </p>
   </div>
   <div class='ocr_carea' id='block_1_74' title="bbox 1801 2771 3458 2844">
    <p class='ocr_par' dir='ltr' id='par_1_74' title="bbox 1801 2771 3458 2844">
     <span class='ocr_line' id='line_1_74' title="bbox 1801 2771 3458 2844; baseline 0.002 -19"><span class='ocrx_word' id='word_1_512' title='bbox 1801 2771 2128 2838; x_wconf 84' lang='lat' dir='ltr'><strong>reﬁciebat,</strong></span> <span class='ocrx_word' id='word_1_513' title='bbox 2187 2778 2508 2844; x_wconf 88' lang='lat' dir='ltr'><strong>cunctaque</strong></span> <span class='ocrx_word' id='word_1_514' title='bbox 2565 2773 2894 2828; x_wconf 81' lang='lat' dir='ltr'><strong>necessaria</strong></span> <span class='ocrx_word' id='word_1_515' title='bbox 2951 2773 3458 2829; x_wconf 81' lang='lat' dir='ltr'><strong>subministrabat.</strong></span> 
     </span>
    </p>
   </div>
   <div class='ocr_carea' id='block_1_75' title="bbox 1811 2858 3458 2935">
    <p class='ocr_par' dir='ltr' id='par_1_75' title="bbox 1811 2858 3458 2935">
     <span class='ocr_line' id='line_1_75' title="bbox 1811 2858 3458 2935; baseline 0.002 -20"><span class='ocrx_word' id='word_1_516' title='bbox 1811 2858 2033 2915; x_wconf 83' lang='lat' dir='ltr'><strong>Alicubi</strong></span> <span class='ocrx_word' id='word_1_517' title='bbox 2083 2877 2315 2932; x_wconf 90' lang='lat' dir='ltr'><strong>quoque</strong></span> <span class='ocrx_word' id='word_1_518' title='bbox 2365 2861 2739 2932; x_wconf 87' lang='lat' dir='ltr'><strong>proﬁciscens</strong></span> <span class='ocrx_word' id='word_1_519' title='bbox 2771 2862 3122 2917; x_wconf 87' lang='lat' dir='ltr'><strong>nominatim</strong></span> <span class='ocrx_word' id='word_1_520' title='bbox 3171 2862 3458 2935; x_wconf 84' lang='lat' dir='ltr'><strong>singulos,</strong></span> 
     </span>
    </p>
   </div>
   <div class='ocr_carea' id='block_1_76' title="bbox 1809 2948 3466 3022">
    <p class='ocr_par' dir='ltr' id='par_1_76' title="bbox 1809 2948 3466 3022">
     <span class='ocr_line' id='line_1_76' title="bbox 1809 2948 3466 3022; baseline 0.001 -19"><span class='ocrx_word' id='word_1_521' title='bbox 1809 2963 1958 3018; x_wconf 90' lang='lat' dir='ltr'><strong>quos</strong></span> <span class='ocrx_word' id='word_1_522' title='bbox 1983 2948 2331 3004; x_wconf 86' lang='lat' dir='ltr'><strong>necesssitas</strong></span> <span class='ocrx_word' id='word_1_523' title='bbox 2344 2950 2610 3021; x_wconf 88' lang='lat' dir='ltr'><strong>urgebat,</strong></span> <span class='ocrx_word' id='word_1_524' title='bbox 2626 2955 2861 3022; x_wconf 89' lang='lat' dir='ltr'><strong>propter</strong></span> <span class='ocrx_word' id='word_1_525' title='bbox 2877 2950 3223 3006; x_wconf 85' lang='lat' dir='ltr'><strong>canonicum</strong></span> <span class='ocrx_word' id='word_1_526' title='bbox 3246 2950 3466 3005; x_wconf 88' lang='lat' dir='ltr'><strong>victum</strong></span> 
     </span>
    </p>
   </div>
   <div class='ocr_carea' id='block_1_77' title="bbox 1801 3037 3459 3111">
    <p class='ocr_par' dir='ltr' id='par_1_77' title="bbox 1801 3037 3459 3111">
     <span class='ocr_line' id='line_1_77' title="bbox 1801 3037 3459 3111; baseline 0.002 -20"><span class='ocrx_word' id='word_1_527' title='bbox 1801 3037 2025 3108; x_wconf 87' lang='lat' dir='ltr'><strong>jugiter</strong></span> <span class='ocrx_word' id='word_1_528' title='bbox 2055 3037 2258 3105; x_wconf 82' lang='lat' dir='ltr'><strong>diario,</strong></span> <span class='ocrx_word' id='word_1_529' title='bbox 2284 3038 2465 3093; x_wconf 89' lang='lat' dir='ltr'><strong>donec</strong></span> <span class='ocrx_word' id='word_1_530' title='bbox 2493 3039 2728 3106; x_wconf 89' lang='lat' dir='ltr'><strong>rediret,</strong></span> <span class='ocrx_word' id='word_1_531' title='bbox 2763 3038 3049 3095; x_wconf 88' lang='lat' dir='ltr'><strong>ministris</strong></span> <span class='ocrx_word' id='word_1_532' title='bbox 3077 3038 3228 3095; x_wconf 90' lang='lat' dir='ltr'><strong>alere</strong></span> <span class='ocrx_word' id='word_1_533' title='bbox 3260 3039 3459 3111; x_wconf 71' lang='lat' dir='ltr'><strong>praeci-</strong></span> 
     </span>
    </p>
   </div>
   <div class='ocr_carea' id='block_1_78' title="bbox 1811 3126 3462 3199">
    <p class='ocr_par' dir='ltr' id='par_1_78' title="bbox 1811 3126 3462 3199">
     <span class='ocr_line' id='line_1_78' title="bbox 1811 3126 3462 3199; baseline 0.001 -18"><span class='ocrx_word' id='word_1_534' title='bbox 1811 3126 2025 3197; x_wconf 87' lang='lat' dir='ltr'><strong>piebat.</strong></span> <span class='ocrx_word' id='word_1_535' title='bbox 2060 3126 2248 3196; x_wconf 84' lang='lat' dir='ltr'><strong>Hujus</strong></span> <span class='ocrx_word' id='word_1_536' title='bbox 2277 3132 2401 3182; x_wconf 85' lang='lat' dir='ltr'><strong>erat</strong></span> <span class='ocrx_word' id='word_1_537' title='bbox 2431 3127 2631 3194; x_wconf 87' lang='lat' dir='ltr'><strong>studii,</strong></span> <span class='ocrx_word' id='word_1_538' title='bbox 2652 3127 2831 3199; x_wconf 90' lang='lat' dir='ltr'><strong>hujus</strong></span> <span class='ocrx_word' id='word_1_539' title='bbox 2863 3127 3276 3184; x_wconf 88' lang='lat' dir='ltr'><strong>sollicitudinis</strong></span> <span class='ocrx_word' id='word_1_540' title='bbox 3308 3132 3371 3183; x_wconf 91' lang='lat' dir='ltr'><strong>ut</strong></span> <span class='ocrx_word' id='word_1_541' title='bbox 3391 3127 3462 3183; x_wconf 93' lang='lat' dir='ltr'><strong>de</strong></span> 
     </span>
    </p>
   </div>
   <div class='ocr_carea' id='block_1_79' title="bbox 1812 3213 3464 3289">
    <p class='ocr_par' dir='ltr' id='par_1_79' title="bbox 1812 3213 3464 3289">
     <span class='ocr_line' id='line_1_79' title="bbox 1812 3213 3464 3289; baseline 0.002 -21"><span class='ocrx_word' id='word_1_542' title='bbox 1812 3213 1944 3268; x_wconf 91' lang='lat' dir='ltr'><strong>ovili</strong></span> <span class='ocrx_word' id='word_1_543' title='bbox 1979 3215 2282 3270; x_wconf 88' lang='lat' dir='ltr'><strong>Dominico</strong></span> <span class='ocrx_word' id='word_1_544' title='bbox 2306 3215 2528 3271; x_wconf 85' lang='lat' dir='ltr'><strong>nullam</strong></span> <span class='ocrx_word' id='word_1_545' title='bbox 2552 3233 2714 3272; x_wconf 89' lang='lat' dir='ltr'><strong>ovem</strong></span> <span class='ocrx_word' id='word_1_546' title='bbox 2738 3214 2860 3288; x_wconf 90' lang='lat' dir='ltr'><strong>lupi</strong></span> <span class='ocrx_word' id='word_1_547' title='bbox 2884 3217 3108 3289; x_wconf 86' lang='lat' dir='ltr'><strong>jugiter</strong></span> <span class='ocrx_word' id='word_1_548' title='bbox 3125 3217 3464 3273; x_wconf 87' lang='lat' dir='ltr'><strong>insidiantis</strong></span> 
     </span>
    </p>
   </div>
   <div class='ocr_carea' id='block_1_80' title="bbox 1809 3302 3464 3377">
    <p class='ocr_par' dir='ltr' id='par_1_80' title="bbox 1809 3302 3464 3377">
     <span class='ocr_line' id='line_1_80' title="bbox 1809 3302 3464 3377; baseline 0.001 -19"><span class='ocrx_word' id='word_1_549' title='bbox 1809 3319 2044 3358; x_wconf 91' lang='lat' dir='ltr'><strong>morsus</strong></span> <span class='ocrx_word' id='word_1_550' title='bbox 2070 3302 2369 3370; x_wconf 89' lang='lat' dir='ltr'><strong>laceraret,</strong></span> <span class='ocrx_word' id='word_1_551' title='bbox 2402 3305 2502 3359; x_wconf 90' lang='lat' dir='ltr'><strong>sed</strong></span> <span class='ocrx_word' id='word_1_552' title='bbox 2537 3308 2601 3358; x_wconf 91' lang='lat' dir='ltr'><strong>ut</strong></span> <span class='ocrx_word' id='word_1_553' title='bbox 2633 3306 2822 3360; x_wconf 90' lang='lat' dir='ltr'><strong>bonus</strong></span> <span class='ocrx_word' id='word_1_554' title='bbox 2851 3310 3054 3376; x_wconf 86' lang='lat' dir='ltr'><strong>pastor</strong></span> <span class='ocrx_word' id='word_1_555' title='bbox 3073 3322 3308 3377; x_wconf 88' lang='lat' dir='ltr'><strong>gregem</strong></span> <span class='ocrx_word' id='word_1_556' title='bbox 3352 3306 3464 3360; x_wconf 88' lang='lat' dir='ltr'><strong>sibi</strong></span> 
     </span>
    </p>
   </div>
   <div class='ocr_carea' id='block_1_81' title="bbox 1807 3391 3469 3466">
    <p class='ocr_par' dir='ltr' id='par_1_81' title="bbox 1807 3391 3469 3466">
     <span class='ocr_line' id='line_1_81' title="bbox 1807 3391 3469 3466; baseline 0.001 -19"><span class='ocrx_word' id='word_1_557' title='bbox 1807 3391 2097 3447; x_wconf 82' lang='lat' dir='ltr'><strong>creditum</strong></span> <span class='ocrx_word' id='word_1_558' title='bbox 2141 3392 2485 3463; x_wconf 84' lang='lat' dir='ltr'><strong>jejunando,</strong></span> <span class='ocrx_word' id='word_1_559' title='bbox 2518 3393 2934 3464; x_wconf 85' lang='lat' dir='ltr'><strong>pernoctando,</strong></span> <span class='ocrx_word' id='word_1_560' title='bbox 2983 3395 3200 3449; x_wconf 89' lang='lat' dir='ltr'><strong>orando</strong></span> <span class='ocrx_word' id='word_1_561' title='bbox 3244 3394 3469 3466; x_wconf 83' lang='lat' dir='ltr'><strong>jugiter</strong></span> 
     </span>
    </p>
   </div>
   <div class='ocr_carea' id='block_1_82' title="bbox 1811 3480 2182 3535">
    <p class='ocr_par' dir='ltr' id='par_1_82' title="bbox 1811 3480 2182 3535">
     <span class='ocr_line' id='line_1_82' title="bbox 1811 3480 2182 3535; baseline 0 -1"><span class='ocrx_word' id='word_1_562' title='bbox 1811 3480 2182 3535; x_wconf 85' lang='lat' dir='ltr'><strong>defendebat.</strong></span> 
     </span>
    </p>
   </div>
   <div class='ocr_carea' id='block_1_83' title="bbox 1883 3567 3471 3641">
    <p class='ocr_par' dir='ltr' id='par_1_83' title="bbox 1883 3567 3471 3641">
     <span class='ocr_line' id='line_1_83' title="bbox 1883 3567 3471 3641; baseline 0 -17"><span class='ocrx_word' id='word_1_563' title='bbox 1883 3568 2034 3624; x_wconf 91' lang='lat' dir='ltr'><strong>Dum</strong></span> <span class='ocrx_word' id='word_1_564' title='bbox 2065 3567 2205 3622; x_wconf 87' lang='lat' dir='ltr'><strong>talia</strong></span> <span class='ocrx_word' id='word_1_565' title='bbox 2237 3568 3101 3640; x_wconf 84' lang='lat' dir='ltr'><strong>aguntur,omnipotentissima</strong></span> <span class='ocrx_word' id='word_1_566' title='bbox 3133 3569 3471 3641; x_wconf 79' lang='lat' dir='ltr'><strong>dispositrix</strong></span> 
     </span>
    </p>
   </div>
   <div class='ocr_carea' id='block_1_84' title="bbox 1803 3656 3472 3730">
    <p class='ocr_par' dir='ltr' id='par_1_84' title="bbox 1803 3656 3472 3730">
     <span class='ocr_line' id='line_1_84' title="bbox 1803 3656 3472 3730; baseline 0.001 -19"><span class='ocrx_word' id='word_1_567' title='bbox 1803 3660 1871 3711; x_wconf 58' lang='lat' dir='ltr'><strong>vet</strong></span> <span class='ocrx_word' id='word_1_568' title='bbox 1893 3656 2246 3712; x_wconf 83' lang='lat' dir='ltr'><strong>moderatrix</strong></span> <span class='ocrx_word' id='word_1_569' title='bbox 2267 3656 2607 3727; x_wconf 70' lang='lat' dir='ltr'><strong>azqnissima</strong></span> <span class='ocrx_word' id='word_1_570' title='bbox 2627 3657 2728 3712; x_wconf 91' lang='lat' dir='ltr'><strong>Dei</strong></span> <span class='ocrx_word' id='word_1_571' title='bbox 2745 3657 2930 3713; x_wconf 88' lang='lat' dir='ltr'><strong>virtus</strong></span> <span class='ocrx_word' id='word_1_572' title='bbox 2949 3658 3162 3729; x_wconf 86' lang='lat' dir='ltr'><strong>Deique</strong></span> <span class='ocrx_word' id='word_1_573' title='bbox 3184 3657 3472 3730; x_wconf 85' lang='lat' dir='ltr'><strong>sapientia</strong></span> 
     </span>
    </p>
   </div>
   <div class='ocr_carea' id='block_1_85' title="bbox 1809 3743 3468 3817">
    <p class='ocr_par' dir='ltr' id='par_1_85' title="bbox 1809 3743 3468 3817">
     <span class='ocr_line' id='line_1_85' title="bbox 1809 3743 3468 3817; baseline 0.001 -17"><span class='ocrx_word' id='word_1_574' title='bbox 1809 3743 2020 3801; x_wconf 78' lang='lat' dir='ltr'><strong>famuli</strong></span> <span class='ocrx_word' id='word_1_575' title='bbox 2054 3745 2142 3800; x_wconf 87' lang='lat' dir='ltr'><strong>sui</strong></span> <span class='ocrx_word' id='word_1_576' title='bbox 2169 3745 2443 3800; x_wconf 87' lang='lat' dir='ltr'><strong>meritum</strong></span> <span class='ocrx_word' id='word_1_577' title='bbox 2475 3746 2720 3817; x_wconf 87' lang='lat' dir='ltr'><strong>probare</strong></span> <span class='ocrx_word' id='word_1_578' title='bbox 2749 3763 2863 3802; x_wconf 88' lang='lat' dir='ltr'><strong>non</strong></span> <span class='ocrx_word' id='word_1_579' title='bbox 2895 3746 3122 3802; x_wconf 83' lang='lat' dir='ltr'><strong>distulit</strong></span> <span class='ocrx_word' id='word_1_580' title='bbox 3147 3765 3160 3802; x_wconf 91' lang='lat'><strong>:</strong></span> <span class='ocrx_word' id='word_1_581' title='bbox 3189 3763 3320 3801; x_wconf 89' lang='lat' dir='ltr'><strong>nam</strong></span> <span class='ocrx_word' id='word_1_582' title='bbox 3343 3763 3468 3817; x_wconf 87' lang='lat' dir='ltr'><strong>pro-</strong></span> 
     </span>
    </p>
   </div>
   <div class='ocr_carea' id='block_1_86' title="bbox 1816 3833 3471 3909">
    <p class='ocr_par' dir='ltr' id='par_1_86' title="bbox 1816 3833 3471 3909">
     <span class='ocr_line' id='line_1_86' title="bbox 1816 3833 3471 3909; baseline 0.001 -21"><span class='ocrx_word' id='word_1_583' title='bbox 1816 3833 1969 3888; x_wconf 83' lang='lat' dir='ltr'><strong>lixus</strong></span> <span class='ocrx_word' id='word_1_584' title='bbox 1986 3833 2237 3906; x_wconf 88' lang='lat' dir='ltr'><strong>languor</strong></span> <span class='ocrx_word' id='word_1_585' title='bbox 2251 3850 2592 3906; x_wconf 83' lang='lat' dir='ltr'><strong>compagem</strong></span> <span class='ocrx_word' id='word_1_586' title='bbox 2611 3835 2867 3908; x_wconf 87' lang='lat' dir='ltr'><strong>corporis</strong></span> <span class='ocrx_word' id='word_1_587' title='bbox 2891 3835 3143 3909; x_wconf 82' lang='lat' dir='ltr'><strong>graviter</strong></span> <span class='ocrx_word' id='word_1_588' title='bbox 3157 3834 3471 3890; x_wconf 87' lang='lat' dir='ltr'><strong>dissolvere</strong></span> 
     </span>
    </p>
   </div>
   <div class='ocr_carea' id='block_1_87' title="bbox 1815 3921 3471 3994">
    <p class='ocr_par' dir='ltr' id='par_1_87' title="bbox 1815 3921 3471 3994">
     <span class='ocr_line' id='line_1_87' title="bbox 1815 3921 3471 3994; baseline -0.001 -16"><span class='ocrx_word' id='word_1_589' title='bbox 1815 3921 2010 3994; x_wconf 79' lang='lat' dir='ltr'><strong>ccepit,</strong></span> <span class='ocrx_word' id='word_1_590' title='bbox 2043 3921 2124 3977; x_wconf 91' lang='lat' dir='ltr'><strong>ita</strong></span> <span class='ocrx_word' id='word_1_591' title='bbox 2157 3927 2219 3976; x_wconf 90' lang='lat' dir='ltr'><strong>ut</strong></span> <span class='ocrx_word' id='word_1_592' title='bbox 2249 3922 2478 3978; x_wconf 90' lang='lat' dir='ltr'><strong>nullum</strong></span> <span class='ocrx_word' id='word_1_593' title='bbox 2509 3925 2842 3979; x_wconf 88' lang='lat' dir='ltr'><strong>membrum</strong></span> <span class='ocrx_word' id='word_1_594' title='bbox 2888 3941 2999 3980; x_wconf 89' lang='lat' dir='ltr'><strong>suo</strong></span> <span class='ocrx_word' id='word_1_595' title='bbox 3045 3924 3265 3980; x_wconf 83' lang='lat' dir='ltr'><strong>valeret</strong></span> <span class='ocrx_word' id='word_1_596' title='bbox 3299 3922 3471 3994; x_wconf 84' lang='lat' dir='ltr'><strong>jungi</strong></span> 
     </span>
    </p>
   </div>
   <div class='ocr_carea' id='block_1_88' title="bbox 1817 4010 3469 4084">
    <p class='ocr_par' dir='ltr' id='par_1_88' title="bbox 1817 4010 3469 4084">
     <span class='ocr_line' id='line_1_88' title="bbox 1817 4010 3469 4084; baseline 0.001 -19"><span class='ocrx_word' id='word_1_597' title='bbox 1817 4010 2032 4066; x_wconf 89' lang='lat' dir='ltr'><strong>ofﬁcio.</strong></span> <span class='ocrx_word' id='word_1_598' title='bbox 2068 4011 2180 4066; x_wconf 84' lang='lat' dir='ltr'><strong>Nec</strong></span> <span class='ocrx_word' id='word_1_599' title='bbox 2201 4015 2405 4066; x_wconf 91' lang='lat' dir='ltr'><strong>tumen</strong></span> <span class='ocrx_word' id='word_1_600' title='bbox 2433 4012 2522 4067; x_wconf 80' lang='lat' dir='ltr'><strong>sic</strong></span> <span class='ocrx_word' id='word_1_601' title='bbox 2554 4030 2585 4066; x_wconf 88' lang='lat' dir='ltr'><strong>a</strong></span> <span class='ocrx_word' id='word_1_602' title='bbox 2617 4012 2716 4067; x_wconf 88' lang='lat' dir='ltr'><strong>Dei</strong></span> <span class='ocrx_word' id='word_1_603' title='bbox 2741 4013 2830 4068; x_wconf 90' lang='lat' dir='ltr'><strong>sui</strong></span> <span class='ocrx_word' id='word_1_604' title='bbox 2856 4014 3122 4069; x_wconf 87' lang='lat' dir='ltr'><strong>cessabat</strong></span> <span class='ocrx_word' id='word_1_605' title='bbox 3149 4012 3430 4084; x_wconf 86' lang='lat' dir='ltr'><strong>obsequio</strong></span> <span class='ocrx_word' id='word_1_606' title='bbox 3456 4028 3469 4067; x_wconf 94' lang='lat'>:</span> 
     </span>
    </p>
   </div>
   <div class='ocr_carea' id='block_1_89' title="bbox 1813 4099 3476 4173">
    <p class='ocr_par' dir='ltr' id='par_1_89' title="bbox 1813 4099 3476 4173">
     <span class='ocr_line' id='line_1_89' title="bbox 1813 4099 3476 4173; baseline 0.001 -18"><span class='ocrx_word' id='word_1_607' title='bbox 1813 4099 2020 4172; x_wconf 82' lang='lat' dir='ltr'><strong>lingua</strong></span> <span class='ocrx_word' id='word_1_608' title='bbox 2036 4099 2192 4154; x_wconf 82' lang='lat' dir='ltr'><strong>enim</strong></span> <span class='ocrx_word' id='word_1_609' title='bbox 2219 4103 2445 4156; x_wconf 82' lang='lat' dir='ltr'><strong>tantum</strong></span> <span class='ocrx_word' id='word_1_610' title='bbox 2464 4099 2776 4156; x_wconf 88' lang='lat' dir='ltr'><strong>incolumis</strong></span> <span class='ocrx_word' id='word_1_611' title='bbox 2799 4101 3004 4158; x_wconf 89' lang='lat' dir='ltr'><strong>laudes</strong></span> <span class='ocrx_word' id='word_1_612' title='bbox 3027 4101 3256 4157; x_wconf 83' lang='lat' dir='ltr'><strong>Domini</strong></span> <span class='ocrx_word' id='word_1_613' title='bbox 3281 4115 3476 4173; x_wconf 84' lang='lat' dir='ltr'><strong>perso-</strong></span> 
     </span>
    </p>
   </div>
   <div class='ocr_carea' id='block_1_90' title="bbox 1819 4188 3472 4262">
    <p class='ocr_par' dir='ltr' id='par_1_90' title="bbox 1819 4188 3472 4262">
     <span class='ocr_line' id='line_1_90' title="bbox 1819 4188 3472 4262; baseline 0 -18"><span class='ocrx_word' id='word_1_614' title='bbox 1819 4188 2016 4254; x_wconf 82' lang='lat' dir='ltr'><strong>nabat,</strong></span> <span class='ocrx_word' id='word_1_615' title='bbox 2050 4188 2298 4259; x_wconf 85' lang='lat' dir='ltr'><strong>ejusque</strong></span> <span class='ocrx_word' id='word_1_616' title='bbox 2344 4192 2599 4244; x_wconf 84' lang='lat' dir='ltr'><strong>mentem</strong></span> <span class='ocrx_word' id='word_1_617' title='bbox 2651 4190 2981 4245; x_wconf 87' lang='lat' dir='ltr'><strong>divinarum</strong></span> <span class='ocrx_word' id='word_1_618' title='bbox 3033 4190 3472 4262; x_wconf 85' lang='lat' dir='ltr'><strong>Scripturarum</strong></span> 
     </span>
    </p>
   </div>
   <div class='ocr_carea' id='block_1_91' title="bbox 1819 4275 3474 4348">
    <p class='ocr_par' dir='ltr' id='par_1_91' title="bbox 1819 4275 3474 4348">
     <span class='ocr_line' id='line_1_91' title="bbox 1819 4275 3474 4348; baseline 0 -16"><span class='ocrx_word' id='word_1_619' title='bbox 1819 4275 2124 4332; x_wconf 81' lang='lat' dir='ltr'><strong>meditatio</strong></span> <span class='ocrx_word' id='word_1_620' title='bbox 2149 4277 2515 4342; x_wconf 38' lang='lat' dir='ltr'><strong>.confovebat,</strong></span> <span class='ocrx_word' id='word_1_621' title='bbox 2549 4280 2730 4348; x_wconf 87' lang='lat' dir='ltr'><strong>utque</strong></span> <span class='ocrx_word' id='word_1_622' title='bbox 2759 4277 2820 4332; x_wconf 91' lang='lat' dir='ltr'><strong>in</strong></span> <span class='ocrx_word' id='word_1_623' title='bbox 2847 4278 3043 4333; x_wconf 84' lang='lat' dir='ltr'><strong>futuro</strong></span> <span class='ocrx_word' id='word_1_624' title='bbox 3073 4278 3321 4333; x_wconf 64' lang='lat' dir='ltr'><strong>salutari</strong></span> <span class='ocrx_word' id='word_1_625' title='bbox 3366 4277 3474 4332; x_wconf 88' lang='lat' dir='ltr'><strong>ho-</strong></span> 
     </span>
    </p>
   </div>
   <div class='ocr_carea' id='block_1_92' title="bbox 1822 4365 3471 4438">
    <p class='ocr_par' dir='ltr' id='par_1_92' title="bbox 1822 4365 3471 4438">
     <span class='ocr_line' id='line_1_92' title="bbox 1822 4365 3471 4438; baseline -0.001 -17"><span class='ocrx_word' id='word_1_626' title='bbox 1822 4365 2088 4436; x_wconf 73' lang='lat' dir='ltr'><strong>stia,quze</strong></span> <span class='ocrx_word' id='word_1_627' title='bbox 2121 4365 2388 4420; x_wconf 88' lang='lat' dir='ltr'><strong>Christus</strong></span> <span class='ocrx_word' id='word_1_628' title='bbox 2409 4369 2518 4432; x_wconf 91' lang='lat' dir='ltr'><strong>est,</strong></span> <span class='ocrx_word' id='word_1_629' title='bbox 2552 4383 2668 4420; x_wconf 90' lang='lat' dir='ltr'><strong>non</strong></span> <span class='ocrx_word' id='word_1_630' title='bbox 2720 4366 3027 4438; x_wconf 86' lang='lat' dir='ltr'><strong>indigeret,</strong></span> <span class='ocrx_word' id='word_1_631' title='bbox 3061 4366 3187 4437; x_wconf 84' lang='lat' dir='ltr'><strong>ipse</strong></span> <span class='ocrx_word' id='word_1_632' title='bbox 3233 4365 3291 4419; x_wconf 90' lang='lat' dir='ltr'><strong>in</strong></span> <span class='ocrx_word' id='word_1_633' title='bbox 3327 4383 3471 4437; x_wconf 69' lang='lat' dir='ltr'><strong>prte-</strong></span> 
     </span>
    </p>
   </div>
   <div class='ocr_carea' id='block_1_93' title="bbox 1821 4452 3473 4526">
    <p class='ocr_par' dir='ltr' id='par_1_93' title="bbox 1821 4452 3473 4526">
     <span class='ocr_line' id='line_1_93' title="bbox 1821 4452 3473 4526; baseline -0.001 -16"><span class='ocrx_word' id='word_1_634' title='bbox 1821 4454 1976 4510; x_wconf 90' lang='lat' dir='ltr'><strong>senti</strong></span> <span class='ocrx_word' id='word_1_635' title='bbox 2010 4453 2204 4508; x_wconf 89' lang='lat' dir='ltr'><strong>hostia</strong></span> <span class='ocrx_word' id='word_1_636' title='bbox 2232 4452 2362 4507; x_wconf 79' lang='lat' dir='ltr'><strong>viva</strong></span> <span class='ocrx_word' id='word_1_637' title='bbox 2389 4453 2585 4521; x_wconf 86' lang='lat' dir='ltr'><strong>ﬁebat,</strong></span> <span class='ocrx_word' id='word_1_638' title='bbox 2619 4471 2766 4508; x_wconf 84' lang='lat' dir='ltr'><strong>usus</strong></span> <span class='ocrx_word' id='word_1_639' title='bbox 2813 4453 3030 4526; x_wconf 88' lang='lat' dir='ltr'><strong>egregii</strong></span> <span class='ocrx_word' id='word_1_640' title='bbox 3080 4452 3473 4524; x_wconf 62' lang='lat' dir='ltr'><strong>prasdicatoris</strong></span> 
     </span>
    </p>
   </div>
   <div class='ocr_carea' id='block_1_94' title="bbox 77 4539 3473 4628">
    <p class='ocr_par' dir='ltr' id='par_1_94' title="bbox 77 4539 3473 4628">
     <span class='ocr_line' id='line_1_94' title="bbox 77 4539 3473 4628; baseline 0 -32"><span class='ocrx_word' id='word_1_641' title='bbox 77 4543 299 4602; x_wconf 80' lang='lat' dir='ltr'><strong>sentiret</strong></span> <span class='ocrx_word' id='word_1_642' title='bbox 320 4541 688 4608; x_wconf 71' lang='lat' dir='ltr'><strong>molestiam,</strong></span> <span class='ocrx_word' id='word_1_643' title='bbox 721 4557 824 4614; x_wconf 87' lang='lat' dir='ltr'><strong>per</strong></span> <span class='ocrx_word' id='word_1_644' title='bbox 846 4540 1127 4598; x_wconf 77' lang='lat' dir='ltr'><strong>eumdem</strong></span> <span class='ocrx_word' id='word_1_645' title='bbox 1178 4539 1494 4596; x_wconf 89' lang='lat' dir='ltr'><strong>Dominum</strong></span> <span class='ocrx_word' id='word_1_646' title='bbox 1541 4541 1712 4597; x_wconf 82' lang='lat' dir='ltr'><strong>inter-</strong></span> <span class='ocrx_word' id='word_1_647' title='bbox 1741 4562 1789 4628; x_wconf 71' lang='grc' dir='ltr'><strong>ι)</strong></span> <span class='ocrx_word' id='word_1_648' title='bbox 1822 4542 1983 4598; x_wconf 89' lang='lat' dir='ltr'><strong>Pauli</strong></span> <span class='ocrx_word' id='word_1_649' title='bbox 2013 4539 2276 4613; x_wconf 85' lang='lat' dir='ltr'><strong>exemplo</strong></span> <span class='ocrx_word' id='word_1_650' title='bbox 2308 4541 2556 4596; x_wconf 87' lang='lat' dir='ltr'><strong>dicentis</strong></span> <span class='ocrx_word' id='word_1_651' title='bbox 2589 4559 2601 4596; x_wconf 91' lang='lat'><strong>:</strong></span> <span class='ocrx_word' id='word_1_652' title='bbox 2636 4542 2753 4614; x_wconf 90' lang='lat' dir='ltr'><strong>Ego</strong></span> <span class='ocrx_word' id='word_1_653' title='bbox 2777 4542 2904 4612; x_wconf 81' lang='lat' dir='ltr'><strong>jam</strong></span> <span class='ocrx_word' id='word_1_654' title='bbox 2935 4540 3211 4596; x_wconf 86' lang='lat' dir='ltr'><strong>immolor</strong></span> <span class='ocrx_word' id='word_1_655' title='bbox 3233 4545 3290 4595; x_wconf 81' lang='lat' dir='ltr'><strong>et</strong></span> <span class='ocrx_word' id='word_1_656' title='bbox 3319 4543 3473 4597; x_wconf 86' lang='lat' dir='ltr'><strong>tem-</strong></span> 
     </span>
    </p>
   </div>
   <div class='ocr_carea' id='block_1_95' title="bbox 68 4628 3468 4704">
    <p class='ocr_par' dir='ltr' id='par_1_95' title="bbox 68 4628 3468 4704">
     <span class='ocr_line' id='line_1_95' title="bbox 68 4628 3468 4704; baseline 0.001 -23"><span class='ocrx_word' id='word_1_657' title='bbox 68 4628 220 4696; x_wconf 78' lang='lat' dir='ltr'><strong>dixit,</strong></span> <span class='ocrx_word' id='word_1_658' title='bbox 237 4647 496 4704; x_wconf 68' lang='lat' dir='ltr'><strong>moxque</strong></span> <span class='ocrx_word' id='word_1_659' title='bbox 517 4629 696 4688; x_wconf 77' lang='lat' dir='ltr'><strong>dolor</strong></span> <span class='ocrx_word' id='word_1_660' title='bbox 711 4629 908 4689; x_wconf 85' lang='lat' dir='ltr'><strong>omnis</strong></span> <span class='ocrx_word' id='word_1_661' title='bbox 940 4630 1000 4685; x_wconf 90' lang='lat' dir='ltr'><strong>in</strong></span> <span class='ocrx_word' id='word_1_662' title='bbox 1023 4646 1089 4686; x_wconf 92' lang='lat' dir='ltr'><strong>eo</strong></span> <span class='ocrx_word' id='word_1_663' title='bbox 1111 4628 1478 4701; x_wconf 88' lang='lat' dir='ltr'><strong>conquievit:</strong></span> <span class='ocrx_word' id='word_1_664' title='bbox 1500 4629 1710 4685; x_wconf 86' lang='lat' dir='ltr'><strong>deinde</strong></span> <span class='ocrx_word' id='word_1_665' title='bbox 1819 4648 1931 4703; x_wconf 89' lang='lat' dir='ltr'><strong>pus</strong></span> <span class='ocrx_word' id='word_1_666' title='bbox 1979 4647 2118 4686; x_wconf 82' lang='lat' dir='ltr'><strong>meas</strong></span> <span class='ocrx_word' id='word_1_667' title='bbox 2167 4628 2540 4686; x_wconf 82' lang='lat' dir='ltr'><strong>resolutionis</strong></span> <span class='ocrx_word' id='word_1_668' title='bbox 2571 4629 2751 4685; x_wconf 88' lang='lat' dir='ltr'><strong>instat</strong></span> <span class='ocrx_word' id='word_1_669' title='bbox 2785 4647 2797 4685; x_wconf 93' lang='lat'>:</span> <span class='ocrx_word' id='word_1_670' title='bbox 2834 4631 3077 4686; x_wconf 89' lang='lat' dir='ltr'><strong>ﬁdenter</strong></span> <span class='ocrx_word' id='word_1_671' title='bbox 3105 4628 3222 4684; x_wconf 89' lang='lat' dir='ltr'><strong>dici</strong></span> <span class='ocrx_word' id='word_1_672' title='bbox 3259 4634 3468 4701; x_wconf 86' lang='lat' dir='ltr'><strong>potest,</strong></span> 
     </span>
    </p>
   </div>
   <div class='ocr_carea' id='block_1_96' title="bbox 71 4715 1712 4792">
    <p class='ocr_par' dir='ltr' id='par_1_96' title="bbox 71 4715 1712 4792">
     <span class='ocr_line' id='line_1_96' title="bbox 71 4715 1712 4792; baseline 0.001 -22"><span class='ocrx_word' id='word_1_673' title='bbox 71 4715 186 4774; x_wconf 75' lang='lat' dir='ltr'><strong>cibo</strong></span> <span class='ocrx_word' id='word_1_674' title='bbox 211 4724 452 4792; x_wconf 78' lang='lat' dir='ltr'><strong>sumpto</strong></span> <span class='ocrx_word' id='word_1_675' title='bbox 479 4735 598 4778; x_wconf 82' lang='lat' dir='ltr'><strong>nox</strong></span> <span class='ocrx_word' id='word_1_676' title='bbox 627 4717 764 4786; x_wconf 80' lang='lat' dir='ltr'><strong>ruit,</strong></span> <span class='ocrx_word' id='word_1_677' title='bbox 793 4723 850 4777; x_wconf 86' lang='lat' dir='ltr'><strong>et</strong></span> <span class='ocrx_word' id='word_1_678' title='bbox 878 4718 1254 4790; x_wconf 52' lang='lat' dir='ltr'><strong>praescriptus</strong></span> <span class='ocrx_word' id='word_1_679' title='bbox 1287 4716 1500 4789; x_wconf 69' lang='lat' dir='ltr'><strong>praesul</strong></span> <span class='ocrx_word' id='word_1_680' title='bbox 1540 4717 1712 4773; x_wconf 87' lang='lat' dir='ltr'><strong>dubi-</strong></span> 
     </span>
    </p>
   </div>
   <div class='ocr_carea' id='block_1_97' title="bbox 73 4805 1710 4880">
    <p class='ocr_par' dir='ltr' id='par_1_97' title="bbox 73 4805 1710 4880">
     <span class='ocr_line' id='line_1_97' title="bbox 73 4805 1710 4880; baseline 0.002 -23"><span class='ocrx_word' id='word_1_681' title='bbox 73 4808 184 4862; x_wconf 83' lang='lat' dir='ltr'><strong>tum</strong></span> <span class='ocrx_word' id='word_1_682' title='bbox 213 4808 486 4880; x_wconf 78' lang='lat' dir='ltr'><strong>peruexit.</strong></span> <span class='ocrx_word' id='word_1_683' title='bbox 521 4807 706 4880; x_wconf 82' lang='lat' dir='ltr'><strong>Igitur</strong></span> <span class='ocrx_word' id='word_1_684' title='bbox 734 4806 1104 4878; x_wconf 87' lang='lat' dir='ltr'><strong>omnipotens</strong></span> <span class='ocrx_word' id='word_1_685' title='bbox 1133 4806 1288 4862; x_wconf 89' lang='lat' dir='ltr'><strong>Deus</strong></span> <span class='ocrx_word' id='word_1_686' title='bbox 1330 4805 1484 4863; x_wconf 87' lang='lat' dir='ltr'><strong>sicut</strong></span> <span class='ocrx_word' id='word_1_687' title='bbox 1523 4821 1710 4862; x_wconf 77' lang='lat' dir='ltr'><strong>secre-</strong></span> 
     </span>
    </p>
   </div>
   <div class='ocr_carea' id='block_1_98' title="bbox 73 4893 1709 4966">
    <p class='ocr_par' dir='ltr' id='par_1_98' title="bbox 73 4893 1709 4966">
     <span class='ocr_line' id='line_1_98' title="bbox 73 4893 1709 4966; baseline 0 -16"><span class='ocrx_word' id='word_1_688' title='bbox 73 4894 246 4957; x_wconf 76' lang='lat' dir='ltr'><strong>torum</strong></span> <span class='ocrx_word' id='word_1_689' title='bbox 298 4900 603 4957; x_wconf 70' lang='lat' dir='ltr'><strong>scrutator</strong></span> <span class='ocrx_word' id='word_1_690' title='bbox 660 4899 750 4954; x_wconf 90' lang='lat' dir='ltr'><strong>est</strong></span> <span class='ocrx_word' id='word_1_691' title='bbox 799 4893 1366 4966; x_wconf 82' lang='lat' dir='ltr'><strong>incircumscriptus,</strong></span> <span class='ocrx_word' id='word_1_692' title='bbox 1398 4895 1483 4951; x_wconf 88' lang='lat' dir='ltr'><strong>ita</strong></span> <span class='ocrx_word' id='word_1_693' title='bbox 1531 4895 1709 4950; x_wconf 87' lang='lat' dir='ltr'><strong>etiam</strong></span> 
     </span>
    </p>
   </div>
   <div class='ocr_carea' id='block_1_99' title="bbox 76 4983 1706 5056">
    <p class='ocr_par' dir='ltr' id='par_1_99' title="bbox 76 4983 1706 5056">
     <span class='ocr_line' id='line_1_99' title="bbox 76 4983 1706 5056; baseline 0.001 -18"><span class='ocrx_word' id='word_1_694' title='bbox 76 4997 254 5041; x_wconf 79' lang='lat' dir='ltr'><strong>servos</strong></span> <span class='ocrx_word' id='word_1_695' title='bbox 277 5002 426 5044; x_wconf 85' lang='lat' dir='ltr'><strong>suos</strong></span> <span class='ocrx_word' id='word_1_696' title='bbox 449 4984 704 5042; x_wconf 82' lang='lat' dir='ltr'><strong>diversis</strong></span> <span class='ocrx_word' id='word_1_697' title='bbox 726 4983 951 5040; x_wconf 82' lang='lat' dir='ltr'><strong>occulte</strong></span> <span class='ocrx_word' id='word_1_698' title='bbox 975 4983 1328 5040; x_wconf 83' lang='lat' dir='ltr'><strong>examinavit</strong></span> <span class='ocrx_word' id='word_1_699' title='bbox 1357 4983 1668 5056; x_wconf 86' lang='lat' dir='ltr'><strong>generibus</strong></span> <span class='ocrx_word' id='word_1_700' title='bbox 1693 5000 1706 5039; x_wconf 87' lang='lat'><strong>:</strong></span> 
     </span>
    </p>
   </div>
   <div class='ocr_carea' id='block_1_100' title="bbox 75 5071 1708 5145">
    <p class='ocr_par' dir='ltr' id='par_1_100' title="bbox 75 5071 1708 5145">
     <span class='ocr_line' id='line_1_100' title="bbox 75 5071 1708 5145; baseline 0 -19"><span class='ocrx_word' id='word_1_701' title='bbox 75 5084 308 5145; x_wconf 73' lang='lat' dir='ltr'><strong>namque</strong></span> <span class='ocrx_word' id='word_1_702' title='bbox 333 5079 402 5134; x_wconf 75' lang='lat' dir='ltr'><strong>ut</strong></span> <span class='ocrx_word' id='word_1_703' title='bbox 422 5090 486 5132; x_wconf 81' lang='lat' dir='ltr'><strong>se</strong></span> <span class='ocrx_word' id='word_1_704' title='bbox 517 5072 699 5131; x_wconf 78' lang='lat' dir='ltr'><strong>habet</strong></span> <span class='ocrx_word' id='word_1_705' title='bbox 727 5071 988 5129; x_wconf 77' lang='lat' dir='ltr'><strong>humana</strong></span> <span class='ocrx_word' id='word_1_706' title='bbox 1011 5071 1561 5144; x_wconf 80' lang='lat' dir='ltr'><strong>fragilitas,propter</strong></span> <span class='ocrx_word' id='word_1_707' title='bbox 1581 5078 1708 5129; x_wconf 89' lang='lat' dir='ltr'><strong>tan-</strong></span> 
     </span>
    </p>
   </div>
   <div class='ocr_carea' id='block_1_101' title="bbox 81 5160 1707 5232">
    <p class='ocr_par' dir='ltr' id='par_1_101' title="bbox 81 5160 1707 5232">
     <span class='ocr_line' id='line_1_101' title="bbox 81 5160 1707 5232; baseline 0.001 -19"><span class='ocrx_word' id='word_1_708' title='bbox 81 5161 186 5214; x_wconf 86' lang='lat' dir='ltr'><strong>tum</strong></span> <span class='ocrx_word' id='word_1_709' title='bbox 213 5162 324 5218; x_wconf 85' lang='lat' dir='ltr'><strong>sibi</strong></span> <span class='ocrx_word' id='word_1_710' title='bbox 352 5161 642 5223; x_wconf 74' lang='lat' dir='ltr'><strong>collatum</strong></span> <span class='ocrx_word' id='word_1_711' title='bbox 684 5177 903 5220; x_wconf 83' lang='lat' dir='ltr'><strong>munus</strong></span> <span class='ocrx_word' id='word_1_712' title='bbox 933 5177 1006 5215; x_wconf 90' lang='lat' dir='ltr'><strong>ne</strong></span> <span class='ocrx_word' id='word_1_713' title='bbox 1039 5176 1101 5216; x_wconf 88' lang='lat' dir='ltr'><strong>se</strong></span> <span class='ocrx_word' id='word_1_714' title='bbox 1151 5160 1363 5232; x_wconf 82' lang='lat' dir='ltr'><strong>praesul</strong></span> <span class='ocrx_word' id='word_1_715' title='bbox 1391 5160 1707 5230; x_wconf 84' lang='lat' dir='ltr'><strong>extolleret,</strong></span> 
     </span>
    </p>
   </div>
   <div class='ocr_carea' id='block_1_102' title="bbox 82 5248 1712 5321">
    <p class='ocr_par' dir='ltr' id='par_1_102' title="bbox 82 5248 1712 5321">
     <span class='ocr_line' id='line_1_102' title="bbox 82 5248 1712 5321; baseline 0.004 -23"><span class='ocrx_word' id='word_1_716' title='bbox 82 5251 253 5315; x_wconf 77' lang='lat' dir='ltr'><strong>aestus,</strong></span> <span class='ocrx_word' id='word_1_717' title='bbox 269 5266 428 5321; x_wconf 87' lang='lat' dir='ltr'><strong>quos</strong></span> <span class='ocrx_word' id='word_1_718' title='bbox 453 5266 567 5311; x_wconf 76' lang='lat' dir='ltr'><strong>sua</strong></span> <span class='ocrx_word' id='word_1_719' title='bbox 592 5248 982 5308; x_wconf 76' lang='lat' dir='ltr'><strong>obtestatione</strong></span> <span class='ocrx_word' id='word_1_720' title='bbox 1011 5252 1068 5306; x_wconf 86' lang='lat' dir='ltr'><strong>et</strong></span> <span class='ocrx_word' id='word_1_721' title='bbox 1097 5248 1306 5307; x_wconf 85' lang='lat' dir='ltr'><strong>merito</strong></span> <span class='ocrx_word' id='word_1_722' title='bbox 1350 5250 1421 5305; x_wconf 92' lang='lat' dir='ltr'><strong>ab</strong></span> <span class='ocrx_word' id='word_1_723' title='bbox 1469 5248 1712 5305; x_wconf 86' lang='lat' dir='ltr'><strong>alterius</strong></span> 
     </span>
    </p>
   </div>
   <div class='ocr_carea' id='block_1_103' title="bbox 75 5337 1712 5410">
    <p class='ocr_par' dir='ltr' id='par_1_103' title="bbox 75 5337 1712 5410">
     <span class='ocr_line' id='line_1_103' title="bbox 75 5337 1712 5410; baseline -0.004 -9"><span class='ocrx_word' id='word_1_724' title='bbox 75 5349 295 5406; x_wconf 61' lang='lat' dir='ltr'><strong>oorpore</strong></span> <span class='ocrx_word' id='word_1_725' title='bbox 324 5337 646 5405; x_wconf 64' lang='lat' dir='ltr'><strong>submovit,</strong></span> <span class='ocrx_word' id='word_1_726' title='bbox 672 5338 751 5396; x_wconf 79' lang='lat' dir='ltr'><strong>ad</strong></span> <span class='ocrx_word' id='word_1_727' title='bbox 781 5337 1048 5410; x_wconf 80' lang='lat' dir='ltr'><strong>proprias</strong></span> <span class='ocrx_word' id='word_1_728' title='bbox 1078 5337 1230 5396; x_wconf 77' lang='lat' dir='ltr'><strong>vires</strong></span> <span class='ocrx_word' id='word_1_729' title='bbox 1250 5338 1416 5409; x_wconf 89' lang='lat' dir='ltr'><strong>justa</strong></span> <span class='ocrx_word' id='word_1_730' title='bbox 1447 5337 1546 5394; x_wconf 90' lang='lat' dir='ltr'><strong>Dei</strong></span> <span class='ocrx_word' id='word_1_731' title='bbox 1579 5353 1712 5394; x_wconf 81' lang='lat' dir='ltr'><strong>sen—</strong></span> 
     </span>
    </p>
   </div>
   <div class='ocr_carea' id='block_1_104' title="bbox 80 5423 1711 5498">
    <p class='ocr_par' dir='ltr' id='par_1_104' title="bbox 80 5423 1711 5498">
     <span class='ocr_line' id='line_1_104' title="bbox 80 5423 1711 5498; baseline -0.001 -14"><span class='ocrx_word' id='word_1_732' title='bbox 80 5423 242 5486; x_wconf 63' lang='lat' dir='ltr'><strong>tentia</strong></span> <span class='ocrx_word' id='word_1_733' title='bbox 267 5428 529 5493; x_wconf 68' lang='lat' dir='ltr'><strong>retersit,</strong></span> <span class='ocrx_word' id='word_1_734' title='bbox 557 5426 778 5498; x_wconf 68' lang='lat' dir='ltr'><strong>quippe</strong></span> <span class='ocrx_word' id='word_1_735' title='bbox 795 5425 902 5498; x_wconf 80' lang='lat' dir='ltr'><strong>qui</strong></span> <span class='ocrx_word' id='word_1_736' title='bbox 933 5424 1101 5483; x_wconf 56' lang='lat' dir='ltr'><strong>latus</strong></span> <span class='ocrx_word' id='word_1_737' title='bbox 1148 5429 1205 5480; x_wconf 92' lang='lat' dir='ltr'><strong>et</strong></span> <span class='ocrx_word' id='word_1_738' title='bbox 1248 5424 1560 5482; x_wconf 89' lang='lat' dir='ltr'><strong>incolumis</strong></span> <span class='ocrx_word' id='word_1_739' title='bbox 1586 5430 1711 5483; x_wconf 86' lang='lat' dir='ltr'><strong>toro</strong></span> 
     </span>
    </p>
   </div>
   <div class='ocr_carea' id='block_1_105' title="bbox 81 5512 1714 5587">
    <p class='ocr_par' dir='ltr' id='par_1_105' title="bbox 81 5512 1714 5587">
     <span class='ocr_line' id='line_1_105' title="bbox 81 5512 1714 5587; baseline 0.001 -16"><span class='ocrx_word' id='word_1_740' title='bbox 81 5514 327 5576; x_wconf 74' lang='lat' dir='ltr'><strong>membra</strong></span> <span class='ocrx_word' id='word_1_741' title='bbox 385 5515 754 5587; x_wconf 61' lang='lat' dir='ltr'><strong>intempestae</strong></span> <span class='ocrx_word' id='word_1_742' title='bbox 811 5513 1002 5572; x_wconf 87' lang='lat' dir='ltr'><strong>noctis</strong></span> <span class='ocrx_word' id='word_1_743' title='bbox 1058 5512 1290 5572; x_wconf 86' lang='lat' dir='ltr'><strong>silentio</strong></span> <span class='ocrx_word' id='word_1_744' title='bbox 1337 5512 1647 5580; x_wconf 86' lang='lat' dir='ltr'><strong>locaverat,</strong></span> <span class='ocrx_word' id='word_1_745' title='bbox 1680 5533 1714 5572; x_wconf 73' lang='grc' dir='ltr'>ι</span> 
     </span>
    </p>
   </div>
   <div class='ocr_carea' id='block_1_106' title="bbox 79 5601 1712 5679">
    <p class='ocr_par' dir='ltr' id='par_1_106' title="bbox 79 5601 1712 5679">
     <span class='ocr_line' id='line_1_106' title="bbox 79 5601 1712 5679; baseline -0.001 -15"><span class='ocrx_word' id='word_1_746' title='bbox 79 5613 270 5664; x_wconf 66' lang='grc' dir='ltr'><strong>ωηο</strong></span> <span class='ocrx_word' id='word_1_747' title='bbox 283 5603 585 5666; x_wconf 59' lang='lat' dir='ltr'><strong>unum</strong></span> <span class='ocrx_word' id='word_1_748' title='bbox 612 5603 906 5679; x_wconf 82' lang='lat' dir='ltr'><strong>lugentem</strong></span> <span class='ocrx_word' id='word_1_749' title='bbox 939 5601 1190 5664; x_wconf 78' lang='lat' dir='ltr'><strong>febrium</strong></span> <span class='ocrx_word' id='word_1_750' title='bbox 1221 5601 1478 5663; x_wconf 85' lang='lat' dir='ltr'><strong>dolorem</strong></span> <span class='ocrx_word' id='word_1_751' title='bbox 1511 5603 1571 5660; x_wconf 90' lang='lat' dir='ltr'><strong>in</strong></span> <span class='ocrx_word' id='word_1_752' title='bbox 1593 5608 1712 5663; x_wconf 89' lang='lat' dir='ltr'><strong>toto</strong></span> 
     </span>
    </p>
   </div>
   <div class='ocr_carea' id='block_1_107' title="bbox 1815 4716 3468 4792">
    <p class='ocr_par' dir='ltr' id='par_1_107' title="bbox 1815 4716 3468 4792">
     <span class='ocr_line' id='line_1_107' title="bbox 1815 4716 3468 4792; baseline 0 -18"><span class='ocrx_word' id='word_1_753' title='bbox 1815 4719 1960 4791; x_wconf 80' lang='lat' dir='ltr'><strong>quia</strong></span> <span class='ocrx_word' id='word_1_754' title='bbox 1982 4719 2054 4774; x_wconf 88' lang='lat' dir='ltr'><strong>ad</strong></span> <span class='ocrx_word' id='word_1_755' title='bbox 2078 4735 2252 4774; x_wconf 91' lang='lat' dir='ltr'><strong>suum</strong></span> <span class='ocrx_word' id='word_1_756' title='bbox 2276 4717 2643 4790; x_wconf 88' lang='lat' dir='ltr'><strong>omnipotens</strong></span> <span class='ocrx_word' id='word_1_757' title='bbox 2657 4718 2811 4773; x_wconf 88' lang='lat' dir='ltr'><strong>Deus</strong></span> <span class='ocrx_word' id='word_1_758' title='bbox 2832 4718 3113 4774; x_wconf 87' lang='lat' dir='ltr'><strong>invitabat</strong></span> <span class='ocrx_word' id='word_1_759' title='bbox 3133 4716 3468 4792; x_wconf 87' lang='lat' dir='ltr'><strong>collegium,</strong></span> 
     </span>
    </p>
   </div>
   <div class='ocr_carea' id='block_1_108' title="bbox 1819 4807 3473 4880">
    <p class='ocr_par' dir='ltr' id='par_1_108' title="bbox 1819 4807 3473 4880">
     <span class='ocr_line' id='line_1_108' title="bbox 1819 4807 3473 4880; baseline -0.001 -16"><span class='ocrx_word' id='word_1_760' title='bbox 1819 4810 1992 4879; x_wconf 89' lang='lat' dir='ltr'><strong>cujus</strong></span> <span class='ocrx_word' id='word_1_761' title='bbox 2020 4807 2079 4863; x_wconf 88' lang='lat' dir='ltr'><strong>in</strong></span> <span class='ocrx_word' id='word_1_762' title='bbox 2109 4808 2280 4862; x_wconf 85' lang='lat' dir='ltr'><strong>terris</strong></span> <span class='ocrx_word' id='word_1_763' title='bbox 2310 4807 2538 4878; x_wconf 86' lang='lat' dir='ltr'><strong>positus</strong></span> <span class='ocrx_word' id='word_1_764' title='bbox 2569 4808 2904 4864; x_wconf 88' lang='lat' dir='ltr'><strong>sectabatur</strong></span> <span class='ocrx_word' id='word_1_765' title='bbox 2929 4807 3262 4880; x_wconf 89' lang='lat' dir='ltr'><strong>exemplum</strong></span> <span class='ocrx_word' id='word_1_766' title='bbox 3294 4825 3307 4862; x_wconf 91' lang='lat'><strong>:</strong></span> <span class='ocrx_word' id='word_1_767' title='bbox 3338 4807 3473 4863; x_wconf 83' lang='lat' dir='ltr'><strong>tris-</strong></span> 
     </span>
    </p>
   </div>
   <div class='ocr_carea' id='block_1_109' title="bbox 1819 4895 3472 4968">
    <p class='ocr_par' dir='ltr' id='par_1_109' title="bbox 1819 4895 3472 4968">
     <span class='ocr_line' id='line_1_109' title="bbox 1819 4895 3472 4968; baseline 0 -16"><span class='ocrx_word' id='word_1_768' title='bbox 1819 4897 2055 4953; x_wconf 83' lang='lat' dir='ltr'><strong>tabatur</strong></span> <span class='ocrx_word' id='word_1_769' title='bbox 2083 4895 2274 4951; x_wconf 87' lang='lat' dir='ltr'><strong>clerus</strong></span> <span class='ocrx_word' id='word_1_770' title='bbox 2307 4895 2542 4968; x_wconf 88' lang='lat' dir='ltr'><strong>lugubri</strong></span> <span class='ocrx_word' id='word_1_771' title='bbox 2593 4897 2862 4952; x_wconf 75' lang='lat' dir='ltr'><strong>mmroris</strong></span> <span class='ocrx_word' id='word_1_772' title='bbox 2909 4895 3084 4968; x_wconf 86' lang='lat' dir='ltr'><strong>pallio</strong></span> <span class='ocrx_word' id='word_1_773' title='bbox 3133 4897 3472 4965; x_wconf 83' lang='lat' dir='ltr'><strong>obsitus,uc</strong></span> 
     </span>
    </p>
   </div>
   <div class='ocr_carea' id='block_1_110' title="bbox 1815 4984 3472 5058">
    <p class='ocr_par' dir='ltr' id='par_1_110' title="bbox 1815 4984 3472 5058">
     <span class='ocr_line' id='line_1_110' title="bbox 1815 4984 3472 5058; baseline 0 -16"><span class='ocrx_word' id='word_1_774' title='bbox 1815 4985 2072 5056; x_wconf 86' lang='lat' dir='ltr'><strong>pastoris</strong></span> <span class='ocrx_word' id='word_1_775' title='bbox 2130 4984 2538 5040; x_wconf 89' lang='lat' dir='ltr'><strong>benedictione</strong></span> <span class='ocrx_word' id='word_1_776' title='bbox 2596 4985 2888 5058; x_wconf 88' lang='lat' dir='ltr'><strong>indigens,</strong></span> <span class='ocrx_word' id='word_1_777' title='bbox 2931 5002 3186 5058; x_wconf 88' lang='lat' dir='ltr'><strong>eumque</strong></span> <span class='ocrx_word' id='word_1_778' title='bbox 3245 4986 3472 5044; x_wconf 87' lang='lat' dir='ltr'><strong>diutino</strong></span> 
     </span>
    </p>
   </div>
   <div class='ocr_carea' id='block_1_111' title="bbox 1817 5073 3471 5146">
    <p class='ocr_par' dir='ltr' id='par_1_111' title="bbox 1817 5073 3471 5146">
     <span class='ocr_line' id='line_1_111' title="bbox 1817 5073 3471 5146; baseline 0.001 -19"><span class='ocrx_word' id='word_1_779' title='bbox 1817 5073 2096 5146; x_wconf 86' lang='lat' dir='ltr'><strong>languore</strong></span> <span class='ocrx_word' id='word_1_780' title='bbox 2144 5073 2375 5144; x_wconf 83' lang='lat' dir='ltr'><strong>fatigari</strong></span> <span class='ocrx_word' id='word_1_781' title='bbox 2406 5074 2733 5146; x_wconf 88' lang='lat' dir='ltr'><strong>suspirans,</strong></span> <span class='ocrx_word' id='word_1_782' title='bbox 2764 5074 3222 5130; x_wconf 86' lang='lat' dir='ltr'><strong>lamantabatur.</strong></span> <span class='ocrx_word' id='word_1_783' title='bbox 3254 5073 3471 5130; x_wconf 70' lang='lat' dir='ltr'><strong>Prsasul</strong></span> 
     </span>
    </p>
   </div>
   <div class='ocr_carea' id='block_1_112' title="bbox 1820 5161 3470 5236">
    <p class='ocr_par' dir='ltr' id='par_1_112' title="bbox 1820 5161 3470 5236">
     <span class='ocr_line' id='line_1_112' title="bbox 1820 5161 3470 5236; baseline 0.001 -20"><span class='ocrx_word' id='word_1_784' title='bbox 1820 5166 2014 5217; x_wconf 87' lang='lat' dir='ltr'><strong>autem</strong></span> <span class='ocrx_word' id='word_1_785' title='bbox 2067 5166 2134 5216; x_wconf 91' lang='lat' dir='ltr'><strong>ut</strong></span> <span class='ocrx_word' id='word_1_786' title='bbox 2180 5161 2434 5216; x_wconf 90' lang='lat' dir='ltr'><strong>vicinum</strong></span> <span class='ocrx_word' id='word_1_787' title='bbox 2483 5163 2671 5216; x_wconf 89' lang='lat' dir='ltr'><strong>sensit</strong></span> <span class='ocrx_word' id='word_1_788' title='bbox 2714 5163 3180 5236; x_wconf 85' lang='lat' dir='ltr'><strong>appropinquare</strong></span> <span class='ocrx_word' id='word_1_789' title='bbox 3226 5163 3470 5230; x_wconf 88' lang='lat' dir='ltr'><strong>exitum,</strong></span> 
     </span>
    </p>
   </div>
   <div class='ocr_carea' id='block_1_113' title="bbox 1821 5249 3472 5324">
    <p class='ocr_par' dir='ltr' id='par_1_113' title="bbox 1821 5249 3472 5324">
     <span class='ocr_line' id='line_1_113' title="bbox 1821 5249 3472 5324; baseline -0.001 -17"><span class='ocrx_word' id='word_1_790' title='bbox 1821 5250 2013 5307; x_wconf 89' lang='lat' dir='ltr'><strong>sciens</strong></span> <span class='ocrx_word' id='word_1_791' title='bbox 2044 5268 2158 5306; x_wconf 90' lang='lat' dir='ltr'><strong>non</strong></span> <span class='ocrx_word' id='word_1_792' title='bbox 2193 5266 2361 5322; x_wconf 90' lang='lat' dir='ltr'><strong>posse</strong></span> <span class='ocrx_word' id='word_1_793' title='bbox 2393 5251 2546 5320; x_wconf 91' lang='lat' dir='ltr'><strong>quod</strong></span> <span class='ocrx_word' id='word_1_794' title='bbox 2572 5249 2991 5307; x_wconf 87' lang='lat' dir='ltr'><strong>deliberaverat</strong></span> <span class='ocrx_word' id='word_1_795' title='bbox 3012 5253 3472 5324; x_wconf 86' lang='lat' dir='ltr'><strong>proﬁcere,sum-</strong></span> 
     </span>
    </p>
   </div>
   <div class='ocr_carea' id='block_1_114' title="bbox 1819 5338 3471 5413">
    <p class='ocr_par' dir='ltr' id='par_1_114' title="bbox 1819 5338 3471 5413">
     <span class='ocr_line' id='line_1_114' title="bbox 1819 5338 3471 5413; baseline -0.001 -19"><span class='ocrx_word' id='word_1_796' title='bbox 1819 5356 1976 5396; x_wconf 89' lang='lat' dir='ltr'><strong>mam</strong></span> <span class='ocrx_word' id='word_1_797' title='bbox 2012 5339 2602 5409; x_wconf 85' lang='lat' dir='ltr'><strong>denariorum,quam</strong></span> <span class='ocrx_word' id='word_1_798' title='bbox 2625 5340 2698 5395; x_wconf 90' lang='lat' dir='ltr'><strong>ad</strong></span> <span class='ocrx_word' id='word_1_799' title='bbox 2731 5340 2838 5395; x_wconf 88' lang='lat' dir='ltr'><strong>hoc</strong></span> <span class='ocrx_word' id='word_1_800' title='bbox 2861 5338 3471 5413; x_wconf 85' lang='lat' dir='ltr'><strong>collegerat,disperti-</strong></span> 
     </span>
    </p>
   </div>
   <div class='ocr_carea' id='block_1_115' title="bbox 1818 5425 3471 5500">
    <p class='ocr_par' dir='ltr' id='par_1_115' title="bbox 1818 5425 3471 5500">
     <span class='ocr_line' id='line_1_115' title="bbox 1818 5425 3471 5500; baseline -0.001 -17"><span class='ocrx_word' id='word_1_801' title='bbox 1818 5428 1920 5494; x_wconf 88' lang='lat' dir='ltr'><strong>vit,</strong></span> <span class='ocrx_word' id='word_1_802' title='bbox 1953 5427 2194 5500; x_wconf 90' lang='lat' dir='ltr'><strong>triginta</strong></span> <span class='ocrx_word' id='word_1_803' title='bbox 2217 5425 2436 5483; x_wconf 88' lang='lat' dir='ltr'><strong>scilicet</strong></span> <span class='ocrx_word' id='word_1_804' title='bbox 2466 5427 2644 5484; x_wconf 88' lang='lat' dir='ltr'><strong>libras</strong></span> <span class='ocrx_word' id='word_1_805' title='bbox 2674 5430 2745 5484; x_wconf 85' lang='lat' dir='ltr'><strong>ad</strong></span> <span class='ocrx_word' id='word_1_806' title='bbox 2771 5429 3094 5486; x_wconf 75' lang='lat' dir='ltr'><strong>faciendam</strong></span> <span class='ocrx_word' id='word_1_807' title='bbox 3117 5434 3250 5485; x_wconf 92' lang='lat' dir='ltr'><strong>ante</strong></span> <span class='ocrx_word' id='word_1_808' title='bbox 3289 5426 3471 5482; x_wconf 85' lang='lat' dir='ltr'><strong>altare</strong></span> 
     </span>
    </p>
   </div>
   <div class='ocr_carea' id='block_1_116' title="bbox 1816 5513 3474 5590">
    <p class='ocr_par' dir='ltr' id='par_1_116' title="bbox 1816 5513 3474 5590">
     <span class='ocr_line' id='line_1_116' title="bbox 1816 5513 3474 5590; baseline -0.002 -17"><span class='ocrx_word' id='word_1_809' title='bbox 1816 5515 2008 5573; x_wconf 84' lang='lat' dir='ltr'><strong>sancti</strong></span> <span class='ocrx_word' id='word_1_810' title='bbox 2021 5515 2303 5588; x_wconf 88' lang='lat' dir='ltr'><strong>Stephani</strong></span> <span class='ocrx_word' id='word_1_811' title='bbox 2327 5515 2621 5587; x_wconf 86' lang='lat' dir='ltr'><strong>tabulam;</strong></span> <span class='ocrx_word' id='word_1_812' title='bbox 2641 5517 2847 5590; x_wconf 83' lang='lat' dir='ltr'><strong>viginti</strong></span> <span class='ocrx_word' id='word_1_813' title='bbox 2863 5533 3095 5589; x_wconf 90' lang='lat' dir='ltr'><strong>quoque</strong></span> <span class='ocrx_word' id='word_1_814' title='bbox 3117 5517 3188 5571; x_wconf 88' lang='lat' dir='ltr'><strong>ad</strong></span> <span class='ocrx_word' id='word_1_815' title='bbox 3209 5513 3474 5570; x_wconf 81' lang='lat' dir='ltr'><strong>ornanda</strong></span> 
     </span>
    </p>
   </div>
   <div class='ocr_carea' id='block_1_117' title="bbox 1823 5598 3471 5681">
    <p class='ocr_par' dir='ltr' id='par_1_117' title="bbox 1823 5598 3471 5681">
     <span class='ocr_line' id='line_1_117' title="bbox 1823 5598 3471 5681; baseline -0.001 -18"><span class='ocrx_word' id='word_1_816' title='bbox 1823 5605 2002 5665; x_wconf 65' lang='lat' dir='ltr'><strong>beatis</strong></span> <span class='ocrx_word' id='word_1_817' title='bbox 2027 5604 2222 5664; x_wconf 66' lang='lat' dir='ltr'><strong>Mariis</strong></span> <span class='ocrx_word' id='word_1_818' title='bbox 2249 5604 2522 5681; x_wconf 82' lang='lat' dir='ltr'><strong>beatique</strong></span> <span class='ocrx_word' id='word_1_819' title='bbox 2549 5605 2795 5666; x_wconf 86' lang='lat' dir='ltr'><strong>Joannis</strong></span> <span class='ocrx_word' id='word_1_820' title='bbox 2815 5603 3062 5663; x_wconf 81' lang='lat' dir='ltr'><strong>altaria:</strong></span> <span class='ocrx_word' id='word_1_821' title='bbox 3087 5598 3471 5662; x_wconf 68' lang='lat' dir='ltr'><strong>reminiscens</strong></span> 
     </span>
    </p>
   </div>
  </div>
