3814 6218
304 333 307 336 ’
402 330 517 388 259

1257 323 1596 387 APPEND.
1640 325 1741 384 AD
1788 320 1974 384 SEC.
2023 320 2100 383 X.
2131 354 2209 367 --
2238 316 2495 382 OPERA
2539 335 2763 384 masne

2261 316 2495 382 )PERA
2539 332 2934 384 ΛΔΕΣΠΟΤΙΚΑ.
3675 316 3767 377 $60

403 457 706 514 ecclesiam
739 455 923 513 sancti
965 456 1200 513 Eusebii
1222 457 1454 528 penitus
1486 472 1614 512 esse
1663 455 2039 519 destructum,
2071 452 2126 520 Α
2153 452 2331 520 cium,
2351 449 2648 523 simulque
2677 467 2810 505 cum
2840 465 2906 504 eo
2937 444 3451 504 archidiaconatus
3486 447 3770 517 promeruit

396 547 557 601 dedit
579 546 628 601 ei
653 547 712 600 in
734 547 1072 601 Loconuaco
1092 544 1228 600 villa
1267 563 1472 599 mansa
1501 545 1617 598 duo
1641 547 1697 598 et
1713 543 2046 612 dimidium,

396 637 451 690 in
485 635 716 691 Ceriaco
749 634 1037 701 similiter,
1070 636 1129 689 in
1156 652 1303 708 aqua
1340 633 1502 689 Niolo
1543 634 1772 688 tertiam
1824 636 2046 704 partem

401 725 616 793 mansi,
650 725 1016 780 medietatem
1057 723 1224 779 altari
1257 725 1579 787 conferens,
1613 721 1852 777 alteram
1875 738 2046 786 cano-

401 813 550 869 nicis
573 814 836 885 ejusdem
867 812 975 868 loci
1007 813 1280 885 largiens,
1312 813 1490 884 idque
1519 811 1688 882 longe
1727 814 1860 865 ante
1891 826 2046 864 mor-

398 906 517 958 tem
550 903 1024 973 coepiscoporum
1057 918 1298 958 suorum
1332 901 1607 956 manibus
1636 903 1914 972 perpetuo
1947 897 2047 952 du-

397 995 662 1046 raturum
697 990 966 1059 ﬁrmavit,
1000 990 1223 1062 reliqua
1253 976 1445 1046 omnis
1479 988 1776 1044 canonicis
1805 987 2046 1059 suisque

393 1079 658 1151 erogavit
674 1078 964 1134 ﬁdelibus.
986 1079 1211 1146 Nudus,
1226 1078 1687 1150 iuquiens,mcre
1709 1077 1896 1131 sancti
1913 1075 2045 1145 Job,

394 1183 668 1239 egressus
698 1184 829 1222 sum
861 1183 929 1222 ex
977 1172 1140 1222 utero
1190 1165 1396 1222 matris
1445 1183 1609 1233 meaz,
1643 1165 1840 1220 nudus
1872 1167 1927 1218 et
1958 1179 2046 1217 re-

388 1260 580 1310 vertar
603 1254 742 1310 illuc
765 1261 778 1310 ε
804 1255 1079 1311 omnibus
1107 1255 1262 1311 enim
1301 1255 1583 1310 membris
1613 1253 1894 1308 emortuis
1925 1250 2048 1306 sola

391 1344 448 1397 iu
482 1360 579 1399 ore
608 1343 808 1416 lingua
832 1344 1124 1416 palpitans
1165 1344 1410 1400 Domino
1463 1343 1868 1397 confitebatur.
1896 1340 2044 1404 Quid

389 1432 596 1504 plura?
627 1434 889 1488 Tandem
913 1433 1195 1505 aegritudo
1219 1451 1320 1504 per
1341 1436 1504 1488 artus
1527 1430 1740 1486 diffusa
1761 1431 1831 1485 ad
1849 1429 2047 1483 vitalia

389 1521 579 1576 rediit.
612 1520 890 1576 Convenit
939 1521 1058 1575 illic
1109 1521 1343 1592 copiosa
1390 1519 1658 1585 civitatis,
1710 1518 2043 1573 multitudo.

392 1609 717 1662 Occurrunt
731 1625 821 1662 om
834 1625 934 1661 nos
949 1608 1371 1663 benedictionis
1385 1623 1628 1662 munera
1641 1605 2044 1678 implorantes,

395 1696 595 1750 aderat
625 1695 818 1750 clerus
849 1696 1100 1766 cjulans,
1135 1701 1192 1751 et
1221 1713 1326 1767 pro
1358 1696 1513 1752 exitu
1547 1695 1753 1750 animae
1786 1694 2048 1767 psalmos

392 1783 733 1850 decantans,
759 1800 1011 1855 moxque
1040 1785 1380 1856 praeparatis
1413 1785 1728 1851 cineribus,
1753 1788 1811 1839 et
1840 1800 2045 1856 super-

381 1872 540 1941 jecto
572 1872 758 1927 cicilio
791 1877 855 1927 ut
873 1872 1063 1928 virum
1087 1873 1666 1929 decethristicolam
1700 1889 1762 1928 se
1794 1873 2047 1944 desuper

390 1959 623 2014 extendi
645 1960 849 2031 jussit,
883 1960 1082 2033 sicque
1104 1979 1238 2017 cum
1263 1962 1392 2018 aliis
1419 1967 1617 2034 grates
1639 1961 1884 2017 Domino
1916 1978 2043 2033 per-

387 2047 618 2104 solvens
667 2053 724 2104 et
771 2054 985 2105 sancta:
1013 2051 1202 2106 crucis
1235 2051 1402 2124 signo
1435 2069 1496 2106 se
1527 2053 1906 2122 cunctosque,
1940 2049 2042 2121 qui

388 2138 962 2206 aderant,muniens,
989 2138 1138 2194 felici
1171 2139 1423 2195 transitu
1454 2139 1725 2212 migravit
1746 2139 1818 2194 ad
1850 2138 2042 2193 Domi-

389 2226 944 2299 num,sepultusque
974 2233 1062 2284 est
1092 2228 1409 2284 honorifice
1442 2232 1574 2283 ante
1601 2227 1783 2283 altare
1813 2244 2043 2298 semper

386 2315 632 2387 virginis
663 2316 855 2370 Marias
887 2316 1041 2371 intra
1071 2317 1236 2372 urbis
1266 2317 1502 2383 mmuia,
1537 2316 1629 2371 cui
1677 2315 1874 2371 vivens
1906 2332 2040 2387 per-

389 2409 561 2476 petuo
595 2421 657 2460 se
686 2406 995 2460 devoverat
1024 2405 1398 2460 serviturum.

852 2491 980 2546 CAP.
1016 2492 1184 2548 XLII.
1215 2495 1289 2548 De
1319 2493 1586 2548 Geranno.

462 2581 767 2635 Gerannus
797 2580 1126 2652 episcopus,
1145 2581 1379 2636 natione
1413 2580 2039 2647 Francus,Suessionis

391 2669 586 2740 oppidi
618 2669 912 2742 indigena,
948 2674 1110 2741 patre
1161 2670 1389 2724 Otardo‘
1421 2670 1672 2742 genitus,
1699 2674 1883 2726 matre
1912 2670 2040 2726 Wia

389 2757 600 2826 editus,
635 2757 780 2813 rexit
807 2758 1181 2830 episcopatus
1211 2759 1547 2814 cathedram
1580 2760 1611 2813 4
1638 2776 1841 2826 annos,
1875 2775 2037 2814 men-

389 2862 482 2902 ses
508 2847 561 2914 6,
595 2847 720 2902 dies
752 2847 837 2902 H.
873 2847 966 2902 Sic
1013 2848 1084 2903 ab
1140 2852 1266 2902 ortu
1323 2847 1644 2903 nativitatis
1689 2865 1806 2902 sua:
1838 2847 2037 2903 lacteis

388 2935 645 2991 infantia:
674 2935 950 2991 fomentis
980 2936 1281 3004 educatus,
1306 2936 1404 2991 ubi
1437 2937 1776 3008 primaevam
1796 2935 2038 3009 puerilis

387 3025 490 3080 aavi
519 3042 759 3080 exorsus
790 3029 878 3079 est
925 3024 1149 3096 ingredi
1199 3023 1580 3093 vestibulum,
1610 3024 1873 3097 exemplo
1905 3041 2038 3095 pro-

386 3113 516 3168 vido
558 3116 868 3185 parentum
922 3113 1152 3168 animos
1203 3111 1553 3168 sollicitante
1602 3131 1743 3168 cura
1791 3113 2036 3168 rudibus

2157 539 2402 612 apicem.
2424 540 2486 594 In
2519 555 2634 611 qua
2663 538 2951 593 honorum
2983 535 3264 608 dignitate
3311 533 3682 598 sublimatus,
3707 534 3767 588 ita

2156 646 2218 684 se
2250 629 2584 684 modificare
2605 626 2912 700 vigilanter
2931 624 3159 681 studuit
3180 629 3476 696 quatenus
3498 639 3601 678 nec
3621 623 3766 678 fastus

2154 717 2333 789 typho
2367 733 2544 788 supra
2573 733 2635 772 se
2663 716 3001 788 erigeretur,
3035 731 3138 770 nec
3185 713 3561 768 adulantium
3602 712 3768 766 favori-

2157 806 2266 861 bus
2285 823 2318 860 a
2340 810 2494 860 statu
2518 809 2807 877 concepta:
2839 803 3134 876 religionis
3156 807 3519 868 moveretur;
3538 801 3766 856 excubias

2155 894 2346 966 gregis
2377 893 2590 948 Christi
2622 897 2754 964 post
2783 890 3016 965 vigilem
3049 891 3301 963 pastoris
3331 906 3540 945 curam
3585 890 3768 944 iustam

2155 981 2382 1038 tissime
2431 998 2630 1054 agens,
2664 999 2698 1036 a
2744 998 2807 1037 se
2854 986 2911 1036 et
2957 981 3031 1034 ab
3074 979 3204 1035 aliis
3234 978 3515 1034 vitiorum
3549 982 3769 1033 monstra

2155 1070 2366 1143 abegit,
2401 1074 2574 1142 atque
2602 1069 2992 1142 competentia
3020 1084 3303 1140 corporeae
3355 1065 3766 1123 necessitudinis

2156 1159 2434 1215 alimenta
2463 1176 2528 1214 ac
2567 1159 2911 1214 indumenta
2962 1157 3209 1213 fideliter
3248 1155 3620 1211 ministravit.
3646 1153 3766 1208 Tali-

2155 1249 2288 1314 bus,
2325 1253 2389 1303 ut
2420 1247 2640 1302 dictum
2673 1251 2782 1313 est,
2816 1246 3144 1320 praeconiis,
3175 1250 3232 1300 et
3279 1243 3413 1300 aliis
3448 1242 3765 1298 multimodis

2156 1354 2344 1409 usque
2375 1337 2446 1391 ad
2477 1335 2592 1408 poli
2616 1336 2807 1392 sidera
2829 1339 3086 1403 evectus,
3111 1334 3191 1388 ita
3219 1334 3444 1388 mundo
3475 1330 3765 1405 opinatissi-

2156 1443 2290 1481 mus
2321 1425 2548 1493 enituit,
2572 1431 2637 1480 ut
2667 1430 2723 1480 et
2755 1423 3253 1497 regiae'majestati
3305 1421 3767 1495 gratantissimus.

2157 1515 2506 1587 praesulibus
2558 1513 2796 1584 eharus,
2844 1513 3183 1585 proceribus
3239 1515 3540 1583 acceptus,
3585 1507 3765 1564 clericis

2156 1603 2432 1658 omnibus
2461 1603 2850 1667 venerandus,
2885 1600 3173 1657 militibus
3205 1599 3478 1669 dilectus,
3498 1599 3765 1670 supremis,

2155 1691 2600 1763 humilibusque
2648 1691 2914 1764 personis
2945 1694 3121 1762 atque
3163 1689 3402 1761 utrique
3450 1688 3609 1744 sexui
3653 1687 3764 1741 foret

2156 1779 2640 1836 amabilissimus.
2677 1781 2916 1835 Factum
2968 1784 3059 1835 est
3105 1794 3266 1850 ergo,
3308 1782 3445 1849 post
3497 1776 3764 1832 transitum

2154 1869 2376 1924 domini
2407 1869 2603 1941 piique
2635 1870 2888 1941 pastoris
2935 1867 3207 1923 Herifridi
3257 1864 3761 1926 Autissiodurensis,

2152 1957 2469 2013 Ecclesiam
2501 1957 2677 2012 variis
2709 1973 3106 2012 mrumnarum
3155 1956 3498 2012 excessibus
3528 1951 3761 2014 lacessiri,

2151 2046 2522 2117 maximeque
2552 2062 2655 2117 pro
2689 2044 2969 2101 electione
3000 2043 3302 2117 pastorali,
3349 2044 3424 2099 ad
3458 2058 3626 2115 quam
3655 2056 3763 2096 non-

2153 2133 2441 2200 nulli,non
2476 2133 2596 2188 zelo
2628 2132 3003 2206 spiritali,sed
3033 2133 3206 2187 auxia
3231 2132 3478 2188 honoris
3499 2129 3763 2186 ambitione

2151 2221 2750 2278 exanhelabant.Erat
2769 2227 2964 2278 autem
2987 2239 3055 2278 ea
3084 2224 3441 2294 tempestate
3470 2221 3558 2275 vir
3572 2217 3761 2292 quidam

2147 2315 2376 2382 potens,
2401 2312 2784 2383 Ragenardus
2814 2311 3070 2379 nomine,
3087 2311 3357 2382 ejusdem
3393 2309 3634 2365 civitatis
3659 2307 3764 2360 vice-

2151 2417 2364 2467 comes,
2400 2400 2715 2456 fundorum
2773 2399 3271 2472 mdiﬁciorumque
3333 2395 3758 2472 possessionibus

2146 2488 2804 2560 locupletissimus,auri
2827 2488 3124 2560 argentive
3141 2487 3443 2543 thesauris
3464 2486 3756 2548 ditissimus,

2149 2595 2216 2634 ac
2233 2595 2429 2633 rerum
2455 2578 2720 2633 omnium
2745 2577 3105 2632 abundantia
3129 2576 3759 2649 copiosissimus,paren-

2146 2671 2273 2721 tum
2297 2666 2600 2722 nobilitate
2622 2665 3269 2732 clarissimus,militum
3301 2669 3511 2721 cuneis
3531 2665 3758 2735 stipatus,

2148 2758 2223 2822 et,
2243 2759 2307 2810 ut
2337 2755 2418 2810 ita
2451 2755 2788 2826 dixerim,in
2817 2754 2952 2810 aula
2979 2754 3502 2827 Richardi,magui
3531 2758 3585 2809 et
3601 2752 3761 2806 ﬂoren-

2145 2843 2359 2899 tissimi
2383 2843 2685 2916 principis,
2721 2843 2866 2898 nulli
2897 2844 3214 2909 secundus,
3247 2848 3490 2915 excepto
3543 2841 3756 2897 Manasse

2147 2934 2274 3003 ejus
2307 2949 2606 3004 germano.
2641 2933 2769 3000 Qui,
2795 2949 2927 2987 cum
2966 2932 3102 2988 talis
3123 2949 3189 2987 ac
3217 2937 3416 2988 tantus
3452 2925 3758 2998 esset,avari-

2146 3021 2238 3076 tiae
2265 3022 2579 3093 vaporibus
2608 3025 2884 3087 zestuans,
2907 3021 3183 3076 omnibus
3213 3038 3275 3076 se
3306 3016 3754 3093 praeferebat,sin-

2146 3109 2364 3182 gularis
2398 3109 2776 3182 singulariter
2806 3125 3086 3182 apparere
3118 3109 3380 3181 cupiens,
3403 3115 3487 3176 et,
3512 3113 3572 3163 ut
3590 3110 3754 3178 potens

390 3197 600 3253 scholae
631 3198 1022 3252 committitur
1051 3198 1288 3268 studiis,
1317 3198 1534 3270 quibus
1565 3200 1757 3255 adhuc
1788 3201 2032 3256 tenerri-
2065 3187 2106 3254 C
2145 3198 2455 3271 potentior,
2489 3199 2650 3254 dives
2675 3197 2850 3254 ditior
2881 3197 3540 3264 efﬁceretur,viruleuto
3569 3193 3756 3252 medita-

391 3302 555 3340 mum
589 3284 1009 3356 stupidumque
1054 3285 1438 3342 balbutientis
1485 3287 1744 3343 infantia:
1797 3305 2036 3345 sensum

389 3389 518 3442 mos
573 3374 658 3428 est
705 3373 943 3442 erudiri,
979 3375 1150 3430 modo
1207 3374 1536 3441 mulcendo,
1594 3378 1767 3433 modo
1825 3377 2041 3433 blanda

391 3460 694 3517 severitate
745 3463 1033 3518 terrendo.
1083 3463 1343 3535 Denique
1392 3469 1700 3536 postquam
1755 3465 2040 3522 Davidicis

391 3554 482 3606 est
511 3550 777 3606 eruditus
806 3550 1095 3620 melodiis,
1128 3552 1345 3607 summi
1379 3554 1633 3610 auctoris
1659 3554 1884 3610 favente
1903 3571 2040 3627 pro-

389 3638 662 3706 videntia,
714 3639 1020 3695 clericatus
1080 3645 1168 3697 est
1225 3658 1493 3696 normam
1548 3643 1813 3715 adeptus,
1863 3648 2040 3715 atque

390 3726 628 3798 gloriosi
687 3727 959 3798 martyris
1007 3728 1265 3784 Gervasii
1315 3730 1579 3784 concioni
1639 3729 1904 3797 allectus,
1940 3731 2040 3786 ubi

391 3814 735 3886 regulariter
781 3816 1108 3882 institutus,
1145 3821 1200 3871 et
1260 3817 1677 3872 venerabilium
1727 3818 1838 3874 loci
1884 3819 2042 3875 illius

391 3904 628 3957 Patrum
662 3903 917 3976 moriger
948 3904 1137 3958 factus
1161 3904 1471 3960 historicos
1493 3905 1774 3962 librorum
1804 3924 2042 3980 campos

393 3992 576 4047 faceto
604 3991 817 4064 linguae
859 3991 1077 4063 plectro
1127 3997 1544 4062 transcurrere,
1577 3999 1752 4066 atque
1800 4013 2043 4052 canoros

392 4080 633 4137 musica:
663 4080 808 4136 artis
831 4081 1038 4136 modos
1070 4081 1127 4135 in
1161 4080 1296 4136 aula
1341 4081 1556 4137 Christi
1607 4083 1838 4139 mellitas
1885 4085 2042 4140 vocis

393 4170 570 4225 boatu
622 4186 893 4225 resonare
943 4169 1166 4225 didicit.
1201 4170 1508 4226 Crescebat
1556 4172 1814 4243 quotidie
1863 4174 1921 4228 in
1975 4191 2041 4230 eo

392 4258 662 4330 specialis
693 4258 1002 4332 sapientia,
1036 4259 1152 4314 vita
1182 4263 1362 4327 casta,
1397 4260 1589 4316 mores
1620 4261 1809 4332 probi,
1835 4266 1891 4317 et
1907 4279 2041 4318 cum

391 4347 486 4403 his
533 4347 809 4404 omnibus
856 4347 1116 4421 locuples
1174 4365 1371 4404 rerum
1421 4349 1801 4406 abundantia.
1856 4351 2043 4421 Hujus

389 4436 595 4496 horrea
627 4441 800 4510 atque
831 4437 1086 4506 cellaria,
1121 4438 1413 4494 frumento
1446 4441 1501 4494 et
1530 4438 1664 4494 vino
1709 4440 2042 4496 redundan-

390 4526 681 4616 tia,tenax
701 4544 817 4583 non
849 4527 1109 4599 possedit
1139 4525 1515 4601 philargyria,
1544 4529 1644 4584 sed
1677 4545 1744 4584 ea
1766 4529 2042 4586 omnibus
2071 4551 2118 4616 D

393 4613 527 4668 fecit
556 4616 892 4671 communia
916 4616 1196 4671 munifica
1227 4633 1364 4671 eum
1397 4616 1736 4673 inhabitans
1762 4618 2041 4688 cbaritas,

395 4701 610 4756 ostium
642 4703 853 4759 domus
882 4705 1010 4775 ejus
1036 4705 1358 4760 viatoribus
1388 4704 1594 4776 patuit,
1611 4706 1891 4761 beneficia
1911 4723 2043 4762 con-

394 4789 697 4846 solationis
730 4793 1005 4862 praebuit;
1025 4795 1288 4864 gaudens
1317 4810 1452 4848 cum
1475 4795 2040 4866 gaudentibus,ﬂens

396 4893 531 4932 cum
564 4877 1089 4946 ﬂentibus,detecta
1111 4879 1460 4935 miserorum
1491 4884 1652 4952 terga
1679 4882 2040 4938 vestimentis

398 4965 673 5033 contexit,
705 4970 880 5038 atque
912 4967 1224 5038 purulenta
1255 4967 1612 5040 pupillorum
1663 4971 1854 5040 capita
1891 4970 2038 5043 lym-

398 5054 516 5127 pha
545 5070 677 5108 cum
712 5053 964 5110 lomento
995 5056 1310 5112 emaculari
1342 5056 1495 5112 fecit.
1528 5057 1629 5112 His
1661 5062 1834 5130 atque
1864 5059 2038 5130 huju-

399 5142 658 5198 scemodi
674 5143 956 5198 bonorum
974 5161 1215 5217 operum
1235 5145 1691 5202 exhibitiouibus
1712 5152 2042 5216 exornatus,

2148 3287 2321 3342 batur
2363 3287 2559 3342 animo
2608 3291 2901 3359 quatenus
2943 3287 3120 3343 talem
3170 3285 3440 3342 Ecclesiae
3493 3283 3756 3358 praeficeret

2147 3375 2478 3448 presulem,
2512 3391 2687 3448 quem
2731 3392 2851 3431 suae
2909 3377 3157 3431 subdere
3186 3374 3395 3430 ditioni
3427 3375 3630 3447 quiret,
3658 3385 3755 3442 pro-

2149 3464 2406 3537 priaeque
2454 3463 2773 3520 voluntatis
2819 3463 3083 3520 consiliis
3131 3463 3503 3536 acquiescere
3552 3460 3753 3532 urgeret,

2149 3552 2388 3624 quique,
2423 3553 2470 3608 si
2503 3553 2583 3608 ibi
2617 3553 2786 3608 libita
2807 3553 3019 3608 domus
3051 3552 3151 3607 Dei
3199 3552 3488 3608 beneﬁcia
3537 3547 3756 3606 invadere

2149 3644 2418 3708 tentaret,
2445 3641 2678 3712 penitus
2709 3641 3015 3713 tyrannica
3043 3641 3173 3711 ejus
3203 3640 3518 3696 minitante
3548 3632 3755 3711 potentia

2151 3730 2600 3785 obmutesceret.
2635 3729 2867 3785 Nefaria
2895 3729 3078 3800 igitur
3107 3733 3339 3801 arrepta
3369 3724 3752 3784 machinatione

2153 3817 2361 3874 ducem
2391 3817 2748 3873 Richardum
2779 3816 2943 3886 adiit,
2977 3816 3306 3888 oblatisque
3337 3815 3682 3876 muneribus,
3708 3811 3752 3862 ut

2152 3905 2263 3960 sibi
2292 3905 2451 3961 illius
2481 3906 2684 3962 electio
2715 3904 2982 3961 Ecclesiae
3005 3906 3243 3962 daretur
3263 3905 3530 3977 expetiit;
3551 3901 3752 3969 denique

2153 4011 2390 4067 compos
2419 3995 2537 4050 voti
2569 3994 2661 4050 sui
2691 3995 2930 4050 effectus
2963 3994 3377 4050 canonicorum
3408 3988 3750 4050 venerabilem

2151 4083 2392 4139 chorum
2425 4083 2670 4140 adscivit
2687 4099 2806 4138 una
2823 4099 2958 4138 cum
2983 4083 3222 4138 militari
3247 4083 3475 4148 ordine,
3494 4079 3749 4139 sciscitans

2152 4171 2225 4227 ab
2258 4172 2362 4239 eis,
2383 4189 2558 4244 quem
2579 4172 2638 4226 in
2667 4171 2962 4227 voluntate
2981 4171 3264 4226 haberent
3286 4161 3750 4243 eligendum,ordi-

2152 4264 2530 4331 nandumque
2586 4261 2948 4333 episcopum.
2981 4259 3219 4315 Cunctis
3274 4276 3408 4315 vero
3469 4255 3747 4316 silentibus,

2151 4347 2415 4420 nihilque
2445 4347 2605 4402 aliud
2639 4346 3282 4420 respondentibus,uisi
3303 4363 3480 4420 quem
3509 4351 3642 4402 Deus
3666 4338 3748 4395 ele-

2151 4436 2299 4510 gerit
2330 4453 2343 4491 ε
2376 4437 2518 4508 Ego,
2543 4435 2734 4508 inquit
2763 4435 3162 4504 ille,omnium
3190 4440 3450 4492 vestrum
3474 4427 3747 4490 dilectionis

2152 4526 2391 4581 ﬂamma
2419 4525 3002 4596 ardeo,omniumque
3031 4523 3316 4580 voluntati
3346 4529 3403 4580 et
3423 4512 3748 4596 postulationi

2152 4615 2340 4670 favere
2373 4617 2644 4686 satagens
2674 4613 3046 4686 peculiariter
3070 4613 3332 4669 venerari
3367 4618 3434 4668 ut
3464 4613 3660 4673 Patres,
3679 4605 3749 4658 hu

2151 4720 2354 4760 norare
2385 4707 2452 4758 ut
2483 4703 2629 4758 fidos
2657 4703 2876 4758 amicos
2897 4706 3139 4758 cunctos
3169 4719 3272 4757 vos
3304 4718 3418 4774 pra:
3451 4697 3654 4756 caeteris
3678 4707 3748 4745 us-

2149 4808 2497 4865 quequaque
2530 4791 2643 4846 Deo
2686 4791 3142 4863 obsequentibus
3172 4789 3322 4858 volo,
3346 4791 3395 4845 si
3427 4781 3750 4846 tantumlibet

2148 4899 2182 4938 a
2213 4881 2372 4937 vobis
2403 4881 2717 4952 promereri
2748 4879 2928 4948 valeo,
2964 4880 3119 4951 quod
3167 4879 3332 4934 vobis
3375 4887 3665 4951 suggerere
3697 4865 3748 4922 ad

2148 4969 2476 5043 generalem
2498 4968 3000 5024 honorificentiam
3025 4967 3231 5040 gestio.
3249 4966 3370 5022 Illis
3392 4979 3613 5039 quoque
3632 4973 3745 5031 qure-

2148 5060 2284 5114 dam
2316 5058 2429 5114 sibi
2453 5057 2740 5130 placentia
2762 5056 3253 5128 respondentibus
3284 5056 3355 5111 ad
3388 5049 3751 5124 haec,subintu-

2155 5148 2222 5203 lit
2253 5165 2265 5202 :
2300 5147 2401 5203 Est
2429 5146 2670 5217 quidam
2705 5145 3062 5218 Fraucigena
3091 5144 3237 5200 mihi
3279 5139 3748 5200 familiarissimus,

399 5232 480 5288 ita
509 5231 785 5287 omnibus
807 5233 980 5304 ccepit
1009 5232 1371 5305 complacere
1396 5234 1555 5291 illius
1585 5235 1837 5291 ecclesia
1871 5236 2046 5292 Patri-

401 5321 533 5390 bus,
571 5321 989 5391 fratribusque,
1021 5338 1136 5392 quo
1170 5337 1283 5376 non
1308 5323 1430 5392 jam
1465 5328 1530 5378 ut
1554 5322 1732 5395 filius,
1748 5325 1848 5380 sed
1889 5323 2048 5380 velut

399 5414 568 5484 pater
599 5410 995 5482 susciperetur
1023 5427 1058 5466 a
1102 5409 1348 5465 cunctis.
1405 5411 1551 5476 Quid
1601 5412 1829 5468 dicam?
1859 5413 2048 5484 Siqui-

399 5501 530 5556 dem
589 5499 662 5554 ab
713 5499 849 5554 imis
909 5499 1369 5554 ministeriorum
1426 5500 1706 5571 gradibus
1755 5501 2045 5574 gradatim

400 5590 818 5665 conscendens,
853 5589 924 5648 ad
973 5587 1366 5663 prepositura:
1415 5594 1718 5665 promotus
1775 5595 1866 5650 est
1914 5590 2046 5647 offl-

2155 5238 2270 5293 Deo
2321 5240 2386 5290 ut
2431 5235 2773 5290 hominibus
2812 5238 3110 5307 acceptus,
3143 5232 3423 5289 vocabulo
3471 5232 3746 5288 Gerannus,

2154 5341 2386 5380 morum
2409 5323 2715 5379 honestate
2736 5323 3071 5395 praeclarus,
3090 5322 3202 5377 fide
3222 5309 3749 5394 precipuus,mentis

2155 5412 2469 5469 stabilitate
2499 5415 2756 5484 vegetus,
2789 5411 2910 5483 qui,
2944 5411 3059 5467 Deo
3090 5408 3360 5482 propitio,
3385 5424 3521 5464 cum
3549 5405 3620 5462 sit
3657 5397 3748 5455 suis

2155 5501 2378 5556 civibus
2411 5501 2619 5568 bonus,
2650 5499 2816 5554 vobis
2847 5501 3060 5572 poterit
3091 5498 3211 5554 fore
3258 5496 3483 5564 melior,
3518 5495 3564 5550 si
3602 5493 3750 5546 vestra

2157 5589 2456 5648 affectione
2487 5588 2770 5646 exstiterit
2809 5592 3036 5665 pastor;
3061 5590 3120 5645 at
3159 5585 3244 5649 illi
3274 5580 3748 5669 animadvertant?“
