  <div class='ocr_page' id='page_1' title='image "/cluster/home/n/w/nwhite01/storage/ocr_20150623/138/uva.x000829786/138.png"; bbox 0 0 3814 6218; ppageno 0'>
   <div class='ocr_carea' id='block_1_1' title="bbox 68 345 171 403">
    <p class='ocr_par' dir='ltr' id='par_1_1' title="bbox 68 345 171 403">
     <span class='ocr_line' id='line_1_1' title="bbox 68 345 171 403; baseline -0.01 -1"><span class='ocrx_word' id='word_1_1' title='bbox 68 345 171 403; x_wconf 66' lang='grc'>961</span> 
     </span>
    </p>
   </div>
   <div class='ocr_carea' id='block_1_2' title="bbox 953 340 2590 409">
    <p class='ocr_par' dir='ltr' id='par_1_2' title="bbox 953 340 2590 409">
     <span class='ocr_line' id='line_1_2' title="bbox 953 340 2590 409; baseline 0.003 -5"><span class='ocrx_word' id='word_1_2' title='bbox 953 341 1054 404; x_wconf 82' lang='lat' dir='ltr'>DE</span> <span class='ocrx_word' id='word_1_3' title='bbox 1099 340 1374 406; x_wconf 87' lang='lat' dir='ltr'>GESTIS</span> <span class='ocrx_word' id='word_1_4' title='bbox 1419 340 1668 404; x_wconf 87' lang='lat' dir='ltr'>EPISC.</span> <span class='ocrx_word' id='word_1_5' title='bbox 1717 341 2157 406; x_wconf 81' lang='lat' dir='ltr'>ANTISSIOD.</span> <span class='ocrx_word' id='word_1_6' title='bbox 2193 380 2271 391; x_wconf 85' lang='lat'>-â€”</span> <span class='ocrx_word' id='word_1_7' title='bbox 2301 348 2498 409; x_wconf 79' lang='lat' dir='ltr'>PARS</span> <span class='ocrx_word' id='word_1_8' title='bbox 2544 347 2590 409; x_wconf 92' lang='grc'>1.</span> 
     </span>
    </p>
   </div>
   <div class='ocr_carea' id='block_1_3' title="bbox 3354 353 3475 416">
    <p class='ocr_par' dir='ltr' id='par_1_3' title="bbox 3354 353 3475 416">
     <span class='ocr_line' id='line_1_3' title="bbox 3354 353 3475 416; baseline 0 -1"><span class='ocrx_word' id='word_1_9' title='bbox 3354 353 3475 416; x_wconf 78' lang='grc'>262</span> 
     </span>
    </p>
   </div>
   <div class='ocr_carea' id='block_1_4' title="bbox 72 473 3476 562">
    <p class='ocr_par' dir='ltr' id='par_1_4' title="bbox 72 473 3476 562">
     <span class='ocr_line' id='line_1_4' title="bbox 72 473 3476 562; baseline 0.005 -33"><span class='ocrx_word' id='word_1_10' title='bbox 72 475 291 529; x_wconf 81' lang='lat' dir='ltr'>roboris</span> <span class='ocrx_word' id='word_1_11' title='bbox 338 473 470 544; x_wconf 84' lang='lat' dir='ltr'>ejus</span> <span class='ocrx_word' id='word_1_12' title='bbox 519 475 838 545; x_wconf 88' lang='lat' dir='ltr'>potentiam</span> <span class='ocrx_word' id='word_1_13' title='bbox 871 480 927 530; x_wconf 91' lang='lat' dir='ltr'>et</span> <span class='ocrx_word' id='word_1_14' title='bbox 965 476 1254 531; x_wconf 82' lang='lat' dir='ltr'>declinare</span> <span class='ocrx_word' id='word_1_15' title='bbox 1283 476 1542 532; x_wconf 90' lang='lat' dir='ltr'>volentes</span> <span class='ocrx_word' id='word_1_16' title='bbox 1565 494 1712 548; x_wconf 90' lang='lat' dir='ltr'>quas</span> <span class='ocrx_word' id='word_1_17' title='bbox 1825 477 1982 532; x_wconf 91' lang='lat' dir='ltr'>nime</span> <span class='ocrx_word' id='word_1_18' title='bbox 2013 478 2392 550; x_wconf 90' lang='lat' dir='ltr'>impetrat.At</span> <span class='ocrx_word' id='word_1_19' title='bbox 2423 480 2538 548; x_wconf 90' lang='lat' dir='ltr'>illc,</span> <span class='ocrx_word' id='word_1_20' title='bbox 2560 500 2692 536; x_wconf 90' lang='lat' dir='ltr'>cum</span> <span class='ocrx_word' id='word_1_21' title='bbox 2728 482 2851 539; x_wconf 84' lang='lat' dir='ltr'>suis</span> <span class='ocrx_word' id='word_1_22' title='bbox 2883 488 3108 540; x_wconf 90' lang='lat' dir='ltr'>tantum</span> <span class='ocrx_word' id='word_1_23' title='bbox 3134 489 3476 560; x_wconf 82' lang='lat' dir='ltr'>urbecgres-</span> 
     </span>
    </p>
   </div>
   <div class='ocr_carea' id='block_1_5' title="bbox 74 562 1722 638">
    <p class='ocr_par' dir='ltr' id='par_1_5' title="bbox 74 562 1722 638">
     <span class='ocr_line' id='line_1_5' title="bbox 74 562 1722 638; baseline 0.002 -22"><span class='ocrx_word' id='word_1_24' title='bbox 74 562 275 618; x_wconf 84' lang='lat' dir='ltr'>inferre</span> <span class='ocrx_word' id='word_1_25' title='bbox 307 566 540 634; x_wconf 82' lang='lat' dir='ltr'>poterat</span> <span class='ocrx_word' id='word_1_26' title='bbox 571 563 861 619; x_wconf 87' lang='lat' dir='ltr'>callidatis</span> <span class='ocrx_word' id='word_1_27' title='bbox 892 566 1019 636; x_wconf 85' lang='lat' dir='ltr'>ejus</span> <span class='ocrx_word' id='word_1_28' title='bbox 1055 565 1339 637; x_wconf 76' lang='lat' dir='ltr'>injurias,</span> <span class='ocrx_word' id='word_1_29' title='bbox 1373 566 1722 638; x_wconf 78' lang='lat' dir='ltr'>pollicentur</span> 
     </span>
    </p>
   </div>
   <div class='ocr_carea' id='block_1_6' title="bbox 72 649 1722 727">
    <p class='ocr_par' dir='ltr' id='par_1_6' title="bbox 72 649 1722 727">
     <span class='ocr_line' id='line_1_6' title="bbox 72 649 1722 727; baseline 0.003 -22"><span class='ocrx_word' id='word_1_30' title='bbox 72 668 128 706; x_wconf 86' lang='lat' dir='ltr'>se</span> <span class='ocrx_word' id='word_1_31' title='bbox 155 652 283 721; x_wconf 84' lang='lat' dir='ltr'>ejus</span> <span class='ocrx_word' id='word_1_32' title='bbox 315 649 521 724; x_wconf 81' lang='lat' dir='ltr'>parere</span> <span class='ocrx_word' id='word_1_33' title='bbox 547 652 808 708; x_wconf 90' lang='lat' dir='ltr'>consilio.</span> <span class='ocrx_word' id='word_1_34' title='bbox 826 652 935 716; x_wconf 88' lang='lat' dir='ltr'>Qui</span> <span class='ocrx_word' id='word_1_35' title='bbox 964 655 1234 725; x_wconf 82' lang='lat' dir='ltr'>protinus</span> <span class='ocrx_word' id='word_1_36' title='bbox 1254 655 1552 727; x_wconf 81' lang='lat' dir='ltr'>negotium</span> <span class='ocrx_word' id='word_1_37' title='bbox 1568 672 1722 710; x_wconf 86' lang='lat' dir='ltr'>acce-</span> 
     </span>
    </p>
   </div>
   <div class='ocr_carea' id='block_1_7' title="bbox 70 740 1717 815">
    <p class='ocr_par' dir='ltr' id='par_1_7' title="bbox 70 740 1717 815">
     <span class='ocr_line' id='line_1_7' title="bbox 70 740 1717 815; baseline 0.002 -20"><span class='ocrx_word' id='word_1_38' title='bbox 70 740 204 796; x_wconf 84' lang='lat' dir='ltr'>lerat</span> <span class='ocrx_word' id='word_1_39' title='bbox 233 740 467 810; x_wconf 82' lang='lat' dir='ltr'>sitiens,</span> <span class='ocrx_word' id='word_1_40' title='bbox 501 740 787 813; x_wconf 73' lang='lat' dir='ltr'>praelibati</span> <span class='ocrx_word' id='word_1_41' title='bbox 819 741 1102 815; x_wconf 87' lang='lat' dir='ltr'>principis</span> <span class='ocrx_word' id='word_1_42' title='bbox 1135 747 1342 798; x_wconf 89' lang='lat' dir='ltr'>nactus</span> <span class='ocrx_word' id='word_1_43' title='bbox 1401 743 1717 813; x_wconf 83' lang='lat' dir='ltr'>licentiam,</span> 
     </span>
    </p>
   </div>
   <div class='ocr_carea' id='block_1_8' title="bbox 74 831 1723 904">
    <p class='ocr_par' dir='ltr' id='par_1_8' title="bbox 74 831 1723 904">
     <span class='ocr_line' id='line_1_8' title="bbox 74 831 1723 904; baseline 0.003 -22"><span class='ocrx_word' id='word_1_44' title='bbox 74 831 534 901; x_wconf 89' lang='lat' dir='ltr'>propinquorum</span> <span class='ocrx_word' id='word_1_45' title='bbox 566 832 1015 903; x_wconf 83' lang='lat' dir='ltr'>amicorumque</span> <span class='ocrx_word' id='word_1_46' title='bbox 1048 831 1232 887; x_wconf 88' lang='lat' dir='ltr'>fultus</span> <span class='ocrx_word' id='word_1_47' title='bbox 1255 833 1576 904; x_wconf 88' lang='lat' dir='ltr'>juvamine,</span> <span class='ocrx_word' id='word_1_48' title='bbox 1602 838 1723 887; x_wconf 89' lang='lat' dir='ltr'>tan-</span> 
     </span>
    </p>
   </div>
   <div class='ocr_carea' id='block_1_9' title="bbox 73 917 1721 992">
    <p class='ocr_par' dir='ltr' id='par_1_9' title="bbox 73 917 1721 992">
     <span class='ocr_line' id='line_1_9' title="bbox 73 917 1721 992; baseline 0.002 -19"><span class='ocrx_word' id='word_1_49' title='bbox 73 919 194 974; x_wconf 89' lang='lat' dir='ltr'>dem</span> <span class='ocrx_word' id='word_1_50' title='bbox 226 917 368 974; x_wconf 89' lang='lat' dir='ltr'>cleri</span> <span class='ocrx_word' id='word_1_51' title='bbox 399 918 721 991; x_wconf 88' lang='lat' dir='ltr'>populique</span> <span class='ocrx_word' id='word_1_52' title='bbox 754 920 937 976; x_wconf 86' lang='lat' dir='ltr'>fretus</span> <span class='ocrx_word' id='word_1_53' title='bbox 965 919 1267 987; x_wconf 88' lang='lat' dir='ltr'>electione,</span> <span class='ocrx_word' id='word_1_54' title='bbox 1291 921 1721 992; x_wconf 70' lang='lat' dir='ltr'>archiprazsulis</span> 
     </span>
    </p>
   </div>
   <div class='ocr_carea' id='block_1_10' title="bbox 75 1006 1719 1065">
    <p class='ocr_par' dir='ltr' id='par_1_10' title="bbox 75 1006 1719 1065">
     <span class='ocr_line' id='line_1_10' title="bbox 75 1006 1719 1065; baseline 0.002 -4"><span class='ocrx_word' id='word_1_55' title='bbox 75 1006 288 1062; x_wconf 82' lang='lat' dir='ltr'>domini</span> <span class='ocrx_word' id='word_1_56' title='bbox 321 1007 582 1063; x_wconf 88' lang='lat' dir='ltr'>Gauterii</span> <span class='ocrx_word' id='word_1_57' title='bbox 607 1008 893 1064; x_wconf 88' lang='lat' dir='ltr'>subnixus</span> <span class='ocrx_word' id='word_1_58' title='bbox 917 1010 1263 1065; x_wconf 85' lang='lat' dir='ltr'>auctoritate</span> <span class='ocrx_word' id='word_1_59' title='bbox 1276 1010 1719 1065; x_wconf 89' lang='lat' dir='ltr'>serenissimum</span> 
     </span>
    </p>
   </div>
   <div class='ocr_carea' id='block_1_11' title="bbox 77 1096 1721 1170">
    <p class='ocr_par' dir='ltr' id='par_1_11' title="bbox 77 1096 1721 1170">
     <span class='ocr_line' id='line_1_11' title="bbox 77 1096 1721 1170; baseline 0.002 -20"><span class='ocrx_word' id='word_1_60' title='bbox 77 1102 240 1168; x_wconf 86' lang='lat' dir='ltr'>atque</span> <span class='ocrx_word' id='word_1_61' title='bbox 269 1096 610 1168; x_wconf 89' lang='lat' dir='ltr'>piissimum</span> <span class='ocrx_word' id='word_1_62' title='bbox 643 1113 837 1168; x_wconf 83' lang='lat' dir='ltr'>regem</span> <span class='ocrx_word' id='word_1_63' title='bbox 860 1097 1003 1153; x_wconf 90' lang='lat' dir='ltr'>adiit</span> <span class='ocrx_word' id='word_1_64' title='bbox 1025 1098 1316 1167; x_wconf 89' lang='lat' dir='ltr'>Carolum,</span> <span class='ocrx_word' id='word_1_65' title='bbox 1333 1103 1503 1170; x_wconf 90' lang='lat' dir='ltr'>atque</span> <span class='ocrx_word' id='word_1_66' title='bbox 1527 1099 1721 1154; x_wconf 82' lang='lat' dir='ltr'>divino</span> 
     </span>
    </p>
   </div>
   <div class='ocr_carea' id='block_1_12' title="bbox 79 1186 1721 1258">
    <p class='ocr_par' dir='ltr' id='par_1_12' title="bbox 79 1186 1721 1258">
     <span class='ocr_line' id='line_1_12' title="bbox 79 1186 1721 1258; baseline 0.001 -18"><span class='ocrx_word' id='word_1_67' title='bbox 79 1186 429 1258; x_wconf 70' lang='lat' dir='ltr'>suffragante</span> <span class='ocrx_word' id='word_1_68' title='bbox 478 1186 860 1253; x_wconf 86' lang='lat' dir='ltr'>adminiculo,</span> <span class='ocrx_word' id='word_1_69' title='bbox 894 1191 961 1242; x_wconf 90' lang='lat' dir='ltr'>ut</span> <span class='ocrx_word' id='word_1_70' title='bbox 1007 1187 1092 1240; x_wconf 89' lang='lat' dir='ltr'>vir</span> <span class='ocrx_word' id='word_1_71' title='bbox 1131 1186 1226 1242; x_wconf 90' lang='lat' dir='ltr'>ille</span> <span class='ocrx_word' id='word_1_72' title='bbox 1273 1187 1721 1242; x_wconf 87' lang='lat' dir='ltr'>strenuissimus</span> 
     </span>
    </p>
   </div>
   <div class='ocr_carea' id='block_1_13' title="bbox 77 1274 1720 1348">
    <p class='ocr_par' dir='ltr' id='par_1_13' title="bbox 77 1274 1720 1348">
     <span class='ocr_line' id='line_1_13' title="bbox 77 1274 1720 1348; baseline 0.001 -20"><span class='ocrx_word' id='word_1_73' title='bbox 77 1274 322 1345; x_wconf 82' lang='lat' dir='ltr'>pontifex</span> <span class='ocrx_word' id='word_1_74' title='bbox 374 1274 689 1347; x_wconf 86' lang='lat' dir='ltr'>eligeretur</span> <span class='ocrx_word' id='word_1_75' title='bbox 718 1279 773 1330; x_wconf 89' lang='lat' dir='ltr'>et</span> <span class='ocrx_word' id='word_1_76' title='bbox 819 1275 1209 1342; x_wconf 86' lang='lat' dir='ltr'>ordinaretur,</span> <span class='ocrx_word' id='word_1_77' title='bbox 1242 1276 1581 1348; x_wconf 84' lang='lat' dir='ltr'>promeruit.</span> <span class='ocrx_word' id='word_1_78' title='bbox 1613 1276 1720 1342; x_wconf 88' lang='lat' dir='ltr'>Qui</span> 
     </span>
    </p>
   </div>
   <div class='ocr_carea' id='block_1_14' title="bbox 79 1363 1722 1420">
    <p class='ocr_par' dir='ltr' id='par_1_14' title="bbox 79 1363 1722 1420">
     <span class='ocr_line' id='line_1_14' title="bbox 79 1363 1722 1420; baseline 0.002 -5"><span class='ocrx_word' id='word_1_79' title='bbox 79 1363 512 1418; x_wconf 86' lang='lat' dir='ltr'>sanctissimum</span> <span class='ocrx_word' id='word_1_80' title='bbox 532 1380 597 1419; x_wconf 90' lang='lat' dir='ltr'>ac</span> <span class='ocrx_word' id='word_1_81' title='bbox 611 1363 1145 1420; x_wconf 87' lang='lat' dir='ltr'>laboriosissimum</span> <span class='ocrx_word' id='word_1_82' title='bbox 1158 1364 1581 1420; x_wconf 88' lang='lat' dir='ltr'>benedictionis</span> <span class='ocrx_word' id='word_1_83' title='bbox 1597 1382 1722 1419; x_wconf 93' lang='lat' dir='ltr'>mu-</span> 
     </span>
    </p>
   </div>
   <div class='ocr_carea' id='block_1_15' title="bbox 79 1452 1724 1526">
    <p class='ocr_par' dir='ltr' id='par_1_15' title="bbox 79 1452 1724 1526">
     <span class='ocr_line' id='line_1_15' title="bbox 79 1452 1724 1526; baseline 0.002 -22"><span class='ocrx_word' id='word_1_84' title='bbox 79 1468 182 1504; x_wconf 88' lang='lat' dir='ltr'>nus</span> <span class='ocrx_word' id='word_1_85' title='bbox 202 1452 474 1524; x_wconf 88' lang='lat' dir='ltr'>adeptus,</span> <span class='ocrx_word' id='word_1_86' title='bbox 510 1453 583 1507; x_wconf 89' lang='lat' dir='ltr'>ab</span> <span class='ocrx_word' id='word_1_87' title='bbox 634 1452 909 1508; x_wconf 89' lang='lat' dir='ltr'>omnibus</span> <span class='ocrx_word' id='word_1_88' title='bbox 941 1453 1306 1526; x_wconf 90' lang='lat' dir='ltr'>gratulanter</span> <span class='ocrx_word' id='word_1_89' title='bbox 1335 1452 1637 1525; x_wconf 88' lang='lat' dir='ltr'>excipitur,</span> <span class='ocrx_word' id='word_1_90' title='bbox 1667 1457 1724 1508; x_wconf 94' lang='lat' dir='ltr'>et</span> 
     </span>
    </p>
   </div>
   <div class='ocr_carea' id='block_1_16' title="bbox 79 1540 1721 1614">
    <p class='ocr_par' dir='ltr' id='par_1_16' title="bbox 79 1540 1721 1614">
     <span class='ocr_line' id='line_1_16' title="bbox 79 1540 1721 1614; baseline 0.002 -20"><span class='ocrx_word' id='word_1_91' title='bbox 79 1556 198 1594; x_wconf 89' lang='lat' dir='ltr'>cum</span> <span class='ocrx_word' id='word_1_92' title='bbox 230 1541 451 1613; x_wconf 88' lang='lat' dir='ltr'>ingenti</span> <span class='ocrx_word' id='word_1_93' title='bbox 475 1540 820 1596; x_wconf 90' lang='lat' dir='ltr'>clericorum</span> <span class='ocrx_word' id='word_1_94' title='bbox 851 1541 1154 1614; x_wconf 89' lang='lat' dir='ltr'>diligentia</span> <span class='ocrx_word' id='word_1_95' title='bbox 1189 1541 1721 1613; x_wconf 90' lang='lat' dir='ltr'>innumerabilique</span> 
     </span>
    </p>
   </div>
   <div class='ocr_carea' id='block_1_17' title="bbox 79 1629 1723 1703">
    <p class='ocr_par' dir='ltr' id='par_1_17' title="bbox 79 1629 1723 1703">
     <span class='ocr_line' id='line_1_17' title="bbox 79 1629 1723 1703; baseline 0.002 -21"><span class='ocrx_word' id='word_1_96' title='bbox 79 1629 420 1700; x_wconf 89' lang='lat' dir='ltr'>populorum</span> <span class='ocrx_word' id='word_1_97' title='bbox 460 1630 810 1702; x_wconf 79' lang='lat' dir='ltr'>frequentia,</span> <span class='ocrx_word' id='word_1_98' title='bbox 846 1631 1244 1703; x_wconf 83' lang='lat' dir='ltr'>praeeuntibus</span> <span class='ocrx_word' id='word_1_99' title='bbox 1292 1635 1468 1702; x_wconf 90' lang='lat' dir='ltr'>atque</span> <span class='ocrx_word' id='word_1_100' title='bbox 1516 1631 1723 1686; x_wconf 86' lang='lat' dir='ltr'>subse-</span> 
     </span>
    </p>
   </div>
   <div class='ocr_carea' id='block_1_18' title="bbox 80 1717 1724 1790">
    <p class='ocr_par' dir='ltr' id='par_1_18' title="bbox 80 1717 1724 1790">
     <span class='ocr_line' id='line_1_18' title="bbox 80 1717 1724 1790; baseline 0.003 -20"><span class='ocrx_word' id='word_1_101' title='bbox 80 1717 380 1788; x_wconf 85' lang='lat' dir='ltr'>quentibus</span> <span class='ocrx_word' id='word_1_102' title='bbox 415 1718 793 1790; x_wconf 85' lang='lat' dir='ltr'>psallentium</span> <span class='ocrx_word' id='word_1_103' title='bbox 819 1719 1034 1789; x_wconf 88' lang='lat' dir='ltr'>choris,</span> <span class='ocrx_word' id='word_1_104' title='bbox 1051 1720 1398 1775; x_wconf 88' lang='lat' dir='ltr'>deferturhu</span> <span class='ocrx_word' id='word_1_105' title='bbox 1410 1720 1585 1775; x_wconf 88' lang='lat' dir='ltr'>meris</span> <span class='ocrx_word' id='word_1_106' title='bbox 1599 1719 1724 1775; x_wconf 90' lang='lat' dir='ltr'>reli-</span> 
     </span>
    </p>
   </div>
   <div class='ocr_carea' id='block_1_19' title="bbox 80 1807 1721 1880">
    <p class='ocr_par' dir='ltr' id='par_1_19' title="bbox 80 1807 1721 1880">
     <span class='ocr_line' id='line_1_19' title="bbox 80 1807 1721 1880; baseline 0.001 -20"><span class='ocrx_word' id='word_1_107' title='bbox 80 1807 362 1877; x_wconf 87' lang='lat' dir='ltr'>giosorum</span> <span class='ocrx_word' id='word_1_108' title='bbox 404 1808 477 1863; x_wconf 89' lang='lat' dir='ltr'>ad</span> <span class='ocrx_word' id='word_1_109' title='bbox 523 1807 720 1863; x_wconf 90' lang='lat' dir='ltr'>aulam</span> <span class='ocrx_word' id='word_1_110' title='bbox 773 1808 1091 1880; x_wconf 88' lang='lat' dir='ltr'>primicerii</span> <span class='ocrx_word' id='word_1_111' title='bbox 1154 1813 1477 1880; x_wconf 83' lang='lat' dir='ltr'>martyrum</span> <span class='ocrx_word' id='word_1_112' title='bbox 1509 1808 1721 1864; x_wconf 85' lang='lat' dir='ltr'>Christi</span> 
     </span>
    </p>
   </div>
   <div class='ocr_carea' id='block_1_20' title="bbox 79 1895 1725 1969">
    <p class='ocr_par' dir='ltr' id='par_1_20' title="bbox 79 1895 1725 1969">
     <span class='ocr_line' id='line_1_20' title="bbox 79 1895 1725 1969; baseline 0.001 -19"><span class='ocrx_word' id='word_1_113' title='bbox 79 1895 367 1967; x_wconf 84' lang='lat' dir='ltr'>Stephani,</span> <span class='ocrx_word' id='word_1_114' title='bbox 403 1896 612 1968; x_wconf 87' lang='lat' dir='ltr'>ibique</span> <span class='ocrx_word' id='word_1_115' title='bbox 647 1896 798 1952; x_wconf 83' lang='lat' dir='ltr'>stola</span> <span class='ocrx_word' id='word_1_116' title='bbox 828 1896 1148 1969; x_wconf 82' lang='lat' dir='ltr'>pontificali</span> <span class='ocrx_word' id='word_1_117' title='bbox 1175 1896 1483 1965; x_wconf 78' lang='lat' dir='ltr'>infulatus,</span> <span class='ocrx_word' id='word_1_118' title='bbox 1510 1897 1566 1951; x_wconf 91' lang='lat' dir='ltr'>in</span> <span class='ocrx_word' id='word_1_119' title='bbox 1591 1899 1725 1953; x_wconf 90' lang='lat' dir='ltr'>sede</span> 
     </span>
    </p>
   </div>
   <div class='ocr_carea' id='block_1_21' title="bbox 79 1984 1723 2057">
    <p class='ocr_par' dir='ltr' id='par_1_21' title="bbox 79 1984 1723 2057">
     <span class='ocr_line' id='line_1_21' title="bbox 79 1984 1723 2057; baseline 0.001 -19"><span class='ocrx_word' id='word_1_120' title='bbox 79 1984 408 2040; x_wconf 83' lang='lat' dir='ltr'>sacerdotali</span> <span class='ocrx_word' id='word_1_121' title='bbox 441 1984 559 2040; x_wconf 94' lang='lat' dir='ltr'>bon</span> <span class='ocrx_word' id='word_1_122' title='bbox 579 1984 776 2041; x_wconf 86' lang='lat' dir='ltr'>orifice</span> <span class='ocrx_word' id='word_1_123' title='bbox 809 1984 1124 2041; x_wconf 91' lang='lat' dir='ltr'>collocatus</span> <span class='ocrx_word' id='word_1_124' title='bbox 1175 1986 1422 2053; x_wconf 90' lang='lat' dir='ltr'>resedit;</span> <span class='ocrx_word' id='word_1_125' title='bbox 1457 1986 1554 2040; x_wconf 90' lang='lat' dir='ltr'>ubi</span> <span class='ocrx_word' id='word_1_126' title='bbox 1587 2003 1723 2057; x_wconf 84' lang='lat' dir='ltr'>pro-</span> 
     </span>
    </p>
   </div>
   <div class='ocr_carea' id='block_1_22' title="bbox 86 2073 1722 2146">
    <p class='ocr_par' dir='ltr' id='par_1_22' title="bbox 86 2073 1722 2146">
     <span class='ocr_line' id='line_1_22' title="bbox 86 2073 1722 2146; baseline 0.001 -18"><span class='ocrx_word' id='word_1_127' title='bbox 86 2073 305 2129; x_wconf 85' lang='lat' dir='ltr'>cedente</span> <span class='ocrx_word' id='word_1_128' title='bbox 331 2073 494 2129; x_wconf 87' lang='lat' dir='ltr'>brevi</span> <span class='ocrx_word' id='word_1_129' title='bbox 517 2074 800 2146; x_wconf 90' lang='lat' dir='ltr'>temporis</span> <span class='ocrx_word' id='word_1_130' title='bbox 831 2073 1142 2141; x_wconf 88' lang='lat' dir='ltr'>curriculo,</span> <span class='ocrx_word' id='word_1_131' title='bbox 1169 2091 1346 2146; x_wconf 89' lang='lat' dir='ltr'>quam</span> <span class='ocrx_word' id='word_1_132' title='bbox 1380 2075 1470 2146; x_wconf 88' lang='lat' dir='ltr'>pie</span> <span class='ocrx_word' id='word_1_133' title='bbox 1500 2075 1722 2143; x_wconf 78' lang='lat' dir='ltr'>vixerit,</span> 
     </span>
    </p>
   </div>
   <div class='ocr_carea' id='block_1_23' title="bbox 83 2163 1726 2235">
    <p class='ocr_par' dir='ltr' id='par_1_23' title="bbox 83 2163 1726 2235">
     <span class='ocr_line' id='line_1_23' title="bbox 83 2163 1726 2235; baseline 0.001 -19"><span class='ocrx_word' id='word_1_134' title='bbox 83 2167 440 2234; x_wconf 85' lang='lat' dir='ltr'>quantasque</span> <span class='ocrx_word' id='word_1_135' title='bbox 471 2180 505 2217; x_wconf 88' lang='lat' dir='ltr'>a</span> <span class='ocrx_word' id='word_1_136' title='bbox 534 2163 771 2235; x_wconf 66' lang='lat' dir='ltr'>praefato</span> <span class='ocrx_word' id='word_1_137' title='bbox 794 2163 1136 2234; x_wconf 82' lang='lat' dir='ltr'>Ragenardo</span> <span class='ocrx_word' id='word_1_138' title='bbox 1160 2167 1336 2235; x_wconf 90' lang='lat' dir='ltr'>atque</span> <span class='ocrx_word' id='word_1_139' title='bbox 1358 2181 1392 2218; x_wconf 91' lang='lat' dir='ltr'>a</span> <span class='ocrx_word' id='word_1_140' title='bbox 1420 2163 1726 2219; x_wconf 83' lang='lat' dir='ltr'>barbarica</span> 
     </span>
    </p>
   </div>
   <div class='ocr_carea' id='block_1_24' title="bbox 81 2250 1725 2324">
    <p class='ocr_par' dir='ltr' id='par_1_24' title="bbox 81 2250 1725 2324">
     <span class='ocr_line' id='line_1_24' title="bbox 81 2250 1725 2324; baseline 0.002 -20"><span class='ocrx_word' id='word_1_141' title='bbox 81 2250 542 2307; x_wconf 81' lang='lat' dir='ltr'>Normannorum</span> <span class='ocrx_word' id='word_1_142' title='bbox 574 2255 744 2324; x_wconf 89' lang='lat' dir='ltr'>gente</span> <span class='ocrx_word' id='word_1_143' title='bbox 772 2268 877 2323; x_wconf 92' lang='lat' dir='ltr'>pro</span> <span class='ocrx_word' id='word_1_144' title='bbox 891 2268 998 2306; x_wconf 91' lang='lat' dir='ltr'>suo</span> <span class='ocrx_word' id='word_1_145' title='bbox 1025 2253 1725 2323; x_wconf 81' lang='lat' dir='ltr'>suorumquemunimine</span> 
     </span>
    </p>
   </div>
   <div class='ocr_carea' id='block_1_25' title="bbox 82 2339 1726 2412">
    <p class='ocr_par' dir='ltr' id='par_1_25' title="bbox 82 2339 1726 2412">
     <span class='ocr_line' id='line_1_25' title="bbox 82 2339 1726 2412; baseline 0.002 -17"><span class='ocrx_word' id='word_1_146' title='bbox 82 2340 502 2409; x_wconf 83' lang='lat' dir='ltr'>persecutiones</span> <span class='ocrx_word' id='word_1_147' title='bbox 534 2357 748 2412; x_wconf 88' lang='lat' dir='ltr'>passus</span> <span class='ocrx_word' id='word_1_148' title='bbox 779 2339 1102 2408; x_wconf 87' lang='lat' dir='ltr'>sit,saltem</span> <span class='ocrx_word' id='word_1_149' title='bbox 1136 2341 1432 2396; x_wconf 87' lang='lat' dir='ltr'>succincte</span> <span class='ocrx_word' id='word_1_150' title='bbox 1451 2341 1726 2412; x_wconf 82' lang='lat' dir='ltr'>expedire</span> 
     </span>
    </p>
   </div>
   <div class='ocr_carea' id='block_1_26' title="bbox 83 2425 1723 2500">
    <p class='ocr_par' dir='ltr' id='par_1_26' title="bbox 83 2425 1723 2500">
     <span class='ocr_line' id='line_1_26' title="bbox 83 2425 1723 2500; baseline 0.001 -20"><span class='ocrx_word' id='word_1_151' title='bbox 83 2425 593 2500; x_wconf 87' lang='lat' dir='ltr'>licebit,siquidem</span> <span class='ocrx_word' id='word_1_152' title='bbox 624 2427 913 2500; x_wconf 82' lang='lat' dir='ltr'>extemplo</span> <span class='ocrx_word' id='word_1_153' title='bbox 935 2432 1067 2500; x_wconf 90' lang='lat' dir='ltr'>post</span> <span class='ocrx_word' id='word_1_154' title='bbox 1088 2427 1330 2500; x_wconf 90' lang='lat' dir='ltr'>potitam</span> <span class='ocrx_word' id='word_1_155' title='bbox 1353 2428 1723 2500; x_wconf 88' lang='lat' dir='ltr'>episcopatus</span> 
     </span>
    </p>
   </div>
   <div class='ocr_carea' id='block_1_27' title="bbox 84 2516 1724 2589">
    <p class='ocr_par' dir='ltr' id='par_1_27' title="bbox 84 2516 1724 2589">
     <span class='ocr_line' id='line_1_27' title="bbox 84 2516 1724 2589; baseline 0.001 -20"><span class='ocrx_word' id='word_1_156' title='bbox 84 2517 283 2582; x_wconf 86' lang='lat' dir='ltr'>sedem,</span> <span class='ocrx_word' id='word_1_157' title='bbox 301 2517 494 2573; x_wconf 89' lang='lat' dir='ltr'>isdem</span> <span class='ocrx_word' id='word_1_158' title='bbox 517 2517 900 2589; x_wconf 73' lang='lat' dir='ltr'>Ragenardus</span> <span class='ocrx_word' id='word_1_159' title='bbox 930 2516 1165 2572; x_wconf 70' lang='lat' dir='ltr'>malitiae</span> <span class='ocrx_word' id='word_1_160' title='bbox 1195 2516 1376 2583; x_wconf 89' lang='lat' dir='ltr'>virus,</span> <span class='ocrx_word' id='word_1_161' title='bbox 1400 2519 1553 2589; x_wconf 91' lang='lat' dir='ltr'>quod</span> <span class='ocrx_word' id='word_1_162' title='bbox 1575 2518 1724 2589; x_wconf 89' lang='lat' dir='ltr'>rapi-</span> 
     </span>
    </p>
   </div>
   <div class='ocr_carea' id='block_1_28' title="bbox 83 2605 1720 2677">
    <p class='ocr_par' dir='ltr' id='par_1_28' title="bbox 83 2605 1720 2677">
     <span class='ocr_line' id='line_1_28' title="bbox 83 2605 1720 2677; baseline 0.001 -18"><span class='ocrx_word' id='word_1_163' title='bbox 83 2605 146 2660; x_wconf 92' lang='lat' dir='ltr'>do</span> <span class='ocrx_word' id='word_1_164' title='bbox 172 2605 555 2662; x_wconf 86' lang='lat' dir='ltr'>delitescebat</span> <span class='ocrx_word' id='word_1_165' title='bbox 586 2605 645 2660; x_wconf 92' lang='lat' dir='ltr'>in</span> <span class='ocrx_word' id='word_1_166' title='bbox 679 2611 930 2677; x_wconf 88' lang='lat' dir='ltr'>pectore,</span> <span class='ocrx_word' id='word_1_167' title='bbox 965 2623 1078 2661; x_wconf 91' lang='lat' dir='ltr'>non</span> <span class='ocrx_word' id='word_1_168' title='bbox 1111 2605 1424 2662; x_wconf 90' lang='lat' dir='ltr'>erubuitin</span> <span class='ocrx_word' id='word_1_169' title='bbox 1456 2605 1720 2660; x_wconf 90' lang='lat' dir='ltr'>omnium</span> 
     </span>
    </p>
   </div>
   <div class='ocr_carea' id='block_1_29' title="bbox 83 2693 1721 2765">
    <p class='ocr_par' dir='ltr' id='par_1_29' title="bbox 83 2693 1721 2765">
     <span class='ocr_line' id='line_1_29' title="bbox 83 2693 1721 2765; baseline 0.001 -18"><span class='ocrx_word' id='word_1_170' title='bbox 83 2695 370 2751; x_wconf 82' lang='lat' dir='ltr'>obtutibus</span> <span class='ocrx_word' id='word_1_171' title='bbox 397 2710 664 2750; x_wconf 89' lang='lat' dir='ltr'>evomere</span> <span class='ocrx_word' id='word_1_172' title='bbox 684 2713 697 2762; x_wconf 90' lang='lat'>;</span> <span class='ocrx_word' id='word_1_173' title='bbox 721 2699 957 2764; x_wconf 87' lang='lat' dir='ltr'>accepta</span> <span class='ocrx_word' id='word_1_174' title='bbox 970 2710 1223 2764; x_wconf 89' lang='lat' dir='ltr'>namque</span> <span class='ocrx_word' id='word_1_175' title='bbox 1237 2693 1540 2748; x_wconf 89' lang='lat' dir='ltr'>occasione</span> <span class='ocrx_word' id='word_1_176' title='bbox 1555 2694 1721 2765; x_wconf 89' lang='lat' dir='ltr'>quasi</span> 
     </span>
    </p>
   </div>
   <div class='ocr_carea' id='block_1_30' title="bbox 82 2781 1722 2854">
    <p class='ocr_par' dir='ltr' id='par_1_30' title="bbox 82 2781 1722 2854">
     <span class='ocr_line' id='line_1_30' title="bbox 82 2781 1722 2854; baseline 0.001 -19"><span class='ocrx_word' id='word_1_177' title='bbox 82 2798 138 2836; x_wconf 83' lang='lat' dir='ltr'>ex</span> <span class='ocrx_word' id='word_1_178' title='bbox 159 2788 285 2838; x_wconf 88' lang='lat' dir='ltr'>voto</span> <span class='ocrx_word' id='word_1_179' title='bbox 316 2782 658 2854; x_wconf 84' lang='lat' dir='ltr'>sponsionis</span> <span class='ocrx_word' id='word_1_180' title='bbox 689 2783 838 2854; x_wconf 89' lang='lat' dir='ltr'>ejus,</span> <span class='ocrx_word' id='word_1_181' title='bbox 875 2781 1154 2837; x_wconf 88' lang='lat' dir='ltr'>Gaiacum</span> <span class='ocrx_word' id='word_1_182' title='bbox 1185 2782 1381 2837; x_wconf 90' lang='lat' dir='ltr'>villam</span> <span class='ocrx_word' id='word_1_183' title='bbox 1411 2783 1599 2837; x_wconf 88' lang='lat' dir='ltr'>tribus</span> <span class='ocrx_word' id='word_1_184' title='bbox 1650 2783 1722 2838; x_wconf 91' lang='lat' dir='ltr'>ab</span> 
     </span>
    </p>
   </div>
   <div class='ocr_carea' id='block_1_31' title="bbox 83 2870 1722 2942">
    <p class='ocr_par' dir='ltr' id='par_1_31' title="bbox 83 2870 1722 2942">
     <span class='ocr_line' id='line_1_31' title="bbox 83 2870 1722 2942; baseline 0.001 -18"><span class='ocrx_word' id='word_1_185' title='bbox 83 2872 208 2926; x_wconf 89' lang='lat' dir='ltr'>urbe</span> <span class='ocrx_word' id='word_1_186' title='bbox 237 2871 508 2926; x_wconf 89' lang='lat' dir='ltr'>millibus</span> <span class='ocrx_word' id='word_1_187' title='bbox 539 2870 856 2926; x_wconf 87' lang='lat' dir='ltr'>discretam</span> <span class='ocrx_word' id='word_1_188' title='bbox 890 2887 1023 2926; x_wconf 90' lang='lat' dir='ltr'>cum</span> <span class='ocrx_word' id='word_1_189' title='bbox 1056 2870 1331 2926; x_wconf 92' lang='lat' dir='ltr'>omnibus</span> <span class='ocrx_word' id='word_1_190' title='bbox 1360 2870 1722 2942; x_wconf 88' lang='lat' dir='ltr'>appendiciis</span> 
     </span>
    </p>
   </div>
   <div class='ocr_carea' id='block_1_32' title="bbox 83 2959 1722 3033">
    <p class='ocr_par' dir='ltr' id='par_1_32' title="bbox 83 2959 1722 3033">
     <span class='ocr_line' id='line_1_32' title="bbox 83 2959 1722 3033; baseline 0.003 -22"><span class='ocrx_word' id='word_1_191' title='bbox 83 2960 193 3015; x_wconf 84' lang='lat' dir='ltr'>suis</span> <span class='ocrx_word' id='word_1_192' title='bbox 221 2960 432 3016; x_wconf 86' lang='lat' dir='ltr'>ditioni</span> <span class='ocrx_word' id='word_1_193' title='bbox 467 2960 596 3030; x_wconf 87' lang='lat' dir='ltr'>ejus</span> <span class='ocrx_word' id='word_1_194' title='bbox 627 2960 864 3028; x_wconf 87' lang='lat' dir='ltr'>ademit,</span> <span class='ocrx_word' id='word_1_195' title='bbox 892 2976 1128 3031; x_wconf 69' lang='lat' dir='ltr'>suisque</span> <span class='ocrx_word' id='word_1_196' title='bbox 1160 2959 1532 3032; x_wconf 89' lang='lat' dir='ltr'>impudenter</span> <span class='ocrx_word' id='word_1_197' title='bbox 1560 2965 1722 3033; x_wconf 89' lang='lat' dir='ltr'>apta-</span> 
     </span>
    </p>
   </div>
   <div class='ocr_carea' id='block_1_33' title="bbox 82 3047 1724 3121">
    <p class='ocr_par' dir='ltr' id='par_1_33' title="bbox 82 3047 1724 3121">
     <span class='ocr_line' id='line_1_33' title="bbox 82 3047 1724 3121; baseline 0.002 -20"><span class='ocrx_word' id='word_1_198' title='bbox 82 3049 168 3116; x_wconf 77' lang='lat' dir='ltr'>vit,</span> <span class='ocrx_word' id='word_1_199' title='bbox 184 3054 381 3121; x_wconf 87' lang='lat' dir='ltr'>atque,</span> <span class='ocrx_word' id='word_1_200' title='bbox 401 3053 470 3103; x_wconf 89' lang='lat' dir='ltr'>ut</span> <span class='ocrx_word' id='word_1_201' title='bbox 495 3049 554 3103; x_wconf 92' lang='lat' dir='ltr'>in</span> <span class='ocrx_word' id='word_1_202' title='bbox 567 3047 876 3104; x_wconf 85' lang='lat' dir='ltr'>facultates</span> <span class='ocrx_word' id='word_1_203' title='bbox 910 3049 1173 3120; x_wconf 88' lang='lat' dir='ltr'>ejusdem</span> <span class='ocrx_word' id='word_1_204' title='bbox 1189 3048 1443 3104; x_wconf 69' lang='lat' dir='ltr'>ecclesia:</span> <span class='ocrx_word' id='word_1_205' title='bbox 1459 3049 1724 3104; x_wconf 90' lang='lat' dir='ltr'>minuen-</span> 
     </span>
    </p>
   </div>
   <div class='ocr_carea' id='block_1_34' title="bbox 84 3135 1722 3208">
    <p class='ocr_par' dir='ltr' id='par_1_34' title="bbox 84 3135 1722 3208">
     <span class='ocr_line' id='line_1_34' title="bbox 84 3135 1722 3208; baseline 0.001 -19"><span class='ocrx_word' id='word_1_206' title='bbox 84 3136 176 3191; x_wconf 88' lang='lat' dir='ltr'>das</span> <span class='ocrx_word' id='word_1_207' title='bbox 204 3136 541 3192; x_wconf 89' lang='lat' dir='ltr'>dementior</span> <span class='ocrx_word' id='word_1_208' title='bbox 568 3135 861 3203; x_wconf 78' lang='lat' dir='ltr'>existeret,</span> <span class='ocrx_word' id='word_1_209' title='bbox 883 3136 1072 3208; x_wconf 90' lang='lat' dir='ltr'>ipsius</span> <span class='ocrx_word' id='word_1_210' title='bbox 1104 3137 1475 3208; x_wconf 89' lang='lat' dir='ltr'>suggestione</span> <span class='ocrx_word' id='word_1_211' title='bbox 1497 3137 1722 3193; x_wconf 89' lang='lat' dir='ltr'>machi-</span> 
     </span>
    </p>
   </div>
   <div class='ocr_carea' id='block_1_35' title="bbox 1831 567 3477 645">
    <p class='ocr_par' dir='ltr' id='par_1_35' title="bbox 1831 567 3477 645">
     <span class='ocr_line' id='line_1_35' title="bbox 1831 567 3477 645; baseline 0.006 -24"><span class='ocrx_word' id='word_1_212' title='bbox 1831 584 1953 634; x_wconf 87' lang='lat' dir='ltr'>sus,</span> <span class='ocrx_word' id='word_1_213' title='bbox 1972 567 2364 638; x_wconf 86' lang='lat' dir='ltr'>speculatores</span> <span class='ocrx_word' id='word_1_214' title='bbox 2379 571 2700 642; x_wconf 70' lang='lat' dir='ltr'>przemittit,</span> <span class='ocrx_word' id='word_1_215' title='bbox 2717 572 3278 645; x_wconf 84' lang='lat' dir='ltr'>hostesqueinvenit,</span> <span class='ocrx_word' id='word_1_216' title='bbox 3294 577 3477 632; x_wconf 86' lang='lat' dir='ltr'>initur</span> 
     </span>
    </p>
   </div>
   <div class='ocr_carea' id='block_1_36' title="bbox 1830 655 3474 736">
    <p class='ocr_par' dir='ltr' id='par_1_36' title="bbox 1830 655 3474 736">
     <span class='ocr_line' id='line_1_36' title="bbox 1830 655 3474 736; baseline 0.005 -27"><span class='ocrx_word' id='word_1_217' title='bbox 1830 655 2071 723; x_wconf 89' lang='lat' dir='ltr'>bellum,</span> <span class='ocrx_word' id='word_1_218' title='bbox 2105 658 2324 729; x_wconf 85' lang='lat' dir='ltr'>potitur</span> <span class='ocrx_word' id='word_1_219' title='bbox 2352 659 2684 726; x_wconf 90' lang='lat' dir='ltr'>victoria,et</span> <span class='ocrx_word' id='word_1_220' title='bbox 2715 660 3037 732; x_wconf 86' lang='lat' dir='ltr'>opitulante</span> <span class='ocrx_word' id='word_1_221' title='bbox 3060 663 3474 736; x_wconf 76' lang='lat' dir='ltr'>divinagralia,</span> 
     </span>
    </p>
   </div>
   <div class='ocr_carea' id='block_1_37' title="bbox 1832 746 3480 818">
    <p class='ocr_par' dir='ltr' id='par_1_37' title="bbox 1832 746 3480 818">
     <span class='ocr_line' id='line_1_37' title="bbox 1832 746 3480 818; baseline 0.006 -20"><span class='ocrx_word' id='word_1_222' title='bbox 1832 746 2156 818; x_wconf 84' lang='lat' dir='ltr'>profligatis</span> <span class='ocrx_word' id='word_1_223' title='bbox 2172 747 2522 803; x_wconf 71' lang='lat' dir='ltr'>adversariis</span> <span class='ocrx_word' id='word_1_224' title='bbox 2541 750 2651 804; x_wconf 88' lang='lat' dir='ltr'>tria</span> <span class='ocrx_word' id='word_1_225' title='bbox 2667 749 2900 805; x_wconf 90' lang='lat' dir='ltr'>illorum</span> <span class='ocrx_word' id='word_1_226' title='bbox 2917 751 3480 808; x_wconf 84' lang='lat' dir='ltr'>revehunturlabara</span> 
     </span>
    </p>
   </div>
   <div class='ocr_carea' id='block_1_38' title="bbox 1831 834 3476 912">
    <p class='ocr_par' dir='ltr' id='par_1_38' title="bbox 1831 834 3476 912">
     <span class='ocr_line' id='line_1_38' title="bbox 1831 834 3476 912; baseline 0.005 -25"><span class='ocrx_word' id='word_1_227' title='bbox 1831 835 1946 888; x_wconf 93' lang='lat' dir='ltr'>duo</span> <span class='ocrx_word' id='word_1_228' title='bbox 1973 834 2090 890; x_wconf 92' lang='lat' dir='ltr'>illic</span> <span class='ocrx_word' id='word_1_229' title='bbox 2122 835 2380 890; x_wconf 91' lang='lat' dir='ltr'>hostium</span> <span class='ocrx_word' id='word_1_230' title='bbox 2411 836 2635 894; x_wconf 88' lang='lat' dir='ltr'>nobiles</span> <span class='ocrx_word' id='word_1_231' title='bbox 2658 839 2812 911; x_wconf 88' lang='lat' dir='ltr'>capti</span> <span class='ocrx_word' id='word_1_232' title='bbox 2833 845 3000 906; x_wconf 88' lang='lat' dir='ltr'>sunt;</span> <span class='ocrx_word' id='word_1_233' title='bbox 3027 858 3273 912; x_wconf 87' lang='lat' dir='ltr'>quorum</span> <span class='ocrx_word' id='word_1_234' title='bbox 3301 859 3476 910; x_wconf 89' lang='lat' dir='ltr'>unus,</span> 
     </span>
    </p>
   </div>
   <div class='ocr_carea' id='block_1_39' title="bbox 1832 923 3478 1000">
    <p class='ocr_par' dir='ltr' id='par_1_39' title="bbox 1832 923 3478 1000">
     <span class='ocr_line' id='line_1_39' title="bbox 1832 923 3478 1000; baseline 0.005 -24"><span class='ocrx_word' id='word_1_235' title='bbox 1832 923 1903 978; x_wconf 87' lang='lat' dir='ltr'>de</span> <span class='ocrx_word' id='word_1_236' title='bbox 1933 939 2100 978; x_wconf 88' lang='lat' dir='ltr'>muro</span> <span class='ocrx_word' id='word_1_237' title='bbox 2132 923 2385 979; x_wconf 89' lang='lat' dir='ltr'>civitatis</span> <span class='ocrx_word' id='word_1_238' title='bbox 2419 926 2837 999; x_wconf 71' lang='lat' dir='ltr'>praacipitatus,</span> <span class='ocrx_word' id='word_1_239' title='bbox 2872 928 3080 1000; x_wconf 89' lang='lat' dir='ltr'>periit;</span> <span class='ocrx_word' id='word_1_240' title='bbox 3115 929 3262 984; x_wconf 88' lang='lat' dir='ltr'>alter</span> <span class='ocrx_word' id='word_1_241' title='bbox 3290 929 3478 985; x_wconf 90' lang='lat' dir='ltr'>eidem</span> 
     </span>
    </p>
   </div>
   <div class='ocr_carea' id='block_1_40' title="bbox 1832 1011 3479 1090">
    <p class='ocr_par' dir='ltr' id='par_1_40' title="bbox 1832 1011 3479 1090">
     <span class='ocr_line' id='line_1_40' title="bbox 1832 1011 3479 1090; baseline 0.005 -25"><span class='ocrx_word' id='word_1_242' title='bbox 1832 1011 2173 1083; x_wconf 84' lang='lat' dir='ltr'>Ragenardo</span> <span class='ocrx_word' id='word_1_243' title='bbox 2203 1014 2376 1070; x_wconf 90' lang='lat' dir='ltr'>datus</span> <span class='ocrx_word' id='word_1_244' title='bbox 2398 1015 2639 1070; x_wconf 81' lang='lat' dir='ltr'>exstitit.</span> <span class='ocrx_word' id='word_1_245' title='bbox 2677 1016 2896 1072; x_wconf 87' lang='lat' dir='ltr'>Deinde</span> <span class='ocrx_word' id='word_1_246' title='bbox 2927 1017 3479 1090; x_wconf 71' lang='lat' dir='ltr'>posthmc,supremi</span> 
     </span>
    </p>
   </div>
   <div class='ocr_carea' id='block_1_41' title="bbox 1833 1100 3480 1178">
    <p class='ocr_par' dir='ltr' id='par_1_41' title="bbox 1833 1100 3480 1178">
     <span class='ocr_line' id='line_1_41' title="bbox 1833 1100 3480 1178; baseline 0.005 -25"><span class='ocrx_word' id='word_1_247' title='bbox 1833 1100 2094 1155; x_wconf 91' lang='lat' dir='ltr'>numinis</span> <span class='ocrx_word' id='word_1_248' title='bbox 2124 1101 2338 1157; x_wconf 83' lang='lat' dir='ltr'>virtute</span> <span class='ocrx_word' id='word_1_249' title='bbox 2369 1104 2941 1176; x_wconf 86' lang='lat' dir='ltr'>roboratus,quoties</span> <span class='ocrx_word' id='word_1_250' title='bbox 2960 1105 3203 1161; x_wconf 91' lang='lat' dir='ltr'>hostiles</span> <span class='ocrx_word' id='word_1_251' title='bbox 3217 1123 3480 1178; x_wconf 86' lang='lat' dir='ltr'>erumpe-</span> 
     </span>
    </p>
   </div>
   <div class='ocr_carea' id='block_1_42' title="bbox 1831 1187 3481 1267">
    <p class='ocr_par' dir='ltr' id='par_1_42' title="bbox 1831 1187 3481 1267">
     <span class='ocr_line' id='line_1_42' title="bbox 1831 1187 3481 1267; baseline 0.005 -26"><span class='ocrx_word' id='word_1_252' title='bbox 1831 1187 1972 1242; x_wconf 89' lang='lat' dir='ltr'>bant</span> <span class='ocrx_word' id='word_1_253' title='bbox 2003 1189 2322 1262; x_wconf 86' lang='lat' dir='ltr'>phalanges</span> <span class='ocrx_word' id='word_1_254' title='bbox 2355 1193 2424 1246; x_wconf 91' lang='lat' dir='ltr'>ad</span> <span class='ocrx_word' id='word_1_255' title='bbox 2459 1193 2807 1248; x_wconf 85' lang='lat' dir='ltr'>exercendas</span> <span class='ocrx_word' id='word_1_256' title='bbox 2838 1194 3085 1265; x_wconf 64' lang='lat' dir='ltr'>praedas,</span> <span class='ocrx_word' id='word_1_257' title='bbox 3108 1194 3481 1267; x_wconf 89' lang='lat' dir='ltr'>ipseillorum</span> 
     </span>
    </p>
   </div>
   <div class='ocr_carea' id='block_1_43' title="bbox 1833 1279 3478 1353">
    <p class='ocr_par' dir='ltr' id='par_1_43' title="bbox 1833 1279 3478 1353">
     <span class='ocr_line' id='line_1_43' title="bbox 1833 1279 3478 1353; baseline 0.005 -23"><span class='ocrx_word' id='word_1_258' title='bbox 1833 1279 2244 1347; x_wconf 87' lang='lat' dir='ltr'>congressibus</span> <span class='ocrx_word' id='word_1_259' title='bbox 2258 1297 2318 1334; x_wconf 91' lang='lat' dir='ltr'>se</span> <span class='ocrx_word' id='word_1_260' title='bbox 2333 1279 2664 1336; x_wconf 84' lang='lat' dir='ltr'>ultroneum</span> <span class='ocrx_word' id='word_1_261' title='bbox 2681 1281 3178 1353; x_wconf 89' lang='lat' dir='ltr'>ingerebat,modo</span> <span class='ocrx_word' id='word_1_262' title='bbox 3195 1284 3478 1352; x_wconf 84' lang='lat' dir='ltr'>incautos,</span> 
     </span>
    </p>
   </div>
   <div class='ocr_carea' id='block_1_44' title="bbox 1834 1365 3481 1445">
    <p class='ocr_par' dir='ltr' id='par_1_44' title="bbox 1834 1365 3481 1445">
     <span class='ocr_line' id='line_1_44' title="bbox 1834 1365 3481 1445; baseline 0.005 -26"><span class='ocrx_word' id='word_1_263' title='bbox 1834 1365 2006 1420; x_wconf 92' lang='lat' dir='ltr'>modo</span> <span class='ocrx_word' id='word_1_264' title='bbox 2026 1372 2356 1439; x_wconf 88' lang='lat' dir='ltr'>perspectos</span> <span class='ocrx_word' id='word_1_265' title='bbox 2372 1386 2686 1441; x_wconf 88' lang='lat' dir='ltr'>occupans,</span> <span class='ocrx_word' id='word_1_266' title='bbox 2704 1375 2877 1442; x_wconf 90' lang='lat' dir='ltr'>atque</span> <span class='ocrx_word' id='word_1_267' title='bbox 2891 1388 3004 1426; x_wconf 93' lang='lat' dir='ltr'>non</span> <span class='ocrx_word' id='word_1_268' title='bbox 3029 1371 3272 1427; x_wconf 90' lang='lat' dir='ltr'>minima</span> <span class='ocrx_word' id='word_1_269' title='bbox 3289 1377 3481 1445; x_wconf 89' lang='lat' dir='ltr'>strage</span> 
     </span>
    </p>
   </div>
   <div class='ocr_carea' id='block_1_45' title="bbox 1832 1456 2302 1526">
    <p class='ocr_par' dir='ltr' id='par_1_45' title="bbox 1832 1456 2302 1526">
     <span class='ocr_line' id='line_1_45' title="bbox 1832 1456 2302 1526; baseline 0.004 -18"><span class='ocrx_word' id='word_1_270' title='bbox 1832 1456 2302 1526; x_wconf 90' lang='lat' dir='ltr'>prosperabatur.</span> 
     </span>
    </p>
   </div>
   <div class='ocr_carea' id='block_1_46' title="bbox 1905 1543 3484 1614">
    <p class='ocr_par' dir='ltr' id='par_1_46' title="bbox 1905 1543 3484 1614">
     <span class='ocr_line' id='line_1_46' title="bbox 1905 1543 3484 1614; baseline 0.004 -16"><span class='ocrx_word' id='word_1_271' title='bbox 1905 1543 2090 1614; x_wconf 85' lang='lat' dir='ltr'>Hujus</span> <span class='ocrx_word' id='word_1_272' title='bbox 2120 1544 2325 1600; x_wconf 81' lang='lat' dir='ltr'>victrix</span> <span class='ocrx_word' id='word_1_273' title='bbox 2356 1547 2552 1601; x_wconf 88' lang='lat' dir='ltr'>dextra</span> <span class='ocrx_word' id='word_1_274' title='bbox 2586 1564 2702 1601; x_wconf 90' lang='lat' dir='ltr'>una</span> <span class='ocrx_word' id='word_1_275' title='bbox 2725 1565 2858 1602; x_wconf 90' lang='lat' dir='ltr'>cum</span> <span class='ocrx_word' id='word_1_276' title='bbox 2888 1548 3172 1604; x_wconf 80' lang='lat' dir='ltr'>Richardo</span> <span class='ocrx_word' id='word_1_277' title='bbox 3195 1553 3251 1604; x_wconf 90' lang='lat' dir='ltr'>et</span> <span class='ocrx_word' id='word_1_278' title='bbox 3273 1550 3484 1606; x_wconf 82' lang='lat' dir='ltr'>Rober-</span> 
     </span>
    </p>
   </div>
   <div class='ocr_carea' id='block_1_47' title="bbox 1832 1633 3479 1711">
    <p class='ocr_par' dir='ltr' id='par_1_47' title="bbox 1832 1633 3479 1711">
     <span class='ocr_line' id='line_1_47' title="bbox 1832 1633 3479 1711; baseline 0.004 -24"><span class='ocrx_word' id='word_1_279' title='bbox 1832 1637 1912 1702; x_wconf 91' lang='lat' dir='ltr'>to,</span> <span class='ocrx_word' id='word_1_280' title='bbox 1945 1633 2174 1688; x_wconf 90' lang='lat' dir='ltr'>duobus</span> <span class='ocrx_word' id='word_1_281' title='bbox 2205 1634 2478 1688; x_wconf 80' lang='lat' dir='ltr'>maximis</span> <span class='ocrx_word' id='word_1_282' title='bbox 2509 1636 2870 1707; x_wconf 89' lang='lat' dir='ltr'>proceribus,</span> <span class='ocrx_word' id='word_1_283' title='bbox 2905 1637 3101 1709; x_wconf 75' lang='lat' dir='ltr'>prcelio</span> <span class='ocrx_word' id='word_1_284' title='bbox 3135 1639 3291 1709; x_wconf 92' lang='lat' dir='ltr'>quod</span> <span class='ocrx_word' id='word_1_285' title='bbox 3322 1639 3479 1711; x_wconf 87' lang='lat' dir='ltr'>apud</span> 
     </span>
    </p>
   </div>
   <div class='ocr_carea' id='block_1_48' title="bbox 1833 1721 3484 1796">
    <p class='ocr_par' dir='ltr' id='par_1_48' title="bbox 1833 1721 3484 1796">
     <span class='ocr_line' id='line_1_48' title="bbox 1833 1721 3484 1796; baseline 0.004 -21"><span class='ocrx_word' id='word_1_286' title='bbox 1833 1721 2151 1777; x_wconf 84' lang='lat' dir='ltr'>Carnotum</span> <span class='ocrx_word' id='word_1_287' title='bbox 2199 1723 2403 1778; x_wconf 90' lang='lat' dir='ltr'>urbem</span> <span class='ocrx_word' id='word_1_288' title='bbox 2434 1729 2665 1796; x_wconf 87' lang='lat' dir='ltr'>gestum</span> <span class='ocrx_word' id='word_1_289' title='bbox 2698 1731 2806 1793; x_wconf 90' lang='lat' dir='ltr'>est,</span> <span class='ocrx_word' id='word_1_290' title='bbox 2843 1725 3128 1792; x_wconf 77' lang='lat' dir='ltr'>interfuit,</span> <span class='ocrx_word' id='word_1_291' title='bbox 3163 1726 3261 1780; x_wconf 91' lang='lat' dir='ltr'>ubi</span> <span class='ocrx_word' id='word_1_292' title='bbox 3303 1727 3484 1782; x_wconf 89' lang='lat' dir='ltr'>inter-</span> 
     </span>
    </p>
   </div>
   <div class='ocr_carea' id='block_1_49' title="bbox 1833 1811 3482 1888">
    <p class='ocr_par' dir='ltr' id='par_1_49' title="bbox 1833 1811 3482 1888">
     <span class='ocr_line' id='line_1_49' title="bbox 1833 1811 3482 1888; baseline 0.004 -24"><span class='ocrx_word' id='word_1_293' title='bbox 1833 1815 2008 1865; x_wconf 85' lang='lat' dir='ltr'>ventu</span> <span class='ocrx_word' id='word_1_294' title='bbox 2049 1811 2148 1865; x_wconf 89' lang='lat' dir='ltr'>Dei</span> <span class='ocrx_word' id='word_1_295' title='bbox 2198 1811 2499 1883; x_wconf 87' lang='lat' dir='ltr'>genitricis</span> <span class='ocrx_word' id='word_1_296' title='bbox 2543 1813 2759 1882; x_wconf 69' lang='lat' dir='ltr'>Mariaa,</span> <span class='ocrx_word' id='word_1_297' title='bbox 2812 1814 3070 1870; x_wconf 89' lang='lat' dir='ltr'>maxima</span> <span class='ocrx_word' id='word_1_298' title='bbox 3114 1832 3482 1888; x_wconf 88' lang='lat' dir='ltr'>paganorum</span> 
     </span>
    </p>
   </div>
   <div class='ocr_carea' id='block_1_50' title="bbox 1834 1899 3486 1970">
    <p class='ocr_par' dir='ltr' id='par_1_50' title="bbox 1834 1899 3486 1970">
     <span class='ocr_line' id='line_1_50' title="bbox 1834 1899 3486 1970; baseline 0.004 -18"><span class='ocrx_word' id='word_1_299' title='bbox 1834 1899 2018 1953; x_wconf 72' lang='lat' dir='ltr'>cmdes</span> <span class='ocrx_word' id='word_1_300' title='bbox 2050 1904 2179 1954; x_wconf 91' lang='lat' dir='ltr'>acta</span> <span class='ocrx_word' id='word_1_301' title='bbox 2209 1905 2317 1966; x_wconf 92' lang='lat' dir='ltr'>est,</span> <span class='ocrx_word' id='word_1_302' title='bbox 2339 1900 2638 1955; x_wconf 89' lang='lat' dir='ltr'>intantum</span> <span class='ocrx_word' id='word_1_303' title='bbox 2667 1907 2749 1970; x_wconf 92' lang='lat' dir='ltr'>ut,</span> <span class='ocrx_word' id='word_1_304' title='bbox 2773 1902 3189 1958; x_wconf 91' lang='lat' dir='ltr'>innumerabili</span> <span class='ocrx_word' id='word_1_305' title='bbox 3222 1903 3486 1959; x_wconf 84' lang='lat' dir='ltr'>multitu-</span> 
     </span>
    </p>
   </div>
   <div class='ocr_carea' id='block_1_51' title="bbox 1833 1986 3485 2063">
    <p class='ocr_par' dir='ltr' id='par_1_51' title="bbox 1833 1986 3485 2063">
     <span class='ocr_line' id='line_1_51' title="bbox 1833 1986 3485 2063; baseline 0.005 -23"><span class='ocrx_word' id='word_1_306' title='bbox 1833 1986 1968 2042; x_wconf 91' lang='lat' dir='ltr'>dine</span> <span class='ocrx_word' id='word_1_307' title='bbox 2012 1986 2264 2058; x_wconf 90' lang='lat' dir='ltr'>palante,</span> <span class='ocrx_word' id='word_1_308' title='bbox 2299 1989 2531 2045; x_wconf 89' lang='lat' dir='ltr'>inventa</span> <span class='ocrx_word' id='word_1_309' title='bbox 2582 1990 2701 2045; x_wconf 90' lang='lat' dir='ltr'>sint</span> <span class='ocrx_word' id='word_1_310' title='bbox 2739 1991 3150 2063; x_wconf 88' lang='lat' dir='ltr'>jugulatorum</span> <span class='ocrx_word' id='word_1_311' title='bbox 3203 1994 3485 2049; x_wconf 85' lang='lat' dir='ltr'>cadavera</span> 
     </span>
    </p>
   </div>
   <div class='ocr_carea' id='block_1_52' title="bbox 1833 2074 3484 2152">
    <p class='ocr_par' dir='ltr' id='par_1_52' title="bbox 1833 2074 3484 2152">
     <span class='ocr_line' id='line_1_52' title="bbox 1833 2074 3484 2152; baseline 0.006 -24"><span class='ocrx_word' id='word_1_312' title='bbox 1833 2074 2147 2146; x_wconf 89' lang='lat' dir='ltr'>plusquam</span> <span class='ocrx_word' id='word_1_313' title='bbox 2198 2093 2296 2130; x_wconf 87' lang='lat' dir='ltr'>sex</span> <span class='ocrx_word' id='word_1_314' title='bbox 2337 2077 2522 2132; x_wconf 90' lang='lat' dir='ltr'>millia</span> <span class='ocrx_word' id='word_1_315' title='bbox 2553 2079 2893 2151; x_wconf 85' lang='lat' dir='ltr'>quingenta,</span> <span class='ocrx_word' id='word_1_316' title='bbox 2923 2079 3178 2152; x_wconf 82' lang='lat' dir='ltr'>exceptis</span> <span class='ocrx_word' id='word_1_317' title='bbox 3209 2080 3298 2135; x_wconf 91' lang='lat' dir='ltr'>bis</span> <span class='ocrx_word' id='word_1_318' title='bbox 3335 2098 3484 2152; x_wconf 88' lang='lat' dir='ltr'>quos</span> 
     </span>
    </p>
   </div>
   <div class='ocr_carea' id='block_1_53' title="bbox 1833 2164 3482 2243">
    <p class='ocr_par' dir='ltr' id='par_1_53' title="bbox 1833 2164 3482 2243">
     <span class='ocr_line' id='line_1_53' title="bbox 1833 2164 3482 2243; baseline 0.004 -25"><span class='ocrx_word' id='word_1_319' title='bbox 1833 2180 2042 2235; x_wconf 88' lang='lat' dir='ltr'>vorago</span> <span class='ocrx_word' id='word_1_320' title='bbox 2075 2164 2334 2220; x_wconf 87' lang='lat' dir='ltr'>ï¬‚uminis</span> <span class='ocrx_word' id='word_1_321' title='bbox 2363 2167 2605 2221; x_wconf 65' lang='lat' dir='ltr'>Audaraz</span> <span class='ocrx_word' id='word_1_322' title='bbox 2639 2168 2962 2236; x_wconf 89' lang='lat' dir='ltr'>absorbuit,</span> <span class='ocrx_word' id='word_1_323' title='bbox 2987 2168 3317 2241; x_wconf 88' lang='lat' dir='ltr'>longusque</span> <span class='ocrx_word' id='word_1_324' title='bbox 3334 2170 3482 2243; x_wconf 70' lang='lat' dir='ltr'>fugae</span> 
     </span>
    </p>
   </div>
   <div class='ocr_carea' id='block_1_54' title="bbox 1833 2253 3482 2326">
    <p class='ocr_par' dir='ltr' id='par_1_54' title="bbox 1833 2253 3482 2326">
     <span class='ocr_line' id='line_1_54' title="bbox 1833 2253 3482 2326; baseline 0.005 -20"><span class='ocrx_word' id='word_1_325' title='bbox 1833 2256 2052 2307; x_wconf 87' lang='lat' dir='ltr'>tractus</span> <span class='ocrx_word' id='word_1_326' title='bbox 2085 2253 2479 2326; x_wconf 90' lang='lat' dir='ltr'>silvarumque</span> <span class='ocrx_word' id='word_1_327' title='bbox 2492 2257 2732 2311; x_wconf 89' lang='lat' dir='ltr'>vastitas</span> <span class='ocrx_word' id='word_1_328' title='bbox 2754 2256 3087 2312; x_wconf 87' lang='lat' dir='ltr'>vulneratos</span> <span class='ocrx_word' id='word_1_329' title='bbox 3111 2263 3167 2314; x_wconf 90' lang='lat' dir='ltr'>et</span> <span class='ocrx_word' id='word_1_330' title='bbox 3187 2259 3482 2315; x_wconf 87' lang='lat' dir='ltr'>exanimes</span> 
     </span>
    </p>
   </div>
   <div class='ocr_carea' id='block_1_55' title="bbox 1833 2340 3477 2416">
    <p class='ocr_par' dir='ltr' id='par_1_55' title="bbox 1833 2340 3477 2416">
     <span class='ocr_line' id='line_1_55' title="bbox 1833 2340 3477 2416; baseline 0.005 -22"><span class='ocrx_word' id='word_1_331' title='bbox 1833 2340 2122 2409; x_wconf 89' lang='lat' dir='ltr'>obtinuit;</span> <span class='ocrx_word' id='word_1_332' title='bbox 2156 2341 2271 2396; x_wconf 87' lang='lat' dir='ltr'>alia</span> <span class='ocrx_word' id='word_1_333' title='bbox 2302 2359 2535 2414; x_wconf 89' lang='lat' dir='ltr'>quoque</span> <span class='ocrx_word' id='word_1_334' title='bbox 2565 2348 2908 2416; x_wconf 88' lang='lat' dir='ltr'>tempestate</span> <span class='ocrx_word' id='word_1_335' title='bbox 2940 2347 3309 2414; x_wconf 89' lang='lat' dir='ltr'>succedente,</span> <span class='ocrx_word' id='word_1_336' title='bbox 3345 2364 3477 2403; x_wconf 90' lang='lat' dir='ltr'>cum</span> 
     </span>
    </p>
   </div>
   <div class='ocr_carea' id='block_1_56' title="bbox 1833 2430 3478 2507">
    <p class='ocr_par' dir='ltr' id='par_1_56' title="bbox 1833 2430 3478 2507">
     <span class='ocr_line' id='line_1_56' title="bbox 1833 2430 3478 2507; baseline 0.005 -24"><span class='ocrx_word' id='word_1_337' title='bbox 1833 2430 2232 2485; x_wconf 77' lang='lat' dir='ltr'>Normannicze</span> <span class='ocrx_word' id='word_1_338' title='bbox 2264 2432 2570 2502; x_wconf 89' lang='lat' dir='ltr'>potestatis</span> <span class='ocrx_word' id='word_1_339' title='bbox 2601 2433 2762 2489; x_wconf 87' lang='lat' dir='ltr'>furor</span> <span class='ocrx_word' id='word_1_340' title='bbox 2803 2451 3018 2507; x_wconf 89' lang='lat' dir='ltr'>pagum</span> <span class='ocrx_word' id='word_1_341' title='bbox 3062 2435 3478 2492; x_wconf 88' lang='lat' dir='ltr'>Nivernensem</span> 
     </span>
    </p>
   </div>
   <div class='ocr_carea' id='block_1_57' title="bbox 1835 2518 3483 2594">
    <p class='ocr_par' dir='ltr' id='par_1_57' title="bbox 1835 2518 3483 2594">
     <span class='ocr_line' id='line_1_57' title="bbox 1835 2518 3483 2594; baseline 0.004 -21"><span class='ocrx_word' id='word_1_342' title='bbox 1835 2518 2110 2590; x_wconf 89' lang='lat' dir='ltr'>diriperet</span> <span class='ocrx_word' id='word_1_343' title='bbox 2125 2523 2180 2574; x_wconf 88' lang='lat' dir='ltr'>et</span> <span class='ocrx_word' id='word_1_344' title='bbox 2205 2519 2660 2576; x_wconf 88' lang='lat' dir='ltr'>immensitatem</span> <span class='ocrx_word' id='word_1_345' title='bbox 2684 2524 2888 2594; x_wconf 60' lang='lat' dir='ltr'>praedae</span> <span class='ocrx_word' id='word_1_346' title='bbox 2906 2523 3082 2578; x_wconf 88' lang='lat' dir='ltr'>etiam</span> <span class='ocrx_word' id='word_1_347' title='bbox 3107 2541 3241 2579; x_wconf 91' lang='lat' dir='ltr'>cum</span> <span class='ocrx_word' id='word_1_348' title='bbox 3256 2524 3483 2582; x_wconf 90' lang='lat' dir='ltr'>onustis</span> 
     </span>
    </p>
   </div>
   <div class='ocr_carea' id='block_1_58' title="bbox 1843 2606 3482 2680">
    <p class='ocr_par' dir='ltr' id='par_1_58' title="bbox 1843 2606 3482 2680">
     <span class='ocr_line' id='line_1_58' title="bbox 1843 2606 3482 2680; baseline 0.004 -20"><span class='ocrx_word' id='word_1_349' title='bbox 1843 2606 2122 2679; x_wconf 87' lang='lat' dir='ltr'>plaustris</span> <span class='ocrx_word' id='word_1_350' title='bbox 2169 2613 2382 2680; x_wconf 87' lang='lat' dir='ltr'>ageret,</span> <span class='ocrx_word' id='word_1_351' title='bbox 2431 2609 2815 2666; x_wconf 83' lang='lat' dir='ltr'>invictissimo</span> <span class='ocrx_word' id='word_1_352' title='bbox 2849 2611 2966 2666; x_wconf 90' lang='lat' dir='ltr'>illis</span> <span class='ocrx_word' id='word_1_353' title='bbox 2993 2617 3331 2669; x_wconf 85' lang='lat' dir='ltr'>occurrente</span> <span class='ocrx_word' id='word_1_354' title='bbox 3383 2613 3482 2668; x_wconf 85' lang='lat' dir='ltr'>Ri-</span> 
     </span>
    </p>
   </div>
   <div class='ocr_carea' id='block_1_59' title="bbox 1837 2696 3481 2773">
    <p class='ocr_par' dir='ltr' id='par_1_59' title="bbox 1837 2696 3481 2773">
     <span class='ocr_line' id='line_1_59' title="bbox 1837 2696 3481 2773; baseline 0.004 -23"><span class='ocrx_word' id='word_1_355' title='bbox 1837 2696 2074 2765; x_wconf 87' lang='lat' dir='ltr'>cbardo,</span> <span class='ocrx_word' id='word_1_356' title='bbox 2110 2696 2295 2752; x_wconf 86' lang='lat' dir='ltr'>isdem</span> <span class='ocrx_word' id='word_1_357' title='bbox 2345 2701 2650 2754; x_wconf 87' lang='lat' dir='ltr'>Gerannus</span> <span class='ocrx_word' id='word_1_358' title='bbox 2680 2700 2990 2771; x_wconf 89' lang='lat' dir='ltr'>episcopus</span> <span class='ocrx_word' id='word_1_359' title='bbox 3019 2700 3076 2754; x_wconf 91' lang='lat' dir='ltr'>in</span> <span class='ocrx_word' id='word_1_360' title='bbox 3128 2701 3317 2773; x_wconf 91' lang='lat' dir='ltr'>prima</span> <span class='ocrx_word' id='word_1_361' title='bbox 3348 2718 3481 2756; x_wconf 91' lang='lat' dir='ltr'>cum</span> 
     </span>
    </p>
   </div>
   <div class='ocr_carea' id='block_1_60' title="bbox 1831 2784 3479 2861">
    <p class='ocr_par' dir='ltr' id='par_1_60' title="bbox 1831 2784 3479 2861">
     <span class='ocr_line' id='line_1_60' title="bbox 1831 2784 3479 2861; baseline 0.004 -23"><span class='ocrx_word' id='word_1_362' title='bbox 1831 2785 2032 2855; x_wconf 89' lang='lat' dir='ltr'>paucis</span> <span class='ocrx_word' id='word_1_363' title='bbox 2054 2784 2176 2840; x_wconf 91' lang='lat' dir='ltr'>acie</span> <span class='ocrx_word' id='word_1_364' title='bbox 2198 2786 2424 2856; x_wconf 88' lang='lat' dir='ltr'>positus</span> <span class='ocrx_word' id='word_1_365' title='bbox 2452 2785 2579 2840; x_wconf 91' lang='lat' dir='ltr'>illos</span> <span class='ocrx_word' id='word_1_366' title='bbox 2599 2787 3023 2859; x_wconf 85' lang='lat' dir='ltr'>imperterritus</span> <span class='ocrx_word' id='word_1_367' title='bbox 3041 2805 3357 2861; x_wconf 84' lang='lat' dir='ltr'>aggressus</span> <span class='ocrx_word' id='word_1_368' title='bbox 3373 2794 3479 2860; x_wconf 89' lang='lat' dir='ltr'>est,</span> 
     </span>
    </p>
   </div>
   <div class='ocr_carea' id='block_1_61' title="bbox 1831 2873 3484 2947">
    <p class='ocr_par' dir='ltr' id='par_1_61' title="bbox 1831 2873 3484 2947">
     <span class='ocr_line' id='line_1_61' title="bbox 1831 2873 3484 2947; baseline 0.004 -21"><span class='ocrx_word' id='word_1_369' title='bbox 1831 2889 2080 2944; x_wconf 84' lang='lat' dir='ltr'>moxque</span> <span class='ocrx_word' id='word_1_370' title='bbox 2107 2873 2162 2926; x_wconf 91' lang='lat' dir='ltr'>in</span> <span class='ocrx_word' id='word_1_371' title='bbox 2193 2873 2391 2944; x_wconf 90' lang='lat' dir='ltr'>fugam</span> <span class='ocrx_word' id='word_1_372' title='bbox 2422 2874 2626 2941; x_wconf 86' lang='lat' dir='ltr'>versis,</span> <span class='ocrx_word' id='word_1_373' title='bbox 2646 2875 2728 2929; x_wconf 89' lang='lat' dir='ltr'>ita</span> <span class='ocrx_word' id='word_1_374' title='bbox 2749 2876 2835 2930; x_wconf 89' lang='lat' dir='ltr'>vis</span> <span class='ocrx_word' id='word_1_375' title='bbox 2855 2875 3087 2931; x_wconf 86' lang='lat' dir='ltr'>hostilis</span> <span class='ocrx_word' id='word_1_376' title='bbox 3111 2881 3484 2947; x_wconf 88' lang='lat' dir='ltr'>superataest</span> 
     </span>
    </p>
   </div>
   <div class='ocr_carea' id='block_1_62' title="bbox 1831 2960 3480 3034">
    <p class='ocr_par' dir='ltr' id='par_1_62' title="bbox 1831 2960 3480 3034">
     <span class='ocr_line' id='line_1_62' title="bbox 1831 2960 3480 3034; baseline 0.003 -18"><span class='ocrx_word' id='word_1_377' title='bbox 1831 2965 2004 3032; x_wconf 92' lang='lat' dir='ltr'>atque</span> <span class='ocrx_word' id='word_1_378' title='bbox 2035 2960 2279 3028; x_wconf 87' lang='lat' dir='ltr'>devicta,</span> <span class='ocrx_word' id='word_1_379' title='bbox 2314 2965 2397 3030; x_wconf 87' lang='lat' dir='ltr'>ut,</span> <span class='ocrx_word' id='word_1_380' title='bbox 2434 2963 2482 3017; x_wconf 89' lang='lat' dir='ltr'>si</span> <span class='ocrx_word' id='word_1_381' title='bbox 2515 2963 2613 3034; x_wconf 93' lang='lat' dir='ltr'>qui</span> <span class='ocrx_word' id='word_1_382' title='bbox 2647 2969 3035 3031; x_wconf 86' lang='lat' dir='ltr'>remanerent,</span> <span class='ocrx_word' id='word_1_383' title='bbox 3069 2965 3287 3021; x_wconf 91' lang='lat' dir='ltr'>amissa</span> <span class='ocrx_word' id='word_1_384' title='bbox 3319 2966 3480 3021; x_wconf 87' lang='lat' dir='ltr'>nobi-</span> 
     </span>
    </p>
   </div>
   <div class='ocr_carea' id='block_1_63' title="bbox 1831 3049 3481 3119">
    <p class='ocr_par' dir='ltr' id='par_1_63' title="bbox 1831 3049 3481 3119">
     <span class='ocr_line' id='line_1_63' title="bbox 1831 3049 3481 3119; baseline 0.004 -16"><span class='ocrx_word' id='word_1_385' title='bbox 1831 3049 1973 3104; x_wconf 92' lang='lat' dir='ltr'>lium</span> <span class='ocrx_word' id='word_1_386' title='bbox 2007 3049 2355 3105; x_wconf 89' lang='lat' dir='ltr'>bellatorum</span> <span class='ocrx_word' id='word_1_387' title='bbox 2380 3051 2751 3119; x_wconf 85' lang='lat' dir='ltr'>confidentia,</span> <span class='ocrx_word' id='word_1_388' title='bbox 2768 3051 2930 3107; x_wconf 92' lang='lat' dir='ltr'>nulla</span> <span class='ocrx_word' id='word_1_389' title='bbox 2952 3051 3200 3108; x_wconf 91' lang='lat' dir='ltr'>ulterius</span> <span class='ocrx_word' id='word_1_390' title='bbox 3221 3054 3481 3110; x_wconf 84' lang='lat' dir='ltr'>conferre</span> 
     </span>
    </p>
   </div>
   <div class='ocr_carea' id='block_1_64' title="bbox 1831 3137 3477 3213">
    <p class='ocr_par' dir='ltr' id='par_1_64' title="bbox 1831 3137 3477 3213">
     <span class='ocr_line' id='line_1_64' title="bbox 1831 3137 3477 3213; baseline 0.002 -21"><span class='ocrx_word' id='word_1_391' title='bbox 1831 3137 2261 3210; x_wconf 81' lang='lat' dir='ltr'>praelia,nullas</span> <span class='ocrx_word' id='word_1_392' title='bbox 2292 3139 2565 3211; x_wconf 89' lang='lat' dir='ltr'>deinceps</span> <span class='ocrx_word' id='word_1_393' title='bbox 2598 3141 2936 3213; x_wconf 89' lang='lat' dir='ltr'>depopulari</span> <span class='ocrx_word' id='word_1_394' title='bbox 2972 3145 3157 3196; x_wconf 89' lang='lat' dir='ltr'>terras</span> <span class='ocrx_word' id='word_1_395' title='bbox 3176 3143 3477 3213; x_wconf 88' lang='lat' dir='ltr'>auderent,</span> 
     </span>
    </p>
   </div>
   <div class='ocr_carea' id='block_1_65' title="bbox 82 3212 3480 3303">
    <p class='ocr_par' dir='ltr' id='par_1_65' title="bbox 82 3212 3480 3303">
     <span class='ocr_line' id='line_1_65' title="bbox 82 3212 3480 3303; baseline 0.002 -25"><span class='ocrx_word' id='word_1_396' title='bbox 82 3230 260 3293; x_wconf 84' lang='lat' dir='ltr'>nante,</span> <span class='ocrx_word' id='word_1_397' title='bbox 284 3227 594 3282; x_wconf 87' lang='lat' dir='ltr'>Manasses</span> <span class='ocrx_word' id='word_1_398' title='bbox 623 3226 800 3281; x_wconf 89' lang='lat' dir='ltr'>frater</span> <span class='ocrx_word' id='word_1_399' title='bbox 827 3226 955 3296; x_wconf 90' lang='lat' dir='ltr'>ejus</span> <span class='ocrx_word' id='word_1_400' title='bbox 987 3225 1432 3297; x_wconf 89' lang='lat' dir='ltr'>potentissimus</span> <span class='ocrx_word' id='word_1_401' title='bbox 1445 3226 1721 3284; x_wconf 90' lang='lat' dir='ltr'>omnibus</span> <span class='ocrx_word' id='word_1_402' title='bbox 1751 3212 1794 3278; x_wconf 84' lang='lat' dir='ltr'>C</span> <span class='ocrx_word' id='word_1_403' title='bbox 1833 3228 1932 3282; x_wconf 90' lang='lat' dir='ltr'>sed</span> <span class='ocrx_word' id='word_1_404' title='bbox 1966 3244 2026 3282; x_wconf 89' lang='lat' dir='ltr'>se</span> <span class='ocrx_word' id='word_1_405' title='bbox 2042 3229 2394 3282; x_wconf 82' lang='lat' dir='ltr'>Francorum</span> <span class='ocrx_word' id='word_1_406' title='bbox 2415 3228 2658 3300; x_wconf 91' lang='lat' dir='ltr'>imperio</span> <span class='ocrx_word' id='word_1_407' title='bbox 2675 3212 2974 3286; x_wconf 82' lang='lat' dir='ltr'>ultroneos</span> <span class='ocrx_word' id='word_1_408' title='bbox 2987 3231 3286 3302; x_wconf 86' lang='lat' dir='ltr'>dederent,</span> <span class='ocrx_word' id='word_1_409' title='bbox 3307 3212 3480 3303; x_wconf 83' lang='lat' dir='ltr'>atque</span> 
     </span>
    </p>
   </div>
   <div class='ocr_carea' id='block_1_66' title="bbox 81 3313 1728 3386">
    <p class='ocr_par' dir='ltr' id='par_1_66' title="bbox 81 3313 1728 3386">
     <span class='ocr_line' id='line_1_66' title="bbox 81 3313 1728 3386; baseline 0.002 -20"><span class='ocrx_word' id='word_1_410' title='bbox 81 3319 204 3368; x_wconf 88' lang='lat' dir='ltr'>tunc</span> <span class='ocrx_word' id='word_1_411' title='bbox 224 3313 552 3371; x_wconf 88' lang='lat' dir='ltr'>Gallicanis</span> <span class='ocrx_word' id='word_1_412' title='bbox 569 3313 848 3369; x_wconf 87' lang='lat' dir='ltr'>divitibus</span> <span class='ocrx_word' id='word_1_413' title='bbox 865 3313 1528 3386; x_wconf 82' lang='lat' dir='ltr'>ditior,cunctorumque</span> <span class='ocrx_word' id='word_1_414' title='bbox 1541 3317 1728 3370; x_wconf 92' lang='lat' dir='ltr'>consi-</span> 
     </span>
    </p>
   </div>
   <div class='ocr_carea' id='block_1_67' title="bbox 82 3401 1724 3474">
    <p class='ocr_par' dir='ltr' id='par_1_67' title="bbox 82 3401 1724 3474">
     <span class='ocr_line' id='line_1_67' title="bbox 82 3401 1724 3474; baseline 0.002 -19"><span class='ocrx_word' id='word_1_415' title='bbox 82 3401 279 3459; x_wconf 84' lang='lat' dir='ltr'>liorum</span> <span class='ocrx_word' id='word_1_416' title='bbox 304 3403 682 3459; x_wconf 67' lang='lat' dir='ltr'>secularium</span> <span class='ocrx_word' id='word_1_417' title='bbox 712 3401 1130 3458; x_wconf 89' lang='lat' dir='ltr'>arcanissimus</span> <span class='ocrx_word' id='word_1_418' title='bbox 1152 3405 1724 3474; x_wconf 89' lang='lat' dir='ltr'>perscrutator,unde</span> 
     </span>
    </p>
   </div>
   <div class='ocr_carea' id='block_1_68' title="bbox 79 3490 1722 3564">
    <p class='ocr_par' dir='ltr' id='par_1_68' title="bbox 79 3490 1722 3564">
     <span class='ocr_line' id='line_1_68' title="bbox 79 3490 1722 3564; baseline 0.002 -20"><span class='ocrx_word' id='word_1_419' title='bbox 79 3496 129 3544; x_wconf 87' lang='lat' dir='ltr'>et</span> <span class='ocrx_word' id='word_1_420' title='bbox 155 3492 390 3564; x_wconf 86' lang='lat' dir='ltr'>regibus</span> <span class='ocrx_word' id='word_1_421' title='bbox 421 3495 478 3546; x_wconf 90' lang='lat' dir='ltr'>et</span> <span class='ocrx_word' id='word_1_422' title='bbox 498 3491 886 3563; x_wconf 86' lang='lat' dir='ltr'>optimatibus</span> <span class='ocrx_word' id='word_1_423' title='bbox 907 3490 1134 3545; x_wconf 91' lang='lat' dir='ltr'>cunctis</span> <span class='ocrx_word' id='word_1_424' title='bbox 1148 3507 1334 3562; x_wconf 90' lang='lat' dir='ltr'>usque</span> <span class='ocrx_word' id='word_1_425' title='bbox 1348 3492 1419 3546; x_wconf 88' lang='lat' dir='ltr'>ad</span> <span class='ocrx_word' id='word_1_426' title='bbox 1433 3495 1722 3548; x_wconf 88' lang='lat' dir='ltr'>extremos</span> 
     </span>
    </p>
   </div>
   <div class='ocr_carea' id='block_1_69' title="bbox 77 3579 1719 3647">
    <p class='ocr_par' dir='ltr' id='par_1_69' title="bbox 77 3579 1719 3647">
     <span class='ocr_line' id='line_1_69' title="bbox 77 3579 1719 3647; baseline 0.001 -14"><span class='ocrx_word' id='word_1_427' title='bbox 77 3580 219 3635; x_wconf 89' lang='lat' dir='ltr'>orbis</span> <span class='ocrx_word' id='word_1_428' title='bbox 248 3581 526 3636; x_wconf 88' lang='lat' dir='ltr'>cardines</span> <span class='ocrx_word' id='word_1_429' title='bbox 559 3579 1014 3647; x_wconf 87' lang='lat' dir='ltr'>famosissimus,</span> <span class='ocrx_word' id='word_1_430' title='bbox 1048 3579 1393 3634; x_wconf 91' lang='lat' dir='ltr'>Nareiacum</span> <span class='ocrx_word' id='word_1_431' title='bbox 1431 3579 1628 3635; x_wconf 87' lang='lat' dir='ltr'>villam</span> <span class='ocrx_word' id='word_1_432' title='bbox 1662 3581 1719 3635; x_wconf 93' lang='lat' dir='ltr'>in</span> 
     </span>
    </p>
   </div>
   <div class='ocr_carea' id='block_1_70' title="bbox 79 3667 1720 3741">
    <p class='ocr_par' dir='ltr' id='par_1_70' title="bbox 79 3667 1720 3741">
     <span class='ocr_line' id='line_1_70' title="bbox 79 3667 1720 3741; baseline 0.003 -20"><span class='ocrx_word' id='word_1_433' title='bbox 79 3685 200 3722; x_wconf 87' lang='lat' dir='ltr'>suos</span> <span class='ocrx_word' id='word_1_434' title='bbox 229 3687 377 3724; x_wconf 92' lang='lat' dir='ltr'>usus</span> <span class='ocrx_word' id='word_1_435' title='bbox 414 3669 678 3741; x_wconf 89' lang='lat' dir='ltr'>redigere</span> <span class='ocrx_word' id='word_1_436' title='bbox 708 3685 823 3724; x_wconf 90' lang='lat' dir='ltr'>non</span> <span class='ocrx_word' id='word_1_437' title='bbox 853 3667 1172 3724; x_wconf 83' lang='lat' dir='ltr'>exhorruit.</span> <span class='ocrx_word' id='word_1_438' title='bbox 1209 3669 1310 3724; x_wconf 89' lang='lat' dir='ltr'>Ille</span> <span class='ocrx_word' id='word_1_439' title='bbox 1333 3669 1720 3741; x_wconf 91' lang='lat' dir='ltr'>quoqueinfe-</span> 
     </span>
    </p>
   </div>
   <div class='ocr_carea' id='block_1_71' title="bbox 77 3757 1720 3830">
    <p class='ocr_par' dir='ltr' id='par_1_71' title="bbox 77 3757 1720 3830">
     <span class='ocr_line' id='line_1_71' title="bbox 77 3757 1720 3830; baseline 0.002 -20"><span class='ocrx_word' id='word_1_440' title='bbox 77 3757 357 3813; x_wconf 84' lang='lat' dir='ltr'>stissimus</span> <span class='ocrx_word' id='word_1_441' title='bbox 390 3757 585 3812; x_wconf 88' lang='lat' dir='ltr'>hostis</span> <span class='ocrx_word' id='word_1_442' title='bbox 609 3759 760 3828; x_wconf 85' lang='lat' dir='ltr'>ejus,</span> <span class='ocrx_word' id='word_1_443' title='bbox 792 3763 857 3812; x_wconf 89' lang='lat' dir='ltr'>ut</span> <span class='ocrx_word' id='word_1_444' title='bbox 885 3757 1254 3829; x_wconf 71' lang='lat' dir='ltr'>praelibatum</span> <span class='ocrx_word' id='word_1_445' title='bbox 1287 3762 1397 3825; x_wconf 91' lang='lat' dir='ltr'>est,</span> <span class='ocrx_word' id='word_1_446' title='bbox 1435 3758 1720 3830; x_wconf 68' lang='lat' dir='ltr'>ltagenar-</span> 
     </span>
    </p>
   </div>
   <div class='ocr_carea' id='block_1_72' title="bbox 77 3845 1718 3917">
    <p class='ocr_par' dir='ltr' id='par_1_72' title="bbox 77 3845 1718 3917">
     <span class='ocr_line' id='line_1_72' title="bbox 77 3845 1718 3917; baseline 0.003 -20"><span class='ocrx_word' id='word_1_447' title='bbox 77 3845 326 3912; x_wconf 88' lang='lat' dir='ltr'>dus,suis</span> <span class='ocrx_word' id='word_1_448' title='bbox 355 3863 494 3902; x_wconf 91' lang='lat' dir='ltr'>cum</span> <span class='ocrx_word' id='word_1_449' title='bbox 529 3845 1019 3917; x_wconf 64' lang='lat' dir='ltr'>praeceptionibus</span> <span class='ocrx_word' id='word_1_450' title='bbox 1051 3846 1194 3900; x_wconf 89' lang='lat' dir='ltr'>adeo</span> <span class='ocrx_word' id='word_1_451' title='bbox 1219 3845 1718 3902; x_wconf 89' lang='lat' dir='ltr'>concluderenite-</span> 
     </span>
    </p>
   </div>
   <div class='ocr_carea' id='block_1_73' title="bbox 77 3933 1716 4006">
    <p class='ocr_par' dir='ltr' id='par_1_73' title="bbox 77 3933 1716 4006">
     <span class='ocr_line' id='line_1_73' title="bbox 77 3933 1716 4006; baseline 0.001 -18"><span class='ocrx_word' id='word_1_452' title='bbox 77 3933 250 4004; x_wconf 86' lang='lat' dir='ltr'>batur,</span> <span class='ocrx_word' id='word_1_453' title='bbox 283 3940 348 3990; x_wconf 90' lang='lat' dir='ltr'>ut</span> <span class='ocrx_word' id='word_1_454' title='bbox 376 3940 544 3991; x_wconf 83' lang='lat' dir='ltr'>extra</span> <span class='ocrx_word' id='word_1_455' title='bbox 568 3934 904 3990; x_wconf 90' lang='lat' dir='ltr'>consultum</span> <span class='ocrx_word' id='word_1_456' title='bbox 937 3939 992 3988; x_wconf 90' lang='lat' dir='ltr'>et</span> <span class='ocrx_word' id='word_1_457' title='bbox 1022 3933 1378 3990; x_wconf 88' lang='lat' dir='ltr'>voluntatem</span> <span class='ocrx_word' id='word_1_458' title='bbox 1401 3935 1529 4006; x_wconf 91' lang='lat' dir='ltr'>ejus</span> <span class='ocrx_word' id='word_1_459' title='bbox 1569 3935 1716 3990; x_wconf 91' lang='lat' dir='ltr'>nihil</span> 
     </span>
    </p>
   </div>
   <div class='ocr_carea' id='block_1_74' title="bbox 79 4021 1715 4092">
    <p class='ocr_par' dir='ltr' id='par_1_74' title="bbox 79 4021 1715 4092">
     <span class='ocr_line' id='line_1_74' title="bbox 79 4021 1715 4092; baseline 0.003 -18"><span class='ocrx_word' id='word_1_460' title='bbox 79 4037 226 4092; x_wconf 83' lang='lat' dir='ltr'>agere</span> <span class='ocrx_word' id='word_1_461' title='bbox 269 4028 550 4090; x_wconf 83' lang='lat' dir='ltr'>tentaret,</span> <span class='ocrx_word' id='word_1_462' title='bbox 585 4021 930 4078; x_wconf 91' lang='lat' dir='ltr'>clericorum</span> <span class='ocrx_word' id='word_1_463' title='bbox 984 4021 1143 4078; x_wconf 90' lang='lat' dir='ltr'>illius</span> <span class='ocrx_word' id='word_1_464' title='bbox 1187 4022 1404 4088; x_wconf 90' lang='lat' dir='ltr'>nullus,</span> <span class='ocrx_word' id='word_1_465' title='bbox 1459 4023 1715 4079; x_wconf 90' lang='lat' dir='ltr'>militum</span> 
     </span>
    </p>
   </div>
   <div class='ocr_carea' id='block_1_75' title="bbox 80 4111 1716 4183">
    <p class='ocr_par' dir='ltr' id='par_1_75' title="bbox 80 4111 1716 4183">
     <span class='ocr_line' id='line_1_75' title="bbox 80 4111 1716 4183; baseline 0.004 -21"><span class='ocrx_word' id='word_1_466' title='bbox 80 4126 229 4166; x_wconf 88' lang='lat' dir='ltr'>nemo</span> <span class='ocrx_word' id='word_1_467' title='bbox 258 4113 310 4168; x_wconf 89' lang='lat' dir='ltr'>ei</span> <span class='ocrx_word' id='word_1_468' title='bbox 343 4111 630 4183; x_wconf 85' lang='lat' dir='ltr'>refragari</span> <span class='ocrx_word' id='word_1_469' title='bbox 664 4111 938 4177; x_wconf 88' lang='lat' dir='ltr'>audebat,</span> <span class='ocrx_word' id='word_1_470' title='bbox 971 4112 1072 4168; x_wconf 91' lang='lat' dir='ltr'>sed</span> <span class='ocrx_word' id='word_1_471' title='bbox 1115 4112 1270 4169; x_wconf 88' lang='lat' dir='ltr'>sicut</span> <span class='ocrx_word' id='word_1_472' title='bbox 1309 4111 1456 4179; x_wconf 90' lang='lat' dir='ltr'>suis,</span> <span class='ocrx_word' id='word_1_473' title='bbox 1489 4112 1572 4168; x_wconf 88' lang='lat' dir='ltr'>ita</span> <span class='ocrx_word' id='word_1_474' title='bbox 1601 4113 1716 4168; x_wconf 91' lang='lat' dir='ltr'>illis</span> 
     </span>
    </p>
   </div>
   <div class='ocr_carea' id='block_1_76' title="bbox 81 4199 1714 4273">
    <p class='ocr_par' dir='ltr' id='par_1_76' title="bbox 81 4199 1714 4273">
     <span class='ocr_line' id='line_1_76' title="bbox 81 4199 1714 4273; baseline 0.004 -23"><span class='ocrx_word' id='word_1_475' title='bbox 81 4201 332 4256; x_wconf 90' lang='lat' dir='ltr'>omnibus</span> <span class='ocrx_word' id='word_1_476' title='bbox 359 4199 712 4271; x_wconf 85' lang='lat' dir='ltr'>imperabat.</span> <span class='ocrx_word' id='word_1_477' title='bbox 730 4200 973 4266; x_wconf 91' lang='lat' dir='ltr'>Interea,</span> <span class='ocrx_word' id='word_1_478' title='bbox 989 4201 1130 4254; x_wconf 90' lang='lat' dir='ltr'>dum</span> <span class='ocrx_word' id='word_1_479' title='bbox 1156 4199 1374 4256; x_wconf 89' lang='lat' dir='ltr'>talibus</span> <span class='ocrx_word' id='word_1_480' title='bbox 1397 4217 1564 4257; x_wconf 90' lang='lat' dir='ltr'>mens</span> <span class='ocrx_word' id='word_1_481' title='bbox 1586 4203 1714 4273; x_wconf 88' lang='lat' dir='ltr'>ejus</span> 
     </span>
    </p>
   </div>
   <div class='ocr_carea' id='block_1_77' title="bbox 80 4285 1714 4360">
    <p class='ocr_par' dir='ltr' id='par_1_77' title="bbox 80 4285 1714 4360">
     <span class='ocr_line' id='line_1_77' title="bbox 80 4285 1714 4360; baseline 0.004 -22"><span class='ocrx_word' id='word_1_482' title='bbox 80 4285 399 4344; x_wconf 88' lang='lat' dir='ltr'>infortuniis</span> <span class='ocrx_word' id='word_1_483' title='bbox 438 4288 793 4355; x_wconf 84' lang='lat' dir='ltr'>anxiaretur,</span> <span class='ocrx_word' id='word_1_484' title='bbox 817 4289 1224 4360; x_wconf 87' lang='lat' dir='ltr'>irrumpebant</span> <span class='ocrx_word' id='word_1_485' title='bbox 1244 4293 1302 4344; x_wconf 88' lang='lat' dir='ltr'>et</span> <span class='ocrx_word' id='word_1_486' title='bbox 1323 4288 1448 4344; x_wconf 71' lang='lat' dir='ltr'>alia:</span> <span class='ocrx_word' id='word_1_487' title='bbox 1481 4289 1714 4346; x_wconf 89' lang='lat' dir='ltr'>calami-</span> 
     </span>
    </p>
   </div>
   <div class='ocr_carea' id='block_1_78' title="bbox 79 4375 1713 4451">
    <p class='ocr_par' dir='ltr' id='par_1_78' title="bbox 79 4375 1713 4451">
     <span class='ocr_line' id='line_1_78' title="bbox 79 4375 1713 4451; baseline 0.004 -24"><span class='ocrx_word' id='word_1_488' title='bbox 79 4378 209 4431; x_wconf 84' lang='lat' dir='ltr'>tates</span> <span class='ocrx_word' id='word_1_489' title='bbox 237 4375 640 4444; x_wconf 86' lang='lat' dir='ltr'>miseriarum,</span> <span class='ocrx_word' id='word_1_490' title='bbox 657 4377 873 4449; x_wconf 91' lang='lat' dir='ltr'>quibus</span> <span class='ocrx_word' id='word_1_491' title='bbox 889 4377 1143 4432; x_wconf 86' lang='lat' dir='ltr'>maxime</span> <span class='ocrx_word' id='word_1_492' title='bbox 1163 4377 1516 4447; x_wconf 86' lang='lat' dir='ltr'>turbaretur,</span> <span class='ocrx_word' id='word_1_493' title='bbox 1533 4395 1713 4451; x_wconf 89' lang='lat' dir='ltr'>seque</span> 
     </span>
    </p>
   </div>
   <div class='ocr_carea' id='block_1_79' title="bbox 79 4464 1707 4538">
    <p class='ocr_par' dir='ltr' id='par_1_79' title="bbox 79 4464 1707 4538">
     <span class='ocr_line' id='line_1_79' title="bbox 79 4464 1707 4538; baseline 0.005 -24"><span class='ocrx_word' id='word_1_494' title='bbox 79 4465 245 4520; x_wconf 85' lang='lat' dir='ltr'>totum</span> <span class='ocrx_word' id='word_1_495' title='bbox 275 4467 347 4521; x_wconf 90' lang='lat' dir='ltr'>ad</span> <span class='ocrx_word' id='word_1_496' title='bbox 381 4464 652 4521; x_wconf 89' lang='lat' dir='ltr'>divinum</span> <span class='ocrx_word' id='word_1_497' title='bbox 670 4465 929 4522; x_wconf 88' lang='lat' dir='ltr'>conferre</span> <span class='ocrx_word' id='word_1_498' title='bbox 949 4465 1232 4521; x_wconf 82' lang='lat' dir='ltr'>auxilium</span> <span class='ocrx_word' id='word_1_499' title='bbox 1247 4466 1707 4538; x_wconf 87' lang='lat' dir='ltr'>compelleretur.</span> 
     </span>
    </p>
   </div>
   <div class='ocr_carea' id='block_1_80' title="bbox 1825 3316 3481 3388">
    <p class='ocr_par' dir='ltr' id='par_1_80' title="bbox 1825 3316 3481 3388">
     <span class='ocr_line' id='line_1_80' title="bbox 1825 3316 3481 3388; baseline 0.003 -18"><span class='ocrx_word' id='word_1_500' title='bbox 1825 3317 1970 3388; x_wconf 92' lang='lat' dir='ltr'>jugo</span> <span class='ocrx_word' id='word_1_501' title='bbox 2002 3316 2217 3371; x_wconf 81' lang='lat' dir='ltr'>Christi</span> <span class='ocrx_word' id='word_1_502' title='bbox 2237 3316 2384 3372; x_wconf 92' lang='lat' dir='ltr'>colla</span> <span class='ocrx_word' id='word_1_503' title='bbox 2415 3317 2849 3385; x_wconf 91' lang='lat' dir='ltr'>submittentes,</span> <span class='ocrx_word' id='word_1_504' title='bbox 2867 3319 3204 3374; x_wconf 71' lang='lat' dir='ltr'>daemonicis</span> <span class='ocrx_word' id='word_1_505' title='bbox 3221 3319 3481 3375; x_wconf 87' lang='lat' dir='ltr'>ludifica-</span> 
     </span>
    </p>
   </div>
   <div class='ocr_carea' id='block_1_81' title="bbox 1831 3404 3477 3479">
    <p class='ocr_par' dir='ltr' id='par_1_81' title="bbox 1831 3404 3477 3479">
     <span class='ocr_line' id='line_1_81' title="bbox 1831 3404 3477 3479; baseline 0.002 -21"><span class='ocrx_word' id='word_1_506' title='bbox 1831 3404 2088 3460; x_wconf 89' lang='lat' dir='ltr'>tionibus</span> <span class='ocrx_word' id='word_1_507' title='bbox 2119 3405 2662 3477; x_wconf 87' lang='lat' dir='ltr'>spretis,lavacrum</span> <span class='ocrx_word' id='word_1_508' title='bbox 2697 3406 3070 3478; x_wconf 90' lang='lat' dir='ltr'>baptismatis</span> <span class='ocrx_word' id='word_1_509' title='bbox 3098 3407 3350 3462; x_wconf 89' lang='lat' dir='ltr'>libenter</span> <span class='ocrx_word' id='word_1_510' title='bbox 3381 3425 3477 3479; x_wconf 87' lang='lat' dir='ltr'>ap-</span> 
     </span>
    </p>
   </div>
   <div class='ocr_carea' id='block_1_82' title="bbox 1831 3493 3475 3566">
    <p class='ocr_par' dir='ltr' id='par_1_82' title="bbox 1831 3493 3475 3566">
     <span class='ocr_line' id='line_1_82' title="bbox 1831 3493 3475 3566; baseline 0.001 -19"><span class='ocrx_word' id='word_1_511' title='bbox 1831 3497 2110 3565; x_wconf 89' lang='lat' dir='ltr'>peterent,</span> <span class='ocrx_word' id='word_1_512' title='bbox 2129 3497 2183 3548; x_wconf 88' lang='lat' dir='ltr'>et</span> <span class='ocrx_word' id='word_1_513' title='bbox 2213 3494 2451 3548; x_wconf 92' lang='lat' dir='ltr'>demum</span> <span class='ocrx_word' id='word_1_514' title='bbox 2469 3493 2620 3548; x_wconf 94' lang='lat' dir='ltr'>dono</span> <span class='ocrx_word' id='word_1_515' title='bbox 2644 3493 2796 3566; x_wconf 89' lang='lat' dir='ltr'>regis</span> <span class='ocrx_word' id='word_1_516' title='bbox 2817 3499 2872 3548; x_wconf 91' lang='lat' dir='ltr'>et</span> <span class='ocrx_word' id='word_1_517' title='bbox 2902 3495 3475 3566; x_wconf 82' lang='lat' dir='ltr'>principuminhabi-</span> 
     </span>
    </p>
   </div>
   <div class='ocr_carea' id='block_1_83' title="bbox 1829 3581 3475 3655">
    <p class='ocr_par' dir='ltr' id='par_1_83' title="bbox 1829 3581 3475 3655">
     <span class='ocr_line' id='line_1_83' title="bbox 1829 3581 3475 3655; baseline 0.001 -19"><span class='ocrx_word' id='word_1_518' title='bbox 1829 3583 2068 3637; x_wconf 81' lang='lat' dir='ltr'>tendam</span> <span class='ocrx_word' id='word_1_519' title='bbox 2099 3581 2258 3653; x_wconf 90' lang='lat' dir='ltr'>regni</span> <span class='ocrx_word' id='word_1_520' title='bbox 2294 3587 2539 3654; x_wconf 89' lang='lat' dir='ltr'>partem,</span> <span class='ocrx_word' id='word_1_521' title='bbox 2559 3599 2759 3637; x_wconf 89' lang='lat' dir='ltr'>eorum</span> <span class='ocrx_word' id='word_1_522' title='bbox 2792 3587 2962 3638; x_wconf 89' lang='lat' dir='ltr'>antea</span> <span class='ocrx_word' id='word_1_523' title='bbox 2982 3582 3368 3655; x_wconf 89' lang='lat' dir='ltr'>abliguriendi</span> <span class='ocrx_word' id='word_1_524' title='bbox 3387 3599 3475 3638; x_wconf 89' lang='lat' dir='ltr'>ve-</span> 
     </span>
    </p>
   </div>
   <div class='ocr_carea' id='block_1_84' title="bbox 1829 3669 3471 3742">
    <p class='ocr_par' dir='ltr' id='par_1_84' title="bbox 1829 3669 3471 3742">
     <span class='ocr_line' id='line_1_84' title="bbox 1829 3669 3471 3742; baseline 0 -17"><span class='ocrx_word' id='word_1_525' title='bbox 1829 3671 1997 3725; x_wconf 91' lang='lat' dir='ltr'>sania</span> <span class='ocrx_word' id='word_1_526' title='bbox 2027 3669 2347 3725; x_wconf 89' lang='lat' dir='ltr'>desolatam</span> <span class='ocrx_word' id='word_1_527' title='bbox 2380 3671 2878 3742; x_wconf 89' lang='lat' dir='ltr'>sibidispertitam</span> <span class='ocrx_word' id='word_1_528' title='bbox 2904 3670 3254 3739; x_wconf 89' lang='lat' dir='ltr'>incolerent;</span> <span class='ocrx_word' id='word_1_529' title='bbox 3289 3675 3346 3726; x_wconf 90' lang='lat' dir='ltr'>at</span> <span class='ocrx_word' id='word_1_530' title='bbox 3361 3672 3471 3726; x_wconf 82' lang='lat' dir='ltr'>Ra-</span> 
     </span>
    </p>
   </div>
   <div class='ocr_carea' id='block_1_85' title="bbox 1828 3759 3472 3831">
    <p class='ocr_par' dir='ltr' id='par_1_85' title="bbox 1828 3759 3472 3831">
     <span class='ocr_line' id='line_1_85' title="bbox 1828 3759 3472 3831; baseline 0.001 -17"><span class='ocrx_word' id='word_1_531' title='bbox 1828 3759 2102 3831; x_wconf 90' lang='lat' dir='ltr'>genardis</span> <span class='ocrx_word' id='word_1_532' title='bbox 2152 3759 2280 3829; x_wconf 90' lang='lat' dir='ltr'>ejus</span> <span class='ocrx_word' id='word_1_533' title='bbox 2331 3760 2594 3831; x_wconf 86' lang='lat' dir='ltr'>pertinax</span> <span class='ocrx_word' id='word_1_534' title='bbox 2633 3759 3041 3828; x_wconf 88' lang='lat' dir='ltr'>calumniator,</span> <span class='ocrx_word' id='word_1_535' title='bbox 3074 3760 3292 3816; x_wconf 89' lang='lat' dir='ltr'>talibus</span> <span class='ocrx_word' id='word_1_536' title='bbox 3337 3777 3472 3817; x_wconf 90' lang='lat' dir='ltr'>eum</span> 
     </span>
    </p>
   </div>
   <div class='ocr_carea' id='block_1_86' title="bbox 1827 3846 3472 3921">
    <p class='ocr_par' dir='ltr' id='par_1_86' title="bbox 1827 3846 3472 3921">
     <span class='ocr_line' id='line_1_86' title="bbox 1827 3846 3472 3921; baseline 0.001 -19"><span class='ocrx_word' id='word_1_537' title='bbox 1827 3847 2041 3920; x_wconf 88' lang='lat' dir='ltr'>pollere</span> <span class='ocrx_word' id='word_1_538' title='bbox 2058 3847 2448 3915; x_wconf 88' lang='lat' dir='ltr'>successibus,</span> <span class='ocrx_word' id='word_1_539' title='bbox 2470 3846 2663 3904; x_wconf 84' lang='lat' dir='ltr'>lividis</span> <span class='ocrx_word' id='word_1_540' title='bbox 2685 3849 2920 3904; x_wconf 90' lang='lat' dir='ltr'>intuens</span> <span class='ocrx_word' id='word_1_541' title='bbox 2939 3848 3295 3921; x_wconf 90' lang='lat' dir='ltr'>aspectibus,</span> <span class='ocrx_word' id='word_1_542' title='bbox 3317 3866 3472 3905; x_wconf 90' lang='lat' dir='ltr'>mor-</span> 
     </span>
    </p>
   </div>
   <div class='ocr_carea' id='block_1_87' title="bbox 1825 3936 3473 4005">
    <p class='ocr_par' dir='ltr' id='par_1_87' title="bbox 1825 3936 3473 4005">
     <span class='ocr_line' id='line_1_87' title="bbox 1825 3936 3473 4005; baseline 0.001 -13"><span class='ocrx_word' id='word_1_543' title='bbox 1825 3937 1898 3992; x_wconf 91' lang='lat' dir='ltr'>bo</span> <span class='ocrx_word' id='word_1_544' title='bbox 1943 3937 2277 3992; x_wconf 89' lang='lat' dir='ltr'>tabescebat</span> <span class='ocrx_word' id='word_1_545' title='bbox 2321 3936 2570 4005; x_wconf 71' lang='lat' dir='ltr'>invidia),</span> <span class='ocrx_word' id='word_1_546' title='bbox 2621 3938 3096 3993; x_wconf 84' lang='lat' dir='ltr'>animadvertens</span> <span class='ocrx_word' id='word_1_547' title='bbox 3157 3937 3326 3993; x_wconf 92' lang='lat' dir='ltr'>illum</span> <span class='ocrx_word' id='word_1_548' title='bbox 3381 3954 3473 3993; x_wconf 91' lang='lat' dir='ltr'>se-</span> 
     </span>
    </p>
   </div>
   <div class='ocr_carea' id='block_1_88' title="bbox 1825 4025 3471 4099">
    <p class='ocr_par' dir='ltr' id='par_1_88' title="bbox 1825 4025 3471 4099">
     <span class='ocr_line' id='line_1_88' title="bbox 1825 4025 3471 4099; baseline 0.002 -20"><span class='ocrx_word' id='word_1_549' title='bbox 1825 4025 2034 4080; x_wconf 92' lang='lat' dir='ltr'>cundis</span> <span class='ocrx_word' id='word_1_550' title='bbox 2064 4025 2284 4093; x_wconf 85' lang='lat' dir='ltr'>omnia,</span> <span class='ocrx_word' id='word_1_551' title='bbox 2320 4043 2445 4097; x_wconf 66' lang='lat' dir='ltr'>quae</span> <span class='ocrx_word' id='word_1_552' title='bbox 2481 4025 2830 4082; x_wconf 88' lang='lat' dir='ltr'>moliebatur</span> <span class='ocrx_word' id='word_1_553' title='bbox 2854 4028 3134 4098; x_wconf 89' lang='lat' dir='ltr'>proficere</span> <span class='ocrx_word' id='word_1_554' title='bbox 3166 4027 3471 4099; x_wconf 85' lang='lat' dir='ltr'>auspiciis,</span> 
     </span>
    </p>
   </div>
   <div class='ocr_carea' id='block_1_89' title="bbox 1825 4108 3471 4187">
    <p class='ocr_par' dir='ltr' id='par_1_89' title="bbox 1825 4108 3471 4187">
     <span class='ocr_line' id='line_1_89' title="bbox 1825 4108 3471 4187; baseline 0.001 -18"><span class='ocrx_word' id='word_1_555' title='bbox 1825 4131 2080 4186; x_wconf 89' lang='lat' dir='ltr'>suosque</span> <span class='ocrx_word' id='word_1_556' title='bbox 2113 4131 2260 4186; x_wconf 91' lang='lat' dir='ltr'>quos</span> <span class='ocrx_word' id='word_1_557' title='bbox 2294 4108 2684 4170; x_wconf 74' lang='lat' dir='ltr'>meditabatur</span> <span class='ocrx_word' id='word_1_558' title='bbox 2704 4120 2972 4180; x_wconf 84' lang='lat' dir='ltr'>conatus,</span> <span class='ocrx_word' id='word_1_559' title='bbox 2998 4116 3356 4187; x_wconf 90' lang='lat' dir='ltr'>quotidianis</span> <span class='ocrx_word' id='word_1_560' title='bbox 3374 4117 3471 4171; x_wconf 90' lang='lat' dir='ltr'>de-</span> 
     </span>
    </p>
   </div>
   <div class='ocr_carea' id='block_1_90' title="bbox 1825 4202 3468 4275">
    <p class='ocr_par' dir='ltr' id='par_1_90' title="bbox 1825 4202 3468 4275">
     <span class='ocr_line' id='line_1_90' title="bbox 1825 4202 3468 4275; baseline 0.002 -19"><span class='ocrx_word' id='word_1_561' title='bbox 1825 4202 1994 4257; x_wconf 86' lang='lat' dir='ltr'>ficere</span> <span class='ocrx_word' id='word_1_562' title='bbox 2043 4203 2427 4258; x_wconf 87' lang='lat' dir='ltr'>detrimentis.</span> <span class='ocrx_word' id='word_1_563' title='bbox 2481 4203 2584 4257; x_wconf 86' lang='lat' dir='ltr'>Hic</span> <span class='ocrx_word' id='word_1_564' title='bbox 2623 4203 2821 4275; x_wconf 84' lang='lat' dir='ltr'>itaque</span> <span class='ocrx_word' id='word_1_565' title='bbox 2888 4203 3180 4275; x_wconf 89' lang='lat' dir='ltr'>gloriosus</span> <span class='ocrx_word' id='word_1_566' title='bbox 3249 4209 3468 4275; x_wconf 89' lang='lat' dir='ltr'>pastor,</span> 
     </span>
    </p>
   </div>
   <div class='ocr_carea' id='block_1_91' title="bbox 1823 4291 3472 4363">
    <p class='ocr_par' dir='ltr' id='par_1_91' title="bbox 1823 4291 3472 4363">
     <span class='ocr_line' id='line_1_91' title="bbox 1823 4291 3472 4363; baseline 0.001 -18"><span class='ocrx_word' id='word_1_567' title='bbox 1823 4307 1956 4346; x_wconf 92' lang='lat' dir='ltr'>cum</span> <span class='ocrx_word' id='word_1_568' title='bbox 2001 4307 2104 4362; x_wconf 93' lang='lat' dir='ltr'>pro</span> <span class='ocrx_word' id='word_1_569' title='bbox 2154 4307 2293 4362; x_wconf 91' lang='lat' dir='ltr'>pace</span> <span class='ocrx_word' id='word_1_570' title='bbox 2339 4295 2552 4346; x_wconf 67' lang='lat' dir='ltr'>sancta:</span> <span class='ocrx_word' id='word_1_571' title='bbox 2605 4292 2699 4346; x_wconf 89' lang='lat' dir='ltr'>Dei</span> <span class='ocrx_word' id='word_1_572' title='bbox 2750 4291 3017 4347; x_wconf 66' lang='lat' dir='ltr'>Ecclesiae</span> <span class='ocrx_word' id='word_1_573' title='bbox 3081 4296 3257 4363; x_wconf 90' lang='lat' dir='ltr'>atque</span> <span class='ocrx_word' id='word_1_574' title='bbox 3307 4292 3472 4348; x_wconf 90' lang='lat' dir='ltr'>ovilis</span> 
     </span>
    </p>
   </div>
   <div class='ocr_carea' id='block_1_92' title="bbox 1826 4378 3470 4451">
    <p class='ocr_par' dir='ltr' id='par_1_92' title="bbox 1826 4378 3470 4451">
     <span class='ocr_line' id='line_1_92' title="bbox 1826 4378 3470 4451; baseline 0 -17"><span class='ocrx_word' id='word_1_575' title='bbox 1826 4378 2042 4434; x_wconf 91' lang='lat' dir='ltr'>Christi</span> <span class='ocrx_word' id='word_1_576' title='bbox 2083 4379 2331 4434; x_wconf 90' lang='lat' dir='ltr'>tuitione</span> <span class='ocrx_word' id='word_1_577' title='bbox 2375 4383 2438 4433; x_wconf 91' lang='lat' dir='ltr'>ut</span> <span class='ocrx_word' id='word_1_578' title='bbox 2484 4378 2957 4451; x_wconf 89' lang='lat' dir='ltr'>inexpugnabilis</span> <span class='ocrx_word' id='word_1_579' title='bbox 2996 4379 3213 4434; x_wconf 90' lang='lat' dir='ltr'>athleta</span> <span class='ocrx_word' id='word_1_580' title='bbox 3264 4379 3470 4435; x_wconf 91' lang='lat' dir='ltr'>bellico</span> 
     </span>
    </p>
   </div>
   <div class='ocr_carea' id='block_1_93' title="bbox 1823 4467 3470 4540">
    <p class='ocr_par' dir='ltr' id='par_1_93' title="bbox 1823 4467 3470 4540">
     <span class='ocr_line' id='line_1_93' title="bbox 1823 4467 3470 4540; baseline 0 -19"><span class='ocrx_word' id='word_1_581' title='bbox 1823 4467 2042 4522; x_wconf 88' lang='lat' dir='ltr'>instare</span> <span class='ocrx_word' id='word_1_582' title='bbox 2097 4484 2211 4522; x_wconf 90' lang='lat' dir='ltr'>non</span> <span class='ocrx_word' id='word_1_583' title='bbox 2270 4467 2585 4538; x_wconf 89' lang='lat' dir='ltr'>trepidaret</span> <span class='ocrx_word' id='word_1_584' title='bbox 2645 4467 2839 4540; x_wconf 88' lang='lat' dir='ltr'>agoni,</span> <span class='ocrx_word' id='word_1_585' title='bbox 2895 4467 3132 4539; x_wconf 90' lang='lat' dir='ltr'>provido</span> <span class='ocrx_word' id='word_1_586' title='bbox 3184 4467 3470 4523; x_wconf 92' lang='lat' dir='ltr'>sollicitu-</span> 
     </span>
    </p>
   </div>
   <div class='ocr_carea' id='block_1_94' title="bbox 77 4550 3466 4634">
    <p class='ocr_par' dir='ltr' id='par_1_94' title="bbox 77 4550 3466 4634">
     <span class='ocr_line' id='line_1_94' title="bbox 77 4550 3466 4634; baseline 0.002 -31"><span class='ocrx_word' id='word_1_587' title='bbox 77 4550 536 4610; x_wconf 72' lang='lat' dir='ltr'>Normannorum</span> <span class='ocrx_word' id='word_1_588' title='bbox 569 4553 784 4626; x_wconf 87' lang='lat' dir='ltr'>quippe</span> <span class='ocrx_word' id='word_1_589' title='bbox 815 4555 1036 4626; x_wconf 91' lang='lat' dir='ltr'>passim</span> <span class='ocrx_word' id='word_1_590' title='bbox 1062 4555 1712 4625; x_wconf 71' lang='lat' dir='ltr'>bacchabatursaevitia,</span> <span class='ocrx_word' id='word_1_591' title='bbox 1747 4571 1793 4634; x_wconf 86' lang='lat' dir='ltr'><strong>D</strong></span> <span class='ocrx_word' id='word_1_592' title='bbox 1827 4555 1983 4610; x_wconf 86' lang='lat' dir='ltr'>diuis</span> <span class='ocrx_word' id='word_1_593' title='bbox 2006 4555 2172 4610; x_wconf 91' lang='lat' dir='ltr'>oculo</span> <span class='ocrx_word' id='word_1_594' title='bbox 2206 4555 2383 4610; x_wconf 92' lang='lat' dir='ltr'>saluti</span> <span class='ocrx_word' id='word_1_595' title='bbox 2425 4555 2620 4610; x_wconf 88' lang='lat' dir='ltr'>ovium</span> <span class='ocrx_word' id='word_1_596' title='bbox 2672 4573 2936 4625; x_wconf 88' lang='lat' dir='ltr'>suarum,</span> <span class='ocrx_word' id='word_1_597' title='bbox 2970 4556 3466 4627; x_wconf 88' lang='lat' dir='ltr'>quemadmodum</span> 
     </span>
    </p>
   </div>
   <div class='ocr_carea' id='block_1_95' title="bbox 80 4641 1715 4715">
    <p class='ocr_par' dir='ltr' id='par_1_95' title="bbox 80 4641 1715 4715">
     <span class='ocr_line' id='line_1_95' title="bbox 80 4641 1715 4715; baseline 0.006 -24"><span class='ocrx_word' id='word_1_598' title='bbox 80 4644 232 4710; x_wconf 85' lang='lat' dir='ltr'>atque</span> <span class='ocrx_word' id='word_1_599' title='bbox 253 4641 710 4699; x_wconf 88' lang='lat' dir='ltr'>incessabilibus</span> <span class='ocrx_word' id='word_1_600' title='bbox 733 4641 920 4714; x_wconf 88' lang='lat' dir='ltr'>plagis</span> <span class='ocrx_word' id='word_1_601' title='bbox 943 4659 1177 4698; x_wconf 90' lang='lat' dir='ltr'>omnem</span> <span class='ocrx_word' id='word_1_602' title='bbox 1192 4643 1486 4715; x_wconf 90' lang='lat' dir='ltr'>regionem</span> <span class='ocrx_word' id='word_1_603' title='bbox 1507 4645 1715 4700; x_wconf 91' lang='lat' dir='ltr'>diebus</span> 
     </span>
    </p>
   </div>
   <div class='ocr_carea' id='block_1_96' title="bbox 77 4730 1711 4804">
    <p class='ocr_par' dir='ltr' id='par_1_96' title="bbox 77 4730 1711 4804">
     <span class='ocr_line' id='line_1_96' title="bbox 77 4730 1711 4804; baseline 0.005 -24"><span class='ocrx_word' id='word_1_604' title='bbox 77 4743 130 4781; x_wconf 87' lang='lat' dir='ltr'>ac</span> <span class='ocrx_word' id='word_1_605' title='bbox 161 4731 432 4786; x_wconf 87' lang='lat' dir='ltr'>noctibus</span> <span class='ocrx_word' id='word_1_606' title='bbox 462 4730 659 4803; x_wconf 88' lang='lat' dir='ltr'>palam</span> <span class='ocrx_word' id='word_1_607' title='bbox 682 4735 738 4786; x_wconf 92' lang='lat' dir='ltr'>et</span> <span class='ocrx_word' id='word_1_608' title='bbox 755 4730 904 4786; x_wconf 92' lang='lat' dir='ltr'>clam</span> <span class='ocrx_word' id='word_1_609' title='bbox 927 4731 1412 4804; x_wconf 90' lang='lat' dir='ltr'>depopulabatur,</span> <span class='ocrx_word' id='word_1_610' title='bbox 1432 4733 1711 4801; x_wconf 81' lang='lat' dir='ltr'>caedibus,</span> 
     </span>
    </p>
   </div>
   <div class='ocr_carea' id='block_1_97' title="bbox 79 4819 1712 4893">
    <p class='ocr_par' dir='ltr' id='par_1_97' title="bbox 79 4819 1712 4893">
     <span class='ocr_line' id='line_1_97' title="bbox 79 4819 1712 4893; baseline 0.007 -26"><span class='ocrx_word' id='word_1_611' title='bbox 79 4819 344 4887; x_wconf 63' lang='lat' dir='ltr'>etpradiis</span> <span class='ocrx_word' id='word_1_612' title='bbox 358 4819 708 4893; x_wconf 88' lang='lat' dir='ltr'>igniumque</span> <span class='ocrx_word' id='word_1_613' title='bbox 722 4819 1236 4891; x_wconf 86' lang='lat' dir='ltr'>deflagrationibus</span> <span class='ocrx_word' id='word_1_614' title='bbox 1251 4837 1483 4876; x_wconf 90' lang='lat' dir='ltr'>omnem</span> <span class='ocrx_word' id='word_1_615' title='bbox 1497 4825 1712 4878; x_wconf 89' lang='lat' dir='ltr'>terram</span> 
     </span>
    </p>
   </div>
   <div class='ocr_carea' id='block_1_98' title="bbox 80 4908 1712 4981">
    <p class='ocr_par' dir='ltr' id='par_1_98' title="bbox 80 4908 1712 4981">
     <span class='ocr_line' id='line_1_98' title="bbox 80 4908 1712 4981; baseline 0.004 -24"><span class='ocrx_word' id='word_1_616' title='bbox 80 4908 646 4975; x_wconf 76' lang='lat' dir='ltr'>exterminans.Quod</span> <span class='ocrx_word' id='word_1_617' title='bbox 679 4925 812 4964; x_wconf 89' lang='lat' dir='ltr'>cum</span> <span class='ocrx_word' id='word_1_618' title='bbox 841 4909 929 4964; x_wconf 87' lang='lat' dir='ltr'>vir</span> <span class='ocrx_word' id='word_1_619' title='bbox 949 4908 1218 4964; x_wconf 91' lang='lat' dir='ltr'>heroicus</span> <span class='ocrx_word' id='word_1_620' title='bbox 1248 4914 1564 4981; x_wconf 89' lang='lat' dir='ltr'>pastorquc</span> <span class='ocrx_word' id='word_1_621' title='bbox 1595 4911 1712 4965; x_wconf 86' lang='lat' dir='ltr'>exi-</span> 
     </span>
    </p>
   </div>
   <div class='ocr_carea' id='block_1_99' title="bbox 79 4993 1710 5065">
    <p class='ocr_par' dir='ltr' id='par_1_99' title="bbox 79 4993 1710 5065">
     <span class='ocr_line' id='line_1_99' title="bbox 79 4993 1710 5065; baseline 0.006 -20"><span class='ocrx_word' id='word_1_622' title='bbox 79 4993 213 5050; x_wconf 85' lang='lat' dir='ltr'>mius</span> <span class='ocrx_word' id='word_1_623' title='bbox 232 5002 516 5065; x_wconf 89' lang='lat' dir='ltr'>cerneret,</span> <span class='ocrx_word' id='word_1_624' title='bbox 537 4996 883 5053; x_wconf 89' lang='lat' dir='ltr'>intolerabili</span> <span class='ocrx_word' id='word_1_625' title='bbox 905 4998 1096 5052; x_wconf 89' lang='lat' dir='ltr'>cordis</span> <span class='ocrx_word' id='word_1_626' title='bbox 1119 5014 1363 5053; x_wconf 67' lang='lat' dir='ltr'>mmrore</span> <span class='ocrx_word' id='word_1_627' title='bbox 1386 5015 1710 5055; x_wconf 91' lang='lat' dir='ltr'>concussus</span> 
     </span>
    </p>
   </div>
   <div class='ocr_carea' id='block_1_100' title="bbox 84 5084 1712 5158">
    <p class='ocr_par' dir='ltr' id='par_1_100' title="bbox 84 5084 1712 5158">
     <span class='ocr_line' id='line_1_100' title="bbox 84 5084 1712 5158; baseline 0.005 -24"><span class='ocrx_word' id='word_1_628' title='bbox 84 5085 173 5147; x_wconf 85' lang='lat' dir='ltr'>est,</span> <span class='ocrx_word' id='word_1_629' title='bbox 202 5101 302 5155; x_wconf 89' lang='lat' dir='ltr'>pro</span> <span class='ocrx_word' id='word_1_630' title='bbox 333 5086 448 5142; x_wconf 90' lang='lat' dir='ltr'>sibi</span> <span class='ocrx_word' id='word_1_631' title='bbox 471 5084 787 5141; x_wconf 91' lang='lat' dir='ltr'>commisso</span> <span class='ocrx_word' id='word_1_632' title='bbox 808 5101 981 5158; x_wconf 85' lang='lat' dir='ltr'>grege</span> <span class='ocrx_word' id='word_1_633' title='bbox 1008 5101 1309 5141; x_wconf 88' lang='lat' dir='ltr'>occurrere</span> <span class='ocrx_word' id='word_1_634' title='bbox 1326 5090 1588 5158; x_wconf 89' lang='lat' dir='ltr'>paratus,</span> <span class='ocrx_word' id='word_1_635' title='bbox 1607 5087 1712 5142; x_wconf 89' lang='lat' dir='ltr'>Do-</span> 
     </span>
    </p>
   </div>
   <div class='ocr_carea' id='block_1_101' title="bbox 83 5171 1708 5245">
    <p class='ocr_par' dir='ltr' id='par_1_101' title="bbox 83 5171 1708 5245">
     <span class='ocr_line' id='line_1_101' title="bbox 83 5171 1708 5245; baseline 0.006 -24"><span class='ocrx_word' id='word_1_636' title='bbox 83 5171 257 5226; x_wconf 84' lang='lat' dir='ltr'>minici</span> <span class='ocrx_word' id='word_1_637' title='bbox 289 5173 580 5230; x_wconf 88' lang='lat' dir='ltr'>sermonis</span> <span class='ocrx_word' id='word_1_638' title='bbox 612 5191 727 5230; x_wconf 90' lang='lat' dir='ltr'>non</span> <span class='ocrx_word' id='word_1_639' title='bbox 758 5173 1087 5242; x_wconf 90' lang='lat' dir='ltr'>immemor,</span> <span class='ocrx_word' id='word_1_640' title='bbox 1123 5190 1237 5245; x_wconf 91' lang='lat' dir='ltr'>quo</span> <span class='ocrx_word' id='word_1_641' title='bbox 1269 5174 1484 5230; x_wconf 91' lang='lat' dir='ltr'>dicitur</span> <span class='ocrx_word' id='word_1_642' title='bbox 1514 5193 1526 5229; x_wconf 89' lang='lat'><strong>:</strong></span> <span class='ocrx_word' id='word_1_643' title='bbox 1561 5175 1708 5238; x_wconf 88' lang='lat' dir='ltr'>Quia</span> 
     </span>
    </p>
   </div>
   <div class='ocr_carea' id='block_1_102' title="bbox 81 5254 1706 5334">
    <p class='ocr_par' dir='ltr' id='par_1_102' title="bbox 81 5254 1706 5334">
     <span class='ocr_line' id='line_1_102' title="bbox 81 5254 1706 5334; baseline 0.006 -25"><span class='ocrx_word' id='word_1_644' title='bbox 81 5254 247 5316; x_wconf 90' lang='lat' dir='ltr'>bonus</span> <span class='ocrx_word' id='word_1_645' title='bbox 276 5267 479 5333; x_wconf 84' lang='lat' dir='ltr'>pastor</span> <span class='ocrx_word' id='word_1_646' title='bbox 507 5262 765 5318; x_wconf 89' lang='lat' dir='ltr'>animam</span> <span class='ocrx_word' id='word_1_647' title='bbox 797 5279 966 5318; x_wconf 91' lang='lat' dir='ltr'>suam</span> <span class='ocrx_word' id='word_1_648' title='bbox 999 5262 1164 5333; x_wconf 89' lang='lat' dir='ltr'>ponit</span> <span class='ocrx_word' id='word_1_649' title='bbox 1192 5280 1296 5334; x_wconf 92' lang='lat' dir='ltr'>pro</span> <span class='ocrx_word' id='word_1_650' title='bbox 1328 5264 1531 5320; x_wconf 91' lang='lat' dir='ltr'>ovibus</span> <span class='ocrx_word' id='word_1_651' title='bbox 1582 5264 1706 5320; x_wconf 88' lang='lat' dir='ltr'>suis</span> 
     </span>
    </p>
   </div>
   <div class='ocr_carea' id='block_1_103' title="bbox 83 5343 1702 5418">
    <p class='ocr_par' dir='ltr' id='par_1_103' title="bbox 83 5343 1702 5418">
     <span class='ocr_line' id='line_1_103' title="bbox 83 5343 1702 5418; baseline 0.005 -20"><span class='ocrx_word' id='word_1_652' title='bbox 83 5343 242 5411; x_wconf 72' lang='lat' dir='ltr'>(loan.</span> <span class='ocrx_word' id='word_1_653' title='bbox 275 5366 330 5415; x_wconf 86' lang='lat' dir='ltr'>x,</span> <span class='ocrx_word' id='word_1_654' title='bbox 365 5352 478 5418; x_wconf 84' lang='grc'>11),</span> <span class='ocrx_word' id='word_1_655' title='bbox 513 5367 651 5406; x_wconf 91' lang='lat' dir='ltr'>suos</span> <span class='ocrx_word' id='word_1_656' title='bbox 696 5355 912 5418; x_wconf 90' lang='lat' dir='ltr'>evocat,</span> <span class='ocrx_word' id='word_1_657' title='bbox 944 5350 1138 5406; x_wconf 87' lang='lat' dir='ltr'>verbis</span> <span class='ocrx_word' id='word_1_658' title='bbox 1186 5350 1476 5418; x_wconf 87' lang='lat' dir='ltr'>hortatur,</span> <span class='ocrx_word' id='word_1_659' title='bbox 1527 5353 1702 5408; x_wconf 90' lang='lat' dir='ltr'>bene-</span> 
     </span>
    </p>
   </div>
   <div class='ocr_carea' id='block_1_104' title="bbox 81 5431 1703 5511">
    <p class='ocr_par' dir='ltr' id='par_1_104' title="bbox 81 5431 1703 5511">
     <span class='ocr_line' id='line_1_104' title="bbox 81 5431 1703 5511; baseline 0.007 -27"><span class='ocrx_word' id='word_1_660' title='bbox 81 5431 304 5494; x_wconf 85' lang='lat' dir='ltr'>dictione</span> <span class='ocrx_word' id='word_1_661' title='bbox 361 5439 716 5508; x_wconf 86' lang='lat' dir='ltr'>corroborat,</span> <span class='ocrx_word' id='word_1_662' title='bbox 753 5444 934 5511; x_wconf 90' lang='lat' dir='ltr'>utque</span> <span class='ocrx_word' id='word_1_663' title='bbox 973 5438 1196 5495; x_wconf 90' lang='lat' dir='ltr'>bellicis</span> <span class='ocrx_word' id='word_1_664' title='bbox 1227 5440 1470 5496; x_wconf 89' lang='lat' dir='ltr'>accincti</span> <span class='ocrx_word' id='word_1_665' title='bbox 1523 5441 1703 5497; x_wconf 90' lang='lat' dir='ltr'>armis</span> 
     </span>
    </p>
   </div>
   <div class='ocr_carea' id='block_1_105' title="bbox 79 5527 1704 5602">
    <p class='ocr_par' dir='ltr' id='par_1_105' title="bbox 79 5527 1704 5602">
     <span class='ocr_line' id='line_1_105' title="bbox 79 5527 1704 5602; baseline 0.006 -28"><span class='ocrx_word' id='word_1_666' title='bbox 79 5535 254 5579; x_wconf 85' lang='lat' dir='ltr'>secum</span> <span class='ocrx_word' id='word_1_667' title='bbox 275 5527 951 5596; x_wconf 82' lang='lat' dir='ltr'>proï¬ciscanturexorat,</span> <span class='ocrx_word' id='word_1_668' title='bbox 966 5528 1209 5584; x_wconf 92' lang='lat' dir='ltr'>mandat</span> <span class='ocrx_word' id='word_1_669' title='bbox 1228 5528 1704 5602; x_wconf 82' lang='lat' dir='ltr'>Ragenardover-</span> 
     </span>
    </p>
   </div>
   <div class='ocr_carea' id='block_1_106' title="bbox 77 5606 1702 5695">
    <p class='ocr_par' dir='ltr' id='par_1_106' title="bbox 77 5606 1702 5695">
     <span class='ocr_line' id='line_1_106' title="bbox 77 5606 1702 5695; baseline 0.007 -29"><span class='ocrx_word' id='word_1_670' title='bbox 77 5606 154 5667; x_wconf 77' lang='lat' dir='ltr'>bis</span> <span class='ocrx_word' id='word_1_671' title='bbox 181 5614 581 5695; x_wconf 77' lang='lat' dir='ltr'>postulatoriis</span> <span class='ocrx_word' id='word_1_672' title='bbox 605 5620 667 5678; x_wconf 82' lang='lat' dir='ltr'>ut</span> <span class='ocrx_word' id='word_1_673' title='bbox 695 5633 895 5681; x_wconf 81' lang='lat' dir='ltr'>secum</span> <span class='ocrx_word' id='word_1_674' title='bbox 931 5617 1005 5676; x_wconf 88' lang='lat' dir='ltr'>ad</span> <span class='ocrx_word' id='word_1_675' title='bbox 1035 5632 1292 5693; x_wconf 85' lang='lat' dir='ltr'>pugnam</span> <span class='ocrx_word' id='word_1_676' title='bbox 1325 5623 1509 5691; x_wconf 84' lang='lat' dir='ltr'>exeat,</span> <span class='ocrx_word' id='word_1_677' title='bbox 1528 5618 1702 5677; x_wconf 89' lang='lat' dir='ltr'>etmi-</span> 
     </span>
    </p>
   </div>
   <div class='ocr_carea' id='block_1_107' title="bbox 1823 4642 3471 4716">
    <p class='ocr_par' dir='ltr' id='par_1_107' title="bbox 1823 4642 3471 4716">
     <span class='ocr_line' id='line_1_107' title="bbox 1823 4642 3471 4716; baseline 0 -18"><span class='ocrx_word' id='word_1_678' title='bbox 1823 4643 2245 4715; x_wconf 89' lang='lat' dir='ltr'>sagacissimus</span> <span class='ocrx_word' id='word_1_679' title='bbox 2274 4642 2448 4714; x_wconf 88' lang='lat' dir='ltr'>opilio</span> <span class='ocrx_word' id='word_1_680' title='bbox 2480 4643 2843 4716; x_wconf 85' lang='lat' dir='ltr'>invigilabat,</span> <span class='ocrx_word' id='word_1_681' title='bbox 2868 4648 2924 4699; x_wconf 90' lang='lat' dir='ltr'>et</span> <span class='ocrx_word' id='word_1_682' title='bbox 2953 4662 2987 4698; x_wconf 93' lang='lat' dir='ltr'>a</span> <span class='ocrx_word' id='word_1_683' title='bbox 3015 4645 3244 4716; x_wconf 88' lang='lat' dir='ltr'>vipereo</span> <span class='ocrx_word' id='word_1_684' title='bbox 3277 4643 3471 4699; x_wconf 89' lang='lat' dir='ltr'>invisi-</span> 
     </span>
    </p>
   </div>
   <div class='ocr_carea' id='block_1_108' title="bbox 1825 4731 3472 4804">
    <p class='ocr_par' dir='ltr' id='par_1_108' title="bbox 1825 4731 3472 4804">
     <span class='ocr_line' id='line_1_108' title="bbox 1825 4731 3472 4804; baseline 0 -17"><span class='ocrx_word' id='word_1_685' title='bbox 1825 4732 1959 4788; x_wconf 92' lang='lat' dir='ltr'>bilis</span> <span class='ocrx_word' id='word_1_686' title='bbox 1990 4731 2212 4786; x_wconf 91' lang='lat' dir='ltr'>inimici</span> <span class='ocrx_word' id='word_1_687' title='bbox 2246 4736 2375 4787; x_wconf 92' lang='lat' dir='ltr'>astu</span> <span class='ocrx_word' id='word_1_688' title='bbox 2409 4749 2512 4803; x_wconf 91' lang='lat' dir='ltr'>per</span> <span class='ocrx_word' id='word_1_689' title='bbox 2543 4749 2604 4787; x_wconf 92' lang='lat' dir='ltr'>se</span> <span class='ocrx_word' id='word_1_690' title='bbox 2635 4749 2851 4804; x_wconf 89' lang='lat' dir='ltr'>perque</span> <span class='ocrx_word' id='word_1_691' title='bbox 2893 4751 3032 4789; x_wconf 91' lang='lat' dir='ltr'>suos</span> <span class='ocrx_word' id='word_1_692' title='bbox 3073 4733 3472 4789; x_wconf 88' lang='lat' dir='ltr'>indesinenter</span> 
     </span>
    </p>
   </div>
   <div class='ocr_carea' id='block_1_109' title="bbox 1823 4819 3466 4893">
    <p class='ocr_par' dir='ltr' id='par_1_109' title="bbox 1823 4819 3466 4893">
     <span class='ocr_line' id='line_1_109' title="bbox 1823 4819 3466 4893; baseline -0.001 -18"><span class='ocrx_word' id='word_1_693' title='bbox 1823 4821 2045 4892; x_wconf 88' lang='lat' dir='ltr'>eripere</span> <span class='ocrx_word' id='word_1_694' title='bbox 2076 4819 2406 4875; x_wconf 90' lang='lat' dir='ltr'>anhelabat.</span> <span class='ocrx_word' id='word_1_695' title='bbox 2431 4820 2610 4892; x_wconf 83' lang='lat' dir='ltr'>Cujus</span> <span class='ocrx_word' id='word_1_696' title='bbox 2632 4819 2784 4875; x_wconf 91' lang='lat' dir='ltr'>circa</span> <span class='ocrx_word' id='word_1_697' title='bbox 2812 4837 2911 4876; x_wconf 92' lang='lat' dir='ltr'>eas</span> <span class='ocrx_word' id='word_1_698' title='bbox 2937 4821 3154 4876; x_wconf 90' lang='lat' dir='ltr'>amoris</span> <span class='ocrx_word' id='word_1_699' title='bbox 3174 4819 3466 4893; x_wconf 89' lang='lat' dir='ltr'>magnitu-</span> 
     </span>
    </p>
   </div>
   <div class='ocr_carea' id='block_1_110' title="bbox 1823 4908 3466 4982">
    <p class='ocr_par' dir='ltr' id='par_1_110' title="bbox 1823 4908 3466 4982">
     <span class='ocr_line' id='line_1_110' title="bbox 1823 4908 3466 4982; baseline 0 -18"><span class='ocrx_word' id='word_1_700' title='bbox 1823 4910 1916 4975; x_wconf 92' lang='lat' dir='ltr'>do,</span> <span class='ocrx_word' id='word_1_701' title='bbox 1948 4909 2007 4963; x_wconf 88' lang='lat' dir='ltr'>in</span> <span class='ocrx_word' id='word_1_702' title='bbox 2042 4909 2332 4976; x_wconf 82' lang='lat' dir='ltr'>affamine,</span> <span class='ocrx_word' id='word_1_703' title='bbox 2367 4909 2424 4963; x_wconf 91' lang='lat' dir='ltr'>in</span> <span class='ocrx_word' id='word_1_704' title='bbox 2457 4908 2740 4978; x_wconf 89' lang='lat' dir='ltr'>convictu,</span> <span class='ocrx_word' id='word_1_705' title='bbox 2765 4909 2824 4963; x_wconf 90' lang='lat' dir='ltr'>in</span> <span class='ocrx_word' id='word_1_706' title='bbox 2859 4914 3090 4982; x_wconf 87' lang='lat' dir='ltr'>receptu</span> <span class='ocrx_word' id='word_1_707' title='bbox 3122 4914 3340 4981; x_wconf 92' lang='lat' dir='ltr'>quanta</span> <span class='ocrx_word' id='word_1_708' title='bbox 3372 4926 3466 4964; x_wconf 87' lang='lat' dir='ltr'>ex-</span> 
     </span>
    </p>
   </div>
   <div class='ocr_carea' id='block_1_111' title="bbox 1822 4997 3466 5071">
    <p class='ocr_par' dir='ltr' id='par_1_111' title="bbox 1822 4997 3466 5071">
     <span class='ocr_line' id='line_1_111' title="bbox 1822 4997 3466 5071; baseline 0.001 -19"><span class='ocrx_word' id='word_1_709' title='bbox 1822 4998 2033 5052; x_wconf 90' lang='lat' dir='ltr'>stiterit</span> <span class='ocrx_word' id='word_1_710' title='bbox 2063 5003 2230 5070; x_wconf 86' lang='lat' dir='ltr'>neget</span> <span class='ocrx_word' id='word_1_711' title='bbox 2257 4997 2518 5054; x_wconf 91' lang='lat' dir='ltr'>mortalis</span> <span class='ocrx_word' id='word_1_712' title='bbox 2550 4997 2833 5070; x_wconf 88' lang='lat' dir='ltr'>explicare</span> <span class='ocrx_word' id='word_1_713' title='bbox 2864 4998 3084 5071; x_wconf 88' lang='lat' dir='ltr'>lingua,</span> <span class='ocrx_word' id='word_1_714' title='bbox 3119 5000 3219 5055; x_wconf 91' lang='lat' dir='ltr'>sed</span> <span class='ocrx_word' id='word_1_715' title='bbox 3273 5003 3466 5054; x_wconf 90' lang='lat' dir='ltr'>tamen</span> 
     </span>
    </p>
   </div>
   <div class='ocr_carea' id='block_1_112' title="bbox 1821 5087 3468 5160">
    <p class='ocr_par' dir='ltr' id='par_1_112' title="bbox 1821 5087 3468 5160">
     <span class='ocr_line' id='line_1_112' title="bbox 1821 5087 3468 5160; baseline 0.001 -20"><span class='ocrx_word' id='word_1_716' title='bbox 1821 5089 2039 5158; x_wconf 91' lang='lat' dir='ltr'>quanta</span> <span class='ocrx_word' id='word_1_717' title='bbox 2062 5087 2233 5141; x_wconf 86' lang='lat' dir='ltr'>fuerit</span> <span class='ocrx_word' id='word_1_718' title='bbox 2255 5087 2380 5159; x_wconf 90' lang='lat' dir='ltr'>ipsa</span> <span class='ocrx_word' id='word_1_719' title='bbox 2401 5087 2685 5142; x_wconf 90' lang='lat' dir='ltr'>donorum</span> <span class='ocrx_word' id='word_1_720' title='bbox 2704 5089 2832 5159; x_wconf 90' lang='lat' dir='ltr'>ejus</span> <span class='ocrx_word' id='word_1_721' title='bbox 2849 5087 3153 5160; x_wconf 88' lang='lat' dir='ltr'>dapsilitas</span> <span class='ocrx_word' id='word_1_722' title='bbox 3176 5088 3468 5145; x_wconf 87' lang='lat' dir='ltr'>evidenter</span> 
     </span>
    </p>
   </div>
   <div class='ocr_carea' id='block_1_113' title="bbox 1818 5175 3466 5246">
    <p class='ocr_par' dir='ltr' id='par_1_113' title="bbox 1818 5175 3466 5246">
     <span class='ocr_line' id='line_1_113' title="bbox 1818 5175 3466 5246; baseline 0.001 -16"><span class='ocrx_word' id='word_1_723' title='bbox 1818 5175 2091 5230; x_wconf 88' lang='lat' dir='ltr'>declarat.</span> <span class='ocrx_word' id='word_1_724' title='bbox 2107 5175 2280 5246; x_wconf 88' lang='lat' dir='ltr'>Atqui</span> <span class='ocrx_word' id='word_1_725' title='bbox 2315 5176 2385 5231; x_wconf 91' lang='lat' dir='ltr'>ad</span> <span class='ocrx_word' id='word_1_726' title='bbox 2401 5175 2660 5231; x_wconf 90' lang='lat' dir='ltr'>solemne</span> <span class='ocrx_word' id='word_1_727' title='bbox 2674 5193 2790 5232; x_wconf 75' lang='lat' dir='ltr'>suze</span> <span class='ocrx_word' id='word_1_728' title='bbox 2809 5176 3110 5233; x_wconf 89' lang='lat' dir='ltr'>electionis</span> <span class='ocrx_word' id='word_1_729' title='bbox 3127 5175 3466 5234; x_wconf 89' lang='lat' dir='ltr'>memoriale</span> 
     </span>
    </p>
   </div>
   <div class='ocr_carea' id='block_1_114' title="bbox 1815 5263 3464 5336">
    <p class='ocr_par' dir='ltr' id='par_1_114' title="bbox 1815 5263 3464 5336">
     <span class='ocr_line' id='line_1_114' title="bbox 1815 5263 3464 5336; baseline 0.001 -18"><span class='ocrx_word' id='word_1_730' title='bbox 1815 5263 2229 5318; x_wconf 87' lang='lat' dir='ltr'>celebrandum</span> <span class='ocrx_word' id='word_1_731' title='bbox 2262 5263 2571 5336; x_wconf 90' lang='lat' dir='ltr'>dilargitus</span> <span class='ocrx_word' id='word_1_732' title='bbox 2591 5269 2679 5320; x_wconf 91' lang='lat' dir='ltr'>est</span> <span class='ocrx_word' id='word_1_733' title='bbox 2701 5265 2908 5322; x_wconf 89' lang='lat' dir='ltr'>usibus</span> <span class='ocrx_word' id='word_1_734' title='bbox 2929 5266 3342 5322; x_wconf 85' lang='lat' dir='ltr'>canonicorum</span> <span class='ocrx_word' id='word_1_735' title='bbox 3357 5266 3464 5320; x_wconf 84' lang='lat' dir='ltr'>Lo-</span> 
     </span>
    </p>
   </div>
   <div class='ocr_carea' id='block_1_115' title="bbox 1814 5350 3464 5424">
    <p class='ocr_par' dir='ltr' id='par_1_115' title="bbox 1814 5350 3464 5424">
     <span class='ocr_line' id='line_1_115' title="bbox 1814 5350 3464 5424; baseline 0.001 -18"><span class='ocrx_word' id='word_1_736' title='bbox 1814 5352 2088 5424; x_wconf 88' lang='lat' dir='ltr'>gniacum</span> <span class='ocrx_word' id='word_1_737' title='bbox 2120 5350 2317 5406; x_wconf 88' lang='lat' dir='ltr'>villam</span> <span class='ocrx_word' id='word_1_738' title='bbox 2347 5356 2404 5407; x_wconf 89' lang='lat' dir='ltr'>et</span> <span class='ocrx_word' id='word_1_739' title='bbox 2435 5352 2684 5423; x_wconf 89' lang='lat' dir='ltr'>Solium,</span> <span class='ocrx_word' id='word_1_740' title='bbox 2721 5358 2786 5411; x_wconf 90' lang='lat' dir='ltr'>ut</span> <span class='ocrx_word' id='word_1_741' title='bbox 2811 5372 2878 5410; x_wconf 88' lang='lat' dir='ltr'>ex</span> <span class='ocrx_word' id='word_1_742' title='bbox 2909 5355 2994 5410; x_wconf 92' lang='lat' dir='ltr'>eis</span> <span class='ocrx_word' id='word_1_743' title='bbox 3046 5355 3116 5410; x_wconf 90' lang='lat' dir='ltr'>ad</span> <span class='ocrx_word' id='word_1_744' title='bbox 3150 5353 3464 5408; x_wconf 89' lang='lat' dir='ltr'>luminaria</span> 
     </span>
    </p>
   </div>
   <div class='ocr_carea' id='block_1_116' title="bbox 1812 5439 3464 5508">
    <p class='ocr_par' dir='ltr' id='par_1_116' title="bbox 1812 5439 3464 5508">
     <span class='ocr_line' id='line_1_116' title="bbox 1812 5439 3464 5508; baseline -0.002 -12"><span class='ocrx_word' id='word_1_745' title='bbox 1812 5439 2189 5496; x_wconf 88' lang='lat' dir='ltr'>ecclesiarum</span> <span class='ocrx_word' id='word_1_746' title='bbox 2222 5445 2434 5495; x_wconf 65' lang='lat' dir='ltr'>sancta:</span> <span class='ocrx_word' id='word_1_747' title='bbox 2467 5441 2661 5498; x_wconf 58' lang='lat' dir='ltr'>Marias</span> <span class='ocrx_word' id='word_1_748' title='bbox 2683 5448 2739 5499; x_wconf 91' lang='lat' dir='ltr'>et</span> <span class='ocrx_word' id='word_1_749' title='bbox 2762 5443 2949 5499; x_wconf 89' lang='lat' dir='ltr'>sancti</span> <span class='ocrx_word' id='word_1_750' title='bbox 2973 5442 3237 5508; x_wconf 88' lang='lat' dir='ltr'>Joannis,</span> <span class='ocrx_word' id='word_1_751' title='bbox 3257 5439 3464 5496; x_wconf 85' lang='lat' dir='ltr'>sancti-</span> 
     </span>
    </p>
   </div>
   <div class='ocr_carea' id='block_1_117' title="bbox 1813 5527 3458 5604">
    <p class='ocr_par' dir='ltr' id='par_1_117' title="bbox 1813 5527 3458 5604">
     <span class='ocr_line' id='line_1_117' title="bbox 1813 5527 3458 5604; baseline -0.002 -20"><span class='ocrx_word' id='word_1_752' title='bbox 1813 5545 1924 5601; x_wconf 92' lang='lat' dir='ltr'>que</span> <span class='ocrx_word' id='word_1_753' title='bbox 1955 5527 2233 5599; x_wconf 86' lang='lat' dir='ltr'>Stephani</span> <span class='ocrx_word' id='word_1_754' title='bbox 2256 5530 2488 5586; x_wconf 90' lang='lat' dir='ltr'>modius</span> <span class='ocrx_word' id='word_1_755' title='bbox 2508 5530 2617 5586; x_wconf 88' lang='lat' dir='ltr'>olei</span> <span class='ocrx_word' id='word_1_756' title='bbox 2645 5532 2821 5588; x_wconf 84' lang='lat' dir='ltr'>unius</span> <span class='ocrx_word' id='word_1_757' title='bbox 2834 5531 3216 5604; x_wconf 84' lang='lat' dir='ltr'>persolvatur,</span> <span class='ocrx_word' id='word_1_758' title='bbox 3236 5532 3293 5582; x_wconf 90' lang='lat' dir='ltr'>et</span> <span class='ocrx_word' id='word_1_759' title='bbox 3305 5527 3458 5582; x_wconf 86' lang='lat' dir='ltr'>Nan-</span> 
     </span>
    </p>
   </div>
   <div class='ocr_carea' id='block_1_118' title="bbox 1810 5613 3458 5698">
    <p class='ocr_par' dir='ltr' id='par_1_118' title="bbox 1810 5613 3458 5698">
     <span class='ocr_line' id='line_1_118' title="bbox 1810 5613 3458 5698; baseline -0.001 -22"><span class='ocrx_word' id='word_1_760' title='bbox 1810 5618 2021 5676; x_wconf 89' lang='lat' dir='ltr'>cradus</span> <span class='ocrx_word' id='word_1_761' title='bbox 2052 5621 2109 5676; x_wconf 84' lang='lat' dir='ltr'>et</span> <span class='ocrx_word' id='word_1_762' title='bbox 2140 5616 2401 5698; x_wconf 88' lang='lat' dir='ltr'>Lupinus</span> <span class='ocrx_word' id='word_1_763' title='bbox 2423 5621 2730 5698; x_wconf 87' lang='lat' dir='ltr'>stipendiis</span> <span class='ocrx_word' id='word_1_764' title='bbox 2753 5622 2998 5683; x_wconf 84' lang='lat' dir='ltr'>fratrum</span> <span class='ocrx_word' id='word_1_765' title='bbox 3023 5614 3330 5678; x_wconf 84' lang='lat' dir='ltr'>cedant.ln</span> <span class='ocrx_word' id='word_1_766' title='bbox 3365 5613 3458 5674; x_wconf 83' lang='lat' dir='ltr'>die</span> 
     </span>
    </p>
   </div>
  </div>
