1907 3109
74 187 121 217 261i

524 188 574 218 DE
597 189 732 219 GESTIS
755 189 876 219 EPISC.
901 191 1119 221 AN'l‘lSSlOD.
1145 193 1243 222 PARS
1267 195 1289 223 l.

1697 197 1756 226 270

74 253 217 281 Dominicre
234 253 290 284 die,
308 262 323 280 a
334 254 508 282 monasterio
521 254 688 282 S.Germani
700 255 728 282 in
742 256 880 284 Antissio-
895 257 921 290 Α
938 257 1028 285 altum
1046 257 1157 289 extulit,
1169 267 1282 286 camera
1298 268 1441 287 exornans
1455 263 1483 288 ct
1495 261 1522 289 in
1535 262 1695 298 parietibus
1706 272 1755 299 pa-

75 299 223 329 dorensem,
241 300 273 324 ut
289 298 377 325 moris
391 300 446 330 est,
463 298 491 325 S.
511 299 648 334 Stephani
667 299 879 328 inthronizatus

74 345 108 370 est
118 342 277 374 ecclesiam,
291 343 374 376 cujus
386 343 541 378 possessio,
553 344 687 379 quamvis
698 347 773 371 esset
786 344 878 377 exilis,

74 389 199 422 quantum
217 386 321 422 potuit.
340 389 371 413 ut
386 390 526 415 cresceret
542 387 674 421 ecclesia,
691 389 737 415 cui
755 389 879 424 prmfuit,

74 434 97 458 et
109 432 287 458 decoraretur
300 430 523 467 vigilantissime
539 432 643 468 sategit
656 442 661 466 ;
674 433 724 460 sed
745 434 821 468 quod
840 433 879 460 ibi

73 478 193 512 operatus
209 478 261 507 cst,
280 484 315 502 ne
332 476 405 503 forte
421 476 557 503 oblivioni
576 477 707 504 tradatur
723 480 750 504 et
767 478 879 513 cupidi-

73 522 123 547 tate
135 528 331 547 successorum
342 522 369 547 et
382 520 585 548 ministrorum
599 521 634 548 ab
650 521 777 548 ecclesias
789 522 880 549 domi-

74 565 113 592 nio
127 564 317 595 subtrahatur,
329 564 397 591 huic
404 565 545 600 opusculo
553 568 647 592 ratum
656 566 794 593 duximus
805 567 832 593 in
838 575 879 594 se-

74 609 317 641 renduni,scicntes
324 609 392 645 quia
404 610 536 638 facientis
543 619 599 637 non
612 611 702 638 deerit
714 611 876 646 pratmium.

103 654 217 681 Primum
234 662 363 689 namque
378 653 476 681 villam
492 655 672 682 Crevennum
689 658 790 683 sancto
816 656 877 683 Ste-

73 699 156 735 phano
170 698 314 726 sublatam
330 707 397 725 cum
415 698 477 726 suis
501 699 681 735 appendiciis
698 708 748 735 per
770 708 877 736 praece-

73 746 141 778 ptum
149 743 238 778 regale
250 743 326 778 regis
335 743 519 770 conniventia
527 742 589 770 loco
605 744 734 771 restituit
743 744 875 780 pristino,

72 788 174 814 tradens
188 787 372 814 medietatem
389 786 483 822 ipsius
499 786 570 814 vill.-e
596 788 752 819 canonicis,
775 790 803 815 et
825 797 877 824 pro

71 830 232 858 absolutionc
248 831 352 857 animo:
377 830 471 866 ipsius
489 831 656 866 pontificis;
673 832 794 859 alterum
810 841 875 859 vero

71 874 237 902 medietatem
244 875 389 910 praedictis
396 875 543 902 canonicis
551 875 579 902 in
589 876 635 902 die
643 876 740 904 obitus
752 877 875 913 prmt'atze

71 919 173 955 reginas,
184 922 210 946 et
221 928 271 954 pro
282 919 481 947 recordatione
493 920 595 947 animae
608 921 768 956 supradicti
782 922 874 957 ponti-

70 963 289 991 ﬁcis.Piscatores
305 966 402 991 tamen
419 963 448 991 in
466 964 582 992 servitio
597 968 734 992 maneant
749 966 876 1001 episcopi

70 1008 272 1043 perjussiouem
285 1008 431 1044 praepositi
441 1009 659 1036 canonicorum.
667 1010 827 1038 Ambonem
837 1010 877 1038 ibi

69 1052 143 1079 vilem
154 1053 294 1088 aspiciens
308 1053 417 1088 cryptis
428 1052 548 1081 honeste
560 1054 731 1090 compositis
742 1055 876 1090 desuper,

69 1096 209 1124 honorifice
220 1099 422 1124 constructum
434 1097 548 1130 locavit,
560 1100 587 1125 et
596 1098 680 1133 juxta
689 1098 770 1126 illum
787 1099 877 1127 altare

68 1140 93 1167 in
107 1141 207 1168 honore
221 1141 312 1168 sancti
329 1141 450 1169 Joannis
466 1142 649 1178 evangelista:
659 1145 687 1170 et
700 1144 793 1171 sancti
807 1144 879 1170 Lau-

69 1186 141 1212 rentii
157 1186 300 1221 martyris,
316 1194 348 1213 ac
365 1186 497 1213 omnium
514 1187 687 1214 Sanctorum
703 1187 822 1220 honore,
846 1190 878 1215 ut

69 1230 99 1256 ab
112 1230 249 1266 episcopo,
270 1230 294 1258 si
311 1231 447 1264 adfuerit,
465 1233 493 1258 ct
509 1240 526 1258 τι
541 1231 617 1258 clero
643 1232 769 1259 ecclesia:
787 1232 877 1259 missa

69 1274 282 1310 oelebretur,quo
294 1283 394 1302 eorum
408 1275 569 1303 interventu
581 1276 701 1303 viventis
713 1279 741 1303 et
752 1277 876 1303 morien-

69 1319 99 1345 tis
113 1319 327 1347 necessitatibus
342 1320 510 1347 subveniret
525 1320 711 1348 devotissime
728 1321 852 1348 sacravit
869 1329 875 1353 ;

68 1363 211 1391 instituens
226 1364 272 1392 his
285 1364 379 1391 tribus
393 1364 496 1392 diebus
508 1373 564 1400 quo
577 1365 707 1392 canonici
720 1365 878 1401 quotannis

72 1416 115 1442 pro
130 1408 228 1435 animze
253 1417 312 1435 suae
328 1408 456 1436 remedio
472 1409 649 1441 reﬁciantur,
667 1410 826 1445 impctrans
842 1409 877 1436 ab

71 1452 274 1488 archiepiscopo
289 1455 318 1480 et
339 1452 484 1489 episcopis
500 1453 554 1480 sibi
581 1454 720 1488 subjectis
749 1454 878 1481 decimas

68 1496 145 1523 trium
155 1497 350 1530 ecclesiarum,
360 1506 485 1532 quarum
493 1498 878 1534 inAggliviac0,scilicctuna

67 1544 221 1569 consecrata
234 1544 277 1569 est
290 1542 318 1568 in
332 1542 441 1569 honore
455 1543 689 1578 sanctiStephani
703 1543 729 1569 in
739 1543 876 1570 Matriaco

67 1585 155 1612 aliain
172 1586 277 1613 honore
289 1587 382 1613 sancti
398 1586 512 1621 Felicis,
525 1587 620 1614 aliain
634 1587 742 1614 domini
760 1587 876 1614 Martini

67 1629 163 1657 honore
177 1633 294 1663 structa,
311 1630 469 1658 instituens
486 1633 517 1658 ut
532 1631 566 1658 de
578 1631 622 1658 his
635 1631 727 1659 tribus
739 1631 875 1658 Ecclesiis

67 1675 117 1701 tres
133 1675 198 1702 ﬁant
214 1675 353 1702 fratribus
381 1675 561 1709 refectioncs,
587 1684 655 1709 una,
673 1676 701 1702 in
722 1676 877 1703 festivitate

67 1719 147 1745 sancti
159 1719 278 1747 Joannis
289 1719 482 1755 evangelista,
491 1728 510 1747 u
522 1720 618 1747 Nonas
629 1720 707 1753 Maii,
719 1720 836 1755 quando
847 1720 877 1747 in

67 1762 190 1791 ferventis
203 1763 256 1791 olei
268 1764 379 1791 dolium
393 1764 502 1792 missus
518 1764 592 1797 fuit;
608 1764 673 1795 alia,
691 1765 878 1792 Octavissan-

67 1808 98 1833 cti
113 1808 266 1841 Laurentii,
283 1808 368 1835 tertia
384 1808 536 1836 festivitate
553 1809 645 1836 sancti
668 1809 794 1836 Matthzei
808 1817 877 1845 apo-

66 1852 122 1878 stoli
137 1854 163 1879 et
178 1853 371 1889 evangelistaa,
388 1855 415 1880 et
430 1854 506 1888 quod
521 1853 697 1888 superfuerit
712 1862 745 1881 ex
756 1854 877 1881 decimis

67 1896 240 1925 ecclesiarum
257 1898 292 1925 ad
309 1897 455 1933 stipendia
470 1897 508 1925 sit
524 1898 762 1934 canicorum,pro
774 1898 876 1925 animae

69 1948 119 1967 sum
141 1941 316 1977 acquirenda
343 1941 557 1969 absolutiomc.‘
571 1942 737 1977 Prepositus
751 1942 877 1978 denique

70 1984 261 2013 canonicorum
277 1988 305 2012 Β.
322 1985 459 2021 Stephani
476 1985 742 2013 Antissiodorensis
758 1986 876 2022 presby-

67 2030 131 2055 teros
145 2029 171 2056 in
188 2029 299 2057 eisdem
316 2029 444 2057 ecclesiae
469 2038 612 2057 consensu
639 2030 761 2057 fratrum
778 2030 876 2066 eligat,

68 2072 107 2107 qui
122 2076 146 2100 et
163 2073 293 2101 'tideliter
321 2074 448 2101 decimas
477 2073 665 2101 ecclesiarum
683 2075 719 2101 ad
747 2083 833 2102 suum
851 2078 878 2102 et

68 2118 258 2145 canonicorum
273 2127 348 2154 opus
365 2118 549 2154 recipiant,et
566 2118 877 2154 archiepiscopoScno-

68 2161 137 2188 ncnsi
148 2162 284 2198 synodale
296 2162 446 2189 servitium
458 2163 591 2195 reddant,
602 2163 678 2190 sicut
687 2163 877 2198 circumjecta:

67 2205 190 2240 ecclesiae,
208 2209 236 2233 et
252 2206 325 2233 nihil
342 2206 420 2234 aliud
439 2207 877 2243 rcquiraturabarchiepiscopo

68 2248 102 2275 vel
117 2258 130 2276 a
145 2251 204 2277 suis
221 2250 376 2278 ministris.
393 2251 428 2278 Et
444 2254 475 2278 ut
492 2251 544 2278 hoc
557 2252 673 2278 firmum
686 2254 712 2278 ct
728 2252 832 2279 stabile
848 2252 876 2279 in

892 941 915 974 Β

937 302 1024 329 radisi
1041 304 1153 329 turmas
1169 311 1201 330 ac
1217 304 1293 330 erebi
1304 306 1449 332 tormenta
1464 305 1625 341 dopingens
1640 310 1755 342 gratum

936 346 1116 374 intuentibus
1128 348 1422 384 prmbuitingrcssum
1437 349 1508 382 ;illic
1517 359 1599 377 suam
1614 351 1758 379 infodiens

935 390 1127 426 sepulturam,
1162 400 1248 427 quam
1284 396 1386 427 postea
1421 396 1488 420 ante
1517 394 1630 421 vultum
1660 395 1757 422 Salva-

935 435 1006 462 toris
1031 437 1059 462 et
1088 435 1177 462 altare
1204 439 1231 463 S.
1250 437 1408 470 Laurentii,
1430 438 1506 473 quod
1523 442 1588 474 post
1613 439 1757 467 ustionem

934 479 1058 508 civitatis
1087 482 1114 506 ct
1129 481 1229 516 templi
1247 489 1305 508 sua:
1335 482 1526 510 desudatione
1561 483 1714 511 adornavit
1730 486 1759 511 et

934 524 1087 555 dedicavit,
1106 533 1251 552 removere
1263 526 1364 560 jussit.
1393 528 1487 562 Supra
1502 535 1590 562 quam
1617 528 1758 563 capellam

934 568 1118 595 zcditicavitin
1132 569 1240 596 honore
1253 572 1554 606 sanctorumquorum
1567 572 1708 599 memoria
1718 573 1759 599 in~

935 612 977 639 fra
993 612 1139 640 civitatem
1154 613 1196 640 vel
1213 617 1293 641 extra
1313 614 1359 641 vix
1383 617 1433 641 aut
1456 623 1520 642 raro
1544 615 1755 649 celebrabatur,

933 665 1058 692 quorum
1075 657 1134 684 haec
1151 660 1220 684 sunt
1236 658 1356 685 nomina
1373 659 1756 693 Matthzeus,'l‘homas,Pbi-

933 700 1363 738 lippus,Matthias,Dionysius,
1373 703 1542 736 Mauricius,
1551 704 1691 739 lgnatius,
1700 705 1755 731 De—

933 746 1066 777 metrius,
1084 746 1261 778 Desirlerius,
1275 747 1479 782 Hieronymus,
1491 748 1644 783 Sylvester,
1656 749 1755 784 Augu-

932 790 1037 822 stinus,
1048 790 1182 825 Vigilius,
1197 791 1334 825 Engenia,
1346 792 1510 823 Anastasia,
1523 792 1689 828 Margarita,
1703 793 1756 820 Lu-

932 834 985 868 cia,
1002 834 1124 869 Agatha,
1135 834 1287 868 Genovet'a,
1300 835 1451 868 Columna,
1464 844 1520 871 quo
1531 844 1631 864 eorum
1643 845 1756 864 carum-

931 886 986 914 que
1002 878 1163 905 interventu
1181 878 1281 906 civitas
1296 882 1376 906 cxtra
1391 879 1519 907 salvetur
1534 882 1561 907 et
1577 881 1663 914 intra,
1682 881 1756 908 dans

931 922 954 949 ci
972 922 1101 949 alodium
1127 922 1156 949 in
1187 924 1330 951 Cavannis
1345 923 1421 957 villa,
1453 933 1541 959 quam
1572 925 1756 952 Hildebertus

931 969 958 993 ὃ.
976 967 1115 1002 Stephani
1129 975 1230 993 servus
1250 967 1437 1002 acquisicrat,
1454 969 1489 995 ad
1515 968 1672 996 luminaria
1697 969 1756 996 illic

932 1019 983 1046 pro
1000 1010 1102 1038 anima-
1119 1019 1178 1037 sum
1192 1011 1318 1038 remedio
1330 1014 1413 1038 nocte
1429 1012 1534 1047 dieque
1545 1013 1754 1048 praeparanda:

931 1055 1027 1090 sitque
1044 1055 1120 1082 idem
1135 1054 1262 1082 alodium
1275 1055 1303 1082 in
1319 1064 1406 1082 manu
1423 1057 1593 1092 presbyteri,
1605 1056 1655 1092 qui
1667 1065 1756 1093 supra

930 1099 974 1127 vel
992 1099 1067 1126 infra
1083 1098 1240 1126 missarum
1253 1099 1451 1133 celebraverit,
1465 1100 1608 1128 solemnia
1622 1102 1756 1137 praeordi-

932 1152 1006 1171 nans
1021 1143 1107 1170 etiam
1125 1146 1160 1181 ut.
1171 1144 1195 1170 is
1211 1144 1259 1179 qui
1274 1144 1383 1171 tenebit
1398 1145 1523 1178 vincam,
1534 1153 1623 1180 quam
1640 1145 1754 1181 planta-

931 1188 972 1215 vit
988 1187 1015 1215 in
1032 1187 1105 1222 loco,
1122 1187 1170 1223 qui
1185 1187 1292 1215 dicitur
1303 1188 1430 1221 Plantas,
1444 1189 1472 1215 in
1489 1189 1644 1217 festivitate
1655 1190 1755 1217 unius-

932 1233 1074 1268 cujusque
1085 1234 1251 1259 sanctorum
1265 1233 1540 1268 prtenominatorum
1555 1234 1704 1262 canonicis
1713 1234 1754 1261 vi-

932 1277 1030 1312 giliam
1048 1279 1075 1303 et
1091 1276 1212 1303 missam
1229 1277 1444 1304 celebrantibus
1461 1287 1511 1304 sex
1535 1279 1676 1306 sextarios
1696 1279 1755 1306 vini

933 1322 967 1348 ad
983 1321 1175 1348 exhibendam
1193 1321 1367 1348 charitatcm
1385 1330 1436 1357 pro
1465 1330 1497 1349 eo
1522 1322 1677 1358 persolvat,
1692 1326 1758 1359 post

932 1366 1005 1393 duos
1022 1373 1138 1401 quoque
1154 1368 1298 1401 parentes,
1317 1365 1359 1393 vel
1374 1366 1474 1393 tidelcs
1485 1375 1554 1394 suos
1566 1367 1673 1402 quibus
1685 1376 1756 1403 pra:-

932 1410 1039 1437 dictam
1057 1409 1186 1446 plantam
1199 1409 1491 1445 reliquerit,canonici
1502 1411 1529 1437 in
1542 1419 1596 1438 sua
1606 1412 1757 1447 recipiant,

932 1456 960 1481 et
975 1454 1029 1490 ipsi
1047 1454 1122 1489 quod
1141 1453 1270 1481 instituit
1285 1462 1337 1489 pro
1353 1462 1383 1481 se
1398 1454 1550 1490 expleant;
1568 1456 1646 1490 quod
1662 1456 1686 1483 si
1700 1465 1757 1484 non

932 1498 1063 1531 fecerint,
1081 1506 1191 1525 merces
1206 1498 1242 1525 ab
1258 1506 1290 1525 eo
1308 1506 1364 1525 non
1382 1498 1500 1525 tollatur
1514 1501 1542 1526 et
1557 1499 1633 1527 Deus
1650 1500 1685 1527 ab
1699 1500 1757 1528 illis

933 1542 1070 1578 requirat.
1085 1542 1215 1578 Denique
1230 1542 1361 1570 abbatias
1386 1543 1478 1570 sancti
1501 1543 1622 1576 Juliani,
1648 1544 1758 1572 scilicet

932 1587 1024 1614 sancti
1041 1586 1186 1614 Amatoris
1205 1595 1238 1614 ac
1254 1589 1361 1614 sanctae
1378 1587 1474 1615 Maria:
1500 1588 1535 1615 ab
1552 1588 1755 1624 episcoporum

933 1634 1074 1667 potestate
1091 1631 1176 1667 longo
1189 1632 1252 1665 jam
1264 1633 1394 1667 tempore
1405 1632 1570 1659 subtractae
1581 1641 1632 1669 per
1642 1633 1756 1669 supple-

933 1678 1064 1703 mentum
1080 1675 1190 1702 domini
1203 1675 1332 1711 Hugnnis
1345 1676 1470 1702 Francia:
1482 1676 1575 1708 ducis,
1588 1685 1639 1712 per
1649 1686 1753 1712 praece-

933 1723 1015 1755 ptum
1026 1719 1120 1755 regale
1131 1720 1206 1754 regis
1216 1720 1350 1746 Ludovici
1363 1728 1451 1747 manu
1465 1721 1753 1753 tirmatum,ccclesiae

933 1773 1006 1800 quas
1022 1765 1169 1795 amiserat,
1186 1763 1279 1790 multo
1294 1764 1391 1791 studio
1404 1764 1553 1800 multoque
1564 1764 1661 1793 labore
1673 1766 1755 1793 resti-

932 1809 1006 1843 tuit;
1024 1808 1113 1836 altare
1129 1808 1220 1835 sancti
1237 1808 1374 1844 Stephani
1393 1809 1522 1836 medium
1540 1817 1670 1845 purpura.
1685 1810 1756 1837 ima-

932 1853 1050 1889 ginibus
1064 1853 1160 1880 aureis
1173 1853 1289 1888 penitus
1300 1855 1435 1888 cooperta
1448 1852 1653 1881 honestissime
1662 1854 1755 1881 ambi-

931 1897 1085 1932 vit,vidcns
1097 1897 1184 1924 etiam
1199 1900 1226 1924 ct
1239 1896 1366 1924 ecclesia:
1378 1898 1522 1925 ambitum
1537 1906 1594 1925 non
1608 1898 1679 1925 adeo
1692 1906 1756 1926 esse

933 1951 1073 1978 magnum
1090 1941 1334 1969 arcuminterduo
1342 1941 1416 1969 ostia
1423 1950 1529 1969 novum
1536 1942 1757 1979 condiditpropc

933 1986 1032 2018 altare,
1041 1986 1150 2021 apertis
1160 1986 1295 2013 maceriis
1306 1986 1364 2013 duo
1374 1986 1412 2013 ibi
1425 1986 1453 2013 in
1462 1987 1581 2014 modum
1592 1987 1687 2014 crucis
1695 1996 1757 2015 ora-

933 2031 1005 2058 toria
1022 2033 1053 2057 ut
1065 2030 1104 2057 ibi
1121 2030 1219 2065 plures
1236 2030 1293 2057 Deo
1311 2030 1418 2057 servire
1434 2033 1553 2066 possent
1572 2034 1755 2059 construens.

933 2076 1013 2108 Quod
1030 2083 1095 2102 cum
1113 2077 1221 2110 ageret,
1239 2074 1358 2105 invidia,
1375 2078 1407 2101 ut
1424 2075 1557 2108 arbitror,
1575 2076 1682 2103 diaboli
1698 2085 1757 2104 ma-

933 2119 1008 2147 ceria
1023 2122 1137 2146 vetusta
1152 2127 1219 2145 cum
1245 2127 1317 2145 nova
1334 2119 1369 2145 ab
1386 2127 1454 2145 arcu
1483 2127 1575 2154 usque
1591 2119 1626 2145 ad
1656 2128 1756 2147 arcum

933 2164 1021 2191 t'undo
1038 2166 1125 2190 tenus
1141 2163 1266 2191 corruit:
1284 2170 1372 2198 quam
1398 2171 1465 2189 mox
1490 2163 1617 2190 renovari
1646 2163 1757 2199 absque

933 2216 1014 2235 mora
1031 2216 1086 2234 non
1105 2207 1214 2242 piguit;
1232 2206 1307 2233 sicut
1323 2206 1401 2233 enim
1419 2206 1556 2241 praedicta
1580 2207 1672 2233 sancti
1694 2207 1755 2234 Ste-

933 2252 1021 2287 phani
1038 2251 1157 2278 ecclesia
1166 2253 1230 2285 post
1241 2250 1407 2277 incendium
1415 2250 1548 2277 t'unditus
1558 2252 1602 2277 est
1609 2252 1692 2277 eruta
1700 2259 1706 2284 ;
1715 2251 1756 2278 ita

70 2297 226 2329 perpetuum
244 2297 424 2331 permaneat,
442 2296 504 2331 ipse
519 2296 771 2328 Archcmbaudus,
788 2296 877 2323 Seno-
894 2307 916 2338 Ι)
934 2298 999 2332 post
1014 2295 1176 2322 moduniab
1191 2293 1756 2329 coabipsisestclevatat'undamentiset

68 2339 152 2366 nensis
167 2339 415 2375 archiepiscopus,
433 2340 574 2376 scriptum
593 2341 710 2376 propria
725 2349 812 2368 manu
831 2341 878 2367 tir-

69 2382 152 2414 mavit,
168 2387 196 2411 et
211 2385 450 2420 coepiscoporum
464 2393 582 2411 suorum
596 2385 734 2412 manibus
745 2385 877 2412 corrobo-

69 2427 115 2453 rari
130 2429 267 2464 poposcit,
286 2437 318 2455 ac
335 2428 606 2456 archidiaconorum
624 2438 756 2462 suorum,
776 2430 878 2456 Proda-

68 2469 109 2505 gii,
120 2473 249 2500 Bernardi
264 2473 476 2506 etTheodorici,
485 2476 715 2509 cartcrorumquc
727 2474 878 2501 canonico-

69 2522 122 2542 rum
134 2518 299 2545 nominibus
311 2518 491 2545 corroborari
504 2517 764 2554 prazccpit,tabulis
775 2527 876 2554 argen-

70 2559 113 2586 teis
127 2561 206 2589 bases
220 2563 420 2598 discoopertas
436 2562 545 2598 optime
561 2563 716 2594 decoravit,
728 2562 878 2598 lampades

69 2610 169 2640 quoque
178 2606 214 2633 ibi
227 2609 339 2643 septem
347 2607 474 2642 optimas
483 2615 516 2634 ex
526 2609 645 2642 argento
652 2615 714 2634 com
720 2607 878 2642 posuit,ha-

70 2646 156 2677 beatas
169 2650 197 2677 in
205 2659 235 2678 se
244 2659 310 2678 cum
318 2651 394 2678 fuste
401 2650 450 2678 lib.
458 2660 504 2683 xv,
512 2651 687 2678 candclabra
694 2651 751 2678 duo
758 2654 877 2691 argento

70 2696 179 2728 compta,
192 2695 283 2723 fustes
300 2695 375 2722 duos
393 2696 606 2732 deargcntatos,
625 2695 733 2731 quibus
745 2696 878 2723 feruntur

70 2742 389 2773 cruccsaureae,coronas
397 2740 471 2767 duas
478 2748 511 2767 ex
520 2742 640 2776 argento
647 2740 787 2767 habentes
796 2740 876 2773 lib.x;

70 2779 225 2812 cliotedrum
236 2784 380 2820 optimum
391 2793 461 2812 auro
473 2787 652 2821 argentoque
664 2787 875 2812 constructum.

100 2824 253 2864 Introitum,
271 2829 348 2867 quod
363 2829 532 2859 Watdricus
542 2829 684 2858 aedificare
700 2831 835 2866 coeperat,
848 2829 877 2857 in

934 2339 1067 2376 ampliori
1084 2340 1185 2366 dccore
1192 2347 1279 2374 quam
1294 2339 1387 2365 fuerat
1399 2341 1493 2381 antea;
1503 2338 1600 2365 vitreis
1607 2339 1722 2374 magnis
1728 2342 1754 2366 et

932 2393 1046 2412 camera
1054 2386 1188 2411 exornata
1201 2392 1207 2415 ;
1220 2382 1346 2410 oratoria
1364 2391 1481 2418 quoque
1498 2383 1554 2409 duo
1565 2383 1665 2410 dextra
1675 2385 1702 2410 et
1717 2384 1755 2411 si-

933 2430 1021 2456 nistra
1039 2429 1073 2455 ad
1090 2428 1192 2460 instar,
1209 2428 1285 2463 quod
1304 2427 1385 2462 prius
1399 2428 1492 2454 fuerat
1503 2427 1696 2461 reaediticavit,
1711 2437 1757 2455 su-

933 2473 1126 2509 peradjiciens
1141 2475 1256 2507 cryptas
1268 2471 1341 2507 ipsis
1352 2472 1497 2507 oratoriis,
1513 2472 1541 2498 in
1552 2472 1658 2507 quibus
1669 2472 1755 2500 etiam

933 2520 961 2545 ct
975 2517 1077 2545 altaria
1088 2516 1226 2548 instituit,
1237 2519 1266 2543 ut
1279 2516 1377 2552 populi
1389 2516 1573 2544 advenientes
1585 2516 1755 2549 invenirent,

933 2570 989 2598 quo
1005 2564 1124 2597 possent
1141 2560 1312 2596 lacrymosis
1331 2560 1481 2588 immorari
1504 2560 1640 2597 suspiriis
1655 2561 1756 2597 depre«

932 2607 1024 2634 cando
1036 2608 1063 2633 et
1073 2605 1231 2632 obtinendo
1249 2605 1294 2632 Dei
1312 2608 1339 2632 et
1355 2606 1587 2633 sanctorumJlis
1598 2614 1665 2641 ergo
1681 2613 1756 2633 com-

932 2651 1040 2678 honore
1057 2651 1119 2685 ipsa
1133 2652 1203 2676 sunt
1218 2649 1321 2676 altaria
1332 2650 1573 2683 misericordiam,
1589 2650 1615 2676 in
1629 2657 1754 2685 quorum

932 2695 1064 2731 ptissime
1071 2694 1273 2725 dilatatisJitec
1279 2695 1379 2721 eadem
1388 2694 1543 2722 basilicain
1557 2692 1754 2728 superioribus

932 2740 978 2767 sui
989 2739 1121 2776 partibus
1131 2738 1256 2773 speciem
1269 2739 1422 2773 praetendit
1432 2741 1537 2766 sancto:
1550 2736 1684 2768 crucis,iu
1693 2744 1754 2762 nie-

933 2784 979 2812 dio
995 2792 1061 2811 vero
1074 2782 1200 2810 ecclesiis
1210 2782 1297 2818 podia
1308 2783 1501 2817 constituit,ct
1513 2779 1754 2809 vultumSalvato-

933 2829 974 2859 ris
981 2828 1056 2858 cruci
1066 2828 1184 2857 at‘tixum
1194 2826 1344 2856 collocavit
1354 2827 1441 2862 inibi;
1452 2826 1540 2854 altare
1547 2830 1661 2864 quoque
1672 2822 1754 2872 decc:

1545 2873 1743 3028 κ-

1527 3031 1547 3060 ἐπ’

1525 3059 1531 3069 ,

1484 3068 1527 3093 Α
