3814 6218
303 377 413 437 271

1148 373 1481 433 APPl-ZND.
1531 371 1633 428 AD
1680 368 1867 427 S/EC.
1918 366 1991 425 x.
2027 397 2103 408 -—
2143 367 2401 426 ornum
2451 350 2848 435 mmorm.

3579 368 3678 424 372

301 508 447 565 ravit
477 506 676 563 tabula
706 508 981 579 argentea
1020 504 1251 561 elevata
1300 501 1657 576 imaginibus
1713 504 1770 554 et
1819 497 1950 555 aliis
1981 499 2032 566 Α
2064 499 2405 569 praedictum
2441 499 2635 555 locum
2670 501 2741 555 ad
2775 497 3059 573 regularis
3091 498 3244 554 beati
3278 495 3562 553 Benedicti
3580 500 3681 551 tra-

300 598 568 673 picturis,
603 613 952 652 consecrans
982 594 1128 649 illud
1160 594 1267 648 sud
1294 592 1386 647 die
1410 609 1440 645 v
1463 592 1603 646 Idus
1625 590 1868 660 August.
1894 587 1952 641 in

301 688 525 745 honore
558 690 771 742 sanctae
806 685 998 740 crucis
1029 688 1083 739 et
1117 684 1301 737 sancti
1337 680 1592 737 Matthmi
1627 677 1871 751 apostoli
1900 681 1958 732 ct

307 774 677 849 evangelista
722 778 775 830 et
807 773 992 829 sancti
1026 771 1272 827 Romani
1325 769 1529 824 militis
1564 772 1618 824 et
1659 765 1954 840 martyris.

308 866 442 922 Fuit
470 864 650 937 igitur
678 862 990 936 prtedictus
1032 860 1225 915 Guido
1252 858 1562 931 episc0pus
1596 854 1957 930 simplicitati

311 954 589 1016 innitens,
622 952 928 1008 moderatae
962 948 1307 1021 prudentia,
1337 951 1509 1019 atque
1558 945 1617 999 in
1669 948 1956 1015 quantum

308 1041 493 1099 valuit
516 1057 629 1096 non
654 1039 840 1112 magis
863 1055 1109 1111 pra-esse
1132 1053 1306 1109 quam
1332 1036 1608 1108 prodesse
1630 1031 1811 1088 voluit
1832 1030 1960 1086 uni-

309 1129 532 1197 versis;
565 1145 700 1184 nam
733 1128 884 1182 inter
914 1131 1117 1181 caetera
1162 1122 1489 1180 honestatis
1521 1139 1697 1194 opera
1741 1120 1962 1175 dictata

310 1216 554 1292 propriae
582 1234 793 1273 manus
824 1214 1008 1271 edidit
1041 1212 1414 1285 responsoria
1453 1228 1585 1266 cum
1619 1207 1962 1281 autiphonis

310 1308 572 1364 canenda
598 1306 657 1361 in
692 1304 1061 1362 solemnitate
1100 1302 1285 1358 sancti
1308 1300 1583 1372 martyris
1604 1296 1843 1365 Juliani,
1878 1296 1963 1351 in-

310 1400 432 1451 star
460 1400 655 1450 tamen
688 1392 1006 1449 harmoniae
1038 1388 1316 1446 habentia
1346 1386 1661 1443 melodiam
1685 1383 1959 1441 Germani

311 1483 549 1557 gloriosi
582 1483 653 1539 ob
683 1482 794 1538 hoc
822 1480 1133 1554 praecipue,
1169 1477 1323 1550 quod
1348 1476 1533 1532 eidem
1554 1474 1810 1546 pontifex
1835 1489 1965 1528 san-

311 1571 611 1628 ctissimus
642 1570 796 1626 sicut
827 1569 883 1623 in
917 1567 1100 1640 gestis
1130 1565 1317 1638 ipsius
1349 1563 1660 1630 invenitur,
1703 1561 1962 1634 przedieti

315 1659 588 1732 martyris
619 1656 900 1713 solemnis
933 1653 1178 1710 natalilii
1200 1655 1350 1708 diem
1387 1652 1677 1707 universis
1709 1649 1965 1721 incogni-

314 1753 439 1801 tum
474 1747 718 1801 Domino
750 1744 859 1799 sibi
895 1741 1171 1799 revelanti
1214 1741 1468 1797 ostendit
1502 1739 1913 1795 celebrandum
1949 1755 1961 1792 :

314 1835 515 1907 sicque
544 1852 678 1889 cum
707 1836 862 1887 esset
883 1831 1289 1904 religiosorum
1323 1847 1389 1885 ac
1419 1830 1706 1885 bonorqu
1741 1832 1968 1882 amator

313 1938 739 1997 pravorumquc
770 1937 1004 1978 severus
1029 1921 1391 1991 redargutor,
1428 1917 1545 1989 egit
1576 1916 1834 1988 quandiu
1859 1934 1956 1971 ex-

315 2013 481 2070 stitit.
512 2012 674 2068 Sedit
705 2015 896 2067 autem
919 2010 979 2065 in
1000 2009 1337 2082 episcopatu
1364 2006 1535 2062 annis
1563 2006 1633 2060 29
1663 2009 1718 2060 et
1740 2004 1882 2060 obiit
1902 2002 1963 2059 in

312 2119 453 2174 pace
485 2119 582 2159 vm
612 2101 753 2156 Idus
791 2100 1055 2167 Januar.,
1088 2102 1145 2154 et
1189 2095 1456 2169 sepultus
1502 2098 1591 2151 est
1622 2094 1678 2148 in
1712 2092 1958 2150 ecclesia

309 2194 367 2247 S.
426 2189 705 2262 Stephani
764 2189 1009 2259 majore,
1064 2204 1242 2259 quam
1301 2184 1427 2258 ipse
1484 2183 1955 2239 recediﬁcaverat.

310 2279 556 2352 Fuitque
588 2278 790 2334 civitas
823 2276 949 2332 sine
981 2275 1275 2347 episcopo,
1339 2290 1571 2328 menses
1596 2274 1630 2326 3
1662 2276 1717 2326 et
1750 2273 1875 2327 dies
1906 2274 1958 2326 8.

693 2367 829 2422 CAP.
864 2364 1052 2419 XLVI.
1086 2395 1154 2403 —
1189 2369 1263 2418 De
1295 2361 1581 2417 Richardo.

385 2456 735 2521 Richardus,
787 2452 1022 2508 natione
1076 2450 1626 2516 Antissiodorensis,
1681 2467 1749 2504 ex
1802 2453 1963 2522 patre

312 2545 558 2609 Joanne,
593 2547 650 2598 et
680 2544 865 2596 matre
898 2541 1099 2607 Maria,
1130 2539 1229 2610 qui
1262 2539 1414 2593 beati
1448 2538 1718 2593 Germani
1754 2556 1787 2593 a
1820 2556 1963 2610 pue-

314 2631 447 2688 ritia
468 2630 696 2688 exstitit
713 2630 1057 2696 monachus,
1083 2635 1256 2700 atque
1280 2633 1384 2683 ute
1400 2627 1670 2700 pluribus
1696 2629 1963 2701 superio-

318 2721 482 2777 ribus
511 2718 634 2775 fieri
659 2717 919 2791 contigit,
948 2735 1015 2773 ex
1037 2717 1299 2789 ejusdem
1320 2715 1587 2789 prmsulis
1610 2715 1964 2771 monasterio

316 2813 556 2883 rogatus
587 2813 708 2864 tam
730 2825 763 2863 a
783 2807 934 2863 clero
949 2824 1124 2879 quam
1139 2824 1172 2861 a
1190 2805 1352 2878 plebe
1365 2804 1718 2861 constitutus
1738 2804 1966 2877 estepi-

320 2916 569 2972 scopus;
604 2902 725 2954 erat
759 2898 915 2952 enim
947 2896 1141 2951 nimia:
1192 2893 1583 2966 simplicitatis
1615 2898 1670 2950 et
1718 2894 1964 2949 minoris

313 2988 637 3055 industria},
668 2990 724 3041 et
744 2985 957 3041 idcirco
980 2984 1424 3056 prmdeccssoris
1448 2982 1538 3038 sui
1570 2982 1737 3038 valde
1774 2983 1967 3056 impar

313 3076 693 3132 incrementis
726 3075 835 3130 sibi
884 3072 1209 3129 commissa:
1260 3071 1544 3127 Ecclesiaa.
1592 3070 1723 3127 Fuit
1767 3075 1962 3127 autem

312 3165 676 3237 temporibus
707 3180 911 3236 regum
949 3160 1208 3217 Lotharii
1240 3160 1520 3227 Junioris,
1573 3177 1639 3215 ac
1690 3159 1963 3215 Ludovici

2065 588 2226 644 mitis
2257 589 2592 647 informavit
2607 589 2837 657 callem,
2852 604 3028 661 quem
3058 587 3374 661 praedictus
3387 585 3680 659 episcopus,

2066 695 2169 733 nec
2202 696 2317 733 non
2348 684 2405 733 et
2436 681 2614 734 frater
2643 680 2773 749 ejus
2790 679 2909 733 dux
2930 678 3212 734 Henricus
3235 675 3416 731 nimio
3437 693 3561 731 eum
3579 676 3683 730 suis

2066 765 2393 823 dilexerunt
2453 785 2683 835 amore;
2728 767 2851 833 sed,
2911 770 2975 822 ut
3031 766 3411 839 praediximus
3458 764 3683 821 saeculari

2066 873 2291 928 pompae
2324 856 2538 929 oppido
2571 856 2851 923 innitens,
2882 854 3047 928 larga
3075 853 3369 911 militidus
3400 853 3529 927 plus
3547 854 3683 925 justo

2067 944 2375 1000 exhibebat
2407 945 2696 1009 donativa,
2731 945 2789 999 in
2822 949 3053 999 tantum
3086 941 3331 1010 scilicet,
3357 948 3423 997 ut
3442 942 3554 998 Odo
3579 942 3687 997 Car-

2069 1032 2350 1102 notensis,
2368 1038 2423 1088 et
2443 1033 2804 1101 Heribertus,
2821 1033 3139 1089 Treéorum
3164 1032 3409 1087 comites
3425 1030 3685 1104 gratiabe-

2070 1122 2413 1178 neﬁciorum
2436 1123 2566 1193 ejus
2597 1121 2804 1177 ditioni
2830 1127 3121 1194 parerent,
3137 1121 3196 1175 in
3216 1120 3454 1193 propria
3473 1119 3688 1191 denique

2070 1210 2301 1266 dimcesi
2335 1209 2498 1266 nulla
2528 1210 2916 1282 compellente
2945 1210 3184 1266 terroris
3214 1208 3550 1280 indigentia,
3570 1207 3686 1280 quin

2069 1299 2265 1371 potius
2294 1300 2544 1355 venandi
2578 1298 2816 1355 lascivia
2838 1300 2953 1355 duo
2978 1298 3285 1354 stabiliens
3318 1302 3508 1354 castra
3534 1295 3689 1352 muni-

2068 1388 2171 1456 vit,
2208 1405 2393 1444 unum
2434 1388 2494 1443 in
2527 1389 2667 1444 Rivo
2729 1390 2953 1444 Lanuto
3013 1387 3168 1459 apud
3214 1385 3449 1442 Fer-redi
3500 1385 3688 1452 villam,

2072 1475 2229 1531 aliud
2252 1495 2285 1532 a
2304 1476 2534 1532 civitate
2562 1495 2597 1532 x
2630 1476 2903 1532 milliario
2926 1476 3249 1532 Tuciacum
3272 1473 3565 1540 vocabulo,
3582 1490 3689 1546 qua:

2072 1565 2343 1620 videlicet
2373 1571 2567 1621 castra
2596 1565 2847 1632 dicebat,
2894 1581 3011 1620 non
3044 1563 3243 1619 minus
3300 1562 3550 1619 ecclesiae
3598 1560 3688 1617 sibi

2074 1654 2421 1720 commissae,
2455 1671 2633 1727 quam
2669 1655 2739 1709 ad
2774 1654 3077 1708 munimen
3109 1654 3292 1708 totius
3325 1652 3456 1725 pagi
3486 1651 3690 1706 valdeiu

2073 1744 2316 1816 longum
2341 1745 2645 1816 profutura
2668 1761 2683 1811 ;
2707 1744 2806 1798 sed
2828 1741 3230 1814 nequidquam
3254 1759 3267 1796 :
3293 1742 3365 1796 ab
3384 1740 3542 1796 initio
3560 1739 3689 1794 enim

2075 1833 2392 1888 seminium
2427 1831 2755 1887 altitudinis
2778 1832 2971 1886 carnis
2997 1831 3268 1886 humanas
3295 1829 3688 1902 corruptionem

2071 1921 2338 1989 messuit,
2376 1920 2512 1992 quia
2559 1921 2715 1975 Deus
2764 1919 2881 1975 alta
2912 1937 2947 1975 a
2993 1918 3163 1991 longe
3222 1918 3516 1991 cognoscit
3546 1916 3687 1988 (Psal.

2070 2025 2316 2076 exxxvu,
2347 2010 2426 2080 6.)
2462 2007 2706 2064 Multum
2740 2007 2895 2063 enim
2920 2007 3087 2063 aliter
3108 2024 3287 2080 quam
3319 2007 3692 2076 aestimat-epo-

2070 2099 2181 2154 tuit
2203 2098 2539 2155 mortalium
2559 2097 2873 2170 quisquam
2892 2098 3269 2169 postmodum
3285 2094 3687 2169 contigit.Deni-

2070 2206 2183 2260 que
2209 2187 2510 2260 tyrannica
2532 2186 2848 2259 rapacitate
2870 2187 3106 2241 fuerunt
3127 2185 3503 2257 postmodum
3523 2184 3588 2239 ad
3614 2200 3689 2239 ex-

2071 2277 2416 2332 terminium
2441 2276 2704 2346 ejusdem
2729 2274 3121 2347 provincim,et
3142 2274 3279 2330 facti
3294 2274 3691 2329 sunthabitato-

2072 2384 2163 2421 res
2186 2365 2419 2422 illorum
2440 2364 2685 2421 rebelles
2700 2364 2992 2436 episcopis
3004 2368 3061 2419 et
3074 2380 3415 2436 pervaseres
3431 2361 3691 2419 ecclesias-

2071 2455 2344 2522 ticorum,
2379 2455 2451 2509 ad
2493 2457 2839 2509 ornamenta
2866 2458 3064 2507 tamen
3096 2452 3378 2518 ecclesiae,
3430 2469 3551 2524 qua:
3580 2456 3690 2505 tunc

2072 2543 2350 2616 perplura
2381 2547 2567 2609 erant,
2599 2547 2719 2598 tam
2753 2541 2811 2596 in
2843 2541 3011 2597 libris
3041 2540 3366 2597 multorum
3396 2545 3689 2606 auctorum,

2073 2650 2251 2705 quam
2266 2633 2323 2687 in
2340 2631 2586 2704 reliquis
2601 2630 2956 2686 uteusilibus
2971 2630 3172 2686 minus
3185 2646 3428 2685 manum
3452 2627 3691 2689 extendit,

2074 2727 2138 2776 ut
2168 2738 2236 2776 ea
2266 2720 2641 2793 exstirpando
2674 2719 3055 2792 dispergeret,
3088 2725 3146 2774 et
3176 2719 3287 2775 hoc
3326 2737 3393 2774 ex
3424 2724 3581 2791 parte
3608 2715 3692 2770 luit

2074 2808 2472 2882 approbabile,
2508 2808 2785 2880 quoniam
2817 2807 2867 2863 si
2897 2825 2965 2863 ea
3000 2808 3193 2863 studio
3225 2824 3334 2863 suo
3378 2824 3492 2862 non
3542 2804 3690 2866 auxit,

2071 2914 2446 2970 nequaquam
2469 2902 2670 2952 tamen
2694 2914 2873 2969 supra
2892 2897 3133 2952 modum
3156 2896 3393 2951 minuit.
3421 2892 3694 2951 Eccclcsia.

2072 2986 2247 3044 sticas
2271 3003 2335 3042 ac
2357 2984 2799 3041 monasteriales
2817 2985 3217 3041 institutiones
3229 2984 3690 3057 praedecessorum

2076 3092 2320 3133 suorum
2344 3076 2516 3146 juxta
2545 3074 3105 3146 moremantiquum,
3129 3073 3307 3129 alacri
3332 3072 3527 3129 animo
3554 3070 3691 3127 acle-

2071 3164 2208 3220 ricis
2238 3164 2452 3219 servari
2473 3164 2787 3219 consensit.
2816 3163 2943 3217 Fuit
2963 3163 3121 3218 enim
3138 3161 3501 3234 temporibus
3520 3173 3691 3232 regum

312 3252 416 3307 filii
443 3250 871 3323 ejusquiﬁnem
890 3249 1169 3322 regnandi
1192 3266 1299 3304 suo
1313 3247 1509 3322 generi
1533 3248 1963 3320 imposuerunt.
1994 3238 2038 3305 Ο
2076 3252 2337 3326 Hugonis
2366 3253 2569 3308 fratris
2592 3252 2684 3308 sui
2717 3268 2784 3307 ac
2807 3250 2909 3305 filii
2929 3251 3055 3322 ejus
3075 3250 3309 3306 Roberti
3333 3268 3347 3317 ;
3381 3250 3694 3322 pontiﬁcum

309 3338 469 3396 Sedit
501 3354 734 3413 quoque
790 3338 848 3393 in
905 3338 1238 3410 episcopatu
1301 3354 1487 3393 annos
1515 3337 1568 3405 9,
1611 3354 1870 3393 mensem
1904 3337 1958 3405 Ι,

308 3428 432 3497 dies
453 3433 506 3497 2,
541 3433 593 3499 et
622 3427 766 3483 obiit
795 3445 909 3493 xvii
942 3426 1180 3482 Kalend.
1214 3426 1419 3494 Junii.,
1466 3425 1850 3498 sepultusque
1873 3430 1963 3481 est

308 3518 369 3572 in
428 3515 676 3573 ecclesia
721 3515 876 3572 beati
934 3514 1231 3581 Germani,
1293 3515 1519 3585 fuitque
1577 3512 1778 3570 civitas
1836 3514 1963 3570 sine

313 3606 612 3679 episeopo,
638 3621 872 3660 menses
897 3607 931 3658 7
961 3609 1016 3660 et
1046 3603 1171 3659 dies
1191 3604 1279 3657 24.
1570 3640 1577 3645 ι

669 3694 803 3749 CAP.
837 3692 1055 3748 XLVII.
1101 3724 1167 3733 -
1198 3693 1272 3747 De
1310 3693 1606 3747 Heribcrto.

388 3781 748 3846 Heribertus,
783 3780 1161 3852 Francigena,
1196 3779 1351 3835 illius
1384 3780 1646 3852 Hugonis
1668 3780 1856 3847 ducis,
1882 3797 1965 3836 ce-

320 3873 636 3943 gnomento
660 3869 878 3942 Magni,
904 3886 971 3923 ex
993 3867 1688 3941 concubina,Raiugarda
1708 3871 1964 3936 nomine,

320 3957 688 4015 nobilitatem
720 3962 1043 4028 paternam,
1065 3960 1327 4012 materna
1349 3956 1686 4027 disparitate
1707 3958 1967 4031 obliqua-

316 4047 399 4102 vit
423 4062 521 4116 ;ex
543 4048 708 4118 patre
729 4046 884 4100 enim
911 4044 1248 4117 supradicto
1270 4044 1511 4118 Hugone
1529 4046 1969 4120 fraterHugonis

318 4135 697 4208 postmodum
736 4134 890 4208 regis
922 4151 987 4190 ac
1017 4134 1269 4189 duorum
1329 4135 1545 4189 ducum
1598 4136 1967 4208 Burgundim,

317 4225 544 4282 Ottonis
603 4224 824 4281 scilicet
855 4227 1028 4296 atque
1073 4223 1326 4291 Henrici,
1377 4223 1570 4278 editus
1600 4224 1837 4291 exstitit,
1871 4225 1970 4297 qui

316 4319 536 4388 quanto
567 4330 819 4388 persona
843 4331 1064 4369 carnea:
1098 4311 1269 4367 molis
1287 4311 1627 4385 elegantior,
1658 4316 1820 4369 tanto
1839 4331 1969 4386 pro-

319 4404 447 4461 nior
459 4402 838 4461 saecularibus
850 4400 1157 4458 desideriis
1178 4418 1244 4456 ac
1259 4400 1660 4472 voluptatibus
1677 4402 1968 4474 apparuit,

315 4492 625 4565 Religiosis
649 4496 843 4549 tamen
863 4492 1199 4565 quibusque
1225 4489 1535 4557 clericis,et
1549 4491 1839 4562 praecipue
1853 4507 1973 4546 mo-

2071 3358 2304 3414 quoque
2329 3341 2726 3396 Romanorum
2749 3339 2979 3407 Marini,
3004 3343 3389 3412 cognomento
3412 3336 3695 3403 Petri,Ser-

2070 3431 2147 3504 gii
2173 3433 2350 3501 atque
2384 3428 2696 3495 Brunonis,
2732 3432 3119 3501 cognomento
3144 3426 3425 3482 Bonifacii
3451 3426 3697 3497 ;impera-

2071 3524 2264 3575 torum
2280 3522 2474 3573 autem
2493 3516 2719 3573 Ottonis
2742 3516 2982 3571 secundi
2996 3512 3696 3587 ettertii,arcbipra:sulum

2071 3609 2391 3676 Senonum,
2420 3623 2555 3661 vero
2605 3604 2895 3662 Anastasii
2953 3605 3063 3660 viri
3112 3603 3343 3676 optimi,
3384 3608 3440 3659 et
3484 3598 3695 3659 Sewini.

2073 3697 2232 3752 Sedit
2263 3700 2456 3751 autem
2490 3695 2547 3749 in
2609 3695 2949 3766 episcopatu
2983 3709 3170 3749 annos
3227 3694 3319 3760 25,
3349 3692 3629 3748 menses7
3653 3690 3696 3742 et

2076 3787 2200 3842 dies
2231 3786 2315 3841 46.
2338 3785 2609 3856 Obiitquc
2633 3784 2786 3856 apud
2813 3788 3071 3839 castrum
3103 3782 3436 3847 Tociacum,
3459 3780 3628 3853 quod,
3646 3778 3699 3831 ut

2077 3893 2142 3929 su
2152 3873 2312 3946 periu
2324 3890 2351 3930 s
2374 3872 2653 3939 diximus,
2670 3871 2685 3925 i
2693 3889 2796 3944 pse
2817 3875 3240 3938 construxerat,
3256 3869 3399 3925 xKal
3411 3865 3696 3942 .Septemb.

2077 3963 2232 4035 quod
2265 3962 2439 4017 etiam
2483 3959 2650 4016 valde
2695 3959 2997 4032 displicuit
3040 3958 3372 4032 quibusque
3422 3955 3697 4031 religiosis,

2077 4052 2232 4123 quod
2265 4051 2406 4106 dum
2428 4049 2602 4122 coepit
2623 4048 2931 4115 inﬁrmari,
2956 4065 3073 4104 non
3095 4064 3155 4103 se
3182 4048 3455 4120 protinus
3484 4043 3696 4118 proprie

2079 4140 2200 4195 sedi
2233 4139 2443 4194 deferri
2490 4137 2809 4194 mandavit.
2842 4137 3237 4210 Sepultusque
3266 4142 3357 4192 est
3398 4136 3457 4191 in
3488 4131 3699 4192 ecclesia

2079 4233 2292 4285 sancta:
2326 4227 2520 4284 Mariae
2556 4227 2708 4283 infra
2737 4244 2939 4283 muros
2970 4225 3242 4282 civitatis.
3269 4226 3403 4281 Fuit
3434 4230 3614 4281 autem
3641 4220 3699 4275 ci-

2076 4318 2229 4375 vitas
2260 4317 2387 4372 sine
2417 4317 2691 4389 episcopo
2726 4333 2959 4372 menses
2984 4318 3022 4369 7
3051 4319 3108 4371 et
3136 4313 3262 4369 dies
3283 4314 3372 4369 45.

2456 4410 2586 4461 CAP.
2623 4404 2868 4460 XLVIII.
2904 4436 2972 4444 —
3003 4409 3080 4460 De
3108 4407 3344 4461 Joanne.

2150 4493 2678 4560 Joannes,natione
2697 4492 3247 4559 Antissiodorensis,
3267 4496 3432 4564 patre
3459 4487 3697 4549 Ansaldo,
3766 4558 3771 4563 ⁴

316 4580 520 4638 nachis
552 4580 932 4637 reverentiam
988 4579 1206 4635 summi
1258 4578 1635 4651 impendebat
1681 4578 1920 4635 honoris
1954 4595 1966 4634 :
1999 4605 2047 4669 D
2080 4589 2266 4640 matre
2289 4582 2644 4655 Raingarda,
2676 4583 3020 4654 parentibus
3052 4581 3290 4654 quidem
3338 4578 3700 4636 medioeribus

315 4668 494 4740 hujus
523 4686 660 4741 ergo
692 4670 1068 4742 pontificatus
1096 4673 1359 4740 tempore
1392 4667 1510 4722 dux
1540 4667 1824 4724 Henricus
1841 4669 1970 4740 ejus

315 4758 511 4824 frater,
545 4763 610 4812 ut
632 4764 754 4813 erat
778 4759 958 4814 totius
982 4756 1381 4829 religiositatis
1403 4759 1646 4823 amator,
1673 4761 1968 4812 monaste-

313 4844 467 4899 rium
490 4845 641 4900 beati
658 4845 929 4901 Germani
961 4846 1181 4901 domini
1202 4844 1413 4900 Maiolo
1437 4845 1730 4900 commisit
1750 4845 1966 4912 abbati,

313 4933 563 5005 qualiter
593 4933 860 4989 videlicet
890 4933 1176 5005 regularis
1209 4952 1425 4989 normaa
1476 4934 1772 4989 tramitem
1821 4935 1968 4990 inibi

321 5021 725 5087 constitueret,
761 5021 931 5076 sicuti
963 5039 1066 5094 per
1097 5021 1285 5077 multa
1340 5020 1487 5088 loca,
1522 5026 1641 5077 tam
1702 5022 1761 5077 in
1800 5022 1971 5079 Italia

314 5127 492 5181 quam
524 5109 581 5162 in
614 5109 799 5165 Gallia
820 5110 1274 5180 dignosccbatur
1294 5110 1498 5165 fecisse
1521 5111 1963 5167 monachorum.

313 5199 512 5271 Longo
544 5196 699 5252 enim
725 5199 852 5267 jam
876 5204 1168 5252 transacto
1201 5205 1484 5270 tempore,
1534 5198 1698 5256 locus
1747 5200 1964 5257 ibidem

310 5287 532 5359 absque
553 5286 759 5341 abbate
780 5304 813 5339 a
840 5287 1167 5357 praepositis
1188 5289 1516 5359 regebatur,
1542 5289 1640 5360 qui
1665 5294 1967 5361 gratanter

309 5374 437 5432 illm
468 5373 799 5447 suscipiens
833 5372 1081 5445 regulari
1114 5374 1475 5431 districtione
1525 5395 1770 5449 quaeque
1800 5396 1962 5451 repe-

306 5468 461 5520 rerat
490 5464 676 5533 devia,
709 5464 781 5519 ad
814 5480 1068 5533 unguem
1101 5462 1365 5518 correxit.
1401 5465 1781 5521 Postmodum
1822 5484 1955 5525 vero

304 5551 394 5606 vir
422 5556 661 5608 sanctus
694 5567 759 5608 ac
788 5546 1135 5605 venerabilis
1166 5547 1413 5605 Maiolus
1444 5554 1700 5623 prmfccit
1731 5554 1952 5614 ibidem

306 5638 496 5701 virum
518 5639 942 5709 honorabilem,
961 5636 1295 5695 Hcldricum
1322 5638 1614 5707 abbatem,
1632 5643 1732 5716 qui
1756 5648 1810 5700 et
1835 5644 1960 5719 ipse

2079 4672 2294 4738 editus,
2328 4671 2428 4727 sed
2460 4671 2785 4727 secundum
2818 4670 3038 4743 preprii
3086 4669 3350 4725 nominis
3380 4669 3476 4724 sui
3504 4665 3701 4737 insigne

2078 4759 2449 4833 praesagium,
2485 4759 2681 4815 divina
2710 4759 2823 4815 sibi
2854 4759 3043 4833 gratia
3062 4757 3369 4829 largiente,
3391 4756 3598 4812 mentis
3615 4768 3701 4808 uo-

2078 4849 2323 4916 bilitate,
2345 4865 2470 4920 qua:
2493 4848 2687 4903 carnis
2705 4849 3015 4920 pretiosior
3030 4851 3139 4915 est,
3154 4846 3505 4903 excellenter
3521 4840 3699 4915 viguit.

2076 4938 2402 4993 litterarum
2434 4936 2646 4993 studiis
2677 4955 2710 4992 a
2735 4938 3020 5009 primmva:
3051 4936 3241 4991 aetatis
3260 4935 3459 4992 indole
3491 4944 3699 5006 operam

2078 5028 2246 5092 dans,
2280 5026 2496 5098 quibus
2527 5025 2994 5081 luculentissime
3042 5024 3355 5081 institutus
3400 5022 3619 5085 claruit,
3646 5032 3699 5072 ac

2076 5116 2453 5189 postmodum
2504 5115 2659 5170 inter
2687 5114 3066 5171 scholasticos
3094 5112 3255 5169 illius
3306 5111 3564 5170 Gerberti
3591 5105 3698 5167 viri.

2075 5210 2376 5275 utcunque
2394 5203 2739 5273 doctissimi,
2759 5208 2899 5260 tunc
2923 5204 3241 5260 Remorum
3270 5196 3699 5275 archipraasulis,

2074 5292 2287 5350 dehinc
2318 5293 2622 5361 Ravennae,
2653 5294 2725 5349 ad
2748 5292 3020 5349 ultimum
3046 5293 3320 5348 Romanae
3345 5291 3499 5347 sedis
3527 5286 3700 5346 cathe-

2073 5383 2240 5437 dram
2272 5381 2570 5453 indeptus,
2599 5382 2857 5454 petalum
2875 5380 3211 5454 pontificale
3242 5375 3702 5435 meruit.Culmen

2071 5471 2328 5527 scientiae
2360 5470 2575 5525 artium
2596 5470 2928 5527 liberalium
2954 5470 3210 5526 Joannes
3222 5467 3546 5541 perorando
3564 5462 3704 5521 robo-

2072 5560 2258 5629 ravit;
2302 5558 2515 5617 dehinc
2571 5560 3018 5617 efficacissimus
3047 5575 3366 5632 puerorum
3399 5551 3704 5614 didascalus

2070 5648 2365 5724 primitus,
2390 5653 2526 5723 post
2559 5649 2679 5710 haec
2715 5650 3065 5727 paedagogus
3088 5646 3284 5707 clarus
3302 5645 3551 5715 refulsit,
3573 5646 3626 5701 et
3642 5636 3700 5696 ad
