3814 6218
126 342 225 425 273

991 351 1093 413 DE
1140 349 1406 414 GESTIS
1452 350 1696 414 EPISC.
1742 352 2188 423 ANTISSIOD}
2215 387 2294 401 —
2320 355 2520 420 PARS
2563 357 2614 422 Ῑ.

3384 366 3503 426 274

125 480 379 538 honorem
408 480 704 555 perlectus
733 486 820 539 est
855 482 1383 554 archidiaconatus,
1438 485 1749 542 decedente
1777 486 1834 554 Α
1859 486 2115 544 villando
2171 488 2694 548 cachinnabantur.
2738 489 3133 550 Veruntamen
3183 492 3356 565 Deus,
3400 496 3501 571 qui

127 588 353 645 namque
383 572 456 627 ab
488 571 600 627 hac
629 570 755 628 luce
784 573 1123 646 supradicto
1154 573 1402 647 praesule
1423 574 1745 642 Heriberto,

126 660 362 741 nonnulli
394 660 740 716 clericorum
755 678 902 734 quos
929 662 1177 718 altitudo
1197 662 1392 718 saeculi
1412 664 1483 719 ad
1514 663 1750 719 hocilli-

127 742 833 823 ciensimpulitqualiteriu
848 750 1236 824 episcopalem
1251 751 1610 819 cathedram,
1627 756 1746 807 tam

126 839 255 894 fastu
286 837 593 910 parentela:
626 856 799 911 quam
824 840 1295 913 promulgatione
1313 842 1569 912 pecunia:
1593 840 1749 895 inve-

125 927 389 984 herentur.
423 927 689 1000 Cumque
716 929 836 1001 regi
870 929 1119 984 Roberto
1165 930 1236 984 de
1268 929 1644 1002 quibusdam,
1679 946 1744 984 ac

125 1017 465 1090 pra'cipuede
478 1017 632 1088 quod
643 1034 735 1072 am
751 1016 1013 1073 Guidone
1027 1017 1276 1073 nimium
1290 1018 1743 1073 srecularissimo

125 1122 211 1177 per
238 1105 537 1160 Henricum
571 1106 781 1160 ducem
814 1123 1057 1161 suasum
1091 1107 1316 1173 fuisset,
1355 1111 1416 1162 ut
1446 1123 1745 1162 consecra-

126 1198 260 1250 retur
284 1194 608 1266 episcopus,
642 1198 698 1250 et
727 1212 825 1250 rex
855 1196 1355 1268 quemadmodum
1385 1213 1518 1251 eum
1552 1196 1743 1251 horta-

126 1284 293 1353 batur,
320 1300 629 1339 assensum
662 1284 962 1355 praeberet,
998 1301 1063 1339 ac
1095 1285 1221 1357 jam
1256 1284 1742 1357 metropolitanus

125 1372 391 1428 Senonum
426 1372 702 1445 pontifex,
722 1372 991 1429 videlicet
1016 1374 1289 1429 Sewinus
1308 1378 1545 1429 vocatus
1566 1379 1741 1439 esset,

123 1464 180 1517 ut
201 1462 262 1517 de
290 1478 444 1516 more
476 1462 796 1535 perﬁceret,
832 1461 1048 1518 cessari
1097 1462 1360 1533 contigit.
1412 1463 1742 1535 Conquero-

126 1550 289 1616 batur,
321 1567 452 1623 ergo
482 1566 659 1622 super
690 1548 798 1605 hoc
831 1554 951 1606 tota
971 1551 1271 1606 unanimis
1294 1551 1491 1606 concio
1510 1550 1744 1606 canoni-

122 1655 295 1695 corum
330 1639 594 1706 fratrum,
629 1655 695 1694 ac
727 1638 937 1711 reliqui
970 1640 1148 1695 totius
1180 1640 1370 1712 plebis
1401 1657 1611 1695 sanum
1645 1657 1743 1695 sa-

120 1728 320 1799 pientes
346 1728 582 1783 abusive
613 1728 737 1784 ﬁeri
786 1728 1176 1795 testabantur,
1228 1728 1443 1785 idcirco
1492 1728 1745 1784 maxime

121 1818 254 1890 quod
282 1817 621 1873 clericorum
654 1816 956 1873 electione.
993 1822 1056 1872 ut
1077 1818 1359 1889 antiquus
1382 1835 1509 1873 mos
1541 1818 1741 1885 habet,

119 1905 326 1962 deberet
354 1905 580 1961 institui
614 1910 812 1978 pastor
841 1904 1130 1962 Ecclesiae.
1161 1906 1322 1973 Quod
1373 1907 1740 1979 comperiens

119 1994 560 2068 archiepiscopus
590 1996 660 2050 ad
695 1994 1510 2068 propriarediit,dicensuolle
1541 1995 1740 2050 seloco

118 2084 343 2155 pastoris
372 2083 501 2138 ovili
535 2082 747 2138 Christi
769 2083 997 2139 leonem
1021 2084 1735 2156 seulupumconstituere.

120 2171 319 2226 Interea
346 2171 599 2227 mittitur
627 2172 699 2226 ad
730 2187 947 2244 regem,
968 2172 1286 2245 aperiturei
1308 2173 1543 2244 querela
1565 2172 1741 2227 simul

118 2264 167 2314 et
187 2276 478 2316 commune
507 2260 809 2317 decretum
842 2262 1146 2333 utriusque
1178 2260 1527 2316 conditionis
1558 2261 1743 2315 homi-

117 2365 247 2403 num
274 2366 437 2404 sexus
469 2353 527 2404 et
554 2347 796 2417 ordinis,
831 2365 1040 2421 nempe
1069 2351 1352 2405 Joannem
1384 2367 1451 2406 ex
1470 2354 1600 2404 voto
1623 2349 1743 2404 illo-

121 2454 242 2492 rum
270 2439 525 2493 omnium
563 2439 837 2493 idoneum
875 2438 993 2494 fore
1026 2438 1381 2511 pontiﬁcem.
1434 2440 1595 2505 Quod
1649 2456 1746 2494 rex

120 2531 177 2582 ut
205 2527 410 2583 audivit
436 2526 829 2582 libentissime
876 2545 1163 2595 annuens,
1199 2527 1299 2599 qui
1332 2545 1467 2583 eum
1500 2546 1603 2600 pro
1636 2545 1744 2583 sua

113 2615 341 2671 scientia
369 2620 423 2671 et
463 2615 844 2688 religiositate
892 2616 1115 2671 affatim
1166 2615 1466 2688 diligebat,
1520 2633 1623 2671 nec
1655 2634 1741 2670 re-

111 2720 236 2781 vera
262 2705 581 2776 contrajus
632 2705 837 2775 fasque
880 2704 1104 2776 absque
1156 2704 1292 2759 cleri
1343 2704 1626 2759 electione
1657 2704 1742 2758 vel

113 2791 279 2863 plebis
307 2794 641 2865 episcopum
665 2792 894 2848 volebat
919 2792 1302 2859 constituere;
1340 2810 1473 2848 mox
1515 2810 1648 2849 vero
1680 2797 1746 2847 ut

112 2888 385 2955 comperta
413 2887 503 2938 est
534 2882 686 2956 regis
706 2880 994 2950 voluntas,
1026 2899 1060 2936 a
1090 2881 1314 2937 civibus
1344 2899 1550 2938 rursus
1580 2882 1743 2937 deni-

109 2988 210 3047 que
237 2976 532 3027 revocatur
561 2970 962 3043 archiprzesul,
998 2988 1063 3025 ac
1085 2969 1168 3025 sic
1200 2986 1266 3025 ex
1286 2988 1445 3025 more
1478 2974 1743 3025 sacratus

107 3059 343 3115 Joannes
377 3060 435 3115 in
467 3061 603 3116 sede
658 3057 996 3132 pontificali,
1029 3060 1418 3132 gaudentibus
1434 3060 1745 3124 universis,

109 3148 487 3204 constituitur.
523 3149 732 3204 Factus
780 3165 915 3203 vero
966 3147 1212 3203 antistes
1247 3165 1361 3202 non
1409 3140 1656 3202 mutavit
1686 3148 1744 3202 in

1859 576 2054 649 potius
2086 583 2341 634 mentem
2375 578 2538 652 eligit
2567 597 2742 653 quam
2776 585 3032 654 gentem,
3083 584 3343 655 prmvidit
3390 586 3501 642 sibi

1857 664 1929 720 de
1961 665 2178 721 talibus
2208 666 2491 722 ultionem
2519 666 2578 722 in
2595 672 2892 741 posterum
2914 670 3190 726 futuram.
3209 672 3355 729 Nam
3372 691 3507 731 eos-

1857 753 1991 808 dem
2021 754 2127 809 viri
2158 754 2477 810 humillimi
2506 758 2897 830 derogatores,
2918 760 3291 831 postmodum
3308 779 3508 835 super-

1858 842 1951 898 bia
1966 842 2263 899 saecularis
2278 861 2500 917 pompa:
2515 862 2647 899 cum
2663 846 2960 918 suastirpe
2974 846 3205 902 detrivit
3221 850 3291 903 ad
3316 849 3507 908 solum

1857 949 2070 1004 usque;
2104 932 2404 1005 privilegia
2431 933 2584 989 enim
2618 936 3506 1007 quaeantecessoresilliusbeato

1855 1022 2143 1077 Germano
2177 1026 2295 1077 tam
2325 1023 2663 1079 lleribertus
2694 1041 2873 1096 quam
2906 1026 3092 1081 caeteri
3124 1027 3195 1081 de
3224 1026 3505 1085 altaribus

1854 1109 1911 1164 in
1945 1128 2050 1165 sua
2072 1111 2306 1166 dimcesi
2341 1112 2675 1167 constitutis
2698 1113 3111 1184 perpetualiter
3135 1114 3284 1170 facta
3307 1120 3507 1172 contu-

1852 1198 2059 1263 lerant,
2093 1216 2200 1255 sua
2237 1200 2580 1255 auctoritate
2634 1200 2945 1266 roboravit,
2995 1202 3165 1275 eique
3211 1203 3409 1261 vineas
3439 1224 3504 1262 ac

1852 1286 2151 1342 volumina
2206 1287 2457 1343 liberum
2518 1289 2751 1361 egregia
2808 1290 3077 1357 tradidit;
3122 1293 3275 1364 apud
3328 1310 3503 1366 quem

1852 1375 2029 1431 etiam
2059 1376 2268 1430 humili
2300 1394 2466 1447 prece
2497 1377 2769 1447 obtinuit,
2804 1383 2867 1433 ut
2897 1379 3127 1451 sepeliri
3163 1386 3502 1440 mereretur.

1855 1464 2051 1519 Mense
2083 1482 2315 1537 quoque
2343 1465 2623 1522 Januario
2643 1465 3507 1545 doloretactuscorporiscmpit

1853 1552 2162 1621 infirmari,
2197 1553 2298 1625 qui
2345 1554 2631 1611 deductus
2682 1573 2867 1628 usque
2909 1558 2979 1612 ad
3030 1557 3307 1615 ultimum
3359 1577 3505 1632 pene

1855 1642 2237 1698 exhalationis
2270 1642 2543 1715 spiritum
2576 1649 2778 1717 raptus
2810 1646 2866 1700 in
2899 1646 3110 1702 exstasi
3144 1648 3289 1703 satis
3334 1649 3504 1705 deco-

1855 1748 1980 1786 ram
2010 1731 2294 1787 visionem
2320 1730 2599 1804 vidit,qui
2632 1732 2900 1805 protinus
2929 1751 3175 1790 evocans
3192 1735 3379 1792 virum
3395 1737 3508 1793 cla-

1857 1818 2162 1874 rissimum
2194 1820 2423 1892 sibique
2445 1819 2876 1875 amicissimum
2892 1820 3220 1876 Achardum
3237 1826 3376 1878 tunc
3394 1840 3507 1879 mo-

1852 1907 2091 1963 nasterii
2122 1907 2275 1963 beati
2322 1907 2597 1964 Germani
2630 1908 3034 1981 prmpositum,
3068 1910 3341 1966 abbatem
3373 1928 3505 1969 vero

1850 1997 2246 2067 postmodum,
2279 1997 2329 2051 ci
2362 1996 2701 2064 hujusmodi
2732 1996 3011 2052 visionem
3040 1998 3239 2053 retulit
3268 1999 3500 2055 dicens:

1853 2083 2044 2151 Modo,
2078 2083 2289 2155 inquit,
2323 2084 2465 2139 mihi
2498 2084 2768 2157 apparuit
2805 2085 3089 2140 Dominus
3137 2102 3303 2141 meus
3332 2087 3506 2144 Jesus

1852 2172 2142 2240 Christus,
2177 2173 2472 2245 simulque
2501 2191 2637 2228 cum
2668 2190 2733 2229 eo
2764 2174 3503 2246 Gcrmanusbeatissimus,

1852 2259 2066 2332 ahiquc
2079 2278 2255 2333 quam
2266 2260 2460 2333 plures
2476 2261 2938 2333 splendidissimi
2954 2261 3081 2330 viri,
3097 2280 3349 2335 quorum
3369 2282 3507 2336 prce-

1854 2349 2039 2405 seutia
2072 2350 2500 2421 permaximum
2546 2350 2793 2405 contulit
2840 2350 3005 2416 mihi,
3039 2356 3095 2406 et
3125 2351 3238 2406 mei
3286 2352 3505 2409 doloris

1853 2438 2116 2494 levamen
2146 2443 2203 2493 et
2233 2439 2413 2494 animi
2446 2440 2812 2512 sospitatcm,
2848 2439 2948 2511 qui
2978 2439 3151 2494 etiam
3184 2440 3327 2495 mihi
3370 2458 3501 2513 spo-

1853 2529 2184 2601 ponderunt
2215 2528 2460 2584 Domino
2512 2528 2845 2595 miserante,
2891 2547 3023 2584 mox
3057 2533 3120 2583 ut
3168 2534 3440 2585 evocatus
3472 2549 3506 2586 a

1854 2634 2092 2689 corpore
2126 2617 2306 2682 fuero,
2341 2617 2608 2689 protinus
2640 2618 2697 2672 in
2734 2617 2964 2673 illorum
2999 2618 3241 2673 adunari
3275 2636 3507 2674 consor-

1853 2705 2019 2762 tium.
2056 2706 2158 2761 Ilis
2187 2706 2358 2762 dictis
2390 2707 2608 2761 orando
2641 2706 2889 2762 summis
2920 2706 3092 2761 labiis
3124 2708 3505 2764 nominasan-

1854 2800 2083 2850 ctorum
2114 2795 2485 2867 depromens,
2540 2794 2875 2867 crebrisque
2922 2795 3196 2868 suspiriis
3227 2813 3293 2851 ac
3326 2796 3505 2869 lacry—

1857 2883 2037 2939 mosis
2067 2883 2252 2939 oculis
2283 2884 2353 2939 ad
2383 2883 2589 2939 cmlum
2641 2884 2981 2955 respiciens,
3031 2885 3281 2940 excessit
3310 2902 3343 2941 a
3373 2902 3502 2941 cor-

1854 2990 2013 3046 pore,
2046 2990 2123 3028 xu
2154 2972 2271 3027 Kal.
2307 2973 2495 3039 Febr.,
2531 2972 2914 3044 sepultusque
2949 2977 3039 3027 est
3070 2974 3225 3045 apud
3258 2975 3319 3028 Β.
3364 2978 3502 3029 Ger-

1855 3078 2121 3125 manum,
2170 3078 2284 3115 non
2342 3060 2491 3115 infra
2548 3061 2873 3128 ecclesiam,
2935 3062 3035 3116 sed
3077 3062 3293 3117 deforis
3332 3063 3505 3133 juxta

1858 3147 2158 3222 parietem,
2194 3153 2259 3203 ut
2292 3150 2414 3221 ipse
2446 3154 2767 3221 rogaverat,
2802 3150 3121 3206 decernens
3152 3150 3503 3207 humilitatis

110 3236 194 3292 illo
221 3237 549 3293 sublimitas
565 3237 915 3309 pontilicalis
931 3237 1152 3292 cultum
1170 3236 1736 3291 anteriorishumili-
1771 3225 1812 3291 C
1851 3237 2057 3310 gratia.
2092 3239 2470 3293 Postmodum
2494 3256 2625 3294 vero
2656 3257 2689 3293 a
2717 3237 3502 3312 monachisdumampliﬁca-

108 3327 250 3393 tatis,
278 3328 374 3381 sed
409 3326 607 3398 potius
638 3326 797 3380 omni
829 3324 1132 3398 diligentia
1160 3324 1459 3380 elaborare
1475 3325 1738 3391 studens,

109 3415 463 3484 uthumilior,
485 3432 662 3487 quam
679 3418 851 3470 antea
865 3416 1070 3481 fuerat,
1087 3414 1314 3469 eunetis
1337 3418 1662 3486 appareret,
1681 3413 1739 3468 in

107 3504 349 3559 doctrina
359 3503 669 3569 scilicet,in
684 3502 1238 3571 confabulatione,in
1253 3502 1457 3557 habitu
1472 3502 1738 3570 vestium,

107 3592 155 3647 in
181 3593 535 3665 parcimonia
563 3592 848 3659 ciborum,
883 3592 943 3646 in
974 3595 1261 3647 conventu
1297 3591 1541 3645 fratrum
1584 3608 1741 3646 com-

107 3681 356 3737 munium
386 3682 667 3737 horarum
700 3681 780 3735 ita
809 3697 870 3735 se
889 3680 1294 3736 eonformahat
1315 3679 1744 3764 humillimum,

106 3775 159 3823 ut
184 3772 268 3825 vix
292 3770 634 3844 dignoscere
657 3773 899 3841 poterat,
916 3768 1028 3823 nisi
1049 3786 1180 3823 cum
1206 3774 1403 3841 ageret
1423 3767 1746 3840 principale

104 3859 357 3928 ofﬁcium,
395 3858 576 3914 fuisse
605 3875 738 3913 eum
770 3856 872 3930 qui
904 3857 1144 3912 vidisset
1184 3856 1555 3928 episcopum.
1609 3858 1747 3912 Erat

104 3947 237 4002 enim
266 3946 601 4020 psalmodiis
626 3964 737 4002 non
772 3952 891 4002 tam
922 3947 1217 4018 frequens,
1237 3962 1414 4018 quam
1441 3944 1743 4009 assiduus,

110 4039 158 4090 et
180 4037 233 4092 in
253 4037 586 4093 orationum
620 4035 880 4091 excubiis
902 4034 1144 4108 pervigil
1171 4038 1227 4090 et
1257 4039 1568 4090 strenuus:
1596 4040 1748 4090 tran-

46 4152 48 4157 ι
114 4124 316 4197 sigebat
347 4127 505 4181 enim
541 4124 847 4197 plerasque
879 4124 1141 4179 noctium
1174 4140 1555 4179 commanens
1585 4123 1747 4179 solus

114 4211 166 4267 in
194 4214 432 4271 ecclesia
461 4219 781 4270 metanmas
816 4213 1040 4286 agendo
1064 4214 1233 4283 juxta
1251 4211 1431 4266 altare
1457 4212 1607 4266 beati
1628 4214 1749 4267 Stc-

113 4301 289 4373 phani,
324 4320 513 4375 usque
545 4301 999 4373 dumgenerales
1017 4303 1259 4357 fratrum
1277 4300 1749 4371 signiﬁcarentur

114 4392 383 4446 matutini.
416 4391 587 4447 Dedit
618 4389 873 4463 igiturin
906 4390 1058 4445 victu
1075 4391 1318 4445 fratrum
1335 4390 1747 4444 canonicorum

114 4477 489 4536 altariaScum
502 4479 631 4533 suis
645 4479 989 4545 redditibus,
1014 4478 1069 4533 id
1085 4475 1501 4543 estPulvereni,
1528 4478 1746 4533 Partia-

1852 3331 2011 3382 retur
2041 3326 2286 3382 ecclesia
2318 3327 2470 3381 intra
2500 3326 2787 3381 ambitum
2824 3327 3009 3399 ipsius
3040 3332 3172 3382 ante
3204 3327 3406 3395 altare,
3427 3329 3503 3383 vi-

1852 3414 2057 3469 delicet
2088 3416 2238 3470 beati
2276 3414 2421 3469 Petri
2454 3416 2726 3470 decenter
2755 3421 2846 3469 est
2875 3415 3499 3472 locatus.Seditaatem

1853 3504 1909 3557 in
1941 3504 2276 3576 episcopatu
2312 3521 2465 3557 anno
2499 3521 2633 3571 uno,
2672 3504 3019 3559 mensibus7
3050 3504 3323 3559 ctdiebus
3346 3504 3501 3571 l0;et

1854 3592 1963 3646 fuit
1993 3591 2194 3645 civitas
2226 3590 2350 3646 sine
2381 3590 2651 3664 episcopo
2684 3608 2837 3645 anno
2870 3597 3077 3657 uno,ct
3103 3597 3502 3648 menscunoet

1853 3679 2060 3735 diebus
2089 3679 2401 3735 sexdecim.

2279 3768 2413 3823 CAP.
2456 3768 2797 3823 XLIX.—Dc
2826 3769 3064 3840 "agone.

1928 3857 2091 3929 Hugo
2122 3857 2564 3923 Cabillonensis,
2594 3875 2661 3912 ex
2690 3862 2851 3930 patre
2883 3858 3190 3912 Lamberto
3224 3856 3504 3912 comitum

1853 3946 2378 4013 venerabilissimn,
2413 3951 2469 4001 ct
2496 3950 2681 4001 matre
2710 3947 2985 4002 Adclaide
3030 3946 3506 4018 generosissima,

1856 4037 2025 4107 cujus
2058 4040 2241 4108 pater,
2274 4033 2539 4090 videlicet
2571 4036 2917 4091 Lambertus
2941 4052 3136 4091 comes
3159 4036 3284 4105 jam
3317 4033 3509 4090 dictus

1857 4125 2180 4181 construxit
2194 4125 2611 4179 monasterium
2628 4123 2827 4179 l‘aredi
2844 4124 3239 4179 ccenobiorum
3255 4122 3509 4178 luculen-

1858 4214 2177 4281 tissimum,
2212 4212 2473 4284 illudque
2507 4211 3249 4284 largissimisfacultatibus
3282 4210 3509 4279 ditavit,

1857 4303 2193 4373 ibidemque
2225 4300 2642 4356 honorabiliter
2673 4301 3002 4373 requiescit.
3037 4301 3139 4355 llic
3174 4299 3355 4371 igitur
3376 4303 3508 4370 post

1857 4392 2042 4465 patris
2074 4392 2320 4455 obitum,
2354 4391 2492 4444 dum
2511 4390 2581 4444 ad
2598 4391 2750 4461 regis
2765 4390 2983 4444 curiam
3001 4392 3283 4460 pergeret,
3305 4387 3511 4441 habuit

1858 4480 2109 4537 transire
2143 4496 2245 4551 per
2271 4478 2563 4532 civitatem
2598 4476 3512 4548 Antissiodorum,quidivertens

113 4566 173 4631 ci,
202 4566 1290 4641 Gargiaci,Monasterioli,Campiniaci,
1315 4566 1742 4622 etsubanathe-
1779 4595 1822 4659 Ι)
1860 4569 2065 4624 orandi
2097 4567 2303 4639 gratia,
2364 4566 2505 4619 dum
2564 4565 2807 4621 intraret
2855 4565 3161 4621 ecclesiam
3202 4563 3264 4618 B.
3318 4568 3513 4657 proto:

116 4655 558 4712 mateinterdixit
570 4655 846 4712 utnullus
860 4672 1266 4711 successorum
1282 4672 1523 4710 suorum
1541 4672 1730 4727 praesu
1742 4714 1754 4725 ,

113 4740 219 4799 lum
235 4745 581 4801 velaliorum
597 4744 912 4818 quisquam
929 4744 1001 4800 ho
1015 4744 1245 4799 minum
1262 4743 1753 4815 praesumeretali-

116 4834 248 4902 quod
278 4852 394 4890 suae
428 4832 759 4905 largitionis
791 4833 1010 4888 donum
1037 4831 1271 4887 irritum
1304 4832 1589 4898 facere,ne
1610 4833 1752 4887 forte

117 4918 358 4977 videlicet
369 4921 878 4995 prepterinopiam
892 4921 1252 4993 indigentiae,
1282 4938 1392 4975 non
1411 4919 1627 4975 valeret
1640 4921 1752 4976 cle-

114 5011 461 5079 rusecclesize
475 5009 672 5065 officia
689 5010 803 5066 Deo
817 5010 995 5084 digna
1014 5008 1361 5083 persolvere,
1382 5010 1524 5064 dum
1544 5008 1677 5065 licet
1696 5010 1752 5064 in

122 5096 229 5168 ipsa
255 5102 387 5156 sede
417 5098 795 5173 potissimum
826 5099 945 5155 fore
970 5115 1035 5154 ac
1050 5097 1271 5153 caeteris
1285 5096 1610 5170 elegantius
1626 5099 1751 5153 offi-

117 5185 243 5255 ciale
273 5187 671 5243 ministerium
703 5187 1047 5243 clericorum
1080 5185 1221 5241 olim
1266 5186 1631 5258 dignoscitur
1671 5187 1754 5241 vi-

122 5274 316 5345 guisse,
348 5278 451 5333 sed
486 5276 793 5348 Scriptura
823 5280 1092 5343 testatur,
1122 5267 1277 5329 unde
1299 5276 1487 5329 bonus
1506 5274 1752 5347 prolicit,

125 5362 238 5419 inde
266 5366 483 5439 impius
513 5364 889 5422 contabescit.
925 5365 1075 5420 Proh
1108 5362 1667 5419 dolorlilludebatur
1681 5367 1751 5421 ab

123 5448 298 5523 impiis
327 5456 580 5524 civibus,
624 5456 778 5525 quod
836 5457 1058 5509 careret
1103 5452 1411 5508 mundana:
1464 5452 1753 5525 sup’erbiae

1865 4657 2138 4730 martyris
2170 4652 2468 4727 Stephani.
2502 4654 2640 4709 Erat
2673 4654 3170 4727 tuncprimahora
3199 4646 3513 4726 ipsiusdiei

1864 4765 1996 4802 cum
2011 4745 2257 4802 orationi
2273 4743 2620 4799 incumbens
2638 4743 3122 4799 audiretchorum
3138 4741 3514 4815 psallentium

1864 4837 2149 4909 hymnum
2183 4833 2445 4905 ejusdem
2481 4832 2632 4888 hora:
2679 4832 2926 4888 dulciter
2975 4848 3269 4901 resonare,
3302 4835 3367 4886 ut
3394 4835 3520 4888 erat

1864 4925 1940 4999 pii
1975 4923 2167 4980 cordis
2198 4939 2263 4977 ac
2298 4922 2684 4995 lacrymarum
2733 4922 3015 4977 effusione
3064 4920 3252 4976 facilis
3300 4919 3520 4993 gratior

1865 5014 2106 5070 elfectus
2155 5011 2437 5067 referebat
2482 5010 2635 5065 idem
2686 5011 3059 5083 postmodum
3103 5028 3165 5066 se
3196 5008 3440 5064 dixisse:
3475 5008 3518 5062 Ο

1865 5101 2129 5170 Domine,
2164 5118 2262 5156 rex
2292 5098 2419 5154 coeli
2448 5104 2504 5155 et
2533 5103 2720 5166 terrae,
2750 5104 2974 5155 creator
3021 5099 3286 5155 omnium
3339 5098 3517 5152 bono-

1868 5210 2019 5261 rum,
2052 5196 2107 5245 ct
2133 5190 2481 5245 distributor
2530 5189 2842 5255 honorum,
2871 5189 2918 5244 si
2970 5190 3043 5244 ad
3074 5189 3184 5244 hoc
3235 5192 3334 5242 tua
3376 5202 3517 5258 pras-

1869 5281 2113 5337 scieutia
2137 5296 2227 5334 me
2259 5295 2387 5333 esse
2420 5276 2621 5345 voluit,
2656 5283 2719 5332 ut
2749 5279 3066 5351 aliquando
3099 5277 3243 5332 mihi
3297 5275 3521 5347 episco-

1870 5370 2019 5443 palis
2051 5367 2307 5440 dignitas
2339 5365 3126 5439 telargienteconferatur,in
3157 5365 3521 5421 hacobsecro

1870 5460 1941 5516 de
1974 5476 2065 5513 me
2099 5458 2197 5511 tiat
2225 5455 2491 5512 voluntas
2522 5461 2652 5524 tua;
2687 5458 2838 5529 quod
2856 5458 3030 5511 etiam
3048 5451 3525 5527 postmodum,ut

125 5538 280 5608 fastu,
326 5544 413 5599 vel
461 5544 975 5615 consanguinitate
1024 5542 1258 5598 illorum
1312 5541 1645 5613 episcopus,
1709 5548 1764 5600 et

126 5629 363 5701 ejusdem
394 5649 717 5707 genus,nee
741 5632 1067 5691 nonietalia
1081 5633 1151 5688 de
1177 5632 1380 5688 eodem
1397 5632 1657 5688 convicia
1674 5651 1764 5689 ca-

1874 5549 2138 5622 petierat,
2173 5547 2253 5601 ita
2288 5544 2408 5600 fieri
2443 5544 2716 5616 contigit:
2757 5545 3071 5617 optabatur
3102 5554 3305 5609 nempe
3337 5552 3521 5607 apue-

1874 5638 2007 5692 ritia
2039 5637 2109 5691 ad
2144 5635 2452 5708 plerasque
2474 5634 2641 5689 sedes
2664 5633 2964 5688 civitatum
2980 5630 3305 5703 pertingere
3337 5624 3410 5676 ob
3433 5622 3525 5678 sui

3492 5842 3581 5903 κβ
