3814 6218
307 391 423 454 275

1157 384 1492 455 APPEND.
1540 391 1639 455 AD
1659 389 1871 456 ssc.
1917 343 1990 453 x.
2025 424 2100 434 —
2133 389 2396 454 oram
2438 347 2838 458 ωέιιοτικλ.

3578 339 3679 450 276

308 525 669 583 nobilitatem
704 542 738 582 a
768 523 1003 591 multis;
1039 527 1351 583 decedente
1379 543 1514 583 vero
1546 527 1618 582 ab
1669 527 1778 584 hac
1829 525 1956 582 luce
1984 527 2039 594 Α
2068 542 2193 581 cem
2244 524 2532 598 ipsorum,
2580 541 2875 598 occupans
2921 523 3244 582 devastavit
3293 522 3679 598 permaximam

305 617 530 672 Joanne
563 613 829 688 praesule,
859 631 992 670 cum
1025 617 1096 670 de
1127 617 1508 671 restaurando
1529 616 1801 688 pontifice
1823 633 1956 671 con-

309 711 672 778 quereretur,
708 706 935 758 favente
967 704 1210 758 Henrico
1244 705 1411 771 duce,
1441 711 1616 776 atque
1661 711 1956 760 annuente

310 795 562 850 Roberto
595 810 746 866 rege,
777 792 999 848 electus
1030 798 1118 848 est
1149 809 1216 848 ex
1245 810 1406 848 more
1437 794 1750 865 praedictus
1790 793 1954 864 Hugo

311 901 378 940 ac
407 885 780 938 consecratus
812 881 872 936 in
903 881 1150 937 ecclesia
1183 882 1331 937 beati
1364 882 1660 948 Germani,
1705 881 1957 952 indeque

313 971 621 1045 principaii
652 971 774 1026 sedi
804 971 1188 1026 Antissiodori
1220 972 1393 1026 datus
1439 971 1768 1043 episcopus.
1815 971 1957 1026 lluic

314 1079 429 1118 non
462 1079 568 1134 par
596 1065 719 1116 erat
747 1059 1030 1115 affinitate
1060 1076 1376 1130 germanus
1401 1062 1598 1129 frater,
1632 1059 1732 1132 qui
1756 1058 1956 1114 videli-

313 1157 405 1207 cet
435 1147 796 1205 baareditario
817 1149 954 1219 jure
985 1165 1077 1203 res
1109 1154 1381 1220 paternas
1413 1164 1610 1220 regere
1649 1147 1957 1220 potuisset,

311 1241 528 1295 idcirco
559 1236 925 1293 multimodis
958 1237 1791 1308 perturbationibusirretitus,
1815 1237 1956 1290 dum

313 1329 622 1399 utriusque
635 1326 872 1382 honoris
885 1343 1022 1380 oceu
1035 1332 1267 1396 paretur
1279 1326 1456 1390 curis,
1474 1325 1672 1380 minus
1685 1326 1961 1397 prodesse

313 1421 538 1489 poterat
567 1415 845 1487 singulis;
879 1413 1122 1485 contigit
1152 1415 1327 1469 etiam
1359 1419 1498 1468 tunc
1529 1413 1810 1484 temporis
1832 1417 1963 1485 post

313 1511 560 1562 mortem
593 1503 815 1560 scilicet
845 1503 1072 1557 Henrici
1107 1502 1294 1562 ducis.
1328 1502 1428 1572 qui
1461 1503 1589 1571 ejus
1619 1518 1959 1572 germanam

315 1610 560 1650 uxorem
595 1595 860 1662 duxerat,
883 1596 947 1645 ut
970 1591 1451 1662 Burgundionum
1478 1590 1819 1662 permaximi
1841 1592 1962 1662 regi

315 1683 566 1738 Roberto
597 1679 842 1736 rebelles
871 1680 1204 1742 existerent,
1238 1680 1316 1734 iia
1343 1683 1407 1734 ut
1431 1678 1592 1734 illius
1614 1679 1818 1734 ditioni
1843 1680 1962 1735 nol-

316 1772 438 1828 lent
467 1769 823 1826 omnimodis
854 1784 982 1824 esse
1013 1769 1254 1832 subditi,
1279 1783 1386 1824 nec
1417 1769 1758 1840 ejusparere
1788 1768 1966 1840 impe-

317 1861 456 1927 riis;
491 1859 839 1931 prieripuerc
871 1858 1112 1928 insuper
1141 1856 1376 1913 sibimet
1406 1863 1756 1930 usurpantes
1796 1859 1962 1914 sedes
1995 1893 2040 1956 Β

317 1954 373 2004 et
404 1952 595 2004 castra
625 1947 846 2018 praefati
877 1947 1068 2011 ducis,
1109 1946 1379 2001 avunculi
1431 1947 1651 2001 scilicet
1696 1948 1958 2016 ejusdem

315 2037 490 2109 regis.
525 2035 627 2092 Hic
655 2036 892 2090 tandem
924 2051 1058 2090 cum
1072 2035 1196 2089 suis
1213 2034 1961 2107 omnibusirrel'ragabilem

317 2142 425 2180 suo
457 2124 577 2193 regi
609 2124 1055 2188 servansﬁdem,
1089 2141 1154 2178 ac
1169 2123 1404 2194 perinde
1420 2123 1963 2180 cznteroruminimi-

316 2213 486 2271 citias
515 2213 648 2269 forti
678 2213 873 2268 animo
889 2211 990 2267 diu
1018 2212 1388 2284 multumque
1406 2213 1706 2278 sustinuit,
1732 2229 1798 2268 ac
1820 2213 1966 2267 mul-

317 2303 489 2358 toties
519 2319 554 2356 a
583 2301 718 2356 sede
750 2300 985 2372 propria
1016 2300 1346 2372 prohibitus
1378 2307 1620 2372 paterna
1654 2305 1963 2356 contentus

317 2390 686 2464 possessione
717 2406 984 2452 suorum,
1005 2389 1105 2460 qui
1126 2389 1294 2444 illum
1313 2389 1477 2445 valde
1503 2391 1843 2461 diligebant,
1861 2391 1966 2445 ful-

315 2486 412 2536 tus
442 2479 659 2536 auxilio
691 2477 928 2534 mansit.
979 2477 1214 2540 Quoties
1243 2495 1376 2532 vero
1427 2478 1672 2550 contigit
1717 2478 1801 2533 illi
1827 2497 1962 2534 cum

315 2569 586 2624 hostibus
615 2567 732 2623 illis
764 2565 1054 2639 praedictis
1071 2565 1398 2637 nugacibus
1419 2567 1716 2634 dimicare,
1734 2584 1966 2640 semper

315 2656 672 2714 omnimodis
699 2655 882 2710 victor
909 2653 1147 2718 exstitit,
1183 2660 1237 2708 et
1269 2671 1383 2709 non
1416 2654 1730 2724 immerito,
1757 2673 1964 2728 nempe

307 2747 479 2818 juxta
505 2749 858 2816 praeceptum
891 2742 1177 2813 apostoli:
1214 2745 1520 2797 Dominum
1549 2745 1752 2810 timete,
1787 2761 1966 2813 regem

315 2835 666 2904 honoriﬁcate
691 2833 736 2904 (1
767 2839 912 2888 l’etr.
965 2849 1024 2896 ιι,
1063 2833 1185 2899 17);
1217 2836 1274 2886 et
1322 2831 1489 2886 item:
1545 2831 1733 2888 Omnis
1775 2835 1967 2889 anima

311 2923 664 2994 potestatibus
688 2922 1106 2976 sublimioribus
1152 2919 1372 2975 subdita.
1399 2921 1472 2975 sit
1511 2922 1684 2986 (Item.
1733 2939 1854 2990 xm,
1892 2923 1962 2989 1).

316 3014 396 3068 Ac
428 3011 562 3067 licet
590 3011 891 3082 Scriptura
921 3009 1078 3064 dicat
1107 3025 1362 3080 semper:
1397 3009 1512 3064 Pax
1541 3025 1673 3063 cum
1710 3010 1970 3072 bonis,et

321 3099 539 3156 bellum
572 3116 704 3154 cum
736 3098 920 3164 vitiis;
955 3104 1130 3168 atque
1145 3097 1348 3152 utilius
1363 3097 1440 3152 sit
1470 3097 1966 3154 oririscandalum

324 3205 502 3261 quam
533 3187 860 3257 relinquere
910 3187 1234 3250 veritatem,
1269 3185 1314 3241 si
1351 3185 1520 3242 aliter
1572 3187 1776 3258 nequit
1821 3188 1965 3250 ﬁeri,

321 3255 519 3332 tamen
551 3274 624 3329 ob
655 3255 923 3328 timorem
957 3274 1133 3346 hujus
1163 3273 1243 3329 rei
1275 3285 1524 3345 pergens
1541 3275 1608 3328 ad
1637 3255 1967 3346 p—apamlto—
1999 3255 2041 3320 (ἶ

323 3381 566 3421 manum
598 3363 809 3419 acriter
833 3379 892 3417 se
925 3363 1202 3435 poenitere
1233 3363 1526 3428 clamavit,
1559 3363 1866 3434 indignum
1907 3381 1971 3419 sn

318 3453 642 3510 vociferans
669 3469 734 3508 ac
772 3468 935 3508 reum
969 3469 1119 3506 cura:
1169 3453 1480 3522 pastoralis
1523 3467 1588 3506 ac
1622 3451 1970 3522 pontiﬁcalis

320 3541 660 3615 dignitatis;
721 3541 818 3613 qui
879 3539 1090 3596 dehinc
1149 3539 1264 3595 tale
1323 3540 1610 3611 scriptum
1661 3540 1734 3594 ab
1765 3541 1969 3596 eodem

319 3631 609 3702 suscepit:
641 3630 970 3694 «Joannes,
1003 3627 1194 3698 gratia
1224 3629 1318 3682 Dei
1357 3629 1627 3682 Romana:
1661 3628 1818 3683 sedis
1848 3629 1968 3699 epi-

321 3735 556 3789 scopus,
590 3717 878 3771 universis
910 3716 966 3768 in
999 3716 1137 3768 orbe
1166 3719 1454 3768 terrarum
1504 3715 1768 3770 Ecclesiae
1808 3716 1970 3774 ﬁliis.

320 3805 561 3862 Nullum
593 3805 652 3858 in
669 3803 952 3859 catholica
965 3802 1218 3857 Ecclesia
1234 3805 1424 3870 majus
1442 3807 1632 3872 potest
1643 3821 1770 3858 esse
1785 3807 1966 3872 nefas,

321 3910 500 3966 quam
529 3891 863 3947 existimare
880 3891 1128 3960 alicujus
1145 3907 1370 3945 navum
1385 3891 1648 3945 criminis
1665 3893 1969 3966 praecipuae

321 3979 684 4054 paenitentis,
717 3979 871 4050 quod
929 3995 1043 4032 non
1089 3984 1268 4048 queat
1322 3978 1638 4034 dissolvere
1693 3997 1971 4037 concessa

321 4073 491 4127 Petro
521 4087 556 4126 a
586 4067 835 4124 Domino
865 4065 1065 4122 clavis.
1099 4066 1390 4122 Debemus
1415 4068 1571 4122 enim
1605 4073 1742 4124 ante
1770 4071 1970 4128 oculos

322 4159 538 4215 mentis
571 4173 839 4214 revocare
868 4155 1100 4228 lapsum
1135 4155 1321 4227 ipsius
1342 4156 1517 4228 primi
1538 4159 1810 4228 pastoris,
1845 4159 1966 4227 qui,

318 4249 460 4304 dum
493 4245 838 4320 Magistrum
871 4245 1119 4315 negavit,
1153 4245 1422 4316 protinus
1457 4252 1518 4300 ut
1550 4245 1967 4316 poeni'u't,non

319 4337 509 4394 solum
522 4337 662 4412 grad
675 4353 771 4391 um
786 4336 869 4391 vel
886 4334 1228 4406 dignitatem
1247 4334 1548 4406 apostolici
1563 4334 1839 4392 culminis
1854 4353 1966 4392 non

317 4427 534 4496 amisit,
569 4427 668 4482 sed
705 4426 899 4498 potius
931 4426 1018 4480 sui
1054 4423 1222 4479 ovilis
1253 4425 1580 4479 custodiam
1603 4423 1965 4481 Christusilli

319 4517 694 4588 postmodum
730 4514 1052 4570 evidentius
1083 4511 1432 4586 assignavit:
1467 4513 1623 4584 quod
1671 4513 1749 4568 nil
1782 4513 1963 4581 aliud,

2064 616 2413 686 Burgundiaa
2447 620 2692 686 partem.
2726 615 2988 686 Cumque
3018 613 3296 686 primitus
3324 615 3395 668 ad
3421 613 3682 668 civitatem

2062 702 2631 758 Antissiodorensem
2683 703 3030 766 devenisset,
3082 702 3283 758 volens
3311 719 3438 758 eam
3481 717 3680 772 capere,

2065 793 2218 863 quod
2253 794 2434 846 fertur
2463 791 2592 846 urbi
2624 791 2707 846 illi
2735 808 3036 862 nunquam
3051 789 3684 864 contigisse,civesejus-

2065 882 2197 936 dem
2231 881 2393 934 urbis
2425 879 2653 934 fortiter
2690 879 2742 935 ei
2775 880 3136 936 restiterunt.
3189 879 3432 946 Dehinc,
3473 895 3600 934 cum
3624 879 3682 932 ad

2067 970 2217 1023 beati
2246 967 2520 1024 Germani
2579 975 2840 1024 castrum
2889 969 3346 1042 expugnandum
3397 974 3516 1023 tota
3555 967 3683 1038 regis

2068 1057 2341 1130 phalanx,
2375 1057 2649 1129 idemque
2699 1074 2796 1112 rex
2847 1057 3122 1113 loricatus
3171 1058 3512 1122 intenderet,
3559 1061 3684 1110 nutu

2067 1147 2264 1200 divino
2293 1145 2550 1214 territus,
2584 1163 2718 1202 cum
2749 1145 2936 1200 multa
2965 1147 3118 1201 caede
3169 1163 3412 1202 suorum
3462 1144 3587 1200 inde
3613 1160 3684 1199 re-

2067 1237 2255 1301 diens,
2291 1234 2610 1306 penetravit
2632 1234 2859 1290 Ararim
2890 1251 3079 1306 usque
3108 1234 3413 1306 superiora
3449 1239 3683 1306 Burgun-

2069 1323 2197 1387 diae,
2234 1323 2502 1394 praedicto
2534 1323 2774 1395 Hugone
2805 1339 2938 1378 cum
2968 1339 3038 1379 eo
3058 1323 3392 1394 gradiente;
3425 1328 3685 1378 revertens

2069 1429 2300 1484 quoque
2333 1429 2431 1466 rex
2483 1411 2809 1481 Franciam,
2863 1428 2968 1466 nec
3024 1411 3545 1486 tuuc‘quidquam
3589 1409 3688 1481 egit

2069 1507 2276 1573 praeter
2305 1499 2530 1556 cladem
2583 1499 2858 1570 regionis.
2911 1502 3042 1556 Post
3090 1499 3317 1572 aliquot
3348 1517 3477 1554 vero
3526 1514 3685 1553 annos

2071 1591 2322 1654 dierum,
2346 1591 2472 1657 jam
2504 1588 2644 1644 dicti
2676 1589 2961 1660 primores
2993 1588 3344 1660 Burgundiaa
3377 1588 3436 1643 in
3463 1587 3687 1643 dilectio-

2069 1696 2202 1734 nem
2238 1679 2390 1748 regis
2421 1677 2658 1750 pacifice
2689 1677 3078 1742 devenerunt;
3115 1691 3218 1748 per
3247 1677 3686 1750 Hugonistamen

2069 1766 2402 1831 consilium,
2465 1765 2753 1838 quidquid
2786 1766 2940 1821 idem
2999 1783 3098 1820 rex
3127 1766 3318 1820 facere
3365 1766 3686 1830 decreverat,

2069 1855 2388 1926 disposuit;
2413 1855 2603 1926 eique,
2635 1855 2791 1926 quod
2825 1854 3087 1926 accipere
3113 1853 3354 1925 placuit,
3395 1851 3688 1909 libentissi-

2073 1962 2204 1999 mus
2235 1943 2602 1999 condonavit.
2637 1943 2952 1998 Constituit
2971 1959 3108 2014 ergo
3141 1959 3244 2014 pro
3273 1941 3690 2015 redintegranda

2071 2051 2172 2088 seu
2205 2033 2492 2088 ﬁrmanda
2511 2050 2648 2104 pace
2665 2027 2976 2087 concilium
2993 2032 3404 2104 episcoporum
3421 2049 3488 2087 ac
3518 2029 3692 2086 multo-

2071 2139 2200 2177 rum
2231 2126 2355 2178 tam
2372 2121 2656 2176 nobilium
2671 2138 2848 2192 quam
2873 2119 3562 2192 plebeioruminnumera
3575 2117 3690 2174 mul-

2069 2211 2410 2266 titudinisin
2426 2211 2728 2274 comitatu,
2751 2227 2925 2281 quem
2939 2209 3328 2280 gubernabat,
3351 2209 3690 2264 Cabillonen-

2071 2317 2154 2364 se,
2167 2303 2226 2354 in
2246 2300 2498 2370 loco,qui
2513 2299 2832 2354 Viridunus
2845 2298 3186 2365 dioitur,ubi
3197 2297 3372 2354 etiam
3387 2301 3690 2354 sanctorum

2071 2389 2330 2460 reliquiae
2361 2387 2607 2443 diversis
2637 2386 2973 2459 regionibus
3002 2386 3208 2443 delatae
3227 2387 3496 2444 diversas
3515 2385 3700 2456 sanita-_

2070 2485 2160 2532 tes
2191 2478 2423 2548 aegrotis
2455 2477 2847 2532 contulerunt.
2901 2481 3166 2547 Itemque
3215 2475 3375 2530 aliud
3408 2474 3689 2531 concilium

2073 2584 2175 2638 pro
2205 2566 2410 2622 eadem
2444 2583 2502 2621 re
2531 2564 2587 2618 in
2626 2581 2772 2637 pago
2797 2563 3325 2630 Antissiodorense,
3359 2565 3520 2636 apud
3548 2561 3691 2620 Αἰνίδι

2072 2673 2205 2712 cum
2259 2655 2456 2710 villam
2491 2654 2644 2710 beati
2701 2653 2994 2721 Germani,
3029 2654 3088 2708 in
3139 2671 3256 2726 quo
3301 2671 3398 2710 rex
3437 2655 3692 2710 Hobertus

2073 2762 2207 2799 cum
2239 2743 2530 2815 episcopis
2561 2742 2952 2798 acabbatibus
2976 2741 3694 2809 adfuit,simuletinnume-

2074 2832 2280 2888 rlbilia
2311 2839 2648 2887 sanctorum
2679 2831 2924 2903 pignora
2971 2830 3152 2886 totius
3199 2847 3347 2902 pene
3395 2829 3693 2903 provincia.

2075 2922 2172 2976 ubi
2199 2922 2340 2976 dum
2375 2920 2613 2992 quidam
2638 2927 2902 2992 peterent
2927 2924 2992 2974 ut
3019 2919 3257 2991 gloriosi
3290 2920 3565 2976 Germani
3589 2935 3695 2973 cor-

2075 3028 2186 3082 pus
2213 3009 2354 3064 illuc
2379 3011 2721 3074 deferretur,
2756 3009 3056 3080 respondit
3075 3013 3242 3079 Hugo
3263 3005 3698 3082 episcopuszAb-

2073 3101 2152 3156 sit
2181 3104 2246 3155 ut
2273 3097 2908 3169 ossaincomparabilis
2955 3097 3062 3152 viri
3111 3114 3212 3170 pro
3261 3113 3610 3170 quacunque
3648 3109 3696 3150 re

2075 3188 2390 3260 a'iquando
2419 3193 2926 3253 commoveantur;
2977 3187 3135 3257 quod
3179 3187 3368 3250 eteteri
3421 3187 3696 3242 audientes

2079 3281 2374 3348 gratanter
2403 3280 2845 3330 consenserunt.
2889 3273 3172 3330 Similiter
3217 3281 3274 3329 et
3306 3292 3410 3346 per
3455 3275 3699 3330 universa

2079 3365 2224 3432 loca,
2274 3370 2340 3424 ut
2390 3365 2447 3418 in
2491 3363 2659 3434 pagis
2707 3363 3053 3419 Divionense
3091 3369 3149 3419 et
3205 3361 3512 3425 Belnense,
3552 3367 3697 3432 atque

2080 3455 2468 3524 Lugdunense
2499 3451 2745 3508 concilia
2771 3453 2985 3524 saepius
3015 3451 3296 3507 celebrari
3328 3453 3491 3507 fecit.
3545 3451 3696 3520 llujus

2078 3542 2136 3597 in
2169 3548 2430 3612 tempore
2472 3539 2676 3595 civitas
2721 3539 3196 3596 Antissiodorum
3239 3539 3552 3598 exitialiter
3590 3539 3696 3611 igne

2078 3636 2336 3685 cremata
2381 3634 2490 3696 est,
2543 3635 2600 3682 et
2649 3646 2740 3684 res
2787 3629 3058 3684 humanae
3090 3629 3148 3682 in
3196 3627 3429 3684 favillas
3485 3628 3695 3683 redacta:

2079 3726 2286 3790 praeter
2331 3717 2637 3774 ecclesiam
2692 3717 2843 3773 beati
2890 3717 3101 3772 Albani
3155 3718 3454 3788 martyris,
3491 3736 3522 3773 a
3562 3717 3700 3771 beato

2079 3809 2367 3863 Germano
2425 3810 2852 3872 constructam;
2903 3811 3046 3862 tunc
3098 3805 3443 3878 principalis
3491 3802 3701 3862 ecclesia

2079 3895 2520 3968 protomartyris
2553 3895 2831 3966 Stephani
2865 3894 3131 3950 funditus
3161 3896 3701 3968 corruit,quempro-

2079 3987 2242 4040 tinus
2271 3985 2424 4038 idem
2459 3983 2670 4056 praesul
2702 3983 2874 4054 ccepit
2904 3985 3125 4054 majore
3153 3983 3380 4040 ambitu
3418 4001 3484 4040 ac
3513 3984 3700 4055 crypta-

2081 4090 2209 4127 rum
2242 4072 2570 4127 curvaturis
2602 4071 2844 4141 quadris
2879 4070 3174 4144 lapidibus
3199 4071 3468 4127 certatim
3493 4066 3698 4126 reediﬁ-

2077 4179 2238 4222 carc;
2270 4177 2408 4216 nam
2458 4159 2621 4231 prius
2679 4159 3016 4214 delicatiore
3077 4159 3325 4214 materia
3363 4157 3698 4216 constiterat.

2079 4249 2459 4320 minimisque
2491 4249 2730 4320 lapillis;
2757 4250 2882 4318 jam
2915 4265 3047 4304 vero
3078 4248 3258 4304 altius
3289 4242 3698 4320 opereecclesiaa

2076 4339 2250 4403 edito,
2268 4355 2472 4392 rursus
2495 4336 2696 4392 civitas
2719 4337 3022 4392 reincensa
3053 4343 3160 4403 est,
3193 4337 3296 4392 sed
3332 4353 3546 4393 novum
3575 4347 3696 4406 opus

2075 4426 2330 4482 ecclesia:
2365 4425 2582 4480 mansit
2613 4425 2922 4480 incolume.
2954 4431 3120 4481 Anno
3158 4424 3342 4498 igitur
3388 4429 3542 4481 circa
3572 4438 3695 4480 non-

2074 4515 2466 4590 gentcsimum
2499 4521 2725 4569 sextum
2740 4532 2772 4570 a
2789 4514 3056 4586 passione
3079 4514 3380 4570 Dominica
3402 4511 3698 4570 comobium

320 4609 383 4658 ut
413 4605 730 4668 credimus,
763 4621 936 4675 quam
958 4602 1254 4674 lapsorum
1271 4602 1704 4658 medicinafuit.
1725 4604 1968 4660 Proinde
2003 4621 2044 4684 υ
2079 4604 2406 4670 Milarense,
2433 4603 2678 4672 jubente
2707 4602 2995 4670 Heldrico,
3028 4604 3372 4659 monasterii
3396 4603 3576 4658 sancti
3594 4604 3701 4654 Ger-

318 4691 482 4758 fratri
514 4697 712 4746 nostro
741 4691 990 4763 Hngoni,
1025 4690 1515 4747 Autissiodorensi
1564 4691 1818 4762 praesuli,
1853 4695 1967 4750 Deo

319 4784 374 4832 et
405 4778 572 4833 nobis
603 4796 710 4834 sua
742 4786 977 4851 peccata
997 4780 1319 4846 conﬁtenti,
1339 4796 1584 4852 seseque
1613 4779 1962 4852 culpabilem

319 4867 605 4934 reddenti,
641 4867 962 4938 plenariam
996 4885 1030 4922 a
1063 4870 1176 4923 Deo
1210 4867 1520 4940 pollicente
1569 4871 1966 4939 promittimus

317 4955 593 5024 consequi
607 4955 904 5025 indulgent
917 4956 980 5009 iae
995 4955 1465 5020 veniam,secund
1478 4973 1572 5010 um
1589 4959 1963 5028 sponsionem

316 5042 602 5112 ejusdem,
635 5060 752 5114 qua
781 5045 958 5097 dixit:
992 5043 1107 5098 Non
1138 5045 1264 5099 veni
1282 5061 1472 5100 vocare
1487 5046 1681 5131 justas,
1723 5049 1815 5102 ser!
1839 5064 1962 5119 pec-

315 5139 520 5186 catores
549 5131 621 5186 ad
647 5133 1018 5202 pmnitemiam
1049 5134 1262 5198 (Matth.
1288 5151 1362 5198 1v,
1399 5135 1507 5202 13).
1536 5135 1964 5205 Ideoquenobis

315 5219 488 5278 debet
517 5220 666 5275 efﬁci
699 5218 1104 5282 charissimus,
1139 5220 1280 5289 quia
1310 5221 1410 5276 Dei
1432 5221 1640 5278 timore
1667 5231 1968 5296 correptus

317 5314 560 5382 apparet
590 5307 983 5372 humillimus,
1015 5313 1071 5361 et
1121 5308 1260 5378 quia
1289 5309 1345 5364 in
1385 5309 1603 5366 talibus
1652 5313 1968 5385 requiescit

315 5398 490 5453 Deus.
529 5420 556 5447 η

384 5487 659 5544 Praeterea
693 5503 791 5541 rex
811 5481 1372 5546 Robertus,collecto
1406 5486 1460 5540 in
1494 5505 1677 5544 unum
1709 5491 1960 5548 exercitu

311 5576 500 5630 valido
531 5581 649 5632 tam
681 5577 752 5631 de
783 5578 955 5645 gente
989 5577 1339 5626 Francorum
1371 5591 1547 5644 quam
1599 5578 1960 5635 Normanno-

311 5679 464 5732 sum,
498 5663 721 5720 habens
754 5679 951 5720 secum
971 5658 1842 5732 ltichardum,potentissimum
1857 5669 1962 5722 du-

2079 4691 2236 4747 mani
2269 4692 2497 4757 abbate,
2533 4708 2635 4762 per
2665 4691 2971 4747 dominum
3015 4691 3299 4748 Tealdum
3351 4689 3701 4747 monachum.

2076 4781 2172 4852 qui
2207 4781 2396 4836 eidem
2429 4779 2638 4834 tertius
2667 4779 2726 4834 in
2761 4779 3024 4853 regimen
3055 4781 3364 4846 successit,
3416 4776 3700 4834 honoriﬁce

2074 4868 2496 4940 amplilicatum
2529 4874 2704 4940 atque
2727 4867 3111 4924 sublimatum
3142 4874 3251 4935 est,
3284 4873 3522 4940 tamque
3552 4861 3702 4920 editi—

2075 4959 2181 5013 ciis
2213 4974 2387 5028 quam
2423 4957 2917 5028 possessionibus,
2967 4974 3032 5012 ac
3077 4957 3425 5029 supellectili
3475 4955 3593 5012 auri
3622 4969 3699 5007 ar-

2073 5046 2350 5119 gentique
2381 5045 2594 5117 oppido
2616 5045 2974 5112 decoratum,
3006 5053 3180 5118 atque
3206 5047 3277 5102 ab
3309 5047 3510 5102 eodem
3541 5039 3702 5116 ponti-

2079 5139 2182 5190 tice
2212 5134 2574 5196 solemniter,
2611 5139 2674 5188 ut
2703 5135 2966 5201 decebat,
2999 5140 3227 5190 constat
3255 5151 3386 5189 esse
3410 5135 3678 5189 sacratum

2077 5225 2134 5279 in
2170 5241 2283 5295 qua
2316 5223 2487 5278 etiam
2518 5223 2952 5278 consecratione
2983 5223 3283 5279 interdixit
3325 5223 3436 5278 sub
3483 5217 3698 5276 anathe-

2075 5318 2250 5377 mate,
2291 5316 2356 5366 ut
2402 5311 2602 5366 nullus
2651 5312 2990 5367 mortalium
3049 5328 3405 5384 prazsumere
3452 5309 3700 5376 deinceps

2075 5402 2316 5456 auderet
2347 5400 2483 5466 vim,
2518 5417 2622 5454 seu
2649 5399 3151 5466 calumniam,nec
3165 5390 3702 5470 aliquamtortitudi-

2073 5506 2204 5546 nem
2238 5489 2450 5542 inferre
2482 5504 2584 5560 pro
2616 5487 2821 5559 quavis
2852 5489 3154 5544 occasione
3175 5484 3701 5556 rebusejusdemec-

2070 5579 2279 5634 etesia}.

2141 5665 2398 5738 Contigit
2426 5681 2559 5722 vero
2591 5665 2867 5736 posthaec,
2902 5671 2965 5722 ut
2985 5667 3137 5723 beati
3174 5662 3453 5722 Desiderii
3503 5654 3696 5734 egregii
