3814 6218
17 335 136 408 ΞΠ,
927 330 1047 395 ’ΒΕ
1094 329 1361 395 GESTIS
1405 328 1650 396 EPISC.

19 466 289 544 pontiﬁcis
317 463 859 525 Antissiodorensis
887 481 1119 540 corpus,
1149 463 1300 539 quod
1327 461 1384 522 in
1409 463 1652 523 ecclesia

21 559 152 616 beati
181 557 460 616 Germani
498 556 792 630 sepultum
826 556 1169 620 habebatur,
1204 555 1340 610 illuc
1379 555 1585 611 deferri
1617 571 1652 610 a

21 649 265 706 ﬁdelibus
333 651 670 719 rogaretur,
722 645 1005 718 prmeipue
1077 649 1197 700 tam
1270 662 1304 700 a
1374 644 1650 718 praedicto

25 738 176 792 fratre
216 734 460 801 Tealdo,
498 735 599 806 qui
651 735 916 789 eumdem
969 731 1387 788 sublimaverat
1434 731 1648 788 locum.

23 825 117 879 Sed
147 831 204 880 ut
233 826 290 878 in
338 823 570 879 talibus
619 822 741 878 ﬁeri
773 821 1006 889 assolet,
1039 821 1193 877 inter
1223 821 1474 894 partium
1507 821 1652 876 velle

25 931 110 970 seu
138 913 282 968 nolle
310 912 560 984 aliquod
593 911 874 984 temporis
904 910 1158 983 spatium
1197 910 1493 965 evolutum
1523 913 1650 977 est;

24 1004 234 1058 tandem
264 1004 623 1074 procurante
643 999 914 1072 episcopo
932 1016 1274 1054 concessum
1296 1004 1384 1054 est
1403 1016 1436 1054 a
1457 1015 1655 1054 mona-

27 1091 132 1148 chis
160 1108 255 1146 seu
287 1107 321 1146 a
351 1092 567 1146 caetero
612 1088 764 1144 clero
796 1093 853 1142 et
899 1089 1080 1144 totius
1129 1088 1265 1161 pagi
1316 1085 1553 1160 populo,
1589 1091 1654 1141 ut

27 1187 296 1235 exemtum
347 1179 566 1243 fuerat,
601 1177 850 1246 deferri;
885 1177 1206 1249 repositum
1265 1193 1520 1248 namque
1566 1179 1655 1230 est

29 1267 314 1340 supradicti
344 1266 649 1339 pontiﬁcis
678 1264 1005 1320 venerabile
1050 1282 1259 1336 corpus
1291 1265 1346 1319 in
1381 1269 1654 1338 argentea

28 1358 172 1412 theca
199 1360 435 1412 centum
468 1355 836 1428 appendente
867 1353 1273 1426 libras,sicque
1303 1370 1438 1408 cum
1469 1353 1654 1408 exsul-

30 1445 217 1499 tatione
245 1445 428 1498 totius
463 1441 652 1514 plebis
685 1443 1058 1516 deportatum
1099 1447 1186 1498 est
1236 1441 1550 1497 honoriﬁce
1580 1442 1652 1496 ad

32 1533 420 1589 monasterium
439 1531 1176 1602 Melerense.cognomento
1190 1530 1356 1585 vallis
1380 1530 1651 1596 Pcntane,

30 1621 330 1694 ibidemque
359 1621 422 1676 in
457 1619 710 1676 ecclesia
739 1620 1038 1692 genitricis
1069 1621 1165 1676 Dei
1202 1619 1394 1674 Maria:
1427 1623 1656 1675 constat

31 1728 136 1768 esse
161 1710 441 1775 locatum;
468 1727 590 1782 quo
621 1709 679 1763 in
711 1708 836 1764 loco
867 1709 1070 1764 eodem
1103 1707 1656 1780 exorante,plurima

33 1804 348 1872 praestantur
377 1799 762 1872 poscentibus
777 1797 1231 1853 beneﬁcia.lllud
1249 1797 1422 1852 etiam
1443 1813 1658 1852 memo-

35 1890 113 1944 riae
139 1889 481 1944 tradendum
515 1888 673 1960 quod
699 1887 972 1959 primitus
996 1905 1028 1941 a
1045 1885 1399 1950 Quintiliano
1421 1886 1540 1941 viro
1555 1904 1655 1940 no-

34 1977 476 2042 bilissimo,binae
509 1975 768 2032 ecclesiae
801 1975 944 2030 inibi
975 1980 1322 2030 constructae
1355 1976 1659 2042 fuere;una

37 2067 286 2138 siquidem
317 2066 379 2121 in
415 2065 640 2120 honore
671 2064 891 2119 sanctis
924 2063 1129 2118 matris
1159 2063 1388 2118 Domini
1422 2062 1614 2118 Maria:
1641 2081 1654 2130 ;

35 2154 186 2210 altera
211 2171 443 2228 quoque
477 2154 539 2208 in
572 2151 787 2225 egregii
817 2152 1084 2224 praesulis
1115 2152 1387 2208 Germani
1419 2169 1656 2207 venera-

34 2241 181 2308 tione,
203 2260 326 2316 quae
356 2242 635 2298 videlicet
676 2258 831 2296 nuuc
880 2257 995 2295 uno
1042 2241 1268 2296 ambitu
1315 2239 1659 2312 spatiosiore

37 2332 240 2388 collecta
266 2332 552 2388 tredecim
569 2329 1039 2386 altariorumoris
1067 2346 1198 2384 cum
1216 2328 1340 2384 suis
1353 2329 1658 2384 absidibus

37 2421 358 2477 examussim
387 2419 710 2492 dispertita
737 2421 827 2473 est
850 2435 864 2485 ;
897 2417 1076 2473 claret
1095 2417 1252 2473 enim
1287 2416 1450 2472 locus
1470 2417 1566 2473 ille
1585 2417 1657 2472 ab

38 2509 176 2564 initio
201 2511 480 2565 virtutum
515 2507 821 2563 miraculis
851 2511 1024 2578 atque
1057 2506 1482 2560 infirmantium
1507 2505 1660 2562 sani-

38 2597 242 2653 tatibus.
274 2597 537 2669 Contigit
561 2596 721 2652 enim
750 2595 1118 2669 plerumque,
1145 2599 1211 2649 ut
1240 2594 1349 2667 ipsi
1381 2595 1657 2664 vidimus,

40 2687 153 2740 dum
185 2687 376 2742 lideles
407 2685 604 2742 devoti
639 2685 710 2740 ad
740 2685 1012 2740 eumdem
1044 2683 1236 2738 locum
1271 2684 1344 2738 de
1375 2682 1545 2756 longe
1565 2702 1662 2739 ve-

40 2775 232 2830 nientes
260 2775 541 2831 candelas
573 2775 795 2846 absque
827 2773 1049 2828 lumine
1080 2772 1140 2826 in
1171 2771 1447 2828 manibus
1477 2777 1662 2846 gesta-

40 2871 142 2918 rent
172 2865 295 2936 plus
320 2865 596 2919 minusve
608 2863 797 2918 stadio
809 2867 1122 2933 antequam
1143 2861 1214 2916 ad
1239 2861 1660 2917 monasterium

39 2953 386 3022 pervenirent,
421 2957 494 3008 ut
523 2969 595 3007 ex
625 2951 844 3006 eisdem
877 2949 1138 3005 candelis
1171 2949 1324 3022 ignis
1349 2949 1664 3005 ﬁammivo—

39 3059 122 3096 rus
147 3041 508 3109 eructaret,si
541 3039 820 3112 quislibet
843 3056 975 3094 vero
998 3056 1065 3093 ex
1087 3039 1262 3094 rebus
1292 3039 1364 3093 ad
1389 3039 1662 3095 eumdem

39 3127 200 3184 locum
229 3129 682 3203 pertinentibus,
713 3130 765 3183 vi
799 3146 902 3184 seu
933 3129 1087 3182 furto
1131 3128 1396 3182 fraudem
1441 3128 1660 3194 iecerit,

1697 329 2140 398 ANTISSIOD.
2175 333 2370 400 PARS
2414 335 2462 400 Ῑ.
3286 333 3408 404 978

1682 465 1732 532 Α
1764 463 1946 523 limbo
1974 465 2248 525 deaurato
2261 466 2504 526 miriﬁce
2521 465 2874 543 pontificalia
2892 469 3132 546 vestigia
3154 475 3410 551 complet

1758 557 2132 615 ctebatur.De
2162 558 2311 615 stola
2340 577 2572 632 quoque
2602 564 2658 616 et
2687 561 2942 617 manuali
2968 563 3038 619 ad
3066 581 3278 636 purum
3299 568 3406 624 ali-

1760 647 1901 718 quid
1935 647 2124 704 dicere
2157 648 2415 704 fabulam
2449 653 2638 717 sonat,
2673 667 2804 706 cum
2835 651 3124 723 siquidem
3159 661 3406 730 utraque

1759 736 1831 791 de
1862 753 2004 791 auro
2036 737 2352 808 purissimo
2370 755 2503 792 cum
2536 737 2706 794 malis
2737 739 2966 811 punicis
2999 743 3233 799 condita
3254 745 3408 802 inex-

1762 824 1974 896 plicabi
2005 825 2017 878 i
2048 825 2294 880 artiﬁcio
2315 843 2462 897 opus
2477 827 3404 904 ostendebantelegautissimum;

1761 913 1961 970 casula
1983 918 2176 969 autem
2191 914 2400 970 coloris
2413 916 2632 971 aetherii
2650 917 2896 990 Phrygio
2913 919 3171 990 palmum
3187 907 3406 979 haben-

1760 1001 2342 1074 te,superhumeralis
2374 1008 2431 1059 et
2463 1003 2764 1061 rationalis
2794 1007 3045 1080 elﬁgiem
3071 1009 3140 1064 ad
3167 1011 3406 1067 modum

1762 1089 1919 1163 pallii
1967 1091 2478 1164 archiepiscopalis
2507 1091 2928 1150 honorabiliter
2974 1099 3434 1168 praetendebat;-

1762 1180 1960 1235 omnia
1992 1184 2270 1252 praeterea
2301 1197 2664 1254 quaecunque
2713 1182 2829 1238 illis
2872 1184 3188 1241 intererant
3233 1187 3406 1243 vesti-

1763 1269 1976 1323 mentis
2017 1269 2152 1340 jure
2199 1273 2258 1324 et
2307 1269 2578 1325 decenter
2620 1266 2957 1328 excellentia
3001 1273 3155 1330 intra
3195 1276 3410 1334 Sancta

1763 1361 2100 1412 sanctorum
2153 1358 2423 1429 portabat
2472 1358 2800 1431 episcopus.
2835 1361 3144 1418 Ilonoravit
3195 1365 3408 1421 iterum

1763 1447 1948 1501 sancti
1981 1445 2258 1518 Stephani
2289 1446 2596 1502 ecclesiam
2621 1447 2753 1503 aliis
2779 1449 3034 1506 ecclesiae
3062 1453 3410 1511 necessariis

1763 1535 2145 1601 ornamentis,
2179 1535 2329 1590 inter
2359 1553 2484 1608 quae
2516 1536 2692 1592 etiam
2725 1538 2964 1595 missale
3011 1541 3170 1596 dedit
3217 1543 3414 1599 aureis

1760 1623 1971 1678 litteris
2001 1623 2715 1696 annotatum,pontiﬁcum
2733 1627 2963 1682 servitio
2976 1633 3032 1684 et
3051 1629 3242 1685 ofﬁcio
3266 1631 3412 1687 satis

1763 1711 2152 1784 aplumzdedit
2182 1718 2238 1767 et
2267 1712 2506 1768 calicem
2532 1731 2859 1769 unumcum
2877 1721 3087 1788 patena
3107 1718 3407 1787 eximium,

1766 1817 1938 1872 quem
1975 1799 2322 1871 quantitatis
2353 1805 2409 1855 et.
2440 1801 2712 1871 ponderis
2744 1803 3164 1874 magnifaetum
3217 1805 3288 1860 de
3317 1822 3410 1860 ar-

1765 1892 1938 1958 gento
1969 1903 2116 1958 Opus
2143 1886 2461 1958 insignibat
2494 1888 2839 1944 deauratum
2863 1906 2876 1946 :
2903 1891 3036 1945 fecit
3066 1897 3342 1963 praeterea
3357 1899 3414 1950 et

1769 1976 1824 2030 in
1856 1977 2058 2031 eadem
2087 1975 2331 2031 ecclesia
2345 1976 2465 2030 ﬁeri
2485 1977 2599 2030 duo
2611 1975 2778 2048 signa
2797 1979 3144 2049 quantitatis
3163 1999 3409 2054 magnae,

1766 2081 1893 2136 qua:
1908 2065 2228 2120 secundum
2249 2065 2634 2136 quantitatem
2650 2065 2830 2137 digna
2847 2067 2959 2122 Deo
2987 2085 3263 2124 sonorum
3283 2088 3415 2126 con-

1763 2152 2055 2208 venientia
2083 2157 2138 2207 et
2169 2151 2324 2207 dulci
2358 2157 2624 2224 coaptata
2657 2159 2797 2208 sunt
2828 2155 3245 2227 modulatione,
3277 2158 3413 2214 inde

1766 2243 1918 2298 inter
1945 2247 2149 2297 caetera
2180 2240 2345 2297 nulla
2373 2241 2616 2314 dignum
2652 2243 2928 2298 duximus
2958 2245 3417 2320 oblivione,quia

1767 2332 1921 2404 apud
1953 2335 2211 2387 castrum
2244 2330 2583 2385 Varziacum
2617 2348 2734 2386 suze
2752 2337 3260 2390 etantecessorum
3285 2353 3418 2392 suo-

1768 2438 1895 2476 rum
1929 2420 2227 2492 proprium
2262 2419 2480 2474 ditione
2512 2424 2725 2474 sancta:
2758 2421 3023 2492 Eugeniae
3055 2423 3360 2481 ecclesiam
3381 2443 3418 2483 a

1768 2510 1945 2566 beata:
1969 2507 2388 2564 recordationis
2403 2507 2662 2562 antistite
2677 2508 2986 2565 Gualdrico
3009 2513 3414 2583 constitutam,

1767 2598 1865 2670 qui
1900 2601 1956 2651 et
1987 2597 2263 2669 reliquias
2293 2596 2480 2668 ipsius
2503 2603 2713 2651 sanetae
2738 2597 3416 2674 virginisaJoanneapo-

1767 2686 1971 2742 stolico
2005 2686 2346 2758 impetratas
2396 2687 2721 2755 devexerat,
2756 2705 2883 2758 quae
2934 2706 3037 2760 per
3083 2693 3417 2763 temporum

1767 2773 2192 2847 longaevitatem
2215 2774 2564 2846 subrepente
2584 2775 2816 2829 Patrum
2837 2779 3228 2846 quorumdam
3252 2778 3417 2835 incu-

1769 2863 1874 2929 ria,
1909 2862 2130 2918 nullius
2161 2879 2307 2934 pene
2337 2861 2555 2916 servitii
2605 2862 2891 2918 Dominici
2943 2864 3422 2938 frequentabatur

1769 2951 2070 3017 instantia,
2105 2951 2176 3006 ad
2208 2955 2429 3006 tantam
2458 2951 2712 3006 donante
2743 2951 2860 3008 Deo
2911 2955 3259 3011 restauravit
3295 2956 3418 3029 glo-

1769 3041 1939 3112 riam,
1973 3046 2037 3095 ut
2065 3045 2122 3096 et
2154 3040 2314 3095 intus
2344 3044 2401 3096 ct
2432 3039 2571 3094 foris
2603 3041 2730 3112 ejus
2762 3057 2947 3114 usque
2983 3041 3040 3098 in
3070 3041 3420 3100 hodiernum

1773 3132 1927 3186 diem
1961 3131 2018 3185 in
2053 3147 2120 3185 ea
2149 3127 2638 3204 laborapparcat.
2674 3129 2817 3184 Nam
2866 3129 3116 3203 parietes
3164 3132 3422 3190 dealbari

41 3219 283 3275 continuo
314 3215 762 3276 evidentissime
791 3221 980 3273 rector
1000 3217 1298 3288 justorum
1327 3217 1479 3272 ultor
1507 3217 1658 3272 cxis~
1691 3203 1734 3270 C
1776 3219 2018 3281 faciens,
2051 3217 2247 3274 vitreis
2279 3203 2335 3273 et
2363 3217 2739 3290 laquearibus
2770 3219 3196 3287 honestavit,et
3224 3221 3421 3295 pallia,

43 3305 114 3371 tit,
138 3325 196 3362 ac
222 3309 514 3382 quidquid
546 3306 764 3362 ibidem
794 3304 1042 3362 ﬁdeliter
1071 3305 1288 3378 petitur
1317 3305 1536 3360 affatim
1563 3306 1668 3360 im-

45 3400 292 3466 patratur.

102 3485 360 3542 Praeterea
429 3484 733 3542 tricesimo
790 3485 1039 3556 septimo
1098 3501 1216 3538 suae
1281 3483 1666 3539 ordinationis

47 3589 190 3643 anno,
220 3576 472 3648 perrexit
505 3573 822 3647 praedictus
844 3574 1008 3644 Hugo
1037 3573 1534 3639 Jerusalem,satis
1567 3573 1668 3628 ho-

47 3664 254 3720 noriﬁce
297 3665 369 3720 ad
423 3662 771 3736 sepulcrum
825 3661 1054 3717 Domini
1087 3667 1380 3729 oraturus,
1434 3679 1499 3717 ac
1530 3662 1666 3717 inde

49 3752 242 3808 rediens
270 3753 568 3817 alacriter,
586 3751 834 3823 proprim
864 3749 986 3806 sedi
1018 3750 1275 3806 innitens
1307 3750 1669 3806 mansuetior

48 3839 192 3912 degit.
216 3842 486 3898 Ecclesiae
516 3840 722 3895 matris
753 3840 972 3903 sedem,
997 3856 1172 3911 quam
1206 3843 1378 3894 antea
1408 3839 1668 3894 aadiﬁciis

50 3929 794 3999 sublimaverat,accuratius
825 3928 1054 3986 studuit
1077 3934 1282 4002 postea
1301 3929 1671 3995 adornare,et

51 4016 188 4074 donis
215 4021 310 4076 Dei
340 4019 501 4092 aptis
526 4017 760 4074 servitio
781 4017 1103 4074 studiosius
1117 4017 1343 4072 curavit
1363 4016 1666 4090 insignire,

54 4107 176 4162 unde
200 4113 254 4163 et
280 4110 394 4166 duo
427 4108 598 4164 mira:
637 4105 1080 4164 artiﬁciositatis
1113 4106 1363 4178 mirique
1397 4105 1588 4178 operis
1615 4110 1672 4160 et

55 4195 189 4262 pretii
217 4199 566 4253 vestimenta
587 4195 932 4268 episcopalis
953 4194 1254 4267 dignitatis
1271 4193 1673 4250 convenientia

55 4284 424 4350 ol‘ﬁcio,eidem
459 4289 808 4356 cooperante
839 4285 948 4339 sibi
985 4283 1080 4340 Dei
1115 4283 1302 4356 gratia
1325 4283 1538 4338 meruit
1562 4283 1670 4336 im-

58 4373 470 4440 pertiri;horum
507 4374 875 4445 unum,quod
909 4373 1078 4444 quasi
1115 4372 1362 4427 minoris
1387 4371 1551 4444 pretii
1583 4370 1670 4425 vi-

59 4460 282 4529 debatur,
313 4467 509 4518 totum
542 4479 684 4517 auro
717 4461 964 4534 Phrygio
998 4461 1244 4515 miriﬁco
1275 4460 1428 4515 circa
1457 4459 1672 4515 collum

60 4548 292 4620 amictus,
323 4555 381 4606 et
409 4549 694 4607 cervicem
731 4567 915 4621 usque
947 4549 1018 4604 ad
1049 4549 1188 4612 ima,
1211 4547 1378 4613 stola,
1405 4547 1672 4618 manipu-

63 4631 136 4694 lis,
163 4636 210 4689 in
242 4637 362 4694 loco
412 4656 526 4694 suo
557 4637 1006 4693 decentissimus
1045 4637 1431 4708 operiebatur.
1469 4636 1678 4692 Casula

64 4737 258 4796 quoque
288 4743 586 4800 purpurea
615 4727 867 4800 grandes
905 4725 1134 4798 aquilas
1180 4725 1394 4781 coloris
1423 4721 1676 4781 coccinei

64 4808 748 4887 intextascircumquaque
761 4815 1326 4884 monstrabat,cujus
1339 4813 1678 4885 superﬁcies

67 4902 164 4952 auri
188 4902 1681 4977 Phrygiicircumductionibusstellantibusrcsplen-

68 4985 242 5057 debat;
272 4992 521 5048 alterum
563 4991 854 5063 siquidem
889 4991 1082 5062 qualis
1133 4991 1308 5046 fuerit
1357 4989 1678 5062 impcrialis

71 5071 260 5135 Olloms
317 5081 744 5147 muniﬁcentia,
795 5081 966 5153 cujus
1015 5079 1154 5135 illud
1216 5080 1265 5134 ei
1325 5080 1527 5135 datum
1589 5085 1680 5134 est

72 5178 215 5220 manu
265 5170 628 5236 testiﬁcatur,
683 5187 890 5241 nempe
938 5167 1094 5225 velut
1142 5167 1202 5222 in
1252 5168 1442 5240 capite
1491 5167 1679 5223 sancti

71 5251 226 5310 Aaron
255 5257 484 5324 dicitur,
519 5258 577 5312 in
609 5259 828 5313 amictu
859 5257 1078 5313 lamina
1121 5275 1298 5312 aurea
1349 5256 1683 5330 margaritis

72 5345 118 5392 et
176 5343 454 5416 lapidibus
526 5347 800 5419 pretiosis
869 5347 1198 5408 intertexta,
1259 5344 1428 5416 quasi
1504 5344 1684 5417 regali

22 5466 28 5471 .
74 5428 362 5490 diademate
417 5434 640 5490 summi
710 5435 1027 5491 sacerdotis
1097 5439 1274 5506 caput
1330 5431 1682 5500 illustrabat,

77 5517 201 5586 palla
249 5539 376 5580 vero
431 5525 711 5580 carbasea
774 5542 948 5581 aureo
1022 5525 1174 5578 eirea
1246 5527 1450 5595 peetus
1519 5522 1686 5578 efful-

76 5620 195 5674 gens
222 5612 475 5668 rationali
509 5629 546 5668 a
575 5613 821 5684 genibus
852 5615 918 5668 ad
958 5612 1104 5668 talos
1141 5629 1324 5684 usque
1368 5611 1689 5668 holoserica

1775 3307 1974 3372 libros,
2011 3312 2066 3362 et
2096 3312 2436 3363 ornamenta
2472 3307 2683 3362 diversi
2712 3307 2941 3380 generis
2970 3308 3115 3365 inibi
3165 3311 3424 3379 donavit,

1775 3397 1953 3455 simul
1985 3395 2161 3451 etiam
2193 3397 2262 3450 de
2294 3395 2618 3450 redditibus
2639 3397 3014 3468 proprietatis
3035 3415 3154 3454 suis
3187 3400 3427 3456 canoni-

1776 3485 1918 3541 calis
1949 3485 2173 3539 ordinis
2224 3501 2503 3554 personas
2537 3485 2810 3555 probatas
2842 3484 3082 3557 eligens,
3118 3487 3318 3543 decem
3351 3489 3423 3544 ad

1775 3575 2036 3629 divinum
2071 3571 2374 3627 servitium
2410 3571 2918 3643 praebendariosin
2952 3576 3426 3648 aeternumdepu-

1774 3663 2008 3720 tavit.In
2041 3661 2274 3716 Conada
2302 3660 2574 3716 similiter
2601 3661 2840 3718 castello
2867 3679 2984 3718 suae
3017 3663 3223 3720 matris
3243 3664 3422 3732 sedis,

1776 3753 1962 3810 sancti
1998 3749 2271 3824 martyris
2301 3749 2592 3806 Laurentii
2627 3750 2931 3806 ecclesiam
2962 3751 3425 3818 construens,di-

1773 3842 2033 3898 viuitatis
2063 3839 2286 3896 cultum
2321 3838 2608 3910 ampliari,
2635 3843 2691 3894 et
2720 3839 2817 3896 Dei
2852 3840 3113 3896 ﬁdelium
3145 3857 3349 3898 curam
3370 3845 3430 3896 et

1777 3931 2013 3986 servitia
2040 3929 2356 3984 honoriﬁce
2387 3928 2584 3983 haberi
2619 3927 2676 3983 in
2719 3946 2898 3984 manu
2932 3931 3326 4000 sacerdotum,
3357 3930 3430 3986 de

1779 4020 1902 4076 suis
1929 4017 2184 4090 largiens
2215 4017 2847 4090 impetravit;deditque
2871 4020 2940 4074 ad
2959 4018 3174 4075 victum
3193 4019 3430 4076 canoni-

1779 4125 1980 4178 eorum
2015 4107 2256 4162 fratrum
2307 4107 2553 4178 paredas
2601 4107 2866 4162 omnium
2902 4108 3285 4164 ecclesiarum
3333 4125 3427 4165 eo-

1781 4198 2048 4253 rumdem
2080 4213 2208 4267 qua;
2241 4195 2532 4250 habentur
2557 4196 2613 4250 in
2669 4197 3010 4269 episcopatu
3063 4199 3430 4255 Antissiodo-

1782 4284 2248 4346 rensi.similiter
2277 4291 2333 4339 et
2363 4285 2624 4340 debitum
2660 4285 3026 4352 horreorum,
3050 4287 3104 4341 id
3139 4293 3230 4342 est
3257 4304 3432 4359 gran-

1782 4374 2224 4449 gaticum,quod
2248 4373 2317 4427 ad
2335 4391 2396 4428 se
2423 4373 2890 4443 pertinebat,illis
2915 4374 3126 4429 habere
3146 4374 3432 4446 permisit,

1782 4462 2168 4536 praecepitque
2217 4465 2280 4514 ut
2323 4461 2380 4514 in
2416 4460 2576 4514 silvis
2608 4462 2794 4516 sancti
2829 4462 3107 4534 Stephani
3143 4463 3211 4517 de
3243 4462 3436 4534 porcis

1705 4569 1752 4633 Β
1785 4551 2016 4605 illorum
2053 4566 2357 4620 nunquam
2393 4549 2770 4620 acciperetur.
2801 4549 3237 4622 pastinatieum.
3270 4551 3436 4605 Tunc

1787 4641 1960 4695 etiam
1991 4637 2298 4694 constituit
2329 4641 2391 4692 ut
2422 4637 2592 4692 annis
2624 4637 2871 4709 singulis
2904 4639 2976 4694 ab
3007 4640 3225 4694 eisdem
3262 4655 3436 4696 cano-

1786 4728 1932 4783 nicis
1965 4725 2200 4782 sublimi
2236 4723 2602 4780 solemnitate
2636 4727 2819 4780 sancti
2856 4725 3130 4800 martyris
3145 4727 3438 4784 Vincentii

1787 4817 2068 4872 festivitas
2099 4831 2284 4886 usque
2307 4813 2363 4868 in
2397 4815 2834 4870 oclavumdiem
2849 4815 3440 4873 celebraretur.Dedit

1785 4906 1959 4960 et'am
1995 4905 2064 4960 ad
2100 4904 2314 4959 victum
2349 4903 2762 4960 canonirorum
2792 4906 3032 4961 fratrum
3067 4910 3291 4978 patrem
3315 4906 3444 4962 Cre-

1786 4994 1976 5050 vennii
2012 4993 2140 5061 vici,
2177 5010 2354 5065 quam
2387 4992 2706 5047 redemerat
2743 4994 2814 5049 ab
2852 4995 3110 5051 Arduino
3142 4994 3439 5051 archidia-

1787 5099 1952 5143 cono.
1985 5099 2118 5138 cum
2164 5086 2357 5136 autem
2411 5082 2682 5152 cmpissﬂ
2732 5082 3036 5154 inﬁrmari,
3071 5084 3332 5140 sentiens
3379 5101 3442 5141 se

1791 5171 2012 5227 diutius
2049 5189 2159 5226 non
2191 5171 2690 5238 vieturum._iussit
2711 5189 2778 5226 ex
2807 5173 2980 5229 rebus
2996 5175 3246 5246 propriis
3267 5173 3444 5230 hono-

1794 5259 1950 5312 riﬁce
1995 5258 2330 5313 resediﬁcari
2381 5276 2412 5311 a
2463 5257 2860 5316 fundamentis
2905 5261 3206 5317 ecclesiam
3259 5261 3444 5317 beatis

1793 5347 2009 5416 Mariae,
2043 5365 2170 5418 qua:
2202 5345 2521 5417 primatum
2557 5347 2775 5402 dicitur
2810 5353 3005 5406 tenere
3039 5352 3191 5406 intra
3242 5364 3445 5404 muros

1793 5435 2044 5491 civitatis
2079 5453 2092 5490 :
2126 5433 2277 5506 quod
2310 5437 2503 5489 tamen
2553 5451 2702 5506 opus
2743 5436 3150 5510 imperfectum
3182 5433 3442 5504 reliquit.

1794 5526 2048 5579 Gemens
2076 5539 2306 5594 quoque
2338 5539 2511 5576 suum
2550 5519 3450 5598 propinquareobitum.contulit

1797 5631 1860 5668 se
1879 5615 2079 5668 devote
2103 5613 2171 5667 ad
2195 5612 2343 5666 beati
2366 5611 2642 5666 Germani
2661 5606 3450 5679 monasterium,ibidemque
