3814 6218
345 316 462 380 283

1195 313 1530 376 APPEND.
1577 314 1678 375 AD
1724 311 1912 376 ΒΕΘ.
1961 313 2036 376 Χ,
2069 344 2146 359 —
2177 313 2432 396 QPERA
2477 333 2874 386 ΑΔΕΣΠΟΤΙΚΑ.

340 469 450 528 que
501 447 766 508 Ecclesiae
816 448 1028 507 nostris
1076 451 1216 504 tunc
1263 443 1542 518 temporis
1581 445 1977 519 praepositum,
2014 447 2063 514 Α
2093 443 2218 502 lant
2248 445 2460 503 addicti
2493 447 2648 506 solas
2676 448 2904 508 animas
2941 447 3032 508 vix
3059 451 3364 509 tuerentur
3395 467 3410 507 :
3446 453 3508 509 at
3535 467 3600 509 ex
3625 469 3718 526 quo

334 542 526 598 virum
559 541 775 615 quippe
806 543 1018 595 sancta:
1049 535 1504 593 conversationis
1531 551 1767 607 suaeque
1797 534 1988 590 crucis

337 630 724 702 bajulatorem
758 632 885 701 post
916 627 1346 690 Cliristum,nec
1368 642 1480 680 non
1507 625 1815 680 Girardum
1838 623 1988 696 prio-

335 735 456 776 rem
482 720 610 790 jam
641 713 779 772 dicti
810 716 940 781 loci,
976 719 1034 770 et
1064 714 1466 769 zedificatorem
1489 717 1664 785 atque
1695 711 1985 767 habitato-

336 823 458 863 rem
487 809 546 862 in
579 805 780 862 habitu
815 804 1112 876 religionis
1143 802 1420 876 primum,
1458 807 1524 857 ut
1570 802 1723 857 inter
1750 804 1986 856 sanctas

335 897 570 952 illorum
602 912 815 950 manus
839 894 987 948 facta
1008 893 1369 948 confessione
1399 889 1740 946 delictorum
1767 891 1986 946 redem-

335 985 484 1058 ptori
517 983 746 1040 Christo
795 982 1066 1054 spiritum
1119 981 1404 1047 redderet,
1462 979 1814 1035 convocavit.
1848 979 1985 1044 Qui-

335 1077 446 1130 bus
478 1077 900 1144 consequenter
927 1069 1168 1142 expletis
1202 1069 1434 1124 delatus
1481 1072 1568 1124 est
1616 1068 1775 1134 illuc,
1809 1073 1866 1123 et
1896 1085 1982 1122 se-

334 1163 534 1236 pultus
567 1166 656 1218 est
685 1161 742 1216 in
797 1177 935 1233 pace
980 1176 1097 1215 xvu
1143 1157 1265 1214 Kal.
1299 1157 1526 1224 Octob.;
1559 1145 1986 1212 inthroni'zatus

333 1259 530 1308 autem
562 1271 595 1307 v
627 1251 750 1307 Kal.
785 1251 1050 1316 Januar.;
1087 1248 1233 1303 rexit
1263 1245 1622 1320 episcopium
1675 1263 1861 1300 annos
1892 1247 1983 1312 24,

332 1359 564 1398 menses
592 1345 648 1408 7,
672 1341 796 1396 dies
827 1341 914 1395 91.

971 1428 1124 1483 ΜοΝ
1136 1426 1250 1482 ITU
1263 1427 1313 1480 Μ
1327 1469 1338 1479 .

401 1520 884 1576 .lntissiodorcnsis
933 1517 1187 1572 Ecclesiae
1223 1532 1330 1569 non
1365 1515 1622 1583 ignobilis
1653 1513 1986 1569 consuetudo

329 1620 627 1682 est,'q-uam
657 1610 760 1664 (ito
791 1607 854 1662 de
885 1607 1044 1661 saeclo
1089 1606 1294 1670 migrat
1335 1604 1453 1675 ejus
1504 1605 1804 1674 episcopus,
1837 1603 1987 1658 illico

331 1700 628 1754 terminum
663 1697 813 1758 rima,
844 1695 990 1749 sedis
1022 1694 1324 1757 introitum,
1349 1709 1414 1748 ac
1436 1693 1715 1764 praecipue
1746 1691 1874 1746 bene
1891 1707 1984 1762 ge-

331 1796 416 1844 sta
448 1787 622 1858 ipsius
651 1785 1004 1840 conscribere.
1033 1781 1272 1853 Contigit
1297 1789 1476 1836 autem
1509 1797 1614 1834 non
1646 1782 1764 1835 sine
1790 1797 1986 1848 magno

330 1877 533 1949 patria:
563 1875 884 1930 rlet.imcnto
913 1872 1285 1926 clarissimum
1326 1870 1564 1942 ejusdem
1594 1870 1851 1926 Ecclesia:
1876 1885 1982 1940 pa-

330 1974 546 2021 tronum
578 1964 776 2018 abiisse
807 1963 1093 2017 Robertum
1133 1962 1461 2031 episcopum,
1495 1967 1556 2014 ut
1601 1959 1748 2012 nihil
1790 1958 1986 2014 horum

331 2070 456 2126 quae
483 2053 736 2109 diximus
766 2058 871 2106 toto
900 2051 1140 2106 triennio
1189 2050 1454 2122 scriptum
1500 2049 1693 2118 fuisset
1737 2065 1756 2101 :
1799 2054 1984 2102 tantus

328 2143 483 2199 dolor
525 2143 590 2197 de
643 2147 816 2196 morte
872 2141 1064 2212 ipsius,
1129 2145 1285 2193 tanta
1350 2137 1614 2192 dissensio
1678 2136 1744 2192 de
1803 2137 1986 2208 futuri

329 2233 712 2304 subrogationc
755 2229 1032 2301 pontiﬁcis
1083 2227 1406 2282 intercessit.
1444 2224 1678 2280 Tandem
1715 2241 1839 2280 vero
1865 2233 1987 2296 post

332 2323 635 2378 triennium
667 2325 957 2390 temperato
1005 2316 1128 2388 jam
1174 2315 1374 2382 dolore,
1424 2331 1524 2370 nec
1577 2331 1688 2370 non
1747 2315 1986 2370 Ecclesia

333 2410 699 2482 tranquillam
739 2407 804 2461 de
847 2406 1081 2477 pastoris
1131 2405 1514 2466 consolatione,
1547 2404 1725 2473 frater
1761 2401 1987 2474 quidam

333 2499 602 2554 modicum
626 2495 894 2560 eruditus,
926 2501 978 2549 et
999 2510 1138 2565 pene
1169 2493 1508 2558 illitteratus,
1541 2509 1575 2547 a
1603 2499 1866 2546 conventu
1893 2507 1984 2546 ea.

329 2588 504 2660 pituli
549 2577 791 2654 rogatus,
822 2591 871 2638 et
920 2585 988 2637 ab
1038 2598 1282 2654 episcopo
1324 2583 1582 2647 monitus,
1625 2579 1987 2636 obedientiam

334 2691 544 2748 quoque
590 2675 763 2730 vitare
809 2688 915 2728 non
963 2688 1151 2739 ausus,
1182 2688 1301 2745 quae
1331 2670 1442 2726 sibi
1466 2669 1532 2726 de
1561 2671 1657 2726 illo
1695 2671 1814 2725 visa
1857 2677 1988 2724 sunt

335 2765 564 2820 minime
611 2761 858 2832 tacenda,
913 2762 1036 2816 licet
1087 2768 1234 2816 tanto
1283 2759 1526 2831 indigne,
1561 2767 1760 2832 quanto
1800 2761 1986 2814 minus

333 2861 524 2922 ornate
549 2855 838 2924 minusque
865 2849 1116 2923 facunde,
1149 2857 1326 2906 tamen
1378 2857 1439 2904 ut
1479 2850 1675 2920 potuit,
1730 2851 1807 2904 ita
1845 2849 1986 2920 styto

331 2950 650 3018 prosecutus
679 2949 774 2998 est.

273 3021 292 3031 ’
754 3030 890 3085 Car.
933 3028 1046 3082 LII.
1089 3057 1155 3068 -——
1197 3033 1280 3083 De
1320 3027 1563 3082 Roberto.

406 3122 696 3176 Robertus
724 3119 794 3174 de
820 3122 981 3190 patre
1012 3115 1560 3186 Guillelmo,nepote
1581 3115 1735 3188 regis
1756 3113 1985 3170 Henriei

335 3208 584 3280 Philippi
616 3205 1066 3278 patris,consule
1096 3203 1640 3274 Nivernensium,de
1673 3208 1856 3259 matre
1877 3221 1981 3260 au-
2013 3203 2056 3272 C

337 3303 457 3353 tem
491 3295 794 3352 comitissa
835 3292 1264 3350 Tornodorensi
1317 3294 1606 3366 Hermeng
1649 3298 1988 3366 nuncupata

336 3392 512 3442 natus
533 3389 640 3442 est.
674 3385 755 3440 Ex
780 3385 950 3456 cujus
981 3383 1235 3456 ingenua
1265 3381 1864 3456 progenie.quotquot
1887 3399 1986 3455 pe-

336 3475 428 3532 riti
477 3475 604 3542 viri,
649 3472 889 3530 formosi
939 3473 1195 3544 bonique
1245 3471 1480 3546 fueriqt,
1526 3471 1609 3528 sic
1653 3489 1752 3528 eos
1783 3489 1987 3528 omnes

335 3563 598 3632 scientia,
631 3565 936 3630 vetustate,
965 3561 1228 3617 moribus
1261 3560 1352 3616 hic
1383 3563 1771 3634 superavit,ut
1792 3562 1900 3617 llos
1919 3578 1988 3616 ex

335 3671 453 3728 qua
481 3654 762 3720 nascitur,
795 3650 1342 3721 arborem,-fructus
1372 3649 1573 3706 ﬂorem
1599 3667 1612 3707 :
1647 3651 1802 3706 unde
1821 3650 1988 3724 prius

336 3761 513 3816 quam
546 3745 733 3807 aetate,
762 3741 924 3796 visus
953 3742 1041 3795 est
1084 3738 1290 3794 honori
1325 3756 1674 3812 congruens,
1703 3740 1987 3797 virtutum

337 3830 642 3904 dignitate.
670 3829 819 3902 Ergo
865 3829 1046 3884 beata:
1089 3826 1382 3882 memoriae
1427 3829 1700 3885 defuncto
1732 3831 1988 3886 Golfrido

339 3936 540 3976 mense
571 3916 897 3990 Septembri
933 3933 1064 3971 mox
1094 3915 1154 3970 in
1177 3915 1516 3988 episc0pum
1549 3918 1770 3975 electus
1793 3920 1990 3987 est,di-

337 4009 458 4064 lata
479 4012 672 4063 tamen
701 4021 886 4078 usque
908 4005 980 4060 ad
1006 4009 1332 4078 Augustum
1357 4008 1790 4064 consecratione
1812 4026 1990 4082 prope

339 4113 502 4153 aram
533 4094 685 4150 beati
718 4094 1161 4168 protomartyris
1203 4093 1443 4150 feliciter
1489 4095 1842 4153 sublimatus
1879 4104 1986 4166 est,

339 4185 508 4242 fortis
539 4183 812 4258 deinceps
842 4187 1133 4256 protector
1161 4183 1762 4258 Ecclesire,rectorque
1791 4187 1988 4243 mode-

339 4279 530 4331 ratus:
551 4291 684 4329 nam
709 4289 776 4330 ex
796 4272 1072 4329 omnibus
1094 4290 1220 4346 qtue
1239 4273 1297 4328 in
1317 4273 1560 4330 ecclesia
1592 4278 1710 4330 tam
1734 4277 1990 4333 exterius

337 4382 515 4438 quam
548 4363 794 4420 interius
828 4363 1060 4436 reperit,
1095 4380 1264 4418 nemo
1293 4364 1630 4420 mortalium
1663 4364 1988 4438 quidquam

336 4455 568 4510 demere
597 4452 685 4510 vel
717 4453 1020 4526 subripere
1041 4451 1140 4507 illo
1161 4453 1473 4525 superstite
1504 4470 1686 4509 ausus
1707 4454 1988 4522 est,addi-

336 4543 425 4598 dit
456 4542 958 4636 autemAdonando
986 4539 1185 4636 aliqua
1213 4558 1279 4636 ac
1311 4540 1630 4636 laborando
1683 4543 1986 4636 nonnulla,
2022 4572 2067 4636 Ι)

336 4647 591 4702 quorum
624 4630 976 4688 discretione
1006 4631 1055 4686 si
1087 4631 1231 4686 tanti
1263 4634 1351 4686 est
1387 4647 1400 4686 :
1433 4632 1531 4704 qui
1553 4632 1707 4706 apud
1731 4631 1895 4688 illum
1917 4633 1990 4688 le-

338 4719 506 4792 gerit,
540 4723 732 4792 potest
761 4720 936 4775 modo
967 4736 1335 4793 cognoscere.

414 4805 596 4879 [gitur
643 4813 848 4864 contra
895 4807 1060 4863 dolos
1116 4809 1483 4865 Senoncnses
1546 4809 1725 4882 hujus
1791 4811 1990 4868 hostes

340 4894 607 4952 Ecclesia:
655 4899 712 4950 et
757 4895 922 4952 urbis
969 4901 1281 4969 perpetuos
1336 4899 1760 4971 Apoguiacum,
1811 4917 1990 4973 quam

341 4985 454 5040 cito
487 4985 673 5039 factus
704 4988 796 5040 est
823 4984 1131 5058 episcopus
1153 4986 1212 5041 in
1235 4985 1516 5058 oppidum
1548 4987 1990 5061 erigens,ﬁrn1i-

341 5078 430 5130 ter
460 5073 729 5141 munivit,
765 5073 1031 5129 solebant
1087 5075 1242 5131 enim
1304 5092 1409 5131 nos
1465 5081 1636 5134 antea
1691 5097 1794 5152 per
1841 5079 1990 5135 hanc

342 5162 542 5217 villam
576 5163 644 5218 ad
681 5178 881 5218 muros
913 5179 1098 5234 usque
1138 5161 1390 5220 civitatis
1437 5164 1723 5222 irruentes
1763 5169 1994 5225 furtivis

343 5250 652 5308 conatibus
701 5251 1035 5323 frequenter
1079 5256 1136 5306 et
1183 5251 1423 5323 impune
1472 5255 1744 5327 praedari,
1796 5257 1994 5330 ipsum

345 5356 578 5414 quoque
609 5339 1011 5413 Apoguiacum
1037 5339 1393 5397 omnimodis
1421 5349 1802 5416 aggravantes
1831 5346 1994 5404 dolo-

347 5431 511 5486 ribus
537 5428 595 5485 in
630 5433 856 5486 tantum
889 5445 954 5485 eo
986 5434 1244 5502 tempore
1267 5429 1681 5502 afﬂixerant,ut
1702 5435 1778 5491 ibi
1803 5438 1992 5510 pauci,

345 5519 446 5592 qui
508 5519 706 5593 fugere
777 5517 1134 5590 nequibant,
1202 5517 1577 5576 mendicitate
1638 5527 1694 5578 et
1761 5525 1997 5582 miseria

347 5609 570 5682 repleti,
606 5610 690 5668 sic
719 5611 775 5666 et
806 5608 886 5667 sic
920 5606 1156 5665 illorum
1189 5607 1450 5664 servituti
1500 5617 1784 5683 quantum
1821 5617 1996 5688 jube-

2095 535 2402 592 castellum
2435 537 2577 594 illud
2609 539 2848 596 afﬁxum
2871 546 2958 598 est
2979 546 3036 597 et
3056 541 3328 615 oppidani
3364 541 3455 596 illi
3486 542 3645 614 quasi
3663 542 3722 598 de

2096 629 2282 680 morte
2331 626 2596 684 suscitati
2649 628 2997 697 revixerunt,
3039 635 3091 686 et
3137 631 3317 686 nostri
3373 631 3533 686 cives
3573 630 3721 686 soluti

2097 713 2404 769 formidine
2433 721 2720 789 vagantur
2766 735 2922 773 nunc
2969 705 3317 790 quocunque
3344 719 3574 774 volunt.
3602 725 3722 776 Item

2094 817 2227 858 eum
2263 803 2645 860 Pulverenum
2679 805 2978 863 meliorem
3009 807 3189 878 hujus
3227 807 3508 865 Ecclesia:
3539 813 3721 864 terram

2091 891 2364 949 violentia
2389 895 2782 966 quorumdam
2804 901 3182 968 tyrannorum
3207 897 3479 970 iniquam
3505 896 3724 970 duplicis

2094 979 2438 1037 salvamenti
2469 985 2956 1040 consuetudinem
2974 985 3223 1058 singulis
3237 987 3418 1041 annis
3451 987 3721 1058 rapiendo,

2094 1085 2271 1142 prope
2301 1071 2589 1127 desertam
2623 1072 2913 1142 ruricolis,
2943 1078 2998 1128 et
3035 1073 3167 1129 aliis
3217 1075 3394 1146 bonis
3443 1075 3723 1140 effecisset,

2095 1158 2371 1215 fortitudo
2402 1161 2668 1232 praesulis
2688 1161 2860 1218 istius
2883 1163 3232 1219 subveniens
3251 1162 3330 1218 ita
3356 1164 3723 1236 sycophantas

2093 1245 2225 1302 illos
2257 1249 2380 1304 solo
2413 1249 2544 1305 belli
2579 1254 2736 1306 metu
2770 1250 3028 1306 simulati
3061 1252 3365 1314 exterruit,
3399 1258 3469 1306 ut
3499 1252 3594 1324 qui
3625 1253 3725 1325 pri-

2095 1337 2276 1392 mitus
2306 1339 2719 1396 canonicorum
2755 1357 2976 1414 preces,
3001 1341 3117 1397 imo
3151 1341 3550 1414 pecunias,vel
3573 1343 3727 1400 susci-

2094 1443 2227 1497 pere
2257 1427 2326 1482 ad
2363 1430 2822 1502 redemptionem
2874 1431 3105 1501 injuste:
3155 1431 3450 1503 portionis
3480 1432 3726 1504 dedigna-

2098 1516 2327 1582 banlur,
2361 1517 2514 1572 idem
2565 1518 2674 1591 ipsi
2729 1519 2965 1574 tandem
3015 1519 3184 1592 quasi
3234 1518 3493 1576 ultronei
3541 1523 3598 1576 et
3629 1537 3724 1576 non

2093 1601 2277 1664 inviti,
2312 1609 2506 1662 tamen
2540 1607 2723 1666 inviti.
2759 1625 2872 1664 non
2926 1606 3198 1674 ultronei,
3230 1608 3484 1665 liberam
3523 1609 3726 1682 penitus

2095 1693 2166 1746 ah
2234 1693 2335 1750 illa
2399 1697 2739 1767 pervasione
2799 1701 3012 1752 terram
3079 1701 3262 1754 totam
3333 1697 3725 1764 acclamarent,

2093 1782 2281 1838 Valeat
2305 1784 2582 1840 fortitudo
2603 1802 2734 1840 cum
2762 1785 3150 1858 justitia.quze
3173 1787 3534 1843 conterendo
3555 1790 3725 1842 sontes
3783 1779 3785 1794 ¹

2093 1872 2341 1927 servavit
2368 1873 2728 1942 innocentes,
2764 1874 2970 1930 habuit
3001 1892 3234 1948 quoque
3271 1876 3612 1932 conflictum
3641 1892 3724 1948 pro

2093 1960 2267 2016 rebus
2297 1961 2564 2017 Ecclesia:
2617 1968 2821 2020 contra
2870 1963 3312 2020 Tociacensium
3365 1965 3724 2038 frangendam

2093 2049 2490 2117 rebellionem,
2521 2069 2670 2124 quos
2697 2055 2892 2108 tamen
2917 2069 3050 2108 cum
3083 2053 3196 2108 cito
3228 2053 3552 2127 subegerit,
3570 2051 3724 2126 patris

2093 2138 2374 2194 coactioni
2407 2141 2649 2197 Partiaci
2684 2141 2904 2197 faciens
2934 2145 3213 2210 castrum,
3238 2145 3460 2197 terram
3495 2147 3724 2198 nostram
3783 2189 3785 2195 .

2094 2229 2412 2284 admodum
2442 2229 2771 2298 laesit,unde
2803 2235 2858 2286 et
2887 2229 3117 2302 culpam
3153 2234 3493 2302 prostratus
3515 2231 3571 2286 in
3595 2230 3724 2303 capi-

2095 2315 2218 2372 tulo
2251 2317 2426 2384 flevit,
2478 2322 2534 2374 et
2581 2320 2866 2375 damnum
2906 2318 3256 2375 emendavit.
3293 2320 3574 2376 Promisit
3594 2319 3722 2375 enim

2095 2405 2264 2461 nobis
2295 2423 2355 2460 se
2388 2407 2665 2464 daturum
2705 2409 2753 2464 si
2798 2426 2832 2464 a
2875 2408 3093 2480 quibus
3119 2408 3358 2464 deberet
3389 2408 3725 2481 sapientibus

2095 2494 2205 2550 sibi
2223 2495 2554 2552 consultum
2575 2497 2722 2554 foret
2739 2497 3164 2554 restitutionem
3181 2514 3364 2570 quam
3379 2499 3723 2571 optabamus,

2095 2582 2316 2639 scilicet
2346 2586 2882 2658 praefecturam,qui
2907 2585 3532 2660 personatusadiebus
3556 2585 3724 2641 multis

2087 2673 2213 2744 jam
2244 2673 2509 2730 Ecclesia:
2541 2675 2948 2730 communitati
2975 2674 3165 2748 magis
3195 2691 3262 2729 ac
3293 2675 3496 2748 magis
3525 2674 3724 2747 optaba-

2097 2765 2220 2830 tur;
2256 2763 2356 2817 sed
2387 2763 2666 2834 quoniam
2700 2767 3001 2836 superstes
3029 2767 3153 2818 erat
3181 2761 3382 2818 adhuc
3414 2778 3651 2836 persona
3673 2776 3724 2814 eo

2095 2854 2378 2922 tempore,
2413 2851 2576 2906 dedit
2621 2851 2790 2908 nobis
2841 2868 2945 2924 pro
3002 2851 3352 2907 investitura
3403 2851 3722 2924 prafecturn

2095 2939 2388 2994 abbatiam
2421 2940 2600 2995 beata:
2634 2939 2848 3008 Mariae,
2881 2939 3087 2996 nolens
3115 2944 3181 2996 ut
3209 2939 3582 3012 infructuosa
3606 2938 3722 2993 inte-

2094 3025 2204 3082 rim
2237 3028 2586 3100 exspectatio
2623 3030 2840 3085 faceret
2887 3046 2994 3084 nos
3042 3029 3356 3085 adversum
3392 3047 3457 3085 se
3489 3043 3721 3084 murmu-

2095 3119 2324 3184 rantes;
2357 3117 2520 3174 dedit
2541 3121 2599 3174 ct
2629 3118 2972 3190 praebendas
3002 3117 3170 3186 duas,
3195 3134 3350 3190 quas
3372 3117 3595 3184 darent,
3617 3113 3723 3187 qui-

2095 3205 2206 3260 bus
2236 3204 2448 3262 vellent
2499 3223 2512 3262 :
2567 3206 2700 3262 inde
2742 3223 2875 3262 vero
2916 3209 3134 3279 quanta
3165 3205 3424 3278 puritate
3455 3202 3722 3262 charitatis

2095 3311 2202 3350 nos
2235 3294 2292 3349 in
2324 3299 2447 3350 tota
2476 3295 2593 3350 vita
2623 3295 2888 3352 dilexerit
2919 3294 3326 3351 testimonium
3359 3295 3578 3368 praebet
3603 3291 3718 3348 illud

2095 3384 2422 3457 egregium,
2454 3387 2509 3439 et
2538 3402 2717 3457 supra
2746 3388 2952 3440 caetera
2983 3382 3368 3440 memorabile
3417 3385 3648 3452 donum,
3673 3378 3722 3434 in

2097 3489 2210 3544 quo
2243 3472 2410 3528 nobis
2451 3490 2512 3528 se
2555 3477 2674 3529 tam
2722 3473 3340 3529 misericordissimum
3376 3471 3649 3536 exhibuit,
3673 3471 3724 3521 ut

2095 3561 2237 3616 dum
2288 3562 2516 3618 animas
2561 3565 2792 3617 nostras
2841 3561 3255 3628 amaverimus,
3283 3560 3449 3634 illius
3499 3554 3722 3616 oblivisci

2097 3649 2434 3706 nullatenus
2465 3651 2958 3708 debeamus.Nam
2981 3668 3116 3706 cum
3143 3649 3331 3706 sancti
3357 3655 3722 3706 antecessores

2096 3741 2226 3811 ejus
2255 3739 2604 3796 statuissent
2633 3739 2910 3812 episcopi,
2935 3744 3003 3794 ut
3032 3738 3172 3795 solis
3195 3738 3409 3794 diebus
3432 3737 3724 3807 Quadrage-

2098 3827 2259 3884 simae
2291 3846 2359 3884 ex
2383 3829 2618 3902 preprio
2649 3829 2971 3902 praebenda:
3002 3827 3284 3884 beneﬁcio
3317 3827 3520 3884 fratris
3556 3825 3722 3896 cujus-

2097 3934 2328 3990 cunque
2361 3917 2665 3987 memoria,
2713 3935 2845 3973 cum
2899 3917 3129 3983 obiiset,
3181 3915 3597 3982 celebraretur,
3637 3912 3723 3967 iste

2096 4012 2258 4064 tanto
2285 4007 2627 4064 clementior
2655 4006 2774 4063 illis
2804 4007 2994 4064 factus
3017 4006 3075 4062 in
3102 4006 3213 4062 hac
3245 4002 3723 4076 bonitate.quant0

2099 4097 2156 4152 in
2189 4097 2412 4152 czeteris
2442 4097 2749 4152 videbatur
2779 4095 3035 4162 inferior,
3055 4095 3282 4152 addidit
3301 4098 3362 4150 et
3381 4087 3724 4154 stabilivit,ut

2081 4185 2300 4255 ,nullus
2321 4187 2444 4258 jam
2469 4186 2542 4242 ab
2572 4186 2737 4242 obitu
2754 4202 2862 4242 suo
2878 4183 3196 4242 canonicus
3220 4200 3408 4256 usque
3441 4183 3512 4239 ad
3535 4190 3721 4237 annum

2099 4275 2432 4349 integritate
2465 4275 2784 4348 praebendas
2815 4273 3201 4348 privetur,sed
3225 4275 3380 4328 totos
3411 4271 3548 4326 inde
3568 4263 3723 4324 reddi-

2097 4369 2196 4420 tus
2245 4365 2565 4438 presbyter,
2615 4381 2730 4419 non
2781 4367 2978 4438 uoster
3033 4369 3228 4438 tamen
3280 4360 3615 4423 eanonicus,
3641 4367 3721 4426 pro

2099 4435 2370 4509 defuncto
2399 4435 2703 4525 suscipiat,
2737 4435 3124 4524 qui‘missam
3171 4437 3436 4522 quotidie
3485 4444 3721 4504 celebret.

2097 4542 2375 4598 horarum
2404 4540 2670 4596 victimas
2701 4540 3129 4614 solvatjugiter
3158 4543 3380 4604 oret,ex
3410 4554 3529 4610 quo
3549 4535 3613 4591 de
3640 4526 3720 4588 Dei

2101 4630 2454 4687 conﬁdimus
2475 4629 3018 4704 pietatc,nunquam
3045 4643 3288 4684 suorum
3310 4626 3536 4682 carebit
3555 4618 3724 4678 remis-

2101 4720 2264 4778 sione
2291 4723 2682 4794 peccatorum,
2715 4719 2814 4792 qui
2866 4722 2984 4773 tam
3035 4717 3329 4790 benignus
3377 4715 3491 4770 fuit
3537 4712 3592 4768 in
3634 4708 3720 4762 im-

2099 4807 2422 4882 petrationa
2478 4806 2846 4872 remissionis
2917 4805 3029 4861 sibi
3103 4804 3504 4867 subditorum,
3562 4794 3724 4854 adhuc

2100 4902 2296 4954 autem
2326 4901 2384 4953 et
2412 4895 2567 4952 aliud
2602 4913 2616 4951 :
2649 4912 2783 4952 cum
2833 4912 2939 4952 suo
2987 4899 3250 4967 tempore
3281 4891 3454 4947 miles
3493 4885 3723 4961 quidam,

2099 4989 2231 5044 Atto
2258 4985 2471 5055 dictus,
2506 4989 2729 5058 partem
2763 4983 3256 5050 molendinorum,
3285 4999 3414 5054 qua:
3461 4979 3595 5035 sunt
3637 4968 3724 5058 sub

2100 5094 2290 5146 muro,
2324 5079 2381 5131 et
2409 5075 2490 5130 ita
2511 5057 2819 5142 vocantur,
2873 5091 3051 5130 manu
3101 5073 3334 5128 firmata
3364 5069 3437 5126 ab
3469 5057 3726 5140 episcopis

2102 5171 2310 5222 tenens
2340 5161 2915 5236 canonicis,quorum
2949 5165 3072 5219 erat
3101 5161 3284 5218 altera
3311 5151 3725 5232 pars,p1acitum

2103 5256 2341 5329 egisset,
2373 5253 2500 5326 ipse
2530 5252 2807 5322 laudavit,
2839 5258 3077 5324 excepto
3107 5251 3264 5324 quod
3292 5239 3725 5329 anniversarium

2104 5326 2278 5402 suum
2310 5341 2692 5417 promisimus
2719 5342 2847 5398 ideo
2879 5341 3196 5416 quotannis
3227 5337 3578 5396 faciendum.
3601 5326 3727 5386 Sunt

2105 5435 2220 5490 alia
2252 5433 2358 5506 pia:
2402 5430 2816 5488 sollicitudinis
2869 5432 3020 5503 ejus,
3071 5448 3200 5504 quas
3249 5427 3407 5484 circa
3453 5417 3727 5512 ecclesiam

2104 5527 2255 5582 hanc
2271 5520 2479 5578 habuit
2495 5519 2730 5588 indicia,
2745 5538 2870 5594 quae
2889 5537 3022 5576 cum
3045 5522 3253 5577 ornent
3272 5517 3470 5590 ipsum
3490 5507 3728 5594 Ecclesia

2105 5630 2338 5688 corpus,
2373 5614 2474 5666 aut
2522 5590 2860 5681 instituant,
2892 5609 3212 5668 maluimus
3243 5605 3344 5663 illa
3374 5609 3568 5662 tamen
3597 5590 3728 5654 nuda
