3814 6218
28 362 165 432 1'85~

844 365 944 427 DE
990 363 1260 427 GESTIS
1306 363 1553 427 EPISC.
1599 365 2038 429 ANTISSIOD.
2078 400 2151 411 —-—
2184 368 2386 431 PARS
2433 368 2482 430 Ῑ.

3248 369 3369 432 286

23 501 211 559 veritate
235 497 475 557 breviter
504 501 803 563 annotam,
823 513 1003 570 quam
1025 497 1333 553 verborum
1365 496 1606 553 ﬂoribus
1636 501 1691 566 Α
1788 498 2119 556 Adnectens
2152 499 2361 567 Frodo,
2383 497 2623 557 Goffridi
2643 468 2808 573 prius
2840 498 2975 557 inde
3005 498 3239 557 Robcrti

24 590 276 647 luculentis
312 591 379 644 ad
428 589 665 645 lectoris
712 587 1012 644 fastidium
1063 586 1340 642 colorare.
1376 588 1517 642 Ecce
1548 587 1608 642 in

26 680 212 735 introitu
239 696 339 733 suo
370 678 601 733 dorsale
630 678 839 733 coloris
868 674 1174 748 sanguinei
1209 676 1439 743 obtulit,
1476 676 1609 749 pul-

27 769 166 840 pitum
187 766 287 822 alio
309 772 568 837 tempore
595 766 1035 838 quadringentis
1062 764 1267 819 solidis
1288 783 1355 819 ex
1377 764 1609 838 proprio

27 858 140 911 datis
166 856 272 910 fieri
306 856 455 922 fecit,
476 856 851 927 postmodum
878 860 1115 925 excepto
1138 853 1328 926 capite
1359 855 1611 926 parietes

29 944 145 1000 chori
177 942 408 999 ecclesia:
461 943 745 1009 vitreavit,
777 943 986 999 deinde
1035 948 1265 1015 cryptae
1316 946 1487 998 antea
1519 943 1611 996 ni-

30 1033 166 1086 mium
193 1033 513 1086 tenebrosae
564 1030 816 1104 geminis
848 1030 1213 1103 ingressibus
1262 1030 1608 1086 illustravit:

29 1121 211 1175 demum
238 1120 531 1193 signorum
566 1125 758 1175 turres
797 1120 869 1175 ab
917 1119 1054 1174 imis
1105 1119 1360 1175 ecclesiae
1394 1117 1612 1192 regulis

30 1226 213 1264 sursum
240 1210 549 1273 aedificans,
583 1208 1031 1264 consummavit.

80 1298 252 1353 Cetera
272 1299 392 1369 jam
438 1297 604 1352 illius
636 1298 786 1353 bona
822 1296 1149 1353 desinimus
1180 1296 1296 1364 hic,
1327 1315 1441 1352 non
1475 1297 1615 1370 quia

31 1386 152 1439 nulla
176 1387 295 1452 sint,
328 1402 685 1453 memorare;
718 1386 816 1440 sed
850 1385 1128 1457 quoniam
1162 1403 1346 1440 unum
1376 1386 1611 1454 habuit;

32 1474 201 1529 scilicet
218 1474 381 1529 animi
414 1478 970 1546 temperamentum,
987 1475 1057 1528 de
1075 1492 1189 1546 quo
1214 1474 1261 1529 si
1286 1474 1613 1530 ditferimus

31 1562 219 1619 ulterius
261 1564 433 1635 loqui,
457 1564 655 1619 scelus
703 1569 791 1619 est
838 1562 1282 1635 impiissimum,
1314 1564 1530 1619 nedum
1564 1564 1613 1618 si

30 1651 222 1707 velimus
246 1652 473 1707 omnino
513 1652 777 1707 reticere.
812 1652 957 1707 Nam
988 1652 1074 1706 vir
1107 1669 1351 1707 summa:
1402 1652 1613 1708 nobili-

31 1740 134 1795 tatis
161 1745 208 1795 et
250 1741 540 1796 immensa:
604 1740 893 1811 potentiae,
928 1757 1101 1811 quem
1162 1739 1346 1813 gloria
1407 1741 1612 1796 mundi

33 1829 333 1899 sequebatur,
355 1835 410 1884 et
440 1828 641 1884 omnis
666 1828 907 1884 felicitas
938 1828 1279 1900 temporalis
1311 1829 1610 1897 adorabat,
1650 1862 1692 1925 Β

36 1920 155 1971 tanta
181 1935 386 1990 semper
415 1920 687 1973 animum
722 1917 1021 1990 vigilantia
1050 1918 1382 1997 custodivit,
1418 1924 1482 1972 ut
1512 1935 1619 1972 nec

36 2005 167 2061 semel
190 2007 331 2061 ῑωάεε
360 2007 684 2079 voluptatis
714 2006 863 2061 actio
904 2010 1129 2061 notaret
1169 2006 1355 2075 illum,
1390 2023 1496 2061 nec
1527 2006 1619 2078 ip-

35 2094 126 2148 sius
150 2095 245 2150 oris
273 2096 483 2151 locutio
506 2096 597 2150 vel
632 2095 762 2150 irati
782 2111 1140 2168 quemquam
1164 2095 1275 2150 sibi
1297 2095 1623 2151 lucraretur

34 2179 302 2251 inimicum;
343 2185 458 2240 imo
509 2184 816 2240 vidimus:
864 2200 969 2239 nec
1026 2182 1300 2239 inimicus
1356 2183 1516 2240 illius
1548 2191 1623 2257 (si

35 2271 133 2341 quis
155 2274 244 2343 est)
272 2273 670 2329 contradicere
704 2272 878 2341 valet,
905 2273 1059 2345 quod
1110 2289 1245 2328 cum
1277 2273 1349 2328 ab
1379 2272 1622 2345 indigno

36 2358 239 2427 quolibet
264 2361 365 2417 sibi
393 2363 618 2418 videnti
653 2362 737 2418 vel
782 2360 1039 2417 audienti
1071 2361 1494 2429 detraheretur,
1522 2367 1625 2417 aut

38 2447 220 2518 aliquod
259 2451 617 2507 contumeliae
666 2451 904 2506 verbum
956 2451 1294 2517 inferretur;
1330 2450 1414 2506 sic
1462 2451 1623 2506 mitis

36 2540 74 2587 et
99 2547 391 2595 mansuetus
417 2559 548 2596 esse
594 2539 904 2605 continuit,
938 2544 1001 2593 ut
1049 2556 1201 2611 saepe
1233 2540 1281 2594 is
1312 2539 1410 2611 qui
1443 2539 1620 2595 male-

37 2623 162 2680 dictis
187 2627 330 2683 illum
379 2634 737 2701 provocaret,
771 2626 1114 2699 patientiam
1166 2628 1295 2699 ejus
1348 2627 1620 2693 intuitus,

38 2715 77 2765 et
98 2730 149 2768 ex
170 2733 226 2770 ea
252 2717 305 2771 in
335 2718 525 2789 seipso
589 2734 801 2790 pavore
849 2720 1173 2788 correptus,
1206 2721 1368 2773 tanto
1399 2716 1627 2774 confes-

36 2802 113 2855 tim
157 2805 509 2875 penitudinis
573 2806 793 2873 dolore,
820 2805 1037 2878 pugnis
1099 2811 1302 2878 pectus
1359 2808 1416 2862 et
1470 2805 1627 2863 labia

37 2892 229 2948 tundens
256 2895 505 2967 seipsum
538 2896 1129 2965 afficeret,quatenus
1156 2894 1347 2966 quivis
1377 2893 1626 2950 intuitus

38 2974 387 3047 bocjudicaret
407 2984 665 3040 multum
690 2984 738 3039 ei
769 2982 950 3055 parci,
976 2984 1023 3038 si
1050 2983 1290 3039 meritos
1317 3000 1624 3056 poenarum

36 3068 265 3125 cruciatus
302 3074 489 3143 potius
519 3073 592 3129 ad
642 3072 960 3127 vindictam
1006 3072 1351 3144 susciperet.
1386 3072 1624 3128 Brevius

36 3153 197 3225 diram,
223 3160 369 3216 nulla
398 3160 507 3216 fuit
560 3177 823 3232 unquam
875 3160 1161 3232 asperitas
1212 3160 1617 3234 malignitatis,

38 3257 169 3314 quam
189 3265 290 3304 non
310 3257 498 3322 posset
519 3227 705 3306 lenire
726 3252 854 3320 ejus
880 3227 1256 3320 pulchritudo
1282 3227 1481 3305 blandi
1506 3267 1622 3306 ser-
1651 3227 1693 3294 δ

39 3334 204 3391 monis:
225 3339 315 3393 sed
335 3346 387 3394 et
415 3341 486 3395 de
511 3338 882 3410 voluptuosis
928 3338 1370 3405 tentationibus,
1398 3338 1505 3394 hoc
1537 3345 1626 3395 est

40 3417 216 3480 lascivis
241 3428 483 3483 motibus
514 3427 713 3497 carnis
744 3426 931 3499 ipsius
970 3426 1102 3498 quid
1136 3427 1445 3482 dicemus?
1476 3444 1626 3499 quos

40 3510 268 3569 refrenare
294 3522 461 3589 atque
492 3517 881 3589 comprimere
914 3520 1033 3571 tam
1076 3514 1375 3571 studiosus
1408 3516 1537 3581 fuit,
1560 3520 1627 3576 ut

38 3597 103 3651 vix
143 3600 423 3675 aliquando
482 3606 685 3661 vinum
745 3604 986 3659 biberet.
1022 3604 1286 3676 Cumque
1345 3604 1559 3677 saepius
1590 3624 1625 3661 a

39 3686 223 3745 medicis
240 3700 665 3761 moneretur,ut
693 3711 828 3762 non,
855 3692 968 3749 nisi
1000 3692 1111 3748 cito
1146 3693 1291 3748 mori
1321 3693 1513 3762 vellet,
1539 3697 1625 3754 sic

37 3774 187 3833 vinum
205 3797 266 3836 ex
289 3788 403 3839 toto
431 3785 663 3849 vitaret,
687 3799 803 3837 non
837 3781 976 3854 quia
1022 3781 1148 3853 ipse
1195 3783 1342 3838 mori
1373 3782 1619 3851 volebat,

37 3863 109 3918 sed
132 3882 336 3927 causam
366 3874 577 3929 mortis
615 3878 672 3928 et
702 3871 963 3927 fomitem
1011 3871 1273 3927 libidinis
1323 3881 1533 3929 natura
1564 3877 1623 3929 et

40 3954 399 4016 atatetervidus
418 3962 740 4026 metuebat,
757 3958 935 4016 nullis
954 3959 1215 4031 monitis,
1232 3959 1411 4017 nullis
1423 3960 1623 4018 exhor-

40 4040 292 4104 tationibus
318 4068 527 4123 passus
560 4055 652 4106 est
682 4050 847 4124 prius
887 4050 1278 4121 acquiescere,
1305 4068 1484 4122 quam
1517 4051 1623 4106 ab-

40 4129 253 4190 stinentia
277 4137 371 4193 illa
389 4139 473 4195 sic
504 4141 843 4195 infirmatus
876 4144 965 4193 est
996 4138 1165 4193 nobis
1192 4137 1623 4205 videntibus,ut

36 4213 156 4279 juxta
168 4225 499 4283 medicorum
516 4227 868 4283 sententiam
878 4226 1115 4297 juvenis
1130 4227 1324 4282 adhuc
1354 4228 1620 4284 omnium

42 4311 383 4369 necessitatum
405 4316 730 4371 novissima
750 4321 923 4388 atque
949 4316 1225 4383 maxima,
1254 4320 1439 4372 morte
1460 4317 1620 4371 vide-

41 4388 149 4459 licet,
176 4406 290 4457 ante
343 4409 578 4477 tempus
636 4409 956 4476 raperetur,
991 4422 1117 4476 qua
1175 4409 1233 4460 et
1289 4404 1340 4461 si
1398 4409 1623 4477 poterat

42 4482 209 4540 medela
234 4505 539 4566 parumper
569 4493 809 4564 differri,
834 4494 1115 4565 nequibat
1156 4496 1354 4548 tamen
1382 4493 1620 4549 omnino

42 4570 141 4659 (illis
166 4578 357 4634 veniret
406 4580 636 4637 diutius
688 4580 943 4636 retineri.
978 4582 1127 4653 Ergo
1185 4580 1451 4636 Nivernis
1505 4586 1699 4659 tofaD

42 4656 312 4740 {egritudine
336 4673 563 4740 captus,
596 4667 823 4735 induto,
850 4671 924 4722 'ut
966 4667 1154 4732 aiunt,
1190 4666 1395 4722 habitu
1429 4669 1615 4726 sancti

43 4738 287 4829 Benedicti,
318 4738 649 4828 amarisqne
697 4755 971 4829 laerymis
1014 4755 1237 4811 deflens
1286 4755 1441 4811 mala
1488 4773 1615 4829 qua

43 4828 215 4924 fverat.
240 4847 290 4896 et
332 4845 387 4899 in
429 4845 795 4902 confessione
826 4828 1166 4900 defunctus
1223 4828 1526 4913 catholica,
1560 4851 1615 4901 et

42 4918 200 5007 ibidem
226 4929 277 4984 in
306 4933 453 4989 beati
483 4934 934 5007 protomartyris
962 4932 1203 4988 feliciter
1232 4932 1498 5005 sepultus
1529 4936 1618 4988 est

44 5003 225 5071 basilica
251 5036 285 5073 ιι
318 5021 450 5078 ldus
483 5003 679 5080 -Febr.
715 5003 837 5078 Illic
895 5021 1176 5077 honorem
1234 5003 1616 5094 magnificum

44 5106 257 5163 Praeterit
296 5111 416 5181 ejus
464 5112 750 5179 membra,
785 5111 877 5166 hic
921 5109 1090 5165 nobis
1135 5108 1341 5167 diebus
1390 5110 1618 5166 cunctis

46 5182 240 5248 fructum
276 5197 477 5267 ferunt,
507 5218 634 5273 ques
683 5199 932 5272 largitus
979 5203 1088 5263 est,
1139 5198 1440 5265 beneficia,
1474 5216 1616 5271 qua-

44 5284 225 5348 Pmptcr
250 5288 514 5344 memoria
540 5287 701 5345 illius
722 5288 939 5361 scripto
973 5287 1239 5359 praesenti
1271 5287 1489 5356 vivens,
1516 5304 1620 5343 nec

45 5374 69 5412 ἃ
91 5370 262 5427 nostris
287 5378 503 5432 recedet
531 5378 827 5444 cordibus,
863 5393 967 5433 nec
1004 5375 1220 5431 nostris
1250 5374 1468 5431 carebit
1498 5392 1619 5431 ora-

46 5447 263 5514 tionibus,

93 5537 386 5628 l’ontilicum
417 5553 603 5612 Gestis
631 5553 881 5612 aliorum
913 5559 1078 5628 gesta
1107 5554 1358 5609 duorum

96 5626 307 5693 Clericus
337 5644 634 5701 amborum
658 5646 807 5701 vitas
838 5626 1151 5716 descripsit
1178 5659 1400 5711 eorum,

1793 588 1970 643 Fidus
2002 607 2100 644 eas
2131 590 2268 660 egit,
2292 589 2430 661 quia
2460 607 2574 645 non
2609 589 2721 646 nisi
2751 590 2983 661 cognita
3010 590 3153 645 dixit
3183 606 3197 645 :

1790 677 1915 732 Non
1949 678 2138 749 potuit
2176 695 2390 734 munus
2424 678 2688 734 Dominis
2721 695 2944 750 pauper
2974 678 3111 734 dare
3145 679 3338 750 majus

1791 768 1973 831 Quam
1989 768 2142 838 quod
2162 767 2211 822 ei
2228 773 2451 823 certum
2469 772 2658 823 servat
2675 784 2977 839 nunquam
2998 767 3372 830 moriturum,

1795 855 1955 910 Unde
1988 856 2102 911 Deo
2138 857 2349 911 mentis
2380 857 2482 912 des
2516 855 2721 912 laudes
2751 858 2952 929 utique
2985 856 3194 922 tristis,

1793 943 2003 1009 Pascit,
2035 949 2091 999 et
2123 944 2180 999 in
2213 944 2403 1000 verbis
2433 949 2587 1001 Deus
2620 950 2685 1000 ut
2716 944 2828 1002 sibi
2858 951 3059 1016 parcat
3089 950 3146 1000 et
3174 943 3313 1001 illis.

1873 1076 2234 1147 Epitaphium
2266 1077 2479 1133 Robcrli
2506 1078 2767 1149 praesulis
2793 1086 2844 1134 et
2871 1081 3203 1151 conquestio.

1813 1190 2013 1240 Consul
2044 1195 2096 1241 et
2125 1193 2362 1253 antistes,
2386 1194 2655 1257 geminato
2685 1193 2880 1257 dignus
2908 1193 3134 1252 honore,

1816 1271 1881 1319 Ut
1912 1272 2163 1320 minimus
2194 1273 2369 1336 quivis
2399 1274 2593 1338 migras
2622 1274 2878 1323 moriture
2910 1273 3158 1333 Roberte,

1814 1348 2155 1407 Quantalibet
2176 1353 2315 1401 bona
2335 1354 2456 1409 sint,
2481 1353 2753 1403 morituris
2773 1357 2830 1402 ut
2860 1353 2987 1416 quid
3011 1352 3284 1413 habenda,

1818 1429 2120 1479 Aeciden-int
2148 1431 2340 1480 melius
2374 1432 2607 1487 victuris,
2640 1433 2841 1495 quippe
2874 1433 3098 1490 minora,

1814 1511 1899 1558 Sic
1929 1511 2130 1559 utinam
2162 1512 2333 1569 fieret,
2355 1526 2527 1575 pauca
2556 1526 2674 1561 cum
2706 1513 3057 1575 prosperitate

1816 1590 2092 1647 Quatenus
2122 1592 2406 1642 affluerent
2436 1592 2609 1655 longae
2642 1592 2923 1655 dispendia
2954 1592 3094 1641 vitae.

1814 1671 1946 1719 Cum
1979 1671 2189 1720 modica
2219 1673 2344 1729 vita,
2376 1674 2555 1735 potius
2586 1686 2746 1735 quam
2779 1672 2975 1733 gaudia
3004 1672 3191 1731 multa,

1818 1749 1919 1799 Sed
1950 1751 2088 1799 Deus
2119 1750 2257 1799 hanc
2286 1752 2449 1801 talem
2480 1752 2687 1801 confert
2717 1765 2814 1815 per
2844 1752 3226 1815 posteritatem,

1814 1830 1881 1879 Ut
1912 1843 2005 1892 per
2036 1836 2398 1880 transversum
2426 1833 2701 1895 contingat
2728 1832 2931 1895 optima
2960 1846 3159 1894 rerum,

1823 1908 1885 1957 Et
1913 1909 1997 1957 cui
2026 1910 2320 1972 spondetur
2347 1925 2510 1970 mors,
2533 1911 2610 1960 illi
2638 1911 2745 1961 vita
2774 1915 3009 1974 paretur,

1822 1988 2028 2051 Quique
2058 1994 2211 2052 putet
2248 1992 2351 2040 vita
2382 1991 2491 2041 fore
2526 1991 2693 2041 fretus
2732 1992 2799 2040 sit
2827 1992 2926 2041 sibi
2956 1996 3158 2041 contra.

1822 2068 1953 2117 Ecce
1982 2068 2070 2117 vid
2107 2074 2158 2119 te
2189 2070 2367 2129 modo,
2390 2070 2518 2134 quid
2550 2071 2617 2120 sit
2649 2070 2714 2119 de
2745 2071 2971 2134 prmsule
3005 2075 3209 2131 nostro,

1824 2148 2017 2197 Nobilis
2047 2153 2097 2198 et
2125 2150 2356 2214 sapiens,
2374 2151 2608 2213 juvenis,
2633 2151 2915 2208 formosius,
2939 2151 3221 2200 amandus.

1823 2228 2077 2278 Praeteriit
2107 2233 2361 2293 tanquam
2395 2230 2437 2279 si
2470 2243 2572 2280 nec
2599 2231 2813 2294 genitus
2842 2231 2979 2280 foret
3011 2245 3266 2295 unquam'

2109 2336 2242 2392 Car.
2282 2337 2421 2393 Llll.
2451 2368 2515 2377 —
2547 2338 2621 2393 De
2652 2337 3001 2392 flumbaudo.

1804 2434 2192 2491 Hurnbaudus
2218 2436 2380 2491 bona:
2405 2435 2699 2491 memoriae
2723 2453 2789 2489 ex
2812 2435 3029 2491 decano
3051 2435 3380 2509 episcopus,

1732 2523 1964 2579 natione
1987 2524 2531 2591 Antissiodorensis,
2547 2541 2615 2580 ex
2638 2529 2799 2596 patre
2822 2523 3172 2594 Humbaldo,
3199 2530 3386 2582 matre

1731 2612 1932 2679 Adela,
1965 2612 2145 2668 nobili
2175 2612 2439 2669 videlicet
2476 2613 2748 2686 prosapia
2780 2616 2964 2681 ortus,
3000 2612 3150 2669 sedit
3199 2608 3385 2670 annos

1730 2705 1820 2769 22,
1846 2718 2077 2757 menses
2109 2704 2160 2768 4,
2184 2702 2306 2758 dies
2356 2704 2440 2758 17.
2467 2703 2599 2758 Fuit
2643 2706 2836 2758 autem
2871 2702 3025 2759 idem
3074 2701 3385 2776 episcopus

1792 2791 2095 2863 mporibus
2114 2792 2509 2847 Romanorum
2532 2791 2876 2863 pontificum
2891 2791 3107 2847 Urbani
3131 2809 3293 2865 papa
3314 2792 3383 2858 Il,

1848 2879 2030 2936 chalis
2060 2881 2325 2946 secundi,
2354 2880 2739 2952 regnantibus
2769 2880 2921 2951 apud
2968 2880 3216 2936 Francos
3247 2880 3386 2937 viris

1734 2968 2154 3041 i‘trissimis
2203 2968 2469 3041 Philippo
2516 2969 2768 3041 glorioso
2814 2970 3168 3025 Francorum
3227 2985 3381 3041 rege,

1734 3056 2223 3136 atqﬂindovieo
2257 3057 2373 3113 filio
2414 3059 2542 3130 ejus
2575 3056 2838 3113 feliciter.
2864 3057 2966 3113 Hic
3017 3057 3088 3112 ab
3138 3058 3387 3114 infantia

1734 3146 1947 3202 studiis
1975 3146 2303 3222 litterarum
2336 3147 2585 3202 traditus
2627 3147 2700 3201 ab
2741 3145 3041 3203 Heriberto
3071 3147 3389 3219 praedeces-

1733 3252 1861 3290 sore
1890 3252 1998 3291 suo
2029 3234 2275 3291 clericus
2307 3239 2479 3308 atque
2512 3233 2828 3290 canonieus
2861 3235 3071 3303 factus,
3098 3234 3388 3309 simplici-

1733 3328 1872 3391 tate,
1903 3329 1956 3381 et
1989 3322 2320 3398 prudentia,
2345 3325 2611 3381 castitate
2638 3340 2703 3379 ac
2737 3324 3104 3396 tcmperatia,
3134 3326 3387 3382 caeteris—

1734 3430 1847 3484 que
1872 3412 2153 3469 virtutum
2178 3412 2420 3468 floribus
2451 3411 2674 3485 pollens
2705 3412 2761 3466 in
2787 3411 3034 3467 ecclesia
3064 3412 3216 3468 beati
3248 3431 3387 3486 pro-

1734 3502 2072 3574 tomartyris
2102 3500 2382 3575 Stephani
2416 3518 2518 3573 per
2566 3501 2764 3556 omnia
2812 3501 3075 3557 ordinem
3124 3502 3389 3558 militans

1731 3591 1943 3659 officia,
1998 3589 2261 3658 honeste,
2304 3590 2689 3662 decenterque
2738 3607 2803 3645 ac
2856 3589 3119 3663 religiose
3169 3590 3389 3648 ibidem

1732 3679 1848 3735 Deo
1888 3678 2101 3735 semire
2162 3678 2420 3749 studuit;
2481 3680 2795 3735 decedente
2853 3682 3046 3735 autem
3096 3696 3129 3735 a
3176 3679 3389 3739 saeculo

1732 3767 2267 3842 praecellentissimo
2282 3768 2624 3841 pontificum
2646 3768 3389 3842 ponntitice,Roberto,mo-

1731 3858 1897 3914 ribus
1919 3863 1974 3914 et
1996 3858 2369 3930 generatione
2392 3857 2678 3914 nobilium
2702 3857 3100 3927 nobilissimo;
3135 3859 3389 3931 pruden-

1731 3946 1815 4002 tia
1842 3963 1907 4002 ac
1940 3947 2198 4019 corporis
2245 3946 2436 4019 specie
2478 3946 2897 4019 speciosiorum
2930 3947 3389 4020 speciosissimo,

1730 4035 2098 4093 Humbaldus
2129 4053 2162 4092 a
2188 4036 2342 4092 clero
2364 4040 2421 4092 et
2443 4036 2657 4109 populo
2679 4036 2931 4093 civitatis
2961 4036 3018 4092 in
3047 4037 3387 4109 pontificem

1730 4124 1984 4197 cligitur,
2017 4125 2236 4182 electus
2279 4125 2515 4197 quidem
2570 4126 2727 4197 apud
2775 4124 3169 4181 Mediolanum
3204 4124 3379 4181 Italiae

1730 4214 2043 4282 civitatem,
2068 4233 2101 4270 a
2129 4213 2356 4270 clericis
2380 4213 2654 4287 pracdicto
2675 4232 2835 4285 papae
2860 4214 3091 4270 Urbano
3115 4212 3387 4270 videlicet

1731 4304 1831 4375 qui
1855 4322 1958 4376 pro
1981 4303 2338 4376 quibusdam
2363 4320 2397 4358 a
2418 4320 2563 4358 sana
2587 4303 2851 4358 doctrina
2873 4301 3302 4358 declinantibus
3324 4302 3384 4358 in

1732 4393 2144 4449 Lombardiam
2178 4392 2575 4458 deccenderat,
2608 4391 3040 4447 consecrandus
3071 4394 3384 4463 praesenta-

1732 4486 1847 4548 tur,
1872 4486 1927 4538 et
1959 4482 2030 4536 ab
2064 4481 2266 4536 eodem
2314 4480 2531 4535 ibidem
2582 4484 2957 4535 consecratus
2987 4479 3058 4533 ad
3088 4480 3383 4551 propriam

1732 4571 2026 4628 civitatem
2059 4569 2375 4636 reducitur,
2402 4573 2576 4641 atque
2607 4568 2666 4623 in
2716 4569 2852 4624 sede
2900 4567 3215 4639 pontificali
3249 4583 3383 4624 cum

1728 4661 1915 4736 gloria
1951 4666 2009 4716 et
2037 4657 2390 4731 bymnidicis
2421 4656 2691 4713 cantibus
2727 4657 2899 4729 juxta
2938 4655 3206 4712 Ecclesiae
3260 4673 3384 4712 mo-

1726 4768 1848 4807 rem
1882 4768 1915 4806 a
1946 4750 2097 4806 clero
2139 4752 2195 4803 et
2243 4746 2456 4820 populo
2489 4747 2689 4802 devote
2739 4750 3047 4818 susceptus
3099 4750 3206 4801 est.
3239 4746 3383 4813 Qui—

1725 4842 1861 4896 dam
1892 4840 2114 4894 interea
2172 4835 2427 4893 ecclesia:
2488 4836 2668 4891 casati
2700 4835 2761 4891 in
2807 4835 3123 4891 Ecclesiam
3181 4833 3382 4892 insur-

1724 4932 1925 5002 gentes
1955 4925 2309 5000 episcopalia
2356 4926 2509 4981 bona
2558 4929 3008 4997 usurpaverunt,
3041 4928 3097 4980 et
3136 4928 3201 4979 ut
3248 4941 3379 4997 pro-

1725 5018 1853 5091 pria
1901 5017 2011 5073 sibi
2059 5016 2308 5072 retinere
2340 5014 2647 5070 voluerunt
2698 5031 2710 5069 :
2762 5030 2960 5069 verum
3008 5013 3378 5070 Humbaldus

1726 5107 1974 5179 simplex
2005 5123 2070 5161 ac
2103 5106 2362 5178 prudens
2392 5104 2722 5176 episcopus,
2756 5102 2884 5158 utili
2921 5101 3165 5159 consilio
3198 5104 3381 5159 fretus

1729 5200 1903 5267 atque
1942 5195 2013 5249 de
2057 5194 2157 5249 Dei
2210 5185 2469 5265 potentia
2512 5193 2790 5258 confisus,
2826 5191 3171 5249 Gaufridum
3222 5197 3379 5247 Dun-

1727 5284 2049 5341 ziacenscm
2089 5280 2347 5338 Varziaci
2400 5284 2657 5337 castrum
2707 5284 3112 5354 occupantem,
3167 5287 3377 5337 terram

1727 5373 2113 5444 hominesque
2146 5370 2299 5427 ultra
2330 5370 2569 5425 modum
2605 5369 3077 5443 depopulantem,
3106 5368 3376 5426 ecclesia-

1728 5464 1876 5520 stica
1900 5460 2132 5533 justitia
2162 5457 2448 5533 sagaciter
2493 5458 2755 5525 removit,
2780 5458 3011 5530 sibique
3048 5474 3114 5513 ac
3153 5470 3379 5511 succes-

1728 5553 1961 5608 soribus
1992 5548 2115 5605 suis
2137 5547 2521 5605 obtinendum
2553 5548 2799 5604 censuit.
2824 5547 3119 5603 Conadam
3143 5555 3375 5615 quoque

1729 5643 1801 5697 ab
1832 5638 2093 5711 Hugonis
2123 5635 2424 5711 tyrannica
2454 5636 2791 5709 pervasione
2821 5632 3104 5701 liberavit,
3125 5628 3223 5703 qui
3253 5626 3375 5699 epi-
3408 5641 3413 5645 ’

3348 5804 3603 5895 με
