3814 6218
372 322 527 395 ’287

1274 332 1606 394 ΑΡΡΕΝΙ).
1653 331 1755 392 AD
1800 329 1990 392 S/EC.
2037 330 2113 391 X.
2150 364 2223 373 -—-
2253 330 2513 392 OPERA
2563 340 2955 389 muneri“.

3709 332 3812 393 288

407 463 671 540 scopales
702 464 964 539 ejusdem
1015 462 1125 522 loci
1175 464 1439 522 redditus
1486 482 1755 539 perversa
1809 462 2057 519 audacia
2084 465 2131 533 Α
2168 461 2447 530 Accolaci,
2471 480 2603 519 cum
2646 463 2890 521 decimis
2919 480 3099 538 quam
3128 480 3162 521 a
3192 462 3476 521 Guiberto
3515 462 3704 522 milite
3730 480 3808 519 ca-

409 559 810 630 usurpaverat,
844 559 901 611 ct
928 554 986 610 in
1032 558 1329 628 posterum
1379 555 1491 610 sibi
1525 555 1770 610 retinere
1804 553 2053 608 sitiebat.

404 647 785 704 Tociacenses
817 643 1089 700 similiter
1132 643 1524 699 ecclesiastica
1553 642 1861 714 disciplina
1904 658 2057 696 coer-

408 736 627 804 euit,ct
656 751 788 806 qure
838 734 909 789 ab
949 732 1262 806 episcopali
1306 734 1441 805 jure
1490 732 1923 804 subripuerant,
1957 748 2056 786 eos

407 826 650 881 reddere
681 822 885 896 coegit.

452 913 581 969 ‘llic
611 912 793 985 igitur
823 928 998 983 quam
1029 910 1119 983 pie
1167 927 1303 981 erga
1349 909 1658 965 Ecclesism
1696 909 1807 964 sibi
1856 928 2053 965 susce-

404 1005 588 1073 ptam,
620 1016 797 1073 quam
846 999 1094 1069 benigne
1126 1016 1191 1053 ac
1239 999 1553 1070 prudenter
1600 1014 1737 1069 erga
1785 998 2053 1054 subditos

404 1108 530 1144 sese
561 1088 785 1156 habuit,
820 1088 1093 1160 praeclara
1125 1089 1252 1157 ejus
1294 1089 1444 1141 facta
1477 1088 1887 1142 demonstrant
1920 1105 1932 1142 :
1966 1093 2052 1142 ct-

403 1179 557 1234 enim
592 1177 897 1233 ecclesiam
933 1176 1134 1231 multis
1178 1176 1477 1231 beneﬁciis
1524 1175 1687 1231 intus
1714 1180 1770 1230 et
1798 1176 2051 1231 exterius

400 1267 711 1333 decoravit,
736 1265 997 1320 aedificiis
1027 1264 1456 1337 multiplicavit,
1486 1264 1808 1320 honoribus
1836 1265 2012 1320 nobili
2036 1296 2051 1307 -

399 1356 567 1424 tavit;
592 1354 793 1411 multis
815 1354 989 1409 etiam
1016 1354 1205 1419 bonis,
1225 1354 1393 1426 plura
1409 1354 1661 1409 ecclesia:
1680 1354 2049 1421 contulisset,

401 1445 513 1501 nisi
546 1445 645 1516 qui
679 1444 847 1498 lio-ris
880 1460 1111 1513 semper
1154 1441 1371 1496 invidet
1410 1441 1677 1497 diabolus
1710 1459 1809 1513 per
1841 1442 2047 1514 pracdi-

400 1538 544 1604 ctos,
568 1537 626 1587 et
658 1533 944 1604 quosdam
990 1530 1136 1585 alios
1186 1534 1465 1602 tyrannos
1495 1530 1544 1584 ei
1578 1547 1770 1585 rerum
1806 1548 2046 1585 suarum

399 1627 575 1695 atque
602 1620 842 1676 honoris
883 1620 1099 1674 damna
1149 1618 1462 1673 intulisset.
1488 1618 1754 1674 Ecclesire
1795 1636 2048 1691 namque

398 1715 552 1767 tecta
571 1712 857 1766 vetustate
882 1711 1230 1780 consumpta
1253 1712 1427 1779 atque
1451 1707 1695 1779 dilapsa,
1722 1709 1885 1764 novis
1906 1709 2048 1763 assi-

399 1799 549 1856 culis
576 1798 888 1863 renovavit,
909 1802 1129 1852 turrem
1158 1796 1411 1852 ecclesiae
1445 1814 1621 1869 super
1650 1795 1828 1853 altare
1862 1797 2045 1853 sancti

396 1888 703 1944 Alexandri
735 1885 985 1959 positam
1021 1885 1291 1951 mirabili,
1320 1890 1377 1940 et
1406 1885 1524 1940 alta
1570 1885 1764 1957 lignea
1809 1903 2043 1958 cooper-

396 1980 525 2033 tuta
555 1974 910 2032 sublimavit.
944 1974 1127 2029 Aliam
1180 1991 1412 2046 quoque
1452 1974 1659 2030 turrim
1710 1992 1888 2047 super
1914 1976 2047 2031 cho-

396 2083 527 2122 rum
560 2064 808 2138 positam
832 2063 1134 2136 quadratis
1166 2062 1460 2135 lapidibus
1481 2063 1763 2135 cooperiri
1794 2064 1946 2131 fecit,
1973 2081 2043 2119 ne

394 2156 525 2228 ejus
556 2155 725 2227 signa
753 2152 965 2209 festina
992 2152 1146 2226 ignis
1163 2154 1484 2219 exustione,
1509 2152 1556 2207 si
1581 2153 1725 2208 forte
1752 2153 2046 2225 continge-

395 2248 482 2300 ret
512 2245 1017 2309 consumerentur,
1040 2258 1180 2296 neve
1211 2240 1423 2312 pluviis
1463 2240 1830 2312 glacialibus,
1857 2258 2043 2313 quan-

393 2334 584 2405 doque
631 2335 983 2403 consumpta
1029 2331 1456 2401 frangerentur.
1510 2331 1816 2386 Fenestras
1866 2330 2041 2386 etiam

393 2427 665 2496 quatuor,
691 2418 903 2475 seniori
937 2417 1104 2474 altari
1155 2417 1353 2474 lumen
1388 2422 1754 2490 praestantes,
1790 2419 2043 2474 mirabili

393 2526 564 2583 opere
594 2508 823 2564 vitreari
870 2507 1021 2574 fecit,
1046 2510 1223 2578 atque
1257 2506 1313 2561 in
1346 2506 1619 2562 anteriori
1664 2514 1827 2579 parte
1858 2507 2044 2564 cccle-

392 2599 494 2655 siae
516 2602 604 2664 22,
620 2598 790 2670 juxta
811 2595 1054 2651 chorum
1079 2612 1312 2668 quoque
1342 2596 1491 2651 duas
1511 2595 1805 2663 vitreavit;
1831 2598 2044 2652 cande-

390 2688 557 2744 labra
586 2686 877 2759 siquidem
909 2686 944 2740 5
974 2683 1136 2740 mira;
1163 2684 1493 2740 altitudinis
1516 2689 1648 2740 ante
1670 2685 1849 2741 altare
1871 2703 2046 2758 appo-

390 2777 530 2845 Suit,
551 2776 767 2848 quibus
786 2772 933 2830 cerei
954 2772 1201 2846 appositi
1228 2772 1535 2830 ecclesiam
1559 2774 1859 2829 nocturnis
1883 2774 2007 2830 heri

391 2866 797 2932 clarificarent,
839 2880 905 2918 ac
954 2862 1389 2919 introeuntibus
1437 2861 1665 2919 clericis
1714 2862 1832 2919 sive
1879 2794 2069 2945 laici?

391 2866 797 2932 clarificarent,
839 2880 905 2918 ac
954 2862 1389 2919 introeuntibus
1437 2861 1665 2919 clericis
1714 2862 1832 2919 sive
1879 2862 2007 2939 laici

386 2954 576 3011 lucem
608 2952 863 3010 lucidius
887 2950 1309 3008 ministrarent.
1334 2951 1475 3007 Item
1501 2951 1658 3007 dedit
1682 2951 1895 3007 lineam
1922 2968 2044 3010 cor-

386 3043 595 3114 tinam,
614 3040 863 3097 alterum
886 3040 1165 3112 parietem
1195 3039 1452 3096 ecclesiis
1474 3039 1694 3095 festivis
1720 3040 1929 3097 diebus
1948 3039 2042 3095 de-

389 3134 708 3196 eorantem,
732 3146 938 3200 regum
975 3132 1034 3183 et
1081 3128 1497 3200 imperatorum
1549 3128 1906 3200 imaginibus
1937 3131 2034 3185 dc-

2167 552 2270 607 stri
2294 552 2558 609 Ccnsurii
2590 553 3037 627 acquisierat,et
3065 555 3343 627 paredam
3375 552 3568 609 eidem
3595 554 3809 610 canoni-

2166 641 2251 695 cis
2284 642 2650 698 condonavit.
2677 643 2991 699 Ecclesiam
3024 642 3301 699 Crevenni
3349 641 3633 698 similiter
3670 644 3807 699 dedit

2164 730 2445 784 fratribus
2468 748 2601 786 cum
2625 732 2868 788 decimis
2889 738 2944 788 et
2974 735 3251 805 paredam
3278 732 3669 797 condonavit;
3691 750 3810 805 prae-

2164 819 2386 874 bendas
2418 825 2611 876 tamen
2646 823 2794 878 duas
2834 840 2901 878 eo
2941 826 3109 895 pacto
3150 820 3377 877 clericis
3408 821 3649 877 duobus
3679 823 3808 894 capi-

2162 908 2270 962 tuli
2304 911 2574 980 precibus
2626 910 2911 966 attribuit.
2944 912 3088 966 Item
3138 911 3301 966 dedit
3346 910 3663 966 ecclesiam
3695 911 3806 965 Col-

2161 995 2347 1051 lumni
2383 1015 2515 1053 cum
2550 999 2795 1054 decimis
2827 1000 3119 1072 praedictis
3145 999 3633 1071 canonicis,quia
3655 1018 3685 1053 a
3711 1000 3807 1055 Mo-

2162 1087 2349 1141 rundo
2373 1086 2554 1142 milite
2576 1088 2948 1160 conquisivit,
2972 1106 3037 1143 co
3071 1092 3237 1160 pacto
3263 1092 3327 1142 ut
3348 1087 3624 1143 canonici
3646 1088 3805 1143 eccle-

2161 1173 2310 1232 siam
2333 1175 2690 1231 destructam
2717 1176 3039 1245 reﬁcerent,
3065 1183 3121 1231 et
3142 1177 3421 1249 paredam
3445 1177 3800 1231 condonavit.

2160 1262 2476 1319 Ecclesium
2502 1282 2733 1337 quoque
2750 1266 2980 1321 Ausiaci
3002 1266 3074 1321 ab
3089 1266 3329 1338 Hugone
3343 1264 3637 1321 Mansello
3658 1264 3801 1337 quasi

2150 1352 2283 1420 jure
2316 1352 2680 1410 haereditaric
2712 1372 3045 1427 possessam
3077 1372 3209 1409 cum
3251 1354 3625 1427 presbyterio
3652 1364 3704 1410 et
3729 1356 3803 1409 de-

2158 1440 2327 1495 cimis
2377 1444 2713 1498 eorumdem
2765 1444 3010 1499 fratrum
3063 1442 3369 1515 stipendiis
3427 1460 3493 1499 se
3545 1444 3800 1499 daturum

2157 1530 2597 1601 promiserat,ct
2628 1531 2677 1586 si
2701 1533 2964 1587 canonici
2994 1531 3225 1587 interim
3249 1532 3323 1587 ab
3350 1531 3452 1587 illo
3474 1537 3801 1605 extorquere

2157 1617 2355 1691 aliquo
2388 1621 2559 1675 modo
2601 1626 2861 1692 possent,
2887 1620 3201 1694 episc0pali
3235 1620 3561 1677 donatione
3591 1638 3801 1677 conces-

2157 1711 2330 1771 serat,
2362 1725 2536 1780 quam
2572 1709 2628 1764 in
2665 1715 3009 1783 perpetuum
3038 1710 3369 1765 habendam
3404 1710 3586 1765 nobis
3617 1710 3803 1766 delibe-

2157 1800 2363 1865 rasset,
2395 1797 2509 1852 nisi
2545 1803 2730 1854 morte
2764 1799 3055 1855 maturius
3097 1798 3499 1855 intercedente
3529 1816 3798 1874 praeoccu-

2152 1881 2330 1956 patus
2360 1885 2587 1942 fuisset.

2227 1974 2341 2029 Nec
2368 1977 2803 2046 prazterundum
2836 1976 3067 2032 silentio
3088 1977 3332 2049 dignum
3361 1978 3649 2034 duximus
3669 1979 3798 2050 quod

2154 2060 2512 2135 villam,qure
2540 2065 2762 2121 Laurea
2800 2069 3060 2137 vocatur,
3087 2066 3238 2120 inter
3265 2065 3673 2123 Carcedonum
3703 2070 3799 2121 An-

2157 2150 2499 2224 draiamque
2522 2152 2718 2221 sitam,
2735 2153 3025 2226 episcopis
3042 2154 3209 2209 valde
3228 2161 3793 2227 congruentem,cum

2156 2237 2338 2305 silvis,
2364 2240 2536 2296 terris
2568 2241 2830 2298 cultis'et
2870 2243 3129 2309 incultis,
3159 2260 3193 2298 a
3225 2244 3515 2300 Gaufrido
3568 2244 3794 2301 Bolsario

2156 2331 2212 2382 et
2242 2329 2313 2383 ab
2345 2329 2675 2385 hmredibus
2721 2331 2864 2400 suis,
2898 2331 3082 2404 pretio
3130 2350 3244 2387 xxx
3290 2331 3586 2390 librarum
3620 2340 3672 2390 et
3700 2352 3793 2389 am-

2155 2415 2313 2488 plius
2336 2418 2421 2474 eis
2443 2419 2598 2486 dato,
2615 2419 2920 2475 dimidiam
2946 2420 3323 2493 conquisivit,
3345 2421 3589 2495 sibique
3611 2440 3675 2478 ac
3692 2440 3791 2478 suc-

2155 2506 2489 2563 cessoribus
2521 2508 2646 2563 suis
2678 2508 2734 2563 in
2781 2514 3128 2581 perpetuum
3178 2508 3520 2566 habendam
3574 2512 3786 2567 censuit.

2156 2595 2321 2667 Apud
2346 2596 2815 2652 Antissiodorum
2841 2597 3077 2669 quidem
3105 2597 3343 2654 clausos
3362 2598 3676 2655 vinearum
3695 2601 3788 2672 epi-

2155 2683 2419 2755 scopales
2451 2688 2738 2742 vetustate
2778 2691 3182 2759 consumptos,
3206 2691 3266 2743 et
3303 2704 3454 2760 pene
3497 2696 3787 2755 emortuos,

2154 2773 2211 2828 in
2244 2772 2602 2829 viriditatem
2630 2775 2941 2847 pristinam
2965 2780 3021 2830 et
3050 2775 3471 2833 fecunditatem
3500 2778 3707 2833 bonam
3726 2795 3789 2832 re-

2155 2860 2347 2931 duxit;
2370 2863 2856 2920 consuetudinem
2888 2881 3123 2937 quoque
3147 2882 3409 2938 pravam,
3436 2867 3643 2922 omnia
3665 2867 3788 2921 vidc-

2154 2949 2289 3005 licet
2309 2951 2660 3023 episcopalis
2686 2953 2899 3009 domus
2935 2952 3230 3022 utensilia,
3257 2971 3384 3027 qua:
3414 2957 3667 3011 comites
3690 2944 3786 3009 nio-

2155 3038 2339 3094 riente
2369 3040 2640 3112 episcopo
2673 3040 2876 3113 rapere
2907 3042 3030 3097 suis
3071 3042 3278 3097 usibus
3318 3047 3501 3115 atque
3535 3058 3786 3117 usurpare

2155 3128 2439 3200 solebant,
2468 3128 2755 3200 ajuniore
2774 3130 3072 3190 Willelmo
3104 3131 3315 3187 comite
3337 3130 3452 3187 sibi
3486 3150 3559 3187 ac
3591 3150 3785 3188 succes-

392 3219 630 3291 pictam,
649 3234 828 3289 supra
848 3232 1024 3288 quam
1053 3216 1250 3288 posuit
1275 3217 1388 3272 tria
1417 3216 1839 3288 pretiosissima
1869 3218 2048 3290 pallia
2076 3208 2120 3273 C
2159 3217 2389 3272 scribus
2408 3220 2531 3273 suis
2553 3214 2609 3273 in
2636 3224 2980 3292 perpetuum
3006 3218 3343 3275 habendum
3366 3221 3650 3289 obtinuit,
3672 3226 3786 3277 etut

394 3306 553 3364 mille
582 3304 904 3361 solidorum
946 3305 1116 3378 pretii
1166 3304 1525 3373 constantia;
1558 3322 1809 3377 quorum
1858 3324 2042 3362 unum

388 3395 593 3452 viridis
610 3394 818 3451 coloris
838 3394 1108 3450 leonibus
1132 3392 1599 3449 multicoloribus
1617 3394 1834 3451 circum
1846 3395 2044 3452 rotatis

390 3485 603 3559 fulget;
637 3486 959 3541 secundum
994 3483 1351 3557 imaginibus
1396 3500 1598 3555 regum
1631 3484 1904 3539 similiter
1933 3485 2043 3539 cir-

390 3574 735 3632 cumrotatis
758 3572 939 3646 regali
964 3574 1135 3628 modo
1156 3572 1547 3645 equitantium
1572 3572 1780 3644 pollet;
1808 3574 2041 3629 tertium

387 3680 622 3737 quoque
659 3662 927 3719 leonibus
968 3661 1393 3717 auricoloribus
1426 3660 1857 3717 circumrotatis
1887 3663 2042 3734 aspi-

388 3752 678 3809 cientibus
710 3752 946 3807 arridet.
968 3751 1112 3805 Item
1142 3751 1210 3805 arl
1241 3751 1507 3805 decorem
1531 3750 1790 3807 ecclesia:
1820 3768 2046 3807 memor

388 3839 714 3897 Psalmistze
744 3838 1030 3894 dicentis:
1066 3841 1314 3903 Domine,
1346 3838 1521 3894 dilati
1566 3839 1808 3895 decorem
1854 3840 2044 3897 domus

388 3938 522 3997 tuae,
554 3935 606 3983 et
634 3929 812 3983 locum
843 3927 1196 3982 habitationis
1224 3927 1423 3995 gloria:
1451 3934 1563 3983 tua?
1595 3929 1763 3997 (Psal.
1797 3947 1927 3997 xxv,
1962 3931 2039 4001 8),

388 4017 503 4072 duo
538 4032 749 4088 magna
783 4014 942 4069 dedit
972 4013 1225 4070 dorsalia
1255 4013 1444 4086 lanea,
1479 4014 1748 4073 leonibus
1769 4017 2040 4073 multico-

387 4104 610 4161 loribus
641 4120 880 4176 operose
910 4102 1209 4175 insignita,
1235 4105 1409 4175 atque
1439 4121 1615 4175 super
1643 4104 1801 4160 chori
1836 4106 2041 4162 sedilia

387 4195 504 4250 duo
534 4194 753 4266 optima
795 4193 992 4265 posuit
1040 4192 1274 4265 tapetia.
1312 4192 1452 4248 Item
1504 4194 1576 4248 ad
1627 4200 2038 4251 ornamentum

387 4282 664 4348 ecclesiae,
698 4281 1051 4338 insinuando
1101 4280 1275 4337 etiam
1312 4282 1481 4338 nobis
1514 4282 1653 4353 quia
1700 4284 2040 4356 postpositis

386 4372 543 4429 vitiis
574 4373 733 4428 intus
753 4376 810 4428 et
829 4370 1084 4429 exterius
1115 4369 1348 4442 palleati
1374 4371 1688 4427 virtutibus
1708 4389 1838 4428 esse
1868 4373 2038 4427 debe-

385 4480 540 4529 mus,
566 4462 729 4518 dedit
758 4477 974 4535 cappas
1006 4461 1077 4516 de
1109 4459 1286 4532 pallio
1319 4460 1504 4516 bonas
1530 4462 1582 4526 4,
1606 4460 1954 4517 dalmaticas
1984 4465 2037 4530 3,

385 4552 549 4641 albas
604 4555 660 4641 7_,
694 4548 1259 4641 optimashcasulas,
1307 4549 1635 4641 stola-stet-
1673 4551 2044 4641 manutergia
2076 4575 2121 4641 Β

385 4639 557 4711 plura
588 4639 903 4712 pluresque
934 4639 1114 4695 libros
1146 4636 1461 4711 episcopali
1482 4638 1675 4694 ofﬁcio
1707 4639 2044 4696 convenien-

387 4732 496 4784 tes.
521 4727 709 4799 Caput
739 4744 975 4801 quoque
1007 4726 1261 4783 ecclesiae
1294 4744 1472 4798 super
1501 4726 1685 4783 altaie
1710 4728 1899 4785 sancti
1931 4729 2052 4805 Ste_

386 4815 566 4888 phani
601 4815 853 4871 mirabili
876 4821 935 4872 et
956 4816 1209 4888 pretiosa
1235 4816 1464 4887 pictura
1485 4816 1809 4886 decoravit;
1846 4818 1904 4872 in
1930 4834 2053 4891 cry-

387 4908 487 4976 pta
516 4902 789 4959 similiter
840 4904 969 4960 altae
1020 4904 1328 4960 Trinitatis
1370 4904 1643 4976 superius
1700 4910 1757 4961 et
1807 4906 2051 4965 inferius

387 4991 635 5065 picturis
668 4992 991 5064 adornavit,
1017 4996 1074 5048 et
1126 4993 1185 5047 in
1233 4992 1345 5047 alia
1378 4997 1581 5065 crypta
1627 4992 1809 5050 altare
1861 4997 2048 5052 sancti

389 5079 609 5136 Nicolai
671 5076 927 5154 imagine
978 5081 1314 5150 Salvatoris,
1368 5086 1703 5153 sanctasque
1752 5084 1945 5141 Maria:
1994 5092 2051 5142 et

390 5170 574 5224 sancti
609 5170 855 5225 Joannis
883 5169 1253 5243 evangelista:
1293 5170 1522 5241 depicta
1565 5170 2046 5231 honestavitzec-

387 5256 627 5316 clesiam
662 5263 873 5313 sancta:
904 5258 1121 5327 Matris
1152 5256 1379 5314 Domini
1418 5257 1611 5314 Marize
1644 5258 1795 5317 inf'ra
1844 5279 2046 5320 muros

388 5346 642 5420 positam
674 5352 940 5403 ruentem
988 5363 1055 5402 ac
1104 5363 1250 5419 pene
1296 5346 1584 5420 dilapsam
1629 5352 1946 5419 renovavit,
1979 5371 2044 5410 ac

387 5440 724 5492 renovatam
765 5436 890 5509 ipse
936 5434 1250 5503 dedicavit;
1301 5441 1477 5507 caput
1525 5437 1780 5494 ecclesiae
1829 5447 2043 5498 sancta:

390 5524 583 5581 Mariae
614 5530 775 5582 extra
805 5542 1005 5581 muros
1059 5523 1226 5579 novis
1256 5523 1526 5580 assiculis
1572 5528 1853 5599 cooperiri
1886 5531 2040 5587 fecit.

388 5614 473 5671 Ad
506 5613 797 5689 stipendia
827 5614 1079 5687 denique
1106 5611 1516 5671 canonicorum
1545 5614 1703 5671 dedit
1733 5618 2038 5677 ecclesiam

2156 3307 2447 3362 memoriae
2489 3310 3003 3364 commendaretur
3050 3309 3265 3380 scripto
3315 3309 3428 3366 hoc
3476 3309 3785 3367 conﬁrmari

2153 3395 2427 3467 praecepit
2450 3414 2499 3451 ;‹‹
2523 3398 2586 3451 In
2619 3397 2854 3453 nomine
2887 3403 3099 3454 sancta:
3126 3402 3184 3453 et
3213 3397 3539 3454 individua:
3573 3398 3783 3455 Trinita-

2153 3486 2252 3539 tis.
2281 3485 2491 3539 Notum
2528 3486 2606 3540 sit
2637 3487 2913 3542 omnibus
2943 3491 3061 3541 tam
3097 3486 3312 3542 futuris
3343 3504 3531 3559 quam
3566 3505 3780 3562 prasen-

2152 3572 2333 3638 tibus,
2357 3572 2657 3629 veritatem
2682 3574 3065 3647 diligentibus
3086 3576 3550 3648 animarumque
3576 3591 3781 3631 suarum

2154 3661 2400 3734 salutem
2426 3663 2989 3735 quazrentibus,quia
3012 3680 3117 3737 ego
3132 3664 3486 3735 Willelmus,
3509 3665 3784 3721 Niveruen-

2154 3738 2237 3806 sis
2257 3750 2481 3819 consul,
2506 3752 2577 3806 ad
2604 3751 3010 3807 remissionem
3042 3756 3416 3825 peccatorum
3439 3770 3726 3821 meorum,
3743 3757 3786 3807 et

2153 3839 2335 3911 patris
2367 3840 2503 3905 mei,
2527 3844 2583 3896 et
2603 3840 2811 3896 matris
2834 3858 2974 3897 meae
2997 3845 3053 3896 et
3083 3846 3526 3898 antecessorum
3549 3858 3784 3906 suorum,

2152 3927 2427 3984 laudante
2453 3946 2628 3984 uxore
2660 3946 2791 3985 mea
2819 3928 3076 4002 Adelaya
3104 3930 3429 3999 comitissa,
3455 3932 3687 3988 dimitto
3713 3947 3783 3984 ec-

2152 4015 2339 4073 clesia:
2373 4017 2553 4072 beatae
2596 4018 2789 4073 Mariae
2837 4017 3136 4091 genitricis
3167 4019 3400 4075 Domini
3454 4021 3639 4077 nostri
3668 4020 3779 4075 Jesu

2152 4105 2461 4173 Christi,ct
2490 4107 2645 4162 beati
2696 4107 2975 4179 Stephani
3026 4109 3582 4181 protomartyris,et
3630 4109 3780 4163 Hum-

2151 4194 2325 4250 baldo
2346 4195 2619 4268 episcopo
2634 4196 3207 4268 Antissiodorcnsi,et
3228 4197 3533 4253 canonicis
3550 4198 3782 4269 ejusdem

2151 4282 2406 4339 ecclesiae
2430 4288 2486 4339 et
2517 4284 2957 4341 successoribus
2978 4286 3544 4357 eorum,quamdam
3580 4300 3779 4359 pravam

2151 4372 2660 4440 consuetudinem,
2704 4391 2881 4445 quam
2927 4378 3331 4430 antecessores
3382 4375 3499 4430 mei
3552 4373 3780 4431 solebant

2152 4478 2377 4533 capere,
2396 4460 2621 4517 scilicet
2641 4462 2711 4518 de
2742 4462 2916 4518 domo
2952 4460 3268 4535 episcopali
3299 4467 3356 4518 et
3387 4464 3461 4520 de
3490 4465 3665 4519 rebus
3689 4460 3782 4532 epi-

2152 4550 2489 4622 scopi,quas
2509 4554 2642 4623 post
2659 4554 2905 4607 mortem
2926 4553 3335 4625 episcoporum
3355 4553 3530 4624 quasi
3548 4549 3782 4625 proprias

2154 4640 2557 4712 possidebant,
2571 4640 2884 4696 vastabant
2915 4647 2971 4696 et
3001 4640 3392 4713 diripiebant:
3432 4640 3588 4696 hanc
3615 4646 3780 4695 autem

2162 4726 2569 4785 dimissionem
2600 4727 2735 4786 talis
2766 4729 3209 4787 consuetudinis
3242 4729 3410 4798 facio,
3435 4746 3508 4786 ne
3539 4729 3784 4796 deinceps

2162 4817 2377 4890 aliquis
2420 4817 2603 4873 11831‘88
2635 4834 2803 4873 meus
2834 4818 2968 4873 inde
3002 4819 3327 4891 quidquam
3359 4834 3568 4891 capere
3594 4830 3783 4889 praesu-

2160 4911 2302 4975 mat,
2328 4910 2429 4962 aut
2460 4906 2506 4961 si
2541 4905 2863 4978 quidquam
2909 4906 3046 4962 inde
3094 4924 3299 4980 capere
3348 4902 3785 4979 praesumpserit,

2158 5000 2347 5051 totum
2378 4994 2657 5051 honorem
2680 5012 2876 5051 meum
2898 4995 3124 5069 perdat.
3153 4998 3328 5052 Facta
3348 5000 3545 5051 autem
3581 4998 3667 5050 est
3688 4993 3782 5047 hac

2159 5085 2429 5140 dimissio
2460 5083 2626 5156 prius
2658 5100 2834 5156 super
2863 5084 3045 5140 altare
3084 5084 3271 5140 sancti
3309 5082 3619 5156 Stephani;
3651 5082 3786 5154 post-

2158 5174 2397 5229 modum
2446 5172 2503 5227 in
2563 5172 2765 5227 eadem
2825 5173 3070 5230 ecclesia
3126 5173 3356 5246 publice
3389 5171 3689 5227 Dominica
3712 5169 3783 5221 die

2157 5263 2344 5336 pridie
2376 5261 2620 5317 Kalend.
2657 5261 3003 5333 Septemb.»

2225 5351 2547 5425 Apogniaci
2562 5349 2735 5407 etiam
2753 5350 3020 5408 clausum
3040 5351 3428 5425 episcopalem
3445 5350 3781 5406 destructum

2154 5447 2212 5499 et
2243 5440 2394 5497 male
2425 5439 2781 5511 dissipatum
2810 5439 2869 5495 in
2901 5440 3256 5497 fertilitatem
3289 5456 3457 5495 suam
3491 5434 3783 5498 reduxit,el

2153 5533 2391 5588 furnum
2418 5530 2491 5585 ab
2508 5528 2822 5601 episcopali
2835 5531 2971 5601 jure
2988 5530 3287 5586 sublatum
3308 5528 3378 5584 ad
3404 5526 3780 5583 molendinum

2152 5622 2213 5677 in
2243 5620 2458 5676 Icauna
2492 5616 2735 5675 ﬂumine
2780 5619 3060 5692 positum,
3090 5621 3147 5675 et
3194 5632 3457 5690 campos,
3490 5616 3593 5688 qui
3642 5611 3781 5681 vulgo
