3814 6218
12 350 108 408 289
890 348 986 407 nn
1033 347 1305 408 GESI‘IS
1353 347 1591 408 EPlSC.
1637 346 2074 408 ANTISSIUD.
2106 379 2183 391 -
2218 346 2416 409 ρλιίδ
2461 346 2514 409 I.
3285 310 3446 410 sse.

13 478 437 536 Condominicati
470 482 786 547 vocantur,
814 479 1220 552 episcoporum
1253 480 1461 537 ditioni
1485 481 1643 538 resli-
1671 482 1729 550 Α
1758 484 2105 551 annuentes,
2139 484 2405 537 sanctam
2457 479 3025 536 Antissiodorensem
3076 479 3405 547 ecclesiam,

14 569 132 634 luit;
167 583 360 624 servos
390 571 451 623 et
484 566 743 623 ancillas
772 568 967 639 plures
1016 569 1346 640 acquisivit,
1377 574 1432 625 et
1462 571 1645 625 tirmi-
1757 571 1849 626 cui
1879 574 2112 626 auctore
2142 570 2258 625 Deo
2292 568 2587 642 praesides,
2611 569 2940 641 apostolich
2971 569 3127 625 sedis
3156 568 3407 625 auctori-

16 661 162 711 tatem
189 656 383 728 oppidi
439 657 829 724 destructam,
881 658 1012 713 forti
1065 658 1319 714 maceria
1367 660 1647 731 novisque
1756 664 1872 715 tate
1904 658 2246 726 munimus;
2281 659 2604 715 statuimus
2651 658 2809 713 enim
2863 661 2925 712 ut
2959 657 3246 719 universa,
3280 676 3407 729 qua:

18 744 267 802 machinis
309 744 791 818 circumquaque
838 748 1129 803 renovatis
1176 748 1353 803 fossis
1400 749 1649 806 firmiter
1756 750 1829 804 ab
1878 747 2138 820 antiquis
2196 750 2690 820 praedecessorum
2752 751 3085 802 nostrorum
3140 763 3412 818 possessa

20 835 784 890 munivit.Consuetudinem
808 836 1410 908 quoque300scilicet
1440 837 1650 893 solido-
1755 837 2142 909 temporibus,
2202 841 2398 892 vestra
2453 835 2988 892 Autissiodorensis
3052 834 3297 890 ecclesia
3348 834 3410 889 in

19 941 141 987 rum,
182 940 304 995 qua:
355 922 765 979 Joviniacensi
797 924 993 979 comiti
1027 941 1130 997 pro
1163 925 1439 981 firmitate
1469 927 1647 983 castri
1756 926 2028 997 praesenti
2058 943 2127 980 ex
2155 943 2227 980 xv
2255 924 2574 981 indictione
2604 924 2865 980 obtinere
2892 923 3284 997 cognoscitur,
3306 921 3412 979 tibi

18 1011 296 1084 Apogniaci
327 1010 597 1084 singulis
628 1011 797 1069 annis
819 1013 1351 1081 dabantur,solidis
1375 1016 1443 1069 40
1464 1014 1649 1070 mino-
1755 1016 1991 1087 tuisque
2023 1014 2467 1071 successoribus
2499 1013 2684 1070 libera
2707 1030 2941 1086 semper
2960 1018 3017 1069 et
3047 1012 3275 1069 illibata
3297 1029 3413 1069 ser-
3494 1010 3513 1023 ⁹

19 1101 165 1167 tavit;
195 1104 248 1156 et
278 1101 599 1157 vinearum
643 1100 874 1174 plantas
905 1100 1121 1158 ibidem
1154 1102 1479 1169 aediﬁcavit,
1514 1103 1645 1159 Gia-
1754 1108 1986 1171 ventur,
2020 1102 2220 1159 nullus
2265 1103 2505 1159 omnino
2535 1103 2943 1174 cujuscunque
2973 1101 3278 1174 dignitatis
3309 1108 3413 1159 aut

18 1190 156 1261 cique
178 1190 416 1245 domum
451 1188 757 1263 lapideam
789 1195 845 1246 et
869 1190 1153 1262 capellam
1185 1191 1475 1264 episcopis
1505 1209 1646 1247 con-
1756 1192 1980 1248 ordinis
2032 1192 2229 1247 invitis
2272 1192 2436 1247 vobis
2489 1196 2594 1247 aut
2642 1190 2900 1246 ecclesiae
2932 1195 3136 1246 vestra:
3178 1191 3410 1262 subjec-

18 1279 212 1347 struxit,
230 1278 494 1335 Varziaci
530 1279 826 1351 siquidem
857 1279 1113 1352 plarima
1143 1280 1451 1352 acquisivit
1480 1281 1649 1337 bene-
1754 1281 1933 1336 tionis
1964 1285 2065 1337 aut
2095 1298 2187 1335 res
2208 1285 2410 1335 vestrae
2437 1280 2828 1353 possessionis
2852 1279 3406 1347 invadere,auferre,

18 1367 143 1432 ﬁcia,
179 1368 489 1423 ecclesiam
544 1367 771 1435 scilicet
822 1368 1009 1424 sancti
1058 1369 1232 1434 Petri,
1284 1387 1317 1424 a
1364 1369 1646 1425 laieorum
1757 1374 1861 1425 aut
1890 1369 2088 1441 aliquo
2122 1370 2293 1424 modo
2342 1367 2684 1424 subtrahere
2726 1369 2956 1434 audeat,
2992 1368 3093 1423 sed
3123 1368 3409 1424 omniain

18 1455 238 1512 dominio
266 1457 670 1522 subtractam,
704 1455 957 1513 ecclesiae
1008 1457 1282 1514 similiter
1329 1463 1387 1513 et
1433 1463 1646 1514 sancta:
1756 1462 1859 1514 tua
1905 1463 2260 1529 tuorumque
2317 1474 2724 1513 successorum
2773 1457 3054 1513 canonica
3102 1456 3411 1514 honestate

19 1544 246 1616 Eugeniae
276 1545 619 1601 oblationes
640 1544 1088 1613 Pentecostales,
1114 1562 1180 1601 ac
1203 1545 1520 1602 nativitatis
1542 1547 1648 1601 Do-
1756 1547 2097 1615 viventium,
2131 1546 2459 1602 obedientia
2503 1550 2561 1602 et
2606 1545 2991 1618 dispositione
3039 1546 3359 1617 persistant
3392 1564 3404 1602 :

23 1633 209 1688 minicze
237 1638 413 1707 atque
446 1634 642 1706 ipsius
675 1640 994 1706 assumpta;
1026 1634 1284 1707 Virginis
1316 1635 1647 1691 festivitatis
1756 1637 1839 1690 sic
1872 1636 2027 1690 enim
2060 1654 2092 1691 a
2113 1635 2638 1706 prmdecessoribus
2662 1634 2876 1689 nostris
2902 1640 3112 1689 sanctae
3136 1634 3407 1690 Romana:

22 1722 1216 1796 alaicalipossessionelibera\it,jurisque
1238 1724 1644 1796 episcoporum
1757 1726 2023 1781 Ecclesiae
2076 1726 2451 1799 pontiﬁcibus
2498 1743 2602 1795 per
2655 1725 2805 1780 beati
2860 1724 3131 1780 Germani
3181 1724 3408 1796 petitio-

24 1812 66 1864 in
99 1817 420 1883 perpetuum
454 1829 592 1868 esse
620 1812 947 1867 constituit.
980 1813 1293 1867 Vinearum
1328 1812 1561 1885 plantas
1592 1818 1649 1869 et
1679 1854 1725 1919 Β
1757 1832 1914 1881 nem,
1936 1816 2106 1886 cujus
2138 1813 2555 1886 patrimonium
2586 1813 3114 1869 Antissiodorensis
3135 1813 3411 1885 parochia

24 1902 247 1956 clausum
266 1902 1644 1975 zedilicavit,servosquoqueetancillas,domos,
1679 1901 1725 1919 υ
1760 1904 1970 1967 fuerat,
1995 1903 2253 1957 creditur
2282 1902 2639 1957 institutum.
2665 1902 2722 1956 Si
2755 1919 2872 1973 qua
2902 1901 3082 1973 igitur
3112 1902 3411 1960 ecclesias-

28 1996 175 2044 terras
198 1990 381 2047 cultas
415 1996 476 2047 et
507 1991 765 2047 incultas
813 1991 1116 2059 attribuit;
1151 1993 1305 2061 apud
1351 1992 1647 2049 Conadam
1760 1992 1874 2048 tica
1904 1990 2269 2048 szncularisve
2302 2009 2550 2063 persona
2570 1990 2720 2046 hanc
2744 1995 2955 2046 nostrae
2977 1990 3409 2047 constitutionis

27 2078 165 2133 etiam
191 2079 728 2136 Antissiodorcnsis
770 2081 1081 2154 episcopus
1124 2081 1440 2154 episcopali
1474 2084 1647 2139 domo
1757 2082 2033 2155 paginam
2065 2080 2258 2137 sciens
2290 2085 2494 2138 contra
2522 2097 2650 2137 eam
2680 2084 2898 2136 temere
2930 2079 3122 2135 venire
3152 2083 3409 2136 tentave—

26 2168 236 2237 carebat,
281 2168 380 2222 ubi
424 2168 734 2241 egregiam
767 2169 995 2241 egregie
1028 2170 1269 2225 domum
1304 2172 1647 2238 construxit,
1759 2172 1854 2237 rit,
1886 2171 2144 2227 secundo
2190 2171 2429 2225 tertiove
2479 2169 2855 2235 commonita,
2888 2167 2938 2223 si
2978 2186 3093 2224 non
3140 2169 3409 2224 satisfac-

25 2273 77 2310 ac
112 2261 303 2311 sancta:
336 2257 540 2312 Maria:
575 2256 862 2327 capellam
897 2259 1068 2329 juxta
1099 2259 1350 2330 positam
1382 2261 1653 2316 decenter
1758 2260 1915 2316 tione
1963 2276 2222 2332 congrua
2269 2258 2687 2325 emendaverit,
2718 2258 3022 2329 potestatis
3054 2257 3407 2329 honorisque

25 2345 308 2411 «laceravit;
342 2346 783 2418 ecclesiamque
812 2348 997 2402 sancti
1034 2348 1323 2403 Laurentii
1356 2367 1463 2403 suo
1497 2350 1651 2421 inge-
1760 2349 1852 2405 sui
1910 2349 2193 2421 dignitate
2252 2353 2466 2411 careat,
2511 2364 2787 2419 reamquc
2846 2365 2907 2403 se
2952 2346 3145 2401 divino
3185 2346 3407 2417 judicio

28 2432 121 2495 nio,
141 2449 337 2506 magno
362 2439 573 2489 tamen
609 2434 809 2489 labore
840 2452 872 2490 a
902 2434 1091 2490 laicali
1128 2452 1305 2490 manu
1339 2437 1648 2504 subtraxit,
1760 2439 2003 2492 existere
2054 2438 2125 2492 de
2174 2442 2507 2509 perpetrata
2556 2436 2864 2507 iniquitate
2914 2440 3244 2507 cognoscat,
3290 2440 3347 2491 et
3375 2454 3410 2491 a

28 2522 218 2592 sibique
243 2539 306 2577 ac
336 2523 795 2579 successoribus
826 2523 949 2578 suis
975 2524 1034 2579 in
1064 2526 1652 2599 perpetuumhaben-
1761 2526 2159 2581 sacratissimo
2190 2543 2426 2598 corpore
2479 2542 2546 2581 ac
2596 2524 2884 2597 sanguine
2932 2525 3033 2579 Dei
3078 2531 3136 2580 et
3180 2523 3410 2579 Domini

27 2610 134 2664 dam
154 2610 529 2683 delegavit,et
552 2610 746 2666 multa
767 2611 877 2666 alia
901 2612 1211 2684 acquisivit
1232 2613 1654 2687 beneﬁcia.'l‘o-
1762 2615 2164 2687 Redemptoris
2210 2615 2392 2669 nostri
2443 2615 2583 2670 Jesu
2619 2613 2831 2668 Christi
2865 2613 3055 2668 aliena
3084 2614 3205 2684 ﬁat,
3236 2618 3411 2684 atque

32 2698 145 2753 ciaci
166 2716 287 2755 vero
307 2699 708 2772 episc0palem
734 2700 972 2755 domum
999 2702 1288 2773 episcopis
1307 2704 1650 2770 construxit,
1759 2702 1818 2758 in
1865 2710 2120 2759 extremo
2173 2703 2438 2759 examine
2486 2702 2763 2757 districta:
2815 2701 3020 2757 ultioni
3071 2702 3408 2772 subjaceat;

30 2792 73 2840 et
95 2787 155 2842 ad
175 2789 587 2862 episcoporum
622 2788 937 2844 utilitatem
959 2795 1017 2845 et
1038 2793 1365 2861 proﬁcuum
1392 2810 1499 2847 sua
1522 2811 1654 2865 pru-
1761 2793 1988 2848 cunctis
2019 2798 2213 2847 autem
2246 2793 2435 2847 eidem
2463 2791 2587 2846 loco
2610 2792 2777 2861 justa
2808 2791 3176 2845 servantibus
3197 2790 3273 2845 sit
3301 2807 3413 2861 pax

30 2875 442 2942 dentia,ibidem
478 2877 677 2932 multa
708 2877 861 2932 bona
890 2878 1078 2934 multo
1108 2878 1305 2935 labore
1324 2881 1650 2953 acquisivit.
1762 2881 1991 2937 Domini
2027 2881 2206 2936 nostri
2240 2881 2379 2935 Jesu
2410 2879 2952 2950 Christi,quatenus
2975 2883 3032 2934 et
3059 2878 3118 2932 hi
3153 2879 3410 2933 fructum

31 2963 192 3036 Neque
219 2965 323 3022 hoc
356 2966 542 3022 silere
572 2966 887 3021 debuimus
918 2968 1196 3039 quoniam
1231 2970 1652 3026 monasterium
1762 2970 1926 3025 bona:
1944 2970 2188 3025 actionis
2211 2968 2535 3041 percipiant
2555 2972 2610 3023 et
2632 2968 2786 3040 apud
2808 2966 3136 3022 districtum
3147 2967 3409 3038 judicem

31 3055 182 3108 sancti
208 3054 512 3120 Germani,
536 3055 610 3110 ab
640 3054 900 3127 antiquis
930 3056 1184 3112 Francize
1216 3056 1452 3131 regibus
1477 3060 1656 3115 ecclc-
1763 3060 2000 3131 praemia
2043 3064 2267 3114 aeterna:
2316 3057 2476 3130 pacis
2523 3056 2839 3113 inveniant.
2889 3059 3097 3114 Amen.
3150 3073 3342 3113 amen.
3379 3078 3410 3107 ››

30 3142 109 3195 sia:
138 3148 332 3198 nostra;
364 3143 702 3210 sublatum,
734 3162 768 3199 a
798 3144 1097 3216 prielibato
1132 3146 1360 3202 Urbano
1390 3165 1542 3220 papa
1570 3166 1656 3204 se-
1763 3149 1906 3203 Item
1936 3148 2202 3218 ejusdem
2234 3147 2304 3202 ad
2336 3145 2581 3201 clerum.

29 3232 188 3287 cando
214 3234 270 3287 in
295 3232 552 3290 concilio
573 3232 957 3289 Nemausensi
980 3235 1242 3290 obtinere
1264 3237 1653 3309 meruit,qua-
1682 3220 1726 3288 C
1838 3261 1863 3287 ‹‹
1901 3237 2227 3304 ΡΑεοιιΑιιε,
2262 3252 2463 3290 servus
2508 3251 2806 3290 servorum
2859 3234 2979 3301 Dei,
3014 3233 3242 3289 dilectis
3275 3233 3413 3290 filiis

28 3321 1347 3395 tenusAntissiodorensisepiscopusineodem
1367 3332 1658 3382 monaste—
1759 3324 2288 3382 Antissiodorcnsis
2346 3324 2617 3379 Ecclesiae
2674 3323 2993 3391 canonicis,
3048 3323 3298 3379 salutem
3355 3330 3414 3379 et

33 3408 97 3463 rio
122 3410 376 3467 abbatem
409 3412 469 3467 in
498 3414 850 3483 perpetuum
872 3411 988 3467 Deo
1011 3413 1355 3485 disponente
1374 3420 1615 3486 poneret
1639 3434 1653 3484 ;
1761 3413 2139 3488 apostolicam
2170 3413 2656 3468 benedictionem.

34 3501 76 3549 et
99 3498 332 3572 regulari
373 3500 590 3556 ordine
620 3499 925 3556 ecclesiam
956 3502 1221 3558 eamdem
1254 3504 1524 3560 ordinare
1553 3522 1653 3560 cu-
1835 3527 1861 3555 ‹‹
1894 3504 2055 3570 Quod
2088 3503 2377 3557 confrater
2406 3504 2605 3556 noster
2633 3497 3303 3567 Humbaldus,Ecclesiae
3325 3514 3416 3553 ve-

37 3594 177 3656 taret,
208 3591 470 3661 quandiu
503 3588 668 3655 vixit,
700 3594 877 3661 prout
905 3590 1097 3662 potuit
1127 3596 1183 3647 et
1212 3591 1430 3661 debuit,
1465 3594 1655 3649 fovere
1761 3598 1892 3649 strae
1919 3592 2249 3665 episcopus,
2290 3607 2427 3662 erga
2473 3588 2661 3645 ﬁlium
2717 3593 2983 3645 nostrum
3034 3586 3410 3660 Ilusgerium,

34 3676 238 3732 studuit.
257 3683 319 3733 In
352 3678 555 3734 alodio
587 3678 764 3733 etiam
799 3678 1119 3735 Hildeberti
1149 3680 1407 3737 ecclesiae
1439 3688 1654 3738 nostra:
1760 3680 2108 3737 canonicum
2140 3682 2422 3743 vestrum,
2455 3678 2707 3751 benigne
2738 3695 2800 3733 se
2832 3677 3036 3732 habuit
3067 3676 3237 3747 eique
3266 3692 3411 3747 prae-

34 3766 279 3834 canonici,
312 3768 473 3839 quod
512 3766 892 3822 Pontiniacus
926 3774 1182 3835 vocatur,
1226 3770 1428 3824 eodem
1470 3770 1658 3826 llilde-
1761 3770 2034 3843 positura:
2066 3768 2409 3841 dignitatem
2442 3770 2634 3822 vestro
2679 3783 2969 3822 consensu
3002 3765 3181 3831 dedit,
3215 3769 3269 3818 et
3301 3764 3413 3836 ipsi

34 3850 164 3909 berto
190 3862 428 3929 rogante
460 3861 522 3911 et
552 3857 957 3922 submovente,
992 3858 1417 3913 monasterium
1450 3876 1655 3915 mona-
1761 3864 1818 3914 et
1844 3858 2007 3914 vobis
2038 3856 2256 3930 gratias
2300 3856 2552 3929 agimus.
2585 3855 2800 3912 Notum
2850 3859 3044 3911 autem
3090 3853 3254 3909 vobis
3284 3869 3415 3909 esse

38 3939 239 4000 chorum
268 3947 378 4001 sub
406 3945 568 4001 beati
599 3945 892 4000 Benedicti
915 3946 1117 4018 regula
1136 3946 1457 4003 viventium
1488 3964 1656 4004 cons-
1760 3945 2032 4002 volumus
2064 3944 2202 4016 quia
2228 3961 2334 3999 nos
2364 3948 2484 3998 tam
2514 3942 2711 4015 ipsum
2744 3960 2922 4015 quam
2949 3941 3147 3998 omnia
3174 3941 3247 3996 ad
3278 3956 3414 3996 eum

38 4028 244 4098 tituit,et
273 4035 552 4090 abbatem
585 4032 928 4107 religiosum
960 4035 1261 4107 llugoncm
1284 4036 1362 4091 ibi
1394 4035 1654 4108 primum
1761 4032 2112 4107 pertinentia
2158 4030 2429 4088 volumus
2478 4032 2589 4087 sub
2638 4030 2968 4104 apostolica:
3018 4029 3174 4087 sedis
3222 4028 3414 4085 tutelae

34 4122 568 4190 posuit;cmnobium
583 4139 739 4192 vero,
756 4123 912 4195 quod
934 4123 1373 4180 Fonshumidus
1388 4130 1651 4193 vocatur,
1762 4122 2117 4196 protectionc
2136 4120 2462 4193 persistere.
2481 4119 2859 4175 Przesentium
2876 4119 3073 4190 itaque
3090 4118 3415 4173 litterarum

37 4204 81 4259 in
104 4212 330 4267 termino
361 4211 895 4268 Antissiodorensis
946 4212 1319 4285 episcopatus
1369 4214 1651 4286 positum,
1761 4212 2106 4268 auctoritate
2137 4209 2546 4265 interdicimus
2571 4226 2641 4263 ne
2664 4226 2781 4280 qua
2809 4207 3215 4263 Ecclesiastica
3239 4223 3418 4262 saecu-

35 4309 59 4348 ξι
80 4297 292 4355 Girardo
323 4300 605 4374 religioso
657 4300 783 4355 viro
813 4302 1189 4372 postmodum
1221 4302 1420 4357 futuro
1454 4303 1653 4359 abbati
1762 4301 1971 4357 larisve
1986 4316 2235 4372 persona
2250 4299 2521 4353 eumdem
2543 4297 2727 4352 {ilium
2748 4302 3014 4352 nostrum
3038 4296 3109 4349 de
3130 4295 3416 4366 praedicta:

38 4385 362 4457 aditicatum,
397 4388 708 4445 beneficiis
739 4390 884 4458 suis,
909 4390 968 4445 in
1001 4395 1288 4460 quantum
1322 4392 1534 4463 potuit,
1560 4409 1652 4447 su-
1761 4389 2156 4463 praepositum
2188 4386 2467 4442 beneﬁcio
2500 4384 2825 4456 inquietare
2856 4387 3193 4456 praesumat.
3226 4404 3254 4431 ››

39 4469 291 4545 blimavit;
313 4477 630 4534 ecclesiam
649 4493 884 4549 quoque
907 4478 1093 4534 sancti
1116 4480 1265 4534 Petri
1286 4479 1345 4534 in
1369 4480 1655 4536 suburbio
1835 4481 1992 4533 Inter
2008 4481 2214 4532 caetera
2234 4492 2368 4531 vero
2392 4473 2641 4546 benigne
2665 4477 2965 4546 gestorum
2989 4472 3116 4542 ejus
3141 4470 3414 4542 insignia,

42 4562 526 4624 Antissiodoreusis
550 4566 718 4622 urbis
749 4567 1002 4639 positam
1035 4566 1392 4640 regularium
1423 4569 1656 4625 canoni-
1684 4591 1731 4655 Β
1762 4567 1850 4622 vir
1880 4567 2134 4622 honestae
2164 4563 2292 4619 vita:
2325 4567 2382 4617 et
2410 4580 2515 4634 per
2543 4565 2753 4616 cuncta
2774 4559 3089 4616 laudabilis
3109 4557 3417 4614 ecclesiam

43 4662 203 4708 eorum
230 4671 354 4712 esse
373 4655 706 4723 constituit,
721 4660 778 4711 et
797 4674 833 4712 a
853 4656 1091 4712 domino
1113 4673 1264 4729 papa
1284 4657 1653 4730 privilegium
1684 4649 1723 4655 —
1765 4654 1949 4712 sancti
1983 4651 2234 4720 Eusebii,
2258 4653 2412 4723 apud
2436 4668 2614 4724 quam
2641 4649 3054 4707 canonicorum
3081 4654 3417 4703 nostrorum

43 4733 125 4793 hoc
137 4743 653 4801 ecclesiasticarum
673 4745 1158 4801 constitutionum
1181 4746 1398 4802 habere
1419 4748 1651 4803 meruit.
1764 4749 1940 4816 atque
1970 4741 2344 4798 servientium
2371 4743 2600 4796 constat
2621 4740 2741 4796 fore
2772 4737 3155 4811 sepulturam,
3180 4736 3417 4792 canoni-

94 4851 115 4873 υ
145 4829 437 4890 ΡΑδεηΑωε
468 4834 805 4906 episcopus,
838 4850 1043 4890 servus
1072 4848 1372 4891 servorum
1407 4835 1525 4900 Dei,
1557 4852 1652 4891 ve-
1764 4850 1967 4890 corum
1999 4830 2354 4903 regularium
2380 4846 2507 4886 esse
2529 4828 2853 4896 constituit,
2872 4832 2930 4883 et
2949 4825 3271 4898 probabilis
3290 4826 3418 4880 vita:

44 4919 243 4974 nerabili
272 4922 437 4978 fratri
471 4922 821 4991 HUMBALDO,
852 4922 1350 4979 Antissiodorensi
1382 4924 1654 4997 episcOpo
1764 4924 1972 4977 fratres
2004 4921 2115 4975 sub
2162 4918 2420 4992 prioratu
2453 4919 2524 4973 de
2570 4918 2806 4973 abbatia
2836 4915 3034 4989 plures
3065 4913 3281 4970 ibidem
3312 4931 3420 4987 po-

46 5002 247 5079 ttltitique
300 5012 750 5068 successoribus
798 5013 1073 5068 canonice
1119 5012 1547 5069 substituendis
1594 5013 1653 5068 in
1765 5011 1902 5077 suit,
1948 5010 2163 5081 quibus
2193 5012 2252 5063 et
2287 5005 2660 5079 praebendam
2693 5004 2958 5061 canonici
2988 5003 3172 5059 nostri
3205 5002 3420 5057 mortui

48 5103 368 5165 Ρεῖρθῑυυω.
1764 5118 1867 5173 per
1896 5115 2117 5155 annum
2150 5096 2274 5152 dari
2306 5094 2554 5161 studuit,
2582 5111 2714 5150 cum
2749 5110 3039 5149 consensu
3073 5092 3255 5148 totius
3282 5090 3422 5146 cleri

102 5185 309 5244 «Justis
323 5190 474 5247 votis
491 5207 807 5247 assensum
830 5191 1107 5262 praebere,
1114 5190 1415 5263 justisque
1439 5190 1663 5263 petitio-
1771 5194 1830 5245 et
1860 5187 2080 5261 populi,
2114 5184 2424 5241 assistente
2455 5188 2513 5239 et
2542 5182 2909 5238 collaudante
2955 5180 3193 5237 Herveio
3223 5179 3419 5235 Niver-

47 5269 189 5329 nibus
213 5294 375 5336 aures
422 5279 869 5336 accommodare
916 5297 1025 5336 nos
1055 5280 1344 5347 convenit,
1377 5280 1499 5352 qui,
1528 5280 1664 5335 licet
1771 5278 2046 5334 nensium
2078 5272 2565 5346 episcopo,hujus
2586 5276 2796 5328 nostra:
2828 5270 3085 5327 ecclesia:
3116 5268 3417 5334 canonico,

49 5356 235 5434 indigni
257 5369 504 5438 justitim
528 5370 823 5437 custodes,
844 5374 1019 5442 atque
1041 5386 1337 5444 praecones
1357 5370 1416 5425 in
1438 5369 1666 5426 excelsa
1773 5373 1837 5422 ut
1865 5372 1922 5422 et
1952 5364 2064 5435 ipsi
2096 5363 2393 5434 regulares
2423 5361 2609 5417 sancti
2643 5360 2875 5418 Eusebii
2902 5358 3167 5416 canonici
3197 5374 3299 5429 pro
3323 5371 3421 5411 no-

46 5454 401 5541 Epostolorum
423 5459 763 5532 principum
785 5459 935 5515 Petri
957 5465 1016 5515 et
1043 5459 1206 5516 Pauli
1230 5459 1469 5532 specula
1489 5460 1662 5532 positi
1773 5456 1912 5512 stris
1944 5452 2193 5510 mortuis
2212 5449 2445 5541 missas
2473 5448 2858 5541 celebrarent,
2891 5453 3214 5518 caateraque
3262 5459 3418 5541 φοι·-

46 5531 252 5628 βοωὶηο
278 5531 626 5620 disponente
657 5547 1071 5620 conspicimur.
1093 5547 1239 5605 Tuis
1269 5531 1470 5620 igitur,
1486 5531 1666 5604 l‘rater
1771 5551 2006 5602 tuorum
2040 5540 2267 5614 agenda
2288 5538 2547 5612 quotidie
2572 5537 2963 5628 persolverent
2979 5554 3006 5628 Ξ
3035 5549 3210 5628 quam
3240 5531 3417 5628 etiam

50 5623 98 5681 in
115 5627 702 5708 Christo,charissime
723 5636 1257 5713 Humbalde,justis
1278 5636 1665 5716 petitionibus
1774 5633 2142 5712 praebendam
2175 5633 2509 5692 antecessor
2537 5628 2665 5703 ejus
2694 5625 2951 5702 pontifex
2979 5623 3263 5682 Robertus
3292 5623 3414 5675 cui-

2472 5884 2495 5899 ,
3374 5800 3623 5889 κί’-⁵⁵
