3814 6218
438 364 577 424 «291

1331 359 1669 421 ΑΡΡΕΝΙ).
1716 361 1817 420 AD
1863 358 2044 420 S/EC.
2095 360 2110 420 1

2224 391 2282 400 -
2312 355 2574 418 OPEBA
2619 374 3010 421 ΛΔΕΣΠΟΤΙΚΛ.
3729 361 3792 419 29:

471 494 607 549 dam
642 493 998 566 presbytero,
1032 492 1244 548 missas
1272 509 1373 563 pro
1405 492 1684 547 canonico
1718 494 1948 546 mortuo
1980 488 2119 545 cele—
2147 490 2204 557 Α
2235 488 2490 562 plicitatc
2508 488 2790 545 columba:
2813 505 2877 546 ac
2899 487 3210 561 prudentia
3225 488 3516 561 serpentis
3537 489 3792 543 instructus

470 582 685 651 branti,
718 583 842 638 dari
874 599 979 654 per
1007 599 1228 638 annum
1260 584 1565 637 statuerat.
1600 579 1905 635 Canonicis
1945 579 2120 635 etiam

470 671 542 726 de
571 671 806 727 abbatia
837 670 1223 743 regularibus,
1254 686 1431 743 quam
1474 674 1810 725 antecessor
1839 669 1967 739 ejus
1998 666 2120 741 glo-

470 759 667 815 riosus
696 760 991 831 decusque
1038 758 1383 832 pontificum
1418 759 1706 815 Robertus
1735 758 1793 812 in
1826 758 2120 813 abbatiam

470 847 696 914 extulit,
731 848 891 903 dedit
922 847 1196 903 ecclesias
1228 847 1444 919 plures,
1469 847 1630 902 illam
1665 847 1733 902 de
1765 845 2023 913 Warchi,
2050 847 2119 900 de

470 936 760 1004 Tratiaco,
809 937 993 993 sancti
1038 936 1270 991 Martini
1317 937 1387 991 de
1436 938 1742 1001 Trunceto,
1795 935 1864 991 de
1917 939 2119 990 sancto

470 1026 766 1091 Quintino,
800 1042 946 1097 quas
977 1043 1010 1081 a
1038 1024 1227 1081 laicali
1275 1043 1449 1081 manu
1486 1024 1798 1090 subtraxit,
1830 1024 2029 1096 eisque
2060 1022 2117 1078 in

466 1117 811 1185 perpetuum
844 1113 1146 1169 habendas
1170 1114 1491 1186 apostolica
1510 1118 1567 1170 et
1588 1112 1902 1186 episcopali
1929 1118 2120 1168 auclo-

467 1200 636 1257 ritate
668 1201 989 1270 concessit;
1022 1203 1376 1259 monasterio
1401 1202 1713 1258 Charitatis
1744 1202 2013 1257 similiter
2031 1218 2119 1255 ec-

464 1289 671 1345 clesias
703 1289 918 1346 multas
942 1291 1251 1358 concessit,
1267 1308 1415 1363 quas
1439 1309 1469 1346 a
1493 1290 1657 1347 laicis
1690 1308 1787 1347 eas
1820 1289 2119 1362 possiden-

462 1378 623 1433 tibus
658 1378 1031 1450 conquisivit,
1065 1379 1189 1451 ipse
1238 1380 1390 1435 idem
1426 1379 1756 1435 divinorum
1790 1379 2116 1434 ciliciorum

461 1466 957 1539 ecclesiasticique
1004 1468 1226 1523 ordinis
1276 1473 1505 1523 amator
1551 1467 1897 1539 baptisteria
1935 1473 1990 1523 et
2022 1486 2116 1523 sc-

440 1556 730 1627 .pulturas
764 1561 1117 1628 ceterasque
1149 1556 1530 1612 ceclesiarum
1552 1554 1875 1612 oblationes
1898 1574 1932 1612 a
1952 1555 2115 1612 laicis

462 1660 565 1716 per
593 1644 778 1700 multa
810 1650 1075 1717 tempore
1106 1650 1443 1717 usurpat-as,
1467 1651 1522 1701 et
1545 1646 1671 1716 jam
1702 1663 1770 1701 ex
1802 1646 1972 1717 longo
2003 1663 2115 1701 usu

464 1733 634 1804 quasi
674 1751 778 1805 pro
831 1734 1252 1789 consuetudine
1301 1752 1627 1806 possessas,
1660 1734 2114 1791 consuetudines

463 1838 696 1893 quoque
727 1840 959 1894 pravas,
1012 1822 1273 1878 convivia
1321 1823 1563 1890 scilicet,
1617 1841 1742 1895 quae
1794 1824 2113 1896 presbyteri

462 1910 825 1983 parochiales
857 1912 1110 1967 dominis
1140 1911 1305 1968 laicis
1339 1930 1439 1983 per
1470 1911 1733 1985 singulos
1764 1929 1948 1968 annos
1982 1929 2114 1985 per-

461 1998 781 2069 solvebant,
816 2005 1050 2056 strenue
1102 2018 1167 2056 ac
1201 2000 1626 2056 rationabiliter
1656 2019 1689 2057 a
1718 2001 1848 2056 laici
1879 2018 2115 2074 posses-

459 2087 622 2144 sione
655 2089 935 2157 removit;
974 2107 1112 2146 neve
1146 2090 1421 2162 deinceps
1453 2090 1785 2148 sacerdotes
1819 2091 1911 2146 Dei
1951 2089 2115 2146 laicis

459 2177 517 2232 in
545 2177 759 2234 talibus
783 2179 1083 2234 obedirent
1109 2180 1165 2233 in
1189 2181 1409 2252 synodo
1433 2179 1746 2252 episcopali
1770 2180 2114 2235 auctoritate

461 2268 779 2338 interdixit,
813 2269 1133 2340 praedicens
1178 2267 1321 2323 illud
1352 2268 1628 2339 Stephani
1678 2286 1838 2341 papa:
1871 2273 1926 2324 et
1960 2286 2112 2324 mar-

458 2356 606 2428 tyris
638 2357 934 2411 decretura
960 2375 972 2424 ;
1000 2356 1187 2427 lairis,
1221 2357 1492 2429 quamvis
1519 2356 1772 2429 religiosi
1805 2358 1943 2425 sint,
1969 2357 2112 2413 nulli

459 2449 657 2500 tamen
689 2445 759 2499 de
790 2444 1202 2500 ecclesiasticis
1250 2445 1627 2501 facultatibus
1669 2446 1891 2518 aliquid
1925 2447 2112 2519 possi-

461 2532 637 2587 dendi
669 2532 881 2604 legitur
912 2550 1173 2605 unquam
1212 2534 1494 2588 attributa
1526 2539 1801 2605 potestas.

534 2620 636 2675 Hic
654 2620 847 2692 itaque
869 2622 1092 2677 amicus
1111 2622 1269 2693 pacis
1292 2640 1357 2677 ac
1381 2622 1759 2694 benignitatis
1781 2624 2110 2696 cpiscopus,

462 2708 554 2764 his
584 2713 758 2781 atque
793 2709 1200 2779 hujuscemodi
1236 2711 1520 2765 bonorum
1548 2728 1789 2783 operum
1812 2712 2115 2768 exhibitio-

461 2797 637 2855 nihus
664 2800 1004 2865 adornatus,
1040 2799 1119 2855 ita
1151 2817 1212 2854 se
1256 2800 1569 2856 amabilem
1618 2800 1893 2858 omnibus
1943 2802 2113 2858 bonis

459 2887 600 2943 viris
629 2905 694 2942 ac
734 2888 977 2944 charum
1027 2888 1357 2956 exhibebat,
1393 2894 1458 2945 ut
1506 2889 1771 2945 omnium
1823 2890 2110 2946 bonorum

461 2975 633 3032 laude
665 2978 879 3051 dignus
913 2978 1035 3033 fieri
1070 2986 1424 3047 mereretur;
1447 2983 1571 3034 erat
1591 2978 1745 3035 enim
1773 2979 2001 3051 sagacis
2032 2979 2113 3034 in-

433 3101 439 3113 ι
460 3066 638 3139 genii,
656 3067 912 3138 prudens
929 3065 1464 3139 eloquio,providus
1484 3068 1539 3122 in
1559 3066 2113 3140 eonsilio,patientia

462 3154 631 3222 lenis,
651 3154 811 3209 vultu
834 3154 1063 3220 alacris,
1080 3155 1309 3210 incessu
1333 3160 1389 3210 et
1419 3156 1621 3211 habitu
1645 3158 2115 3229 jucundus,erga

2230 582 2285 633 et
2314 577 2570 650 culpam,
2605 595 2675 632 ne.
2708 579 2962 633 dedecus
2994 578 3155 632 ﬁeret
3183 577 3476 645 Ecclesiae,
3509 577 3613 633 sub
3641 576 3784 632 silenti

2232 666 2412 722 teneri
2447 667 2717 735 faciebat,
2749 672 2806 722 et
2837 666 3273 739 negligentiam,
3304 667 3354 721 si
3402 665 3569 721 aliter
3610 668 3709 721 ﬁeri
3734 685 3792 719 nul

2231 761 2445 829 posset,
2481 757 2774 813 interdum
2808 757 2944 812 dato
2976 757 3161 829 pretio
3184 774 3216 812 a
3238 756 3681 812 reclamantibus
3704 756 3789 809 redi

2230 847 2446 901 mehat.
2484 846 2583 901 llic
2615 845 2812 917 itaque
2844 848 3120 917 operante
3140 844 3276 900 Jesu
3310 843 3531 900 Christi
3555 844 3791 898 clementia

2230 935 2328 1007 qui
2363 934 2623 989 fidelium
2657 951 2899 990 suorum
2923 938 2977 988 et
2999 933 3314 1007 aspirando
3338 934 3611 1006 praevenit
3631 937 3677 987 et
3695 933 3791 1003 adju

2226 1025 2416 1079 vando
2448 1022 2823 1096 prosequitur
2852 1023 3133 1089 actiones,
3154 1022 3305 1077 inter
3325 1022 3539 1077 fratres
3558 1039 3679 1093 pace
3698 1023 3788 1092 priu

2227 1115 2562 1182 reformata,
2595 1112 2967 1185 episcopatus
2999 1111 3090 1167 sui
3122 1129 3275 1167 anno
3304 1115 3397 1179 22,
3434 1128 3536 1183 pro
3568 1109 3787 1165 Salvatori

2227 1219 2423 1258 amore
2456 1206 2512 1257 et
2541 1206 2912 1274 peccatorum
2944 1216 3187 1256 suorum
3237 1199 3583 1255 remissione
3611 1198 3791 1253 Hieroso

2225 1290 2570 1364 lymitanum
2604 1290 2714 1346 iter
2742 1294 3089 1363 prosecutus
3133 1293 3242 1345 est.
3294 1289 3462 1345 Unde
3509 1288 3675 1344 sacris
3713 1286 3785 1339 Ieci

2225 1398 2293 1436 ex
2323 1397 2483 1436 more
2515 1380 2784 1447 visitatis,
2821 1384 2876 1435 et
2906 1396 3040 1434 cum
3075 1378 3260 1433 imbre
3306 1377 3682 1452 lacrymarum
3707 1376 3791 1430 ἴδει]

2225 1470 2484 1524 oratione
2513 1470 2729 1541 ubique
2759 1486 2864 1541 pro
2896 1467 3169 1540 peccatis,
3196 1467 3337 1522 dum
3372 1467 3584 1523 rediret
3612 1469 3661 1519 et
3685 1462 3792 1518 eccle

2225 1560 2323 1614 size
2340 1576 2457 1615 suae
2476 1563 2820 1614 ornamenta
2842 1557 3097 1630 plurima
3117 1557 3391 1625 deferret,
3410 1557 3558 1611 inter
3578 1554 3791 1609 saviente.

2225 1648 2405 1703 maris
2437 1646 3000 1715 ﬂuctus,Salvatoris
3026 1645 3207 1700 nostri
3230 1646 3373 1701 Jesu
3409 1644 3613 1700 Christi
3642 1642 3787 1697 miseri

2224 1738 2479 1793 cordiam
2515 1735 2858 1809 implorans,
2876 1752 3157 1806 reumque
3181 1751 3241 1789 se
3264 1730 3786 1803 vociferans,psalmo

2224 1827 2339 1881 Deo
2371 1830 2427 1881 et
2457 1826 2705 1898 hymnos
2737 1825 3128 1898 personando,
3150 1824 3277 1880 navi
3303 1822 3593 1879 dissoluta
3618 1820 3791 1875 Creator

2226 1933 2331 1971 suo
2363 1916 2634 1988 spiritum
2670 1913 2945 1970 reddidit.

2224 2059 2359 2114 CAP.
2390 2058 2526 2112 LIV.
2560 2089 2627 2098 -—
2659 2059 2733 2113 De
2761 2059 2983 2129 Hugone
3011 2072 3096 2128 ep.
3127 2064 3179 2110 et
3207 2055 3407 2110 abbate
3437 2054 3494 2109 S.
3524 2052 3747 2109 Genuam.

2296 2183 2460 2255 Hugo
2493 2181 2644 2237 sedit
2666 2198 2853 2236 annos
2873 2182 2962 2235 2t.
2987 2179 3088 2234 Hic
3114 2178 3411 2250 siquidem
3440 2178 3497 2233 in
3521 2176 3791 2234 Cluniaccns

2223 2270 2512 2327 territorio
2546 2270 2615 2325 de
2648 2273 2837 2325 castro
2886 2269 3257 2325 Monteacuto
3304 2272 3496 2331 ortus,
3524 2284 3554 2322 a
3582 2262 3792 2320 nobilibus

2223 2361 2508 2434 processit
2537 2358 2987 2435 parentibusuet
3018 2362 3182 2430 pater
3225 2358 3358 2428 ejus
3406 2350 3792 2413 Dalmaticusdi-

2223 2456 2373 2520 ctus,
2410 2449 2615 2504 matris
2647 2465 2774 2503 vero
2806 2446 3321 2502 nomen.....llunc
3355 2462 3494 2500 cum
3526 2448 3690 2516 patres
3706 2438 3792 2493 satis

2225 2544 2418 2595 tenere
2450 2537 2779 2609 diligerent,
2816 2553 2929 2590 non
2963 2534 3153 2591 solum
3205 2534 3541 2597 carnaliter,
3572 2530 3657 2587 sed
3681 2528 3792 2581 etiam

2223 2625 2625 2700 spiritualitcr,
2678 2629 2827 2680 nutu
2876 2623 2999 2695 Dei,
3050 2641 3164 2696 quo
3214 2624 3423 2678 omnia
3472 2621 3792 2693 disponentur,

2222 2716 2492 2772 Ecclesia:
2539 2714 2867 2771 destinatus
2908 2712 3119 2767 litteris
3168 2712 3447 2780 traditur,
3480 2715 3536 2765 et
3577 2708 3729 2763 adhuc
3762 2702 3792 2754 in

2222 2804 2429 2879 puerili
2452 2803 2782 2859 innocentia
2799 2819 3044 2857 manens
3059 2800 3119 2855 in
3138 2800 3511 2856 Cluniacensi
3527 2790 3791 2852 monasteria

2222 2893 2614 2951 monasticum
2647 2890 2912 2946 habitum
2946 2890 3226 2962 suscepit,
3255 2888 3358 2944 ubi
3393 2888 3503 2944 sub
3533 2889 3702 2942 sancto
3720 2880 3792 2933 Hu-

2219 2999 2367 3057 gone
2395 2980 2679 3037 avunculo
2711 2997 2816 3035 suo
2841 2980 3106 3051 ejusdem
3131 2977 3474 3034 monasterii
3508 2982 3631 3031 tunc
3649 2970 3792 3057 abbate

2221 3055 2489 3145 pluribus
2520 3068 2690 3125 annis
2718 3068 2878 3136 vixit,
2911 3072 2968 3123 et
3000 3066 3265 3140 regulam
3297 3065 3457 3122 beati
3493 3057 3735 3120 Benedicti
3755 3055 3788 3108 in

2222 3160 2476 3215 claustro
2505 3159 2768 3230 ejusdem
2804 3156 3143 3212 monasterii
3175 3154 3479 3227 sapienter
3505 3150 3790 3217 didicitque-

461 3260 665 3299 omnes
696 3243 945 3316 benigne
976 3243 1246 3310 affabilis,
1282 3244 1442 3300 intus
1472 3250 1527 3300 et
1558 3245 1698 3301 foris
1728 3248 1955 3302 cunctis
1986 3240 2108 3302 ide;
2142 3233 2185 3300 C
2225 3250 2383 3305 niam
2419 3248 2568 3303 sicut
2599 3246 2940 3319 perhibetur
2964 3246 3035 3300 de
3066 3246 3192 3316 ipso
3216 3261 3453 3317 semper
3473 3243 3590 3299 sine
3608 3233 3790 3311 querela.

462 3349 641 3399 nens;
673 3332 917 3387 vacabat
964 3337 1289 3405 opportuno
1339 3337 1600 3405 tempore
1640 3335 2025 3401 orationibus,
2058 3341 2115 3392 et

458 3420 753 3477 interdum
814 3420 1192 3477 familiarium
1244 3422 1547 3478 fruebatur
1603 3423 2109 3492 collocutionibus,

457 3510 819 3583 disponendo
842 3510 911 3565 de
936 3511 1057 3566 suis
1080 3528 1439 3583 suorumque
1463 3511 1816 3569 utilitatibus
1835 3513 2114 3585 diligebat

458 3599 713 3655 militum
747 3604 922 3672 atque
956 3600 1240 3656 nobilium
1272 3601 1794 3667 contubernia,st
1819 3604 2006 3674 major
2028 3601 2111 3657 illi

432 3688 647 3743 inerat
676 3705 813 3760 erga
842 3688 1082 3744 clericos
1113 3688 1361 3758 ail‘ectio,
1392 3697 1447 3746 et
1481 3691 1536 3745 in
1572 3708 1775 3746 mensa
1806 3698 1863 3746 et
1895 3691 1953 3746 in
1984 3708 2110 3746 ves-

459 3776 608 3831 tium
641 3776 801 3831 cultu
835 3776 1123 3848 largitatis
1165 3778 1354 3849 gratia
1392 3779 1476 3834 eis
1507 3780 1825 3851 apparebat
1855 3797 1983 3835 esse
2016 3797 2110 3835 co-

463 3862 703 3935 piosior.
740 3863 819 3919 De
851 3863 1072 3920 illicitis
1103 3864 1394 3936 siquidem
1430 3867 1685 3922 motibus
1714 3868 1906 3949 carnis
1936 3867 2113 3924 silen-

459 3951 602 4005 dum
636 3968 749 4005 non
781 3954 869 4006 est
892 3968 1088 4029 ;‘quos
1124 3954 1196 4007 ab
1227 3969 1293 4008 eo
1343 3954 1606 4010 ciborum
1651 3955 2010 4027 parcimonia
2057 3961 2113 4011 et

461 4043 636 4112 potus
666 4038 1049 4111 comprimere
1076 4042 1379 4097 studiosus
1411 4043 1540 4107 fuit,
1560 4048 1641 4111 ut,
1660 4062 1727 4099 ex
1750 4062 1864 4117 quo
1894 4045 2112 4118 episco-

438 4116 572 4200 'pus
602 4126 791 4183 factus
812 4132 919 4196 est,
940 4144 974 4182 a
995 4130 1237 4185 carnibu
1264 4152 1271 4179 ι
1295 4147 1419 4187 sese
1442 4116 1781 4200 abstineret,
1796 4116 2112 4206 leguminis

460 4216 511 4272 ei
541 4217 818 4273 comestio
850 4217 1163 4284 sufﬁceret,
1185 4235 1289 4275 nec
1320 4219 1543 4287 vinum,
1564 4220 1677 4276 nisi
1702 4238 1929 4293 parum,
1951 4223 2109 4279 bibe-

459 4310 565 4362 ret.
600 4310 662 4361 In
694 4306 955 4363 convivio
986 4307 1236 4380 denique
1285 4308 1744 4382 hospitalitatem
1774 4311 1831 4366 in
1863 4312 2110 4367 invicem

457 4400 515 4452 et
545 4396 602 4450 in
634 4412 839 4453 omnes
871 4398 1147 4453 sectando
1178 4398 1423 4470 dapsilis
1458 4399 1588 4466 fuit,
1624 4416 1725 4456 nec
1758 4418 2020 4473 unquam
2051 4401 2111 4456 in

459 4485 705 4559 prandio
726 4485 937 4542 Christi
960 4485 1322 4559 pauperibus
1340 4487 1544 4557 caruit,
1562 4489 1753 4545 vitans
1776 4489 1919 4544 illud
1955 4490 2109 4562 quod

2221 3337 2464 3393 humilis
2495 3341 2551 3392 et
2576 3335 2852 3391 obediens
2879 3334 3005 3389 suis
3027 3332 3376 3405 majoribus,
3397 3334 3547 3389 sicut
3565 3330 3697 3384 decet
3713 3337 3790 3377 m0-

2221 3426 2499 3494 nachum,
2529 3423 2871 3498 permansit.
2906 3424 3103 3491 Porro,
3147 3420 3440 3477 Dominus
3486 3416 3790 3489 omnipotens,

2222 3515 2322 3588 qui
2352 3515 2587 3570 humilia
2614 3515 2834 3586 respicit
2870 3514 2928 3567 in
2959 3512 3084 3568 casio
3114 3519 3163 3566 et
3196 3512 3252 3566 in
3274 3518 3427 3566 terra
3450 3508 3607 3579 (Psal.
3627 3500 3788 3567 (1311,63

2220 3603 2614 3661 humilitatem
2648 3603 2829 3674 hujus
2869 3601 3186 3673 respiciens
3230 3599 3446 3656 multis
3490 3598 3788 3672 profuturam,

2219 3711 2355 3750 eum
2386 3693 2445 3747 in
2479 3692 2733 3747 claustro
2764 3690 2863 3745 diu
2899 3707 3131 3745 manere
3163 3706 3276 3743 non
3304 3685 3709 3761 permisit.Post
3731 3678 3788 3771 de

2221 3798 2452 3839 cessum
2495 3797 2750 3852 namque
2800 3778 3021 3835 domini
3072 3777 3356 3845 Guiberti,
3409 3775 3625 3833 abbatis
3665 3768 3788 3826 sancti

2221 3867 3067 3943 Germaniﬁntissiodorcnsis,
3089 3867 3148 3922 in
3171 3867 3374 3922 eadem
3398 3863 3628 3922 ecclesia
3642 3858 3786 3948 electa!

2219 3965 2277 4017 et
2305 3959 2647 4015 benedictus
2692 3958 2893 4025 abbas,
2931 3974 3047 4012 non
3097 3961 3335 4028 prOpter
3386 3971 3587 4010 nomen
3633 3947 3786 4036 abbatis

2219 4050 2428 4106 elatior
2458 4049 2667 4112 factus,
2684 4047 2785 4102 sed
2806 4050 3086 4118 tanquam
3112 4063 3266 4100 unus
3291 4062 3360 4099 ex
3387 4042 3600 4099 caeteris
3622 4032 3786 4093 humilis

2222 4136 2547 4194 monachus
2578 4136 2709 4204 fuit,
2743 4142 2800 4191 et
2834 4135 2986 4190 sicut
3034 4134 3253 4189 bonum
3300 4134 3632 4206 magistrum
3666 4122 3786 4179 decet

2219 4229 2376 4298 cwpit
2427 4229 2607 4297 facere
2659 4231 2709 4279 ct
2778 4223 2966 4279 docere
3030 4223 3165 4291 (Act.
3226 4237 3266 4286 ι,
3329 4220 3400 4291 1),
3468 4214 3786 4298 demonstrant

2220 4291 2484 4386 exemplo
2516 4313 2670 4385 quod
2702 4313 2947 4367 docebat
2989 4310 3183 4366 verbo.
3216 4310 3462 4381 Cognito
3490 4310 3659 4363 autem
3684 4291 3784 4390 quad

2221 4404 2496 4460 dominus
2546 4401 2913 4457 Humbaldus
2955 4398 3305 4455 venerabilis
3350 4394 3784 4454 Antissiodorensﬁ

2220 4494 2530 4565 episcopus
2548 4491 2604 4545 in
2629 4491 2719 4545 via
2737 4488 3265 4561 Hierosolymitana
3283 4489 3353 4543 de
3372 4488 3480 4542 hac
3499 4486 3601 4540 vita
3617 4479 3784 4548 migw?‘

458 4575 745 4647 scriptum
764 4579 853 4630 est
873 4592 886 4629 :
908 4574 1381 4648 Episcopus,nisi
1403 4594 1606 4633 omnes
1630 4579 2111 4650 receperit,inhu-
2146 4602 2193 4666 D
2226 4587 2332 4645 set,
2359 4581 2549 4637 clerus
2580 4580 2845 4652 ejusdem
2879 4578 3145 4635 Ecclesia:
3176 4595 3243 4631 ex
3274 4577 3480 4648 majori
3513 4576 3668 4647 parte,
3690 4565 3783 4655 fari]

464 4678 675 4717 manus
703 4667 810 4717 est.
828 4667 891 4717 In
914 4662 1371 4736 Quadragesima
1399 4682 1529 4720 vero
1552 4667 1809 4737 quotidie
1829 4684 2116 4739 pauperes

462 4750 767 4805 duodecim
800 4752 1112 4818 reficiebat,
1134 4753 1351 4823 quibus
1384 4754 1440 4808 in
1473 4754 1649 4810 Coena
1680 4756 1909 4811 Domini
1941 4757 2114 4812 dena-

463 4838 580 4894 rios
602 4838 915 4905 tribuebat,
931 4840 1060 4895 etin
1090 4841 1309 4896 Pascha
1329 4840 1635 4915 plerosque
1657 4845 2108 4900 vestiebat.Cum

463 4930 681 4995 autem,
729 4933 792 4983 ut
836 4928 1183 5001 plerumque
1232 4930 1354 4985 fieri
1406 4929 1571 4999 solet,
1627 4931 1684 4986 in
1739 4934 2111 4989 subditorum

462 5015 641 5071 etiam
665 5017 949 5072 baronum
968 5017 1195 5075 animos
1220 5020 1382 5074 furor
1400 5020 1714 5076 iracundia:
1732 5026 1788 5078 et
1810 5022 2112 5079 discordiae

464 5102 752 5159 diabolico
788 5105 1069 5161 instinctu
1101 5106 1452 5179 irrcpsisset,
1501 5110 1649 5165 mira
1679 5111 1807 5181 ejus
1833 5111 2112 5183 patientia

464 5197 642 5265 atque
673 5193 1024 5249 humilitatis
1051 5195 1240 5266 gratia
1270 5196 1674 5255 discordantes
1717 5200 1946 5257 animos
1976 5218 2114 5257 con-

464 5281 834 5352 cordabat,et
858 5286 919 5338 ut
940 5300 1050 5355 pax
1070 5285 1228 5339 fleret
1249 5285 1470 5342 firmior
1490 5292 1547 5342 et
1564 5288 1751 5359 quies,
1765 5288 2114 5362 inquietanti

462 5371 655 5428 dando
685 5372 757 5426 de
787 5388 894 5427 suo
927 5389 1324 5444 saepenumero
1354 5376 1722 5447 propinabat.
1761 5378 1819 5433 Si
1851 5396 1984 5436 vero
2016 5379 2117 5435 ali-

464 5460 699 5535 quando
729 5460 927 5533 aliqua
954 5460 1179 5518 laicalis
1211 5479 1457 5534 persona
1486 5464 1546 5520 in
1579 5464 1853 5523 clericum
1889 5474 1992 5524 aut
2022 5486 2114 5525 ea-

462 5551 701 5608 lumniaa
733 5557 1110 5619 causam,aut
1137 5550 1414 5625 injuriam
1447 5571 1481 5609 a
1509 5553 1717 5611 clerico
1749 5558 1861 5613 sibi
1893 5556 2115 5615 illatam

465 5640 723 5716 haberet,
755 5642 924 5717 eique
958 5640 1365 5717 conquerenda
1404 5642 1767 5715 reclamarct,
1804 5647 1926 5723 ipse
1973 5649 2115 5707 sim-

2227 4672 2372 4727 satis
2402 4669 2558 4725 brevi
2593 4667 2915 4735 intervallo,
2942 4667 3097 4722 hunc
3122 4667 3247 4737 jam
3270 4666 3494 4721 dictum
3525 4660 3737 4718 abbatem
3754 4662 3782 4698 In

2223 4758 2556 4832 pontificem
2590 4757 2913 4828 elegerunt.
2948 4754 3300 4826 Prmpositus
3332 4771 3465 4809 vero
3486 4748 3707 4832 ejusdem
3724 4737 3782 4792 Εὖ

2222 4830 2432 4914 clesiae,
2468 4844 2780 4916 IIulgerius
2811 4845 3066 4910 nomine,
3093 4847 3149 4898 et
3181 4842 3425 4915 quidam
3457 4830 3684 4897 canonici
3702 4837 3782 4916 cum

2220 4954 2308 5007 (³ο,
2342 4936 2443 5008 qni
2476 4915 2748 4991 eumdem
2771 4933 3149 5006 prmpositum
3177 4930 3605 4987 nominaverant
3632 4924 3678 4977 in
3695 4915 3782 5013 ᾦξε·

2222 5027 2399 5092 tione,
2431 5022 2700 5080 electioni
2758 5022 2943 5078 sancti
3001 5021 3106 5077 viri
3158 5021 3516 5097 restiterunt,
3548 5013 3634 5087 qui
3671 5014 3781 5063 etiam

2223 5130 2417 5186 regem
2451 5111 2809 5168 Ludovicum
2850 5110 3035 5166 filium
3088 5109 3240 5181 regis
3292 5105 3536 5181 Philippi
3584 5105 3780 5186 tunce-

2222 5183 2500 5275 gnantem
2558 5216 2676 5255 suae
2735 5198 3213 5255 contradictionis
3267 5197 3586 5269 adjutorem
3635 5183 3780 5275 hab"?

2224 5272 2381 5360 runt,
2414 5290 2497 5346 ita
2546 5293 2609 5344 ut
2652 5289 2851 5345 omnia
2900 5287 3118 5361 regalia
3146 5286 3216 5342 ad
3264 5286 3646 5358 episcopatum
3670 5272 3780 5368 ρεξτίίξ

2225 5380 2426 5438 nentia
2454 5377 2694 5436 omnino
2741 5377 3053 5433 concedere
3102 5376 3150 5431 ei
3193 5376 3520 5447 denegaret.
3551 5365 3780 5445 Τυηςὶρεέ

2226 5468 2571 5541 compulsus
2603 5471 2659 5523 ct
2690 5470 2911 5522 tractus
2943 5467 3015 5521 ah
3059 5464 3409 5521 clectoribus
3458 5459 3613 5525 suis,

2226 5535 2538 5614 adversarii
2572 5556 2643 5612 ad
2677 5555 2884 5614 limina
2915 5552 3307 5627 apostolorum
3334 5545 3678 5613 adierunt,ut
3699 5535 3778 5627 il)”

2228 5664 2461 5708 summo
2493 5645 2767 5722 pontiﬁce
2788 5623 3158 5720 judicaretur
3193 5643 3264 5700 de
3296 5639 3587 5699 electione.
3614 5627 3701 5690 Sed
3722 5623 3778 5681 δι’
