3814 6218
65 380 166 440 293

927 374 1031 440 DE
1077 379 1348 442 GESTIS
1395 377 1637 438 EPISC.
1684 371 2125 438 AN’l‘foS-ifjl).
2177 415 2230 422 —
2267 375 2465 442 PARS
2512 379 2556 443 Ι.

3333 391 3452 451 294

69 509 1688 586 nignissimusDominus,omniumbonorumdistributor,
1722 512 1776 578 Α
1803 527 1956 576 mus,
1991 529 2092 582 qui
2126 513 2378 568 mullum
2409 515 2656 572 dilectus
2686 521 2743 571 et
2775 517 3077 575 familiaris
3125 521 3312 577 fuerat
3351 523 3456 577 ab-

68 602 500 673 adversusquem
534 601 1048 674 nonestsapientia
1087 601 1174 656 vel
1207 599 1684 668 consilium,tan-

67 694 167 744 tam
192 690 340 745 dedit
371 691 686 746 reverendo
717 690 1173 763 abbatigratiam
1189 691 1246 746 in
1264 689 1450 746 oculis
1469 689 1686 744 sumini

69 777 342 848 pontificis,
374 777 478 848 qui
511 784 651 832 tunc
681 779 979 834 Paschalis
1011 779 1245 833 nomine
1269 778 1596 840 sedebat.ut
1617 778 1690 832 ab

70 867 172 936 ipso
198 867 438 938 gratiam
479 866 829 939 episcopalis
884 869 1339 922 consecrationis
1371 873 1693 922 mereretur

72 953 318 1026 accipere,
347 958 404 1010 et
443 972 582 1010 cum
615 971 753 1028 pace
783 955 1249 1011 adversariorum
1294 956 1362 1010 ad
1397 955 1692 1027 propriam

73 1044 238 1098 sedem
265 1061 534 1100 reversus
567 1051 657 1100 est
687 1062 820 1101 cum
852 1044 1040 1100 multa
1069 1043 1374 1100 alacritate
1396 1061 1699 1100 occurren-

73 1139 119 1189 te
143 1132 240 1188 sibi
269 1132 417 1190 clero
447 1138 507 1188 et
537 1135 713 1189 etiam
745 1133 980 1206 populo.

130 1222 382 1276 Comitem
416 1239 658 1294 quoque
678 1222 973 1294 terrae,qui
990 1222 1193 1278 eodem
1215 1227 1474 1294 tempoxe
1492 1227 1697 1294 captus

73 1311 380 1366 tenebantur
407 1328 442 1366 a
471 1311 779 1378 Manscllo,
813 1310 1202 1383 quiposteain
1236 1310 1549 1366 Carthusia
1565 1310 1696 1364 reli-

75 1399 232 1470 gionis
255 1398 518 1454 habitum
554 1400 899 1471 assumpsit,
953 1400 1024 1455 de
1073 1399 1520 1455 confirmatione
1579 1417 1697 1454 suae

77 1487 336 1544 electionis
364 1487 569 1544 laetum
599 1489 814 1544 invenit
839 1507 853 1554 ;
881 1505 1078 1561 regem
1112 1489 1286 1544 etiam
1320 1489 1697 1555 Francorum,

79 1576 156 1646 qui
185 1577 332 1648 prius
381 1577 434 1632 ei
478 1577 925 1647 adversabatur,
986 1576 1045 1632 in
1103 1577 1355 1632 adventu
1387 1594 1494 1632 suo
1521 1593 1698 1649 quam

81 1665 435 1720 citovisifavnt
466 1671 768 1738 pacatum.
822 1665 1084 1738 Denique
1133 1665 1192 1719 in
1239 1671 1460 1736 quanta
1518 1666 1699 1736 animi

80 1753 310 1824 puritate,
343 1759 399 1809 et
429 1771 616 1826 quam
649 1754 892 1809 humilis
923 1754 981 1808 in
1029 1753 1368 1826 episcopatu
1417 1771 1523 1810 suo
1552 1755 1703 1810 vixe-

1798 597 1987 664 batize,
2022 599 2116 654 cui
2150 603 2478 672 praefuerat,
2512 609 2570 659 et
2598 607 2887 678 praecipue
2942 607 3138 663 abbati
3181 611 3454 666 Gervasio

1799 687 2123 742 successori
2154 695 2491 762 suo,utpotc
2521 692 2590 747 de
2622 692 2845 748 familia
2873 694 3138 765 ejusdem
3168 697 3452 753 εοοιθείειιε

1799 792 1903 847 pro
1955 775 2081 846 ipso
2134 777 2315 849 igitur
2362 797 2495 834 cum
2547 781 2818 836 monachi
2873 782 3060 854 ipsius
3116 769 3371 840 ecclesia
3402 793 3461 841 et

1801 866 2122 936 praesertim
2157 867 2340 922 abbas
2373 868 2705 941 frequenter
2735 873 3074 944 episcopum
3125 873 3458 944 interpella-

1802 958 1950 1022 rent,
1986 960 2050 1009 nt
2079 972 2212 1010 eum
2245 957 2590 1013 canonicum
2624 960 2836 1014 faceret
2884 960 2944 1014 in
2991 959 3240 1016 ecclesia
3287 980 3460 1017 sanc-

1803 1043 1845 1098 ti
1895 1042 2198 1116 Stcphani,
2251 1045 2375 1116 ipse
2422 1063 2555 1102 vero
2605 1047 2788 1102 nollet
2834 1066 2934 1104 eos
2983 1048 3040 1103 in
3075 1048 3184 1105 hoc
3215 1051 3460 1118 audire;

1804 1148 1938 1188 cum
1973 1133 2082 1204 ipsi
2116 1150 2250 1188 eum
2283 1135 2546 1206 quotidie
2577 1135 2832 1192 assiduis
2864 1138 3137 1208 precibus
3171 1155 3286 1194 non
3338 1156 3462 1196 ces-

1805 1225 2002 1277 sarent
2033 1219 2289 1292 pulsare,
2327 1224 2510 1278 fertur
2540 1223 2649 1278 hoc
2681 1223 2796 1278 illis
2827 1241 3175 1297 responsum
3209 1227 3460 1284 dedisse:

1808 1311 2110 1364 Incassum
2143 1327 2248 1382 pro
2306 1311 2432 1382 ipso
2485 1329 2682 1384 preces
2719 1313 2984 1382 funditis,
3036 1331 3164 1371 meo
3210 1333 3465 1388 namque

1809 1403 2069 1468 tempore
2104 1416 2268 1454 meus
2301 1418 2603 1472 nunquam
2637 1401 2953 1458 canonicus
2997 1403 3122 1458 erit.
3161 1404 3276 1459 lloc
3306 1423 3464 1460 enim

1807 1487 1978 1541 credo
2024 1487 2094 1542 de
2145 1487 2290 1557 ipso,
2343 1490 2496 1560 quod
2543 1507 2722 1560 quam
2767 1489 2881 1544 cito
2935 1491 3376 1547 canonicabitur
3407 1494 3464 1547 in

1808 1574 2054 1630 ecclesia
2085 1575 2228 1630 sacti
2279 1577 2580 1648 Stephani,
2616 1577 2831 1649 proprii
2865 1579 3154 1634 commodi
3186 1580 3340 1636 circa
3371 1581 3468 1636 bo-

1811 1682 1886 1719 na
1922 1663 2179 1718 ecclesiae
2239 1665 2460 1721 nimius
2509 1666 2618 1721 erit
2648 1672 2899 1722 exactor.
2950 1668 3020 1722 Et
3065 1669 3207 1740 quid
3236 1669 3469 1725 multa?

1807 1753 2050 1808 verbum
2110 1753 2296 1809 sancti
2349 1753 2452 1809 viri
2507 1754 2721 1810 veritas
2779 1755 3095 1812 subsecuta
3152 1763 3288 1814 est:
3338 1763 3470 1830 post

82 1842 156 1908 rit,
183 1841 302 1897 licet
330 1860 445 1898 non
480 1860 590 1916 per
617 1842 832 1908 omnia,
867 1842 1236 1914 subsequens
1268 1841 1461 1917 littera
1517 1842 1702 1898 decla—
1732 1879 1776 1943 Β
1811 1845 2059 1896 mortem
2093 1858 2348 1914 namque
2377 1845 3471 1916 ejus,successorsuuspraedictumcle-

81 1931 221 1997 rabit,
267 1933 432 2001 cujus
464 1935 686 1987 sanctae
717 1930 1173 1986 conversationis
1205 1930 1374 2003 quasi
1405 1932 1700 2003 quoddam

83 2019 385 2092 praesagium
418 2020 534 2075 fuit
565 2019 1005 2092 prognosticum
1036 2019 1086 2074 ei
1129 2019 1410 2076 divinitus
1441 2021 1700 2076 destina-

80 2111 200 2174 tum,
226 2109 371 2180 quod
405 2107 523 2164 tale
549 2108 664 2164 fuit
695 2126 708 2164 :
742 2115 850 2164 Ave
881 2110 1084 2176 Maria,
1129 2111 1313 2177 gratia
1352 2110 1540 2181 plena,
1589 2115 1700 2164 etc.

81 2193 172 2249 Nec
201 2197 430 2264 mirum,
458 2197 509 2254 si
545 2197 727 2254 Filius
756 2198 1037 2271 Virginis,
1061 2197 1188 2253 sine
1219 2199 1388 2268 cujus
1420 2201 1567 2253 nutu
1599 2214 1703 2252 nec

83 2282 248 2340 folium
278 2285 433 2342 cadit
465 2288 526 2341 in
577 2290 816 2350 terram.
861 2286 922 2342 in
974 2287 1344 2358 prognostica
1403 2286 1548 2343 servi
1583 2287 1704 2341 Ma-

83 2371 170 2428 tris
225 2391 355 2440 suze,
419 2392 603 2447 quem
635 2375 920 2448 virginem
979 2380 1328 2448 cognoverat
1357 2392 1703 2448 permansu-

84 2463 376 2527 rum,illam
414 2463 784 2536 singularem
818 2470 875 2520 et
927 2463 1291 2519 admirabilis
1320 2463 1520 2537 gratiae
1552 2464 1706 2519 salu-

83 2549 317 2606 tationem
347 2551 534 2607 voluit
561 2552 830 2618 inveniri,
869 2557 931 2607 ut
961 2552 1151 2624 qualis
1183 2553 1308 2607 vita:
1354 2554 1584 2607 futurus
1613 2569 1704 2607 es-

82 2643 153 2693 set
193 2639 345 2696 daret
406 2640 684 2713 intelligi.
743 2640 1020 2696 Ordinem
1078 2641 1542 2704 Cisterciensem,
1604 2640 1702 2712 qui

85 2731 197 2782 tunc
222 2731 584 2801 temporibus
598 2730 792 2784 adhuc
807 2747 1005 2784 recens
1017 2729 1300 2796 crat,laeta
1313 2734 1369 2784 et
1381 2729 1640 2784 voluntar
1653 2730 1709 2785 ia

82 2823 383 2888 paupertate
440 2817 898 2890 circumseptus,
955 2818 1301 2873 dulcissima
1374 2818 1707 2874 visitatione

83 2905 468 2978 frequentabat,
483 2913 540 2964 et
545 2907 720 2977 juxta
741 2907 1074 2963 facultatem
1100 2925 1271 2963 suam
1329 2906 1381 2963 ei
1412 2907 1472 2962 in
1503 2907 1706 2963 multis

81 2995 368 3051 necessaria
401 2996 820 3063 ministrabat;
872 3013 980 3052 suo
1029 2995 1203 3052 etiam
1253 3001 1515 3069 tempore
1547 3000 1704 3068 ejus-

82 3078 187 3136 dem
215 3084 430 3140 ordinis
461 3084 736 3152 abbatiae,
787 3085 1170 3156 Regniacum,
1217 3085 1433 3156 Rupes,
1477 3090 1706 3140 Bonus-

81 3169 268 3239 radius,
327 3172 568 3228 initium
631 3171 992 3228 fundationis
1068 3172 1422 3239 habuerunt,
1481 3177 1540 3227 et
1603 3189 1707 3244 per

81 3271 261 3314 manus
312 3262 462 3332 ejus,
522 3267 651 3316 tum
711 3259 1102 3316 ministrando
1159 3260 1559 3316 necessatibus
1602 3277 1696 3316 eo—
1733 3244 1774 3310 (ἶ

83 3360 209 3414 rum,
238 3353 359 3404 tum
391 3348 754 3422 acquirendo
782 3349 1207 3420 possessiones,
1243 3365 1360 3403 non
1407 3349 1704 3404 modicum

81 3433 495 3494 incrementum.
544 3438 694 3494 Nam
743 3443 878 3498 ante
922 3442 1188 3510 tempora
1233 3454 1352 3492 suae
1403 3454 1705 3493 consecra-

79 3521 228 3581 tionis
247 3527 687 3583 Pontiniacense
709 3527 1131 3582 monasterium
1149 3527 1459 3582 fundatum
1481 3528 1702 3594 fuerat;

81 3610 310 3670 infirmos
333 3617 512 3672 etiam
570 3615 839 3687 ejusdem
899 3615 1124 3671 ordinis
1183 3631 1298 3670 non
1357 3615 1706 3672 obliviscens

82 3698 208 3756 dulci
236 3703 486 3777 alloquio
519 3705 836 3772 refovebat,
871 3709 928 3759 et
957 3704 1014 3758 in
1045 3705 1316 3776 expensis
1346 3705 1470 3760 suis
1492 3705 1705 3776 saepius

82 3789 416 3848 refectionem
450 3792 849 3848 ministrabat.
897 3791 1196 3847 Civitatem
1255 3796 1314 3848 et
1353 3793 1706 3865 frequentiae

79 3879 391 3950 pepulerum
424 3899 691 3954 congruo
724 3887 984 3953 tempore
1016 3872 1265 3936 libenter
1291 3881 1704 3951 vitabat,clau-

81 3969 236 4023 strum
282 3969 712 4026 monachorum
756 3968 887 4025 lazta
941 3968 1126 4024 animi
1171 3969 1543 4041 simplicitate
1593 3971 1706 4026 fre-

82 4060 518 4125 quentaus,inter
547 4059 705 4132 ipsos
734 4077 850 4114 non
880 4058 1224 4114 desiderans
1271 4057 1582 4131 episc0pus
1611 4075 1704 4114 vo-

81 4145 175 4200 cari
201 4148 282 4202 vel
312 4149 520 4213 videri,
564 4148 663 4204 sed
709 4147 1059 4215 monachus,
1111 4163 1226 4202 non
1275 4145 1494 4202 oblitus
1543 4147 1705 4203 illius

81 4236 357 4307 evangelici
388 4235 667 4308 praecepti
700 4253 712 4292 :
749 4236 856 4304 Qui
881 4237 1058 4307 major
1085 4244 1164 4292 cst
1195 4237 1256 4291 in
1287 4237 1456 4303 vobis,
1495 4237 1596 4307 ﬁat
1621 4239 1702 4292 si-

81 4329 152 4375 cut
174 4325 388 4392 minor;
448 4333 509 4380 et
563 4326 660 4396 qui
711 4340 1010 4396 prwcessor
1034 4333 1134 4390 est,
1190 4327 1334 4380 sicut
1360 4325 1707 4382 ministratur

83 4408 204 4473 (Luc.
232 4430 361 4482 xxn,
391 4415 485 4486 26)
523 4430 537 4467 :
573 4413 720 4468 Illud
771 4413 949 4469 etiam
1000 4413 1153 4469 beati
1201 4413 1555 4486 Hieronymi,
1601 4415 1702 4486 qui

85 4500 129 4550 et
153 4503 458 4558 monachus
494 4502 687 4570 fuit,et
716 4503 917 4558 doctor
947 4501 1703 4576 monachorum,semperin

1815 1931 2001 1984 rieum
2034 1930 2092 1985 in
2123 1929 2368 1986 ecclesia
2400 1931 2551 1986 beati
2583 1931 2858 2004 Stephani
2889 1934 3235 1990 canonicum
3253 1934 3471 2002 fecit,et

1811 2017 2340 2074 familiarissimum
2372 2019 2600 2088 habuit,
2625 2025 2682 2074 et
2713 2023 2866 2092 quod
2911 2021 2982 2076 de
3012 2022 3138 2094 ipso
3168 2022 3254 2078 vir
3298 2041 3470 2078 sanc-

1810 2111 1905 2162 tus
1936 2107 2221 2178 praedixit,
2258 2107 2364 2162 hoc
2396 2109 2453 2162 in
2505 2109 2709 2164 eodem
2757 2108 2967 2165 clerico
3025 2111 3285 2178 effectus,
3333 2129 3465 2184 pro-

1812 2194 1986 2250 bavit.
2021 2195 2573 2252 Archidiaconatum
2606 2197 2706 2270 qui
2757 2215 2864 2254 suo
2913 2204 3173 2270 tempore
3221 2200 3378 2256 venit
3409 2201 3467 2257 in

1812 2303 2025 2341 manus
2055 2288 2184 2356 ejus
2215 2286 2424 2342 diebus
2455 2287 2546 2342 sui
2578 2287 2929 2358 praesulatus
2953 2287 3010 2343 in
3045 2306 3223 2344 manu
3249 2307 3358 2344 sua
3387 2307 3472 2345 re-

1813 2375 2008 2439 tinuit,
2057 2391 2172 2429 non
2218 2380 2454 2446 propter
2499 2375 2823 2444 avaritiam,
2869 2378 2969 2431 sed
3018 2393 3089 2431 ne
3136 2378 3468 2434 sacerdotes

1811 2463 2410 2536 gravarentur,scicns
2437 2464 3222 2520 archidiaconatusrcdditus
3243 2467 3470 2538 paucis-

1812 2553 1994 2607 simos
2024 2569 2172 2619 esse,
2209 2569 2312 2607 nec
2357 2553 2428 2608 ad
2475 2570 2782 2624 expensas,
2817 2568 2964 2625 quas
3023 2571 3231 2609 nomen
3290 2555 3471 2625 hujus

1813 2640 2054 2696 honoris
2097 2640 2361 2712 requirit,
2416 2658 2585 2713 posse
2631 2643 2920 2698 sufficere.
2973 2641 3227 2716 Contigit
3272 2650 3469 2700 autem

1813 2729 1990 2784 semel
2021 2747 2154 2784 eum
2190 2747 2292 2801 pro
2325 2731 2584 2802 quadam
2619 2731 2965 2786 necessitate
2980 2731 3122 2787 velle
3137 2732 3468 2788 Romanum

1811 2817 2148 2889 pontificem
2179 2819 2414 2874 visitare
2448 2835 2460 2874 :
2495 2819 2646 2873 unde
2672 2825 2728 2873 ct
2759 2819 3004 2876 consilio
3063 2821 3468 2877 assistentium

1813 2907 1923 2962 sibi
1956 2924 2059 2980 pro
2091 2907 2360 2979 expensis
2393 2907 2618 2962 itineris
2647 2912 2793 2962 tanti
2827 2907 3168 2980 compulsus
3198 2913 3287 2964 est
3315 2927 3349 2964 a
3380 2927 3469 2966 sa-

1812 2995 2146 3052 cerdotibus
2177 3013 2294 3050 suis
2327 2995 2900 3060 dioecesisauxilium
2935 2995 3268 3068 postulare;
3301 2998 3470 3054 dede-

1813 3088 1948 3138 runt
1975 3083 2326 3150 sacerdotes,
2352 3085 2523 3154 juxta
2558 3083 2860 3156 proprium
2912 3081 3244 3152 arbitrium,
3291 3100 3470 3140 unus-

1812 3171 2196 3244 quisquc,nec
2228 3171 2484 3244 amplius
2513 3175 2825 3246 quaesitum
2857 3176 2946 3228 est
2974 3171 3046 3228 ab
3077 3171 3271 3244 aliquo
3289 3189 3469 3245 quam

1813 3262 1884 3316 de
1917 3262 2044 3332 ejus
2076 3261 2412 3334 procederet
2441 3261 2624 3318 libera
2669 3261 2985 3317 voluntate.
3035 3262 3262 3318 Paratis
3292 3261 3472 3334 igitur

1814 3350 2112 3416 omnibus,
2145 3366 2272 3420 quas
2305 3350 2634 3405 necessaria
2681 3356 2848 3405 erant
2894 3349 3007 3404 sibi
3038 3366 3353 3422 aggressus
3381 3355 3470 3406 est

1810 3437 1922 3494 iter
1947 3437 2902 3511 propositum,transiensmontem
2933 3436 3319 3506 Cinisium,ad
3342 3438 3470 3494 Clu-

1813 3543 1910 3582 sas
1941 3527 2117 3593 venit,
2149 3531 2206 3581 et
2261 3526 2480 3581 ibidem
2531 3525 2812 3582 intellexit
2853 3526 3006 3582 viam
3050 3542 3319 3582 securam
3352 3544 3468 3582 non

1814 3631 1964 3671 esse.
1997 3615 2247 3670 Consilio
2277 3614 2475 3687 itaque
2506 3614 2649 3670 inito
2696 3616 2770 3671 ad
2817 3614 3112 3688 pr0priam
3153 3615 3352 3670 sedem
3384 3633 3470 3672 re-

1814 3704 1941 3772 diit,
1974 3710 2030 3760 et
2060 3721 2174 3759 non
2227 3703 2446 3759 oblitus
2476 3704 2631 3775 quod
2679 3721 2713 3759 a
2761 3703 3163 3760 sacerdotibus
3205 3703 3330 3760 suis
3363 3722 3466 3776 pro

1813 3791 2020 3848 itinere
2071 3791 2301 3863 incepto
2351 3791 2661 3864 pecuniam
2697 3792 3037 3864 sumpserit,
3076 3793 3197 3847 viso
3228 3792 3466 3866 scripto,

1814 3885 2102 3953 quantum
2134 3881 2501 3952 unsquisque
2531 3881 2900 3938 sacerdotum
2926 3881 3186 3948 dederat,
3239 3885 3467 3938 tantum

1816 3969 2132 4041 unicuique
2160 3973 2250 4025 est
2278 3971 2662 4043 resignatum,

1888 4057 2018 4114 Fuit
2061 4075 2294 4130 quoque
2346 4059 2588 4130 quidam
2620 4062 2750 4130 ejus
2799 4059 3127 4129 familiaris,
3160 4059 3252 4114 cui
3285 4058 3467 4115 eccle-

1813 4146 2118 4204 siasticum
2160 4147 2508 4203 beneficium
2555 4147 2822 4204 contulit.
2875 4148 2974 4204 Ille
3023 4165 3155 4204 vero
3204 4165 3321 4204 non
3355 4149 3466 4204 im-

1813 4253 2038 4292 memor
2066 4235 2286 4308 accepti
2317 4236 2604 4303 beneficii,
2652 4243 2947 4292 transacto
2995 4236 3295 4308 aliquanto
3335 4255 3466 4310 spa-

1815 4325 1894 4380 tio
1920 4324 2225 4397 temporis,
2259 4341 2392 4378 cum
2424 4325 2680 4395 quadam
2711 4341 2946 4380 summa
2977 4341 3356 4385 nummorum
3374 4342 3467 4380 ve-

1813 4412 1900 4468 nit
1947 4413 2017 4468 ad
2070 4411 2425 4466 monachum
2476 4415 2811 4483 quemdam,
2884 4412 2983 4483 qui
3036 4411 3259 4466 loculos
3313 4412 3466 4484 epis-

1811 4501 1939 4574 copi
2007 4500 2276 4573 portabat
2342 4503 2400 4555 et
2463 4499 2646 4556 totius
2712 4501 2923 4555 domus
2976 4516 3096 4556 sua:
3125 4506 3469 4572 procurator

87 4593 246 4645 mente
272 4591 510 4648 volvens
543 4609 557 4646 :
592 4615 618 4640 α
664 4591 803 4646 Mihi
849 4592 1130 4664 oppidum
1181 4607 1396 4658 carcer,
1447 4592 1702 4648 solitudo
1733 4611 1779 4675 Ι)
1810 4595 1956 4656 crat,
2005 4588 2220 4645 obtulit
2271 4588 2322 4643 ei
2372 4589 2608 4644 eosdem
2655 4588 3040 4656 nummos,ita
3069 4589 3270 4644 dicens
3304 4605 3316 4642 :
3353 4589 3465 4645 Do-

87 4677 351 4740 paradisus
380 4685 516 4747 est;
549 4678 600 4733 si
648 4678 817 4750 cupis
861 4696 990 4734 esse
1043 4679 1196 4750 quod
1231 4679 1444 4734 diceris
1497 4696 1698 4736 mona-

86 4759 220 4831 chus,
248 4767 303 4821 id
331 4771 419 4824 est
447 4767 638 4832 solus,
673 4767 813 4839 quid
847 4767 988 4822 facis
1017 4767 1077 4821 in
1111 4767 1398 4822 urbibus?
1421 4791 1448 4817 ››

141 4849 192 4906 ln
217 4854 466 4912 claustro
498 4855 922 4912 monachorum
949 4855 1021 4910 de
1051 4855 1366 4924 Charitate,
1399 4857 1498 4927 qui
1530 4856 1702 4928 juxta

88 4939 310 5000 ordinem
337 4945 782 5001 Cluniacensem
809 4943 1098 5014 vivebant,
1133 4945 1468 5017 frequenter
1499 4962 1698 5000 mane-

90 5023 238 5094 bat,et
265 5033 332 5088 de
360 5033 573 5090 castris
602 5034 728 5090 suis
756 5033 1117 5102 Varziaco,et
1132 5034 1203 5088 de
1223 5033 1380 5090 Cona
1409 5050 1701 5089 annonam

87 5116 352 5193 etvinum,
383 5140 456 5178 ne
486 5121 806 5179 Ecclesium
847 5125 1132 5196 gravaret,
1185 5122 1256 5177 ad
1317 5139 1492 5178 suum
1524 5139 1701 5178 usum

89 5206 134 5254 et
155 5207 506 5267 refectionem
554 5211 926 5268 infirmorum
977 5211 1196 5266 ibidem
1245 5211 1459 5282 saepius
1506 5211 1703 5284 praeci-

88 5291 226 5358 Piens
251 5299 835 5372 deportari.Creditur
864 5317 1095 5373 quoque
1125 5299 1197 5354 de
1228 5298 1375 5371 ipso,
1401 5301 1555 5372 quod
1589 5300 1703 5373 spi-

87 5377 235 5439 ritum
263 5386 528 5446 habuerit
586 5388 926 5462 prophetica,
984 5389 1046 5445 in
1078 5405 1194 5461 quo
1252 5389 1546 5462 quoddam
1578 5389 1700 5462 sig-

85 5481 201 5527 num
223 5475 477 5533 veritatis
525 5477 766 5550 reliquit
813 5477 1041 5535 clericis
1089 5494 1209 5534 suae
1257 5477 1510 5534 ecclesiae
1545 5496 1559 5547 ;
1591 5479 1702 5534 fuit

86 5571 302 5633 namque
344 5568 606 5639 tempore
657 5584 765 5623 suo
813 5566 1062 5624 clericus
1134 5566 1399 5638 quidam,
1461 5566 1700 5624 nomine

83 5643 398 5728 Stephanus,
430 5656 490 5715 ir.
537 5657 893 5738 acquirendo
936 5661 994 5719 et
1031 5655 1386 5734 providendo
1435 5654 1699 5718 cautissi-

1812 4679 2008 4733 minus
2038 4677 2349 4749 episcopus
2405 4676 2590 4731 multa
2633 4677 2906 4748 expendit
2958 4683 3014 4732 et
3061 4677 3281 4749 indiget
3313 4679 3464 4734 mul-

1809 4766 1904 4835 tis,
1958 4767 2068 4822 hoc
2119 4783 2337 4821 munus
2382 4765 2646 4838 accipite,
2697 4772 2753 4821 et
2801 4766 2858 4820 in
2917 4767 3188 4838 expensis
3217 4767 3328 4822 sibi
3363 4785 3465 4824 ne-

1811 4856 2086 4912 cessariis
2134 4858 2440 4912 reservate.
2488 4855 2811 4911 Monachus
2856 4872 2990 4911 cum
3029 4856 3220 4928 gratia
3251 4873 3466 4914 munus

1811 4944 2050 5017 accepit,
2111 4948 2168 4999 et
2227 4950 2528 5015 acceptum
2585 4944 3042 5014 reservavit,nec
3074 4943 3260 5002 multo
3287 4945 3465 5002 inter-

1802 5033 1960 5104 jecto
1990 5031 2270 5105 temporis
2301 5033 2489 5106 spatio
2517 5031 2577 5088 in
2613 5034 2958 5089 memoriam
2991 5034 3276 5090 reducens
3296 5052 3465 5090 num-

1812 5139 1940 5178 mos
1970 5128 2257 5194 acceptos,
2290 5127 2346 5176 et
2375 5121 2652 5194 ignorans
2682 5122 2730 5178 si
2775 5121 2988 5194 aliquis
3037 5123 3351 5196 scrupulus
3381 5123 3462 5179 la-

1811 5215 1957 5267 teret
1987 5210 2046 5266 in
2076 5226 2341 5280 munere,
2374 5209 2474 5281 qui
2514 5210 2929 5267 conscientiam
2961 5210 3217 5284 episcopi
3265 5215 3464 5284 posset

1809 5300 2122 5365 offendere,
2181 5299 2351 5368 cujus
2396 5298 2709 5370 puritatem
2772 5317 2890 5356 non
2931 5300 3256 5372 ignorabat,
3310 5299 3462 5354 sicut

1809 5389 2086 5462 providus
2143 5392 2201 5442 et
2259 5386 2494 5458 sapiens
2537 5387 2928 5461 dispensator,
2962 5388 3134 5461 quale
3165 5404 3380 5442 munus
3427 5403 3461 5440 a

1809 5476 1968 5550 quali
2026 5476 2148 5531 viro
2195 5473 2307 5530 sibi
2356 5475 2558 5532 datum
2607 5476 2832 5546 fuisset,
2863 5476 3135 5549 episcopo
3165 5473 3455 5530 revelavit.

1808 5568 1930 5633 Quo
1984 5563 2201 5630 audito,
2263 5580 2396 5619 cum
2450 5565 2760 5639 episcopus
2817 5565 3114 5638 cogitaret,
3169 5562 3326 5619 unde
3355 5561 3458 5617 do-

1807 5671 1950 5716 num
1993 5653 2376 5733 processisset
2430 5655 2544 5714 tale
2601 5661 2659 5715 et
2702 5658 2954 5728 tantum,
2987 5648 3346 5733 statim“

2966 5457 3718 6106 ψ

2966 5569 3114 5630 aret,
3169 5562 3326 5619 unde
3355 5561 3458 5617 do-

2987 5649 3256 5718 statimv
3332 5648 3346 5664 ’
3389 5699 3396 5706 ε
