3814 6218
62 320 157 378 2θῖ

918 318 1017 378 DE
1064 318 1333 379 GESTIS
1380 317 1623 379 EPISC.
1673 319 2102 381 ANTISSIOD.
2136 355 2209 365 ——
2240 322 2441 383 PARS
2484 323 2531 383 Ι.

3306 330 3424 389 298

61 454 157 504 tam
186 452 390 504 Auctor
409 448 575 521 pacis
604 449 890 522 promisit,
920 458 1046 506 sunt
1086 449 1378 521 inquiens.
1412 451 1670 521 reliquiae
1697 450 1750 518 Α
1781 452 2154 522 predecessor
2174 470 2339 519 suus,
2371 455 2542 525 cujus
2576 458 2633 511 et
2649 471 2863 513 nomen
2887 458 3198 524 habuit,de
3219 462 3422 517 ordine

62 538 240 593 homini
265 539 484 610 paci/ica
512 536 685 596 (Psal.
712 554 900 606 xxxvi,
921 539 1030 610 37).
1058 539 1125 593 Et
1148 556 1282 593 cum
1306 539 1672 594 interomnes

64 625 290 699 praelatos
321 626 590 682 Ecclesire
621 628 1020 699 cujuscunque
1073 627 1288 682 fuerint
1326 627 1549 683 ordinis
1578 628 1672 682 vix

64 731 189 770 unus
213 714 387 786 possit
408 713 679 783 inveniri,
699 715 796 787 qui
820 720 1087 786 parentes
1111 715 1461 786 suos,etiam
1482 715 1527 770 si
1553 733 1668 772 non

58 802 151 857 sint
190 801 360 875 digni,
392 819 511 859 non
574 801 852 859 sublimet
907 803 1231 859 honoribus
1260 808 1317 859 et
1347 802 1669 860 beneﬁiciis

60 890 549 958 ecclesiarum,iste
581 891 896 965 singularis
929 892 1080 948 inter
1122 891 1404 947 inﬁinitos
1434 892 1665 948 cuidam

61 997 143 1035 suo
172 981 346 1053 nepoti
379 998 689 1053 nunquam
714 981 769 1036 in
802 981 920 1036 vita
950 998 1068 1036 sum
1100 980 1469 1052 prmbendam
1488 980 1669 1037 voluit

57 1069 183 1135 dare;
202 1075 249 1122 et
279 1068 406 1125 licet
436 1087 556 1125 non
589 1069 836 1125 multum
869 1069 1145 1126 assiduus
1170 1068 1402 1125 essetin
1425 1069 1668 1126 ecclesia

65 1175 149 1212 sua
164 1158 228 1213 ob
241 1157 490 1230 quietem
514 1158 781 1231 spiritus,
805 1175 978 1230 quem
1002 1157 1334 1213 inveniebat
1354 1156 1670 1213 interclau-

60 1245 251 1311 strales,
281 1246 530 1303 multam
584 1253 777 1303 tamen
828 1246 1282 1303 sollicitudinem
1315 1246 1468 1302 circa
1499 1263 1667 1302 suam

58 1334 313 1391 ecclesiam
342 1335 677 1403 exhibebat;
726 1337 797 1392 ad
830 1335 1132 1392 servitium
1163 1334 1346 1407 igitur
1400 1335 1660 1391 ecclesiae

58 1440 152 1479 sua:
167 1426 675 1497 augmentandum,
698 1426 1075 1481 considerans
1098 1424 1243 1479 nihil
1269 1428 1389 1480 tam
1411 1424 1553 1480 utile
1569 1424 1660 1479 in-

56 1511 254 1568 ecelesia
270 1514 337 1570 ad
361 1529 682 1569 commune
702 1514 921 1569 bonum
945 1514 1212 1578 fratrum,
1235 1530 1412 1586 quam
1447 1513 1495 1569 si
1521 1530 1661 1586 prae-

56 1602 262 1671 positum
292 1602 551 1659 ecclesia:
584 1604 814 1658 cederet
844 1602 928 1658 eis
960 1602 1019 1656 in
1037 1618 1416 1658 communem
1459 1619 1658 1668 usum,

57 1690 260 1760 quadam
288 1691 377 1747 die
399 1690 650 1747 consilio
681 1694 918 1763 accepto
950 1707 1065 1745 non
1093 1690 1166 1745 ab
1198 1690 1459 1757 homine,
1496 1691 1600 1746 sed
1628 1707 1662 1745 a

57 1778 160 1845 Deo,
175 1797 262 1850 per
278 1796 517 1835 manum
536 1780 723 1836 sancti
747 1779 1026 1851 Stephani
1042 1794 1220 1851 super
1239 1778 1420 1835 altare
1442 1779 1652 1851 ipsius,

62 1869 449 1939 preposituram
482 1867 720 1938 obtulit,
768 1874 824 1923 et
856 1868 913 1922 in
945 1872 1291 1939 perpetuum
1325 1868 1657 1924 habendam

58 1958 484 2014 communitatem
510 1957 783 2024 fratrum,
805 1957 1160 2029 etpraecipue
1182 1957 1252 2012 ad
1280 1957 1656 2013 refectionem

62 2042 271 2115 ipsorum
294 2046 589 2103 concessit
619 2051 675 2102 et
704 2045 959 2113 donavit;
992 2046 1304 2117 ipsumque
1328 2046 1657 2114 donum,ne

60 2133 112 2186 ab
129 2132 295 2206 aliquo
311 2134 763 2207 possetinfringi
774 2133 1137 2201 ,auctoritate
1153 2134 1471 2189 Innocentii
1495 2152 1655 2207 papa:

61 2220 158 2279 fecit
182 2223 520 2278 confirmari.
552 2223 973 2278 Verumtamen
1026 2222 1177 2294 quod
1210 2239 1387 2294 super
1411 2222 1520 2278 hac
1551 2223 1651 2277 do-

59 2311 241 2367 natione
256 2312 467 2368 factum
484 2312 686 2379 fuerit,
704 2315 964 2384 tempore
977 2310 1336 2367 successoris
1349 2312 1437 2366 sui
1454 2312 1652 2367 obser-

58 2403 211 2454 vatum
236 2417 343 2455 non
376 2401 508 2457 fuit.

109 2488 246 2542 Dedit
279 2490 448 2544 etiam
503 2488 763 2545 ecclesia:
817 2488 971 2544 beati
1004 2488 1283 2560 Stephani
1344 2488 1647 2543 ercleriam

56 2573 215 2648 Deoysi
240 2581 293 2632 et
317 2576 579 2633 ecclesiae
606 2577 790 2632 sancti
814 2578 1083 2632 Germani
1117 2576 1424 2632 ecclesiam
1460 2577 1647 2632 sancti

56 2664 269 2721 Ferreoli.
302 2666 552 2722 Domum
587 2665 978 2739 episcopalem
1029 2667 1099 2722 de
1152 2683 1298 2721 nova
1343 2665 1648 2721 aediﬁcavit

53 2751 309 2824 lapideam,
337 2755 623 2829 amplam,
654 2759 713 2810 et
741 2754 956 2827 tegulis
976 2755 1135 2823 texit;
1166 2760 1223 2811 et
1255 2755 1313 2810 in
1352 2754 1454 2809 illa
1484 2759 1646 2826 parte

50 2841 261 2911 ejusdem
289 2844 497 2900 domus
520 2861 652 2917 qua:
675 2843 912 2916 respicit
941 2844 1011 2899 ad
1036 2845 1317 2899 orientem
1332 2843 1643 2899 stationem

51 2933 309 3000 quamdam
338 2932 690 2998 construxit,
728 2950 857 3004 quae
888 2931 1111 3004 vulgari
1142 2932 1343 3005 lingua
1379 2934 1517 3001 togis
1542 2948 1641 3003 ap-

52 3018 266 3089 pellatur,
295 3022 622 3094 plurimum
656 3021 714 3075 in
774 3027 1011 3094 aspectu
1049 3021 1473 3087 delectabilem,
1504 3037 1640 3077 cum

52 3106 401 3177 pulcherrimis
431 3110 732 3167 columnis
748 3115 1083 3167 exornatam
1106 3127 1283 3182 super
1300 3126 1534 3165 murum
1567 3111 1644 3165 ci-

53 3194 225 3265 vitatis,
244 3201 391 3256 unde
411 3205 467 3257 et
490 3198 710 3255 ﬂuvius
730 3199 939 3254 subtus
961 3202 1152 3270 potest
1178 3197 1444 3263 videri,et
1468 3197 1647 3255 vinea
1677 3182 1720 3248 ί)

54 3288 95 3339 et
133 3288 256 3359 agri.
297 3288 824 3361 Appropinquante
866 3287 1047 3360 igitur
1092 3287 1343 3342 termino
1367 3287 1499 3343 vita:
1528 3304 1649 3342 sure

56 3374 176 3445 apud
191 3374 339 3432 illum
366 3376 678 3450 praefinito,
701 3376 799 3449 qui
815 3381 953 3431 tunc
988 3376 1087 3431 dat
1107 3375 1334 3432 dilectis
1356 3377 1481 3431 suis
1500 3393 1651 3431 som-

56 3467 329 3529 nuthsaI.
348 3483 538 3533 mxvr,
561 3468 642 3535 2),
658 3482 773 3538 quo
793 3464 917 3520 vult
932 3464 1017 3520 eis
1035 3464 1428 3520 hereditatem
1478 3481 1647 3519 suam

56 3549 177 3623 dare,
203 3554 461 3611 universa
492 3554 765 3611 membra
790 3554 918 3625 ejus
943 3552 1102 3609 calor
1138 3557 1383 3626 occupat
1412 3554 1649 3609 innatu-

55 3638 177 3707 ralis;
208 3643 320 3715 ipse
338 3661 469 3699 vero
496 3660 677 3700 carne
696 3642 997 3698 laborante
1020 3642 1290 3714 spiritum
1325 3643 1383 3697 in
1405 3641 1650 3715 psalmis

55 3732 95 3780 et
134 3732 464 3791 orationibus
510 3731 770 3788 Creatori
822 3749 929 3787 suo
976 3731 1362 3803 compellebat
1411 3731 1645 3786 servire.

55 3814 265 3891 Cumque
285 3822 723 3895 supervenisset
752 3821 878 3876 dies
909 3825 1225 3887 extremus,
1276 3821 1483 3876 fratres
1532 3819 1648 3875 eir-
1694 3862 1697 3867 λ

55 3912 377 3979 cumstautes,
412 3911 575 3983 quali
605 3910 795 3982 potuit
843 3909 1143 3982 diligentia
1177 3951 1196 3974 ,
1243 3908 1396 3965 circa
1444 3909 1647 3964 horam

58 4010 224 4052 nonam
251 4000 379 4067 diei,
401 4000 495 4056 his
529 3999 839 4057 admonuit
864 3998 1077 4054 verbis:
1129 3998 1311 4054 Horas
1358 3997 1471 4053 diei
1522 4015 1648 4069 quae

56 4080 488 4161 summuntquas
502 4086 1066 4156 debemus,Domino
1082 4086 1653 4159 persolvamus,quo-

55 4170 174 4227 niam
204 4175 371 4232 ﬁnitis
400 4178 569 4233 horis
596 4176 796 4232 statim
842 4174 1225 4248 requiescam.
1260 4174 1652 4230 Cantaverunt

54 4256 192 4329 igitur
208 4264 461 4336 Domino,
484 4271 543 4323 et
564 4264 710 4322 hora
738 4263 1101 4338 completorii
1140 4262 1449 4335 completa,
1491 4279 1648 4319 com-

55 4345 203 4416 pletus
218 4359 301 4410 est
326 4357 621 4412 terminus
642 4354 772 4410 vita:
792 4354 943 4426 ejus;
967 4352 1169 4424 sicque
1205 4352 1472 4419 verbum,
1495 4352 1650 4424 quod

54 4439 359 4515 pradixerat,
391 4443 779 4516 subsequitur
823 4443 1064 4498 effectus
1104 4439 1384 4497 veritatis.
1427 4441 1652 4507 Quibus

1781 540 2144 595 Cistcrciensi
2180 542 2406 613 primus
2436 543 2618 599 abbas
2650 544 3117 601 Pontiniacensis
3146 548 3423 615 ecclesizc,

1780 630 1879 699 qui
1914 630 2133 684 indicto
2157 631 2384 701 jejunio
2407 636 2525 686 tam
2559 631 2785 688 clericis
2805 635 3214 705 quampopulo
3237 638 3426 691 Autis-

1778 717 2138 773 siodorensis
2169 718 2387 791 oppidi,
2411 719 2561 775 facta
2584 719 2942 776 invocatione
2964 722 3150 777 sancti
3173 723 3428 794 Spiritus

1778 805 1996 862 electus
2027 811 2115 861 est
2146 806 2203 861 in
2263 807 2622 879 pontiﬁcem.
2672 810 2840 864 Pater
2871 809 3189 880 hujus......
3243 816 3431 867 mater

1776 911 2048 951 vero......
2109 895 2217 962 Qui
2251 911 2384 951 eum
2442 898 2496 951 in
2531 897 2854 953 Senonensi
2904 898 3166 954 Ecclesia
3196 904 3431 972 propter

1778 984 2223 1055 suspensioncm
2259 985 2481 1039 domini
2517 986 2743 1042 Henrici
2766 987 3195 1059 metropolitani
3231 988 3425 1044 locum

1776 1072 2234 1127 consecrationis
2258 1090 2370 1128 non
2396 1072 2821 1146 haberet,apud
2840 1076 3426 1133 Ferrariasadomino

1774 1160 2051 1215 Gaufridu
2072 1160 2412 1217 Carnotensi
2451 1163 2723 1234 episcopo
2754 1162 2909 1218 circa
2934 1164 3146 1219 festum
3188 1170 3252 1219 Β.
3284 1165 3424 1220 Vin-

1773 1248 1945 1305 centi:
1976 1254 2351 1306 consecratus
2371 1255 2477 1314 est.
2512 1255 2569 1306 et
2607 1251 2909 1307 Dominica
2958 1270 3077 1325 qua
3106 1258 3378 1309 cantatur
3408 1272 3421 1311 :

1770 1338 2258 1394 Circumdederunt
2301 1355 2407 1410 me,
2464 1341 2537 1394 ad
2596 1357 2765 1395 suam
2798 1342 2996 1396 sedem
3028 1342 3422 1414 episcopalem

1772 1425 2090 1482 honorifice
2120 1427 2422 1483 introitum
2446 1427 2652 1483 habuit
2673 1433 2730 1484 et
2753 1429 2811 1484 in
2844 1428 3090 1486 ecclesia
3116 1432 3229 1487 sibi
3263 1449 3422 1488 eom-

1772 1514 1955 1570 missa
1985 1514 2247 1570 divinum
2282 1516 2540 1571 ofﬁcium
2573 1515 2911 1573 solemniter
2953 1518 3279 1575 celebravit.
3313 1521 3423 1576 Iste

1770 1603 2061 1675 siquidem
2078 1620 2210 1658 cum
2226 1605 2296 1660 de
2317 1620 2526 1676 genere
2549 1621 2897 1677 magnorum
2911 1607 3167 1663 virorum
3189 1625 3422 1681 proces-

1769 1691 1962 1759 sisset,
1990 1692 2113 1763 ipse
2129 1698 2414 1765 quantum
2433 1695 2505 1749 ad
2521 1693 2701 1749 animi
2724 1695 3269 1769 magnanimitatem
3284 1697 3421 1769 plus

1769 1797 1875 1835 suo
1906 1781 2152 1835 contulit
2175 1782 2395 1853 generi,
2428 1799 2608 1855 quam
2638 1799 2825 1856 genus
2861 1801 3036 1840 suum
3064 1785 3196 1857 ipsi.
3250 1788 3312 1841 In
3336 1786 3418 1841 lo-

1769 1870 1999 1940 quendo
2032 1870 2418 1941 parcissimus
2470 1877 2615 1939 erat,
2672 1872 2731 1927 in
2791 1873 3056 1928 faciendo
3106 1874 3331 1943 efﬁcax,
3361 1880 3419 1931 et

1766 1958 2268 2030 promptissimus,
2300 1964 2357 2014 et
2415 1961 2680 2030 quamvis
2734 1960 2892 2015 mirae
2941 1966 3095 2017 esset
3124 1962 3417 2033 patientiae

1757 2046 1928 2117 juxta
1957 2046 2323 2119 propositum
2346 2046 2570 2102 ordinis
2596 2048 2709 2117 sui,
2726 2052 2791 2103 ut
2811 2065 3023 2104 manus
3046 2050 3409 2106 smvientium

1765 2134 1823 2189 in
1856 2133 2162 2191 ecclesiam
2189 2139 2245 2190 et
2266 2136 2324 2189 in
2352 2152 2443 2190 res
2465 2135 2718 2191 ecclesia:
2761 2136 3118 2207 reprimeret,
3161 2138 3412 2211 rigorem

1765 2222 2080 2278 admiscuit
2112 2223 2425 2295 patientiae;
2454 2229 2509 2278 et
2526 2241 2675 2295 quos
2693 2241 2807 2279 non
2821 2230 3046 2296 poterat
3064 2242 3164 2297 per
3191 2227 3414 2299 patien-

1762 2309 1905 2364 tiam
1937 2313 1994 2365 et
2023 2309 2413 2365 humilitatem
2446 2326 2743 2383 superare,
2785 2311 3165 2368 conculcabat
3224 2314 3410 2386 rigore

1752 2398 2023 2469 justitiae,
2056 2398 2155 2470 qui
2174 2398 2397 2469 judicio
2429 2398 2707 2471 sapientis
2739 2400 2994 2455 multum
3039 2403 3409 2459 necessarius

1759 2504 1992 2560 semper
2017 2492 2106 2543 est
2135 2488 2193 2543 in
2242 2486 2498 2544 Ecclesia
2541 2488 2659 2544 Dei.
2694 2490 2960 2552 Quotidie
2991 2490 3147 2545 enim
3194 2492 3407 2547 crescit

1758 2576 1987 2631 malitia
2016 2580 2072 2631 et
2124 2576 2592 2649 multiplicantur
2639 2577 2792 2633 mala
2837 2594 3014 2651 super
3064 2579 3404 2646 Ecclesiam,

1757 2666 2256 2737 quemadmodum
2272 2667 2441 2736 pauci
2454 2666 2645 2721 inveni
2656 2683 2688 2721 u
2700 2671 2833 2721 ntur
2846 2667 3064 2739 praelati
3080 2667 3137 2723 in
3152 2669 3408 2725 Ecclesia

1756 2753 1878 2816 Dei,
1903 2753 2001 2825 qui
2036 2754 2293 2809 animam
2328 2771 2431 2826 pro
2475 2770 2648 2827 grege
2701 2755 2808 2809 sibi
2856 2757 3172 2812 commisso
3203 2763 3405 2814 contra

1754 2841 2146 2914 malignantes
2174 2846 2490 2914 opponant,
2523 2847 2581 2897 et
2603 2842 2849 2914 rigorem
2876 2843 3120 2915 justitize
3145 2845 3204 2899 in
3226 2845 3401 2903 laude

1753 2930 2039 2987 bonorum
2063 2936 2303 3003 ponant,
2336 2936 2393 2986 et
2410 2931 2726 2987 vindictam
2762 2930 3049 2987 malorum
3072 2939 3398 2990 exerceant.

1753 3020 1865 3076 Iste
1894 3036 2028 3075 vero
2060 3019 2399 3093 intelligens
2429 3026 2545 3075 tam
2582 3020 2865 3076 humilem
2900 3037 3077 3092 quam
3104 3026 3398 3093 potentem

1752 3125 1938 3164 unum
1971 3108 2186 3164 habere
2217 3108 2555 3176 Dominum,
2581 3108 2713 3164 licet
2738 3107 3062 3165 humilibus
3081 3109 3397 3181 aliquando

1760 3203 2020 3270 parceret
2051 3198 2107 3252 in
2129 3197 2383 3268 justitia,
2408 3214 2638 3270 semper
2658 3196 2715 3252 in
2750 3198 3100 3270 potentiores
3125 3200 3194 3254 ad
3218 3199 3402 3256 vindi-
3435 3196 3439 3200 ”

1759 3286 2012 3342 cundum
2043 3285 2309 3341 veniebat
2339 3286 2395 3340 in
2419 3286 2600 3359 virga,
2651 3286 2793 3341 illud
2825 3286 3138 3360 Augustini
3171 3288 3243 3343 ad
3277 3305 3398 3343 ma-

1759 3392 1903 3431 num
1934 3374 2178 3431 habens:
2212 3397 2240 3424 «
2282 3374 2465 3430 Aliter
2492 3374 2668 3429 servit
2724 3374 3054 3447 episcopus,
3090 3375 3259 3431 aliter
3288 3376 3402 3432 sibi

1758 3464 2387 3535 subjectuszsubjectus
2402 3462 3263 3537 fidelitervivendo;episcopusj
3274 3470 3405 3520 usta

1760 3552 2166 3625 praecipiendo,
2200 3557 2257 3607 et
2288 3556 2618 3623 peccatores
2647 3553 3006 3607 convenienti
3040 3551 3227 3625 rigore
3275 3570 3401 3609 cor-

1759 3640 2044 3713 ripiendo.
2075 3662 2102 3690 ››
2144 3640 2205 3695 ln
2241 3640 2571 3713 exemplum
2621 3656 2855 3712 quoque
2907 3640 3060 3696 beati
3108 3642 3401 3699 Ambrosii

1758 3730 1977 3785 factum
2010 3729 2118 3784 sibi
2153 3745 2486 3797 assumens,
2517 3730 2639 3802 qui,
2673 3729 2999 3786 Theodosio
3059 3730 3399 3803 imperatori

1755 3817 2006 3874 venienti
2056 3818 2126 3873 ad
2187 3818 2480 3875 civitatem
2540 3819 3054 3887 Mediolanenscm,
3100 3820 3160 3875 in
3194 3820 3401 3876 faciem

1759 3906 1971 3963 restitit
2001 3907 2077 3972 ei,
2100 3910 2157 3962 et
2188 3912 2424 3980 propter
2448 3908 2641 3964 ‘multa
2670 3908 3003 3976 homicidia,
3056 3926 3183 3981 quae
3224 3912 3399 3982 jussu

1758 4013 1864 4052 suo
1895 3996 2047 4051 facta
2076 3996 2328 4064 fuerant,
2362 4014 2535 4053 suum
2568 3998 2759 4055 scelus
2797 3998 2909 4054 sibi
2959 4000 3308 4056 annuntiare
3346 4005 3404 4055 et

1759 4084 2060 4140 introitum
2090 4085 2369 4150 ecclesiae,
2399 4087 2582 4142 donec
2609 4088 2725 4142 Deo
2757 4088 3137 4155 satisfaceret,
3168 4088 3403 4144 interdi-

1758 4190 1886 4230 cere
1908 4191 2021 4229 non
2039 4174 2369 4247 trepidavit,
2394 4176 2507 4231 Nec
2524 4176 2763 4243 mirum,
2804 4176 2850 4231 si
2875 4176 3111 4232 animus
3134 4178 3263 4247 ejus
3281 4181 3404 4233 erat

1759 4263 1828 4317 ad
1848 4264 2140 4335 justitiam
2166 4263 2595 4335 paratissimus,
2622 4265 2719 4336 qui
2745 4281 2845 4336 pro
2864 4264 3121 4320 vindicta
3142 4262 3405 4323 exhibita

1762 4351 2005 4407 Domino
2053 4351 2281 4423 placato
2314 4351 2596 4424 populum
2627 4352 2962 4408 Judzeorum
3006 4370 3040 4408 a
3071 4352 3404 4425 pestilentia

1761 4439 2132 4496 mortalitatis
2160 4429 2469 4495 liberatum
2496 4439 2779 4496 intellexit
2801 4457 2904 4513 per
2934 4457 3174 4496 mannm
3223 4439 3405 4496 solius

57 4522 197 4585 ﬁnitis
214 4529 363 4589 horis
392 4528 685 4605 requievit
715 4531 776 4586 in
817 4530 1056 4587 domino
1128 4529 1284 4602 quod
1335 4534 1477 4585 tunc
1536 4546 1650 4584 non
1688 4547 1729 4613 ι)
1762 4530 2030 4599 Phinees,
2061 4530 2160 4601 qui
2188 4530 2333 4584 stetit
2361 4538 2413 4584 et
2436 4530 2694 4601 placavit,
2726 4536 2778 4585 et
2822 4532 3070 4596 cessavit,
3132 4532 3406 4602 quassatio

57 4612 180 4679 prius
199 4618 600 4678 intellexerunt
626 4619 1095 4677 circumstantes.
1133 4618 1478 4673 Putaverant
1497 4616 1652 4672 enim

57 4703 244 4762 verbum
273 4710 396 4781 ejus
430 4711 614 4767 fuisse
665 4710 738 4765 de
782 4708 976 4781 quiete
1005 4706 1285 4780 corporis.
1327 4707 1429 4762 Est
1454 4711 1649 4762 autem

56 4787 207 4850 obitus
229 4798 348 4868 ejus
378 4802 592 4872 quarto
615 4798 753 4854 Idus
772 4799 945 4869 Aug.,
964 4799 1021 4851 et
1068 4813 1103 4851 a
1140 4794 1276 4850 sede
1308 4793 1650 4866 episcopali,

59 4875 130 4931 ubi
156 4882 401 4955 spiritum
432 4886 694 4943 reddidit
712 4885 980 4953 Domino,
1006 4885 1078 4940 ad
1100 4877 1411 4939 ecclesiam
1435 4884 1493 4939 S.
1520 4883 1652 4940 Ger-

59 4969 198 5035 mani,
227 4973 369 5030 sicut
398 4977 471 5032 de
500 4976 631 5047 ejus
659 4974 960 5031 voluntate
1018 4973 1159 5029 dum
1193 4971 1383 5027 adhuc
1415 4971 1650 5038 viveret,

60 5066 392 5130 Processerat,
417 5080 633 5136 corpus
649 5064 779 5135 ejus
801 5062 1061 5118 delatum
1085 5066 1173 5118 est
1190 5076 1324 5116 cum
1346 5060 1542 5117 debita
1563 5068 1651 5117 re—

58 5148 285 5216 verentia,
313 5154 368 5206 et
399 5152 620 5208 ibidem
668 5152 729 5207 in
781 5149 1036 5223 capitulo
1076 5149 1343 5220 ejusdem
1375 5148 1653 5215 ecclesiae,

60 5228 134 5285 ubi
150 5233 333 5295 fratres
352 5240 827 5314 disciplinantur,
844 5239 1080 5296 domino
1098 5238 1433 5311 providente
1452 5238 1657 5294 habuit

60 5322 515 5398 sepultaram,nec
552 5328 778 5387 vaeavit
825 5328 1200 5402 epiSCOpatus
1254 5327 1328 5382 ab
1375 5326 1656 5383 electione

60 5417 362 5475 successoris
391 5418 483 5474 sui
512 5435 616 5491 per
643 5418 1056 5491 septimanam.

492 5507 627 5564 CAP.
671 5508 786 5564 LV.
828 5508 903 5563 De
923 5511 1176 5576 Hugone.

113 5586 251 5666 Hugo
266 5595 333 5653 de
351 5595 719 5655 Cluniacenci
748 5595 1038 5654 territorio
1070 5599 1234 5652 ortus
1261 5592 1387 5665 fuit,
1412 5593 1565 5652 sicut
1603 5598 1660 5651 et

329 5721 593 5787 ΡΑτιιοι..
636 5723 783 5789 CXX
795 5722 1007 5789 XVIII.

1765 4619 1934 4691 (Psal.
1967 4635 2054 4684 ev,
2089 4619 2199 4685 30).
2226 4616 2465 4673 Talibus
2483 4618 2748 4673 eruditus
2775 4617 3054 4690 exemplis
3073 4617 3227 4674 sicut
3246 4622 3410 4691 puta-

1760 4708 1861 4764 bat
1875 4723 1943 4762 ex
1958 4706 2150 4762 officio
2175 4705 2411 4778 pietatis
2450 4706 2777 4763 humilibus
2792 4706 3244 4763 eondonandum
3258 4707 3404 4780 ipse,

1760 4795 1842 4852 ita
1862 4795 2035 4851 etiam
2052 4794 2360 4866 judicabat
2379 4793 2611 4851 crudele
2630 4799 2687 4850 et
2710 4794 2957 4867 impium
2976 4794 3245 4867 superbis
3256 4800 3311 4851 et
3333 4796 3405 4851 de

1761 4882 2183 4940 consuetudine
2214 4883 2271 4938 in
2300 4899 2392 4939 res
2418 4882 2674 4939 ecclesiae
2702 4883 3073 4939 saevientibus
3091 4882 3255 4939 facile
3276 4901 3408 4940 con-

1763 4973 2000 5029 donare.
2052 4971 2195 5027 Illud
2247 4971 2528 5045 sapientis
2572 4989 2686 5027 non
2718 4971 3087 5029 obliviscens:
3132 4988 3201 5029 ex
3234 4972 3405 5029 solito

1761 5061 2138 5134 peccantibus
2160 5061 2230 5115 de
2263 5061 2415 5117 facili
2447 5060 2751 5134 indulgere
2772 5060 2916 5117 nihil
2939 5060 3095 5117 aliud
3114 5064 3203 5117 est
3227 5078 3404 5135 quam

1762 5150 1982 5206 eisdem
2013 5150 2288 5221 peccandi
2322 5150 2627 5206 materiam
2657 5150 3010 5207 ministrare.
3053 5149 3200 5206 Illud
3230 5152 3406 5207 etiam
3494 5208 3499 5213 ,

1763 5238 1918 5295 beati
1949 5238 2301 5311 Hieronymi,
2330 5239 2482 5311 quod
2506 5240 2575 5296 ad
2601 5240 3047 5296 instructionem
3078 5257 3282 5297 eorum
3306 5238 3406 5312 qui

1766 5331 2024 5400 praesunt
2055 5327 2320 5383 Ecclesiae
2352 5326 2451 5384 Dei
2474 5327 2531 5383 in
2565 5328 2812 5400 epistola
2833 5329 2903 5385 de
2933 5329 3200 5385 doctrina
3229 5327 3407 5384 divini

1766 5417 1945 5473 studii
1974 5416 2046 5472 ad
2096 5413 2406 5472 Paulinum
2464 5418 2824 5474 sacerdotem
2885 5418 3149 5490 scripsit:
3198 5418 3411 5472 Sancta

1768 5505 1984 5579 quippe
2014 5502 2313 5561 rusticitas
2345 5504 2537 5562 solum
2571 5505 2684 5562 sibi
2734 5506 3002 5578 prodest;
3036 5511 3093 5562 et
3123 5506 3408 5577 quantum

1773 5588 2123 5653 adificatas
2153 5592 2281 5650 vitae
2313 5592 2521 5653 merito
2549 5593 2867 5652 Ecclesium
2917 5592 3154 5665 Christi,
3183 5593 3412 5647 tantum

3021 5718 3097 5799 10

3097 5570 3159 5665 ti,
3183 5593 3412 5647 tantum
3626 5574 3720 5671 Ι
