3814 6218
332 302 448 359 2119

1179 298 1510 357 APPEND.
1558 298 1659 356 AD
1705 299 1894 359 S/EC.

2176 297 2303 359 )PE
2314 298 2415 357 ΒΑ
2461 315 2862 361 ΑΔΕΣΠΟΤΙΚΑ.
3608 299 3729 358 300

332 437 522 503 nocet,
557 431 606 488 si
633 430 1072 487 destruentibus
1104 447 1216 485 non
1250 430 1501 485 resistat.
1524 429 1805 486 Comitem
1830 431 1973 485 Wil-
2005 431 2059 498 Α
2090 428 2224 484 bilis
2274 430 2436 484 bona
2490 429 2783 484 memoria
2839 429 3006 501 Hugo
3055 429 3452 501 pradecessor
3478 445 3615 485 suus
3656 432 3729 487 ad

333 521 600 592 lelmum,
634 521 733 594 qui
753 526 957 593 postea
977 519 1037 575 in
1059 517 1361 575 Cartbusia
1389 518 1689 591 religionis
1712 519 1979 575 habitum

333 610 614 682 suscepit,
649 610 903 665 vocando
930 608 988 662 in
1019 624 1281 672 causam,
1301 607 1369 661 ad
1406 606 1513 663 hoc
1537 608 1983 680 canonicojudi-

334 700 422 755 cio
455 699 661 771 coegit,
694 703 759 753 ut
778 698 961 753 multa
978 696 1232 753 ecclesia
1256 714 1372 751 sua
1395 697 1738 763 restitueret,
1766 716 1892 769 qua
1915 698 1985 754 de

324 788 463 858 jure
484 788 895 842 canonicorum
918 784 1176 841 ecclesia
1198 802 1315 840 sua
1341 784 1589 840 fuerant:
1609 786 1792 841 multa
1810 786 1985 842 etiam

338 878 408 932 ad
436 877 528 947 ius
551 875 877 949 episcopale
905 875 1278 948 pertinentia,
1314 892 1441 945 qua
1467 874 1617 929 idem
1643 894 1835 930 comes
1859 894 1988 948 pro-

337 970 466 1037 pter
493 966 780 1021 defectum
804 965 1053 1037 justitia
1109 964 1550 1037 pradecessoris
1602 964 1692 1019 sui
1726 965 1780 1020 in
1817 983 1985 1021 suam

341 1056 642 1126 redegerat
672 1057 1038 1127 potestatem.

414 1142 513 1198 lllo
544 1143 1013 1215 itaquetempore
1029 1161 1172 1198 usus
1204 1142 1479 1210 nemoris,
1509 1144 1664 1214 quod
1690 1143 1989 1198 Monsbar-

344 1231 392 1286 ri
414 1232 647 1304 dicitur,
679 1232 977 1288 canonicis
1009 1233 1162 1289 beati
1193 1231 1475 1303 Stephani
1506 1236 1594 1287 est
1625 1232 1988 1300 redditus,ob

346 1338 523 1393 quem
546 1339 719 1377 usum
742 1339 878 1394 pars
900 1323 1167 1393 quaedam
1196 1322 1453 1376 nemoris
1484 1326 1571 1376 est
1587 1321 1882 1377 canonicis
1903 1339 1990 1377 as-

347 1413 580 1485 signato
608 1428 642 1466 a
673 1410 791 1465 filio
823 1411 1086 1483 ejusdem
1112 1410 1362 1477 comitis,
1387 1427 1520 1465 cum
1561 1410 1619 1464 in
1658 1412 1860 1466 eodem
1889 1428 1990 1466 ne-

346 1518 508 1557 more
540 1498 679 1555 villa
707 1516 856 1554 nova
905 1500 1309 1554 aedificaretur.
1359 1498 1738 1554 Venationem
1790 1499 1989 1568 etiam,

346 1606 527 1662 quam
556 1604 752 1644 comes
785 1604 888 1659 per
916 1604 1157 1642 nemora
1177 1604 1285 1642 sua
1304 1587 1374 1641 ad
1398 1587 1722 1659 episcopale
1734 1589 1837 1659 jus
1861 1605 1990 1660 per-

348 1680 536 1734 tinere
562 1677 831 1749 negabat,
864 1676 1244 1747 recuperavit,
1280 1680 1337 1730 et
1362 1677 1508 1731 utde
1538 1676 1645 1731 hoc
1655 1678 1789 1748 jure
1810 1677 1990 1733 eccle-

350 1768 440 1823 sia
469 1768 795 1821 remanerct
821 1764 1109 1831 investita,
1144 1764 1269 1837 ipse
1298 1768 1558 1837 tempore
1580 1783 1685 1820 suo
1709 1771 1765 1821 et
1818 1782 1991 1822 vena-
2021 1802 2067 1866 Β

350 1861 503 1912 tores
523 1857 582 1910 et
609 1869 782 1909 canes
803 1851 1029 1918 habuit,
1049 1852 1521 1924 frequentissime
1543 1853 1710 1924 praei
1717 1854 1883 1926 piens
1905 1872 1992 1910 ve-

352 1942 501 2010 nari,
534 1946 590 1998 et
619 1942 728 1998 sub
787 1940 972 1996 oeulis
1008 1940 1240 1996 comitis
1270 1958 1372 2013 per
1419 1942 1671 1997 mediam
1701 1942 1991 1999 civitatem

354 2051 488 2090 cum
521 2030 766 2087 canibus
831 2032 888 2085 et
939 2029 1134 2085 debito
1192 2029 1462 2102 clangore
1499 2030 1866 2087 venationem
1921 2032 1993 2087 ad

355 2122 554 2177 sedem
604 2117 996 2191 episcopalem
1056 2117 1287 2185 deferri,
1347 2118 1493 2183 Quid
1526 2118 1750 2175 multa?
1781 2121 1853 2175 ad
1886 2119 1996 2175 hoc

355 2208 671 2282 prudentia
694 2211 749 2262 et
776 2207 935 2279 rigor
955 2206 1198 2278 justitia
1230 2225 1347 2261 sua
1384 2208 1996 2280 omnes'episcopatus

357 2299 447 2355 sui
472 2299 737 2370 potentes
755 2295 1138 2367 compulerat,
1160 2300 1223 2350 ut
1242 2295 1611 2367 prasentiam
1631 2313 1799 2352 suam
1822 2296 1998 2353 hono-

358 2391 575 2455 rarent,
595 2385 922 2442 absentiam
943 2384 1240 2451 timerent,
1262 2384 1567 2454 etinjicere
1587 2402 1797 2441 manus
1824 2386 1878 2440 in
1904 2404 1997 2442 res

355 2476 633 2542 ecclesia,
646 2474 898 2547 rigorem
912 2472 1161 2546 ejuszsub
1175 2472 1358 2528 oculis
1370 2472 1671 2544 habentes,
1687 2492 1998 2547 praesume-

358 2584 418 2622 re
432 2582 548 2621 non
567 2564 851 2618 auderent
885 2561 1148 2633 Cumque
1178 2561 1476 2617 multoties
1493 2563 1865 2619 castellaniet
1896 2581 1996 2636 po-

354 2653 632 2710 tentiores
652 2653 721 2708 ad
755 2668 921 2707 suam
951 2650 1318 2724 prasentiam
1341 2651 1657 2723 venientes,
1673 2670 1776 2725 pro
1803 2653 1900 2708 ind
1912 2653 1995 2708 ul-

352 2740 809 2815 gentiaalicujus
821 2739 1121 2796 commissi
1136 2739 1295 2811 requi
1306 2740 1862 2813 rendaetgenuﬂexo
1876 2759 1999 2814 pre-

354 2850 450 2888 ces
464 2832 793 2898 funderent,
812 2847 926 2885 non
953 2829 1152 2886 statim
1169 2828 1288 2883 illis
1304 2846 1653 2900 responsum
1666 2831 1861 2901 dabat,
1880 2831 1996 2887 imo

353 2920 529 2978 etiam
562 2920 877 2993 aliquando
895 2917 1095 2974 oculos
1126 2935 1265 2975 suos
1292 2918 1365 2973 ab
1397 2918 1481 2974 eis
1508 2918 1814 2974 videbatur
1843 2937 1999 2975 aver-

354 3016 494 3080 tere,
520 3027 634 3066 non
656 3012 893 3082 propter
914 3007 1274 3079 superbiam,
1298 3007 1384 3063 vel
1409 3007 1872 3080 indignationem
1895 3011 1995 3066 sed

355 3117 428 3155 ne
448 3099 632 3155 nimia
661 3097 987 3163 humilitas,
1008 3113 1132 3167 qua
1155 3096 1372 3152 talibus
1398 3097 1625 3167 placere
1649 3116 1762 3153 non
1783 3104 1993 3172 potest,

357 3189 416 3243 in
448 3185 640 3259 gladio
672 3185 823 3241 Petri
852 3183 1085 3239 timoris
1106 3184 1397 3240 minueret
1427 3187 1829 3245 reverentiam.

429 3275 573 3329 Cum
606 3273 784 3346 igitur
815 3273 966 3327 inter
996 3276 1230 3327 caeteras
1287 3273 1553 3341 virtutes,
1614 3293 1761 3347 quas
1810 3277 2000 3349 gratia

358 3364 469 3420 sibi
502 3361 846 3431 contulerat,
896 3360 1349 3433 hospitalitatem
1402 3362 1658 3435 primum
1691 3382 1723 3419 a
1750 3365 1997 3421 Domino

358 3454 417 3509 in
447 3451 775 3524 Evangelio,
807 3455 1009 3524 postea
1066 3467 1168 3523 per
1222 3452 1592 3523 Apostolum,
1646 3453 1999 3526 intelligeret

353 3541 677 3615 plurimum
725 3540 1219 3607 commendatam,
1252 3540 1376 3613 ipse
1430 3558 1545 3597 non
1596 3542 1813 3598 oblitus
1837 3542 1996 3599 illius

352 3632 533 3701 verbi,
554 3630 706 3704 quod
729 3629 787 3685 in
806 3647 915 3686 sua
945 3629 1292 3701 promiserat
1334 3632 1997 3705 consecratione(hospi-

352 3719 485 3775 talis
516 3719 801 3781 voloesse)
817 3718 1057 3773 domum
1072 3735 1242 3772 suam
1265 3718 1616 3790 hospitalem
1635 3736 1763 3775 esse
1786 3721 1991 3777 voluit.

351 3808 514 3863 Unde
536 3811 593 3862 et
610 3807 925 3877 quemdam
946 3822 1289 3860 conversum
1309 3807 1378 3861 de
1396 3808 1733 3865 Pontiniaco
1747 3827 1995 3881 praesse

348 3893 654 3951 constituit
681 3894 881 3947 domui
912 3911 1051 3961 sua,
1104 3892 1205 3964 qui
1240 3899 1360 3949 tam
1390 3902 1670 3967 praesente
1691 3915 1868 3970 quam
1892 3900 1993 3954 ab-

347 3988 511 4041 sente
541 3983 813 4055 episcopo
846 3998 1078 4053 semper
1098 3980 1357 4054 hospites
1386 3988 1623 4055 paratus
1654 3991 1807 4041 esset
1854 3986 1994 4043 reci-

345 4090 501 4147 pere,
563 4075 619 4128 et
670 4069 960 4142 praecipue
1016 4070 1318 4127 universos
1375 4072 1597 4127 ordinis
1641 4075 1753 4143 sui,
1786 4074 1886 4146 qui
1918 4076 1990 4131 ad

344 4178 514 4217 suam
528 4161 769 4217 domum
784 4158 1142 4215 declinarent
1153 4175 1329 4216 eausa
1343 4160 1698 4232 hospitandi.
1715 4162 1817 4218 Stu
1828 4163 1990 4220 dium

344 4250 520 4307 etiam
590 4249 770 4322 hujus
849 4253 973 4304 erat
1030 4248 1157 4304 loca
1216 4247 1489 4323 religiosa
1555 4268 1785 4324 semper
1838 4253 1990 4308 tueri

343 4344 400 4396 et
485 4358 662 4397 manu
749 4343 964 4408 tenere,
1025 4343 1082 4394 et
1164 4338 1285 4394 solo
1371 4338 1574 4395 habitu
1651 4340 1990 4414 religionem

343 4431 769 4503 praetendentes
801 4429 873 4484 ad
924 4427 1222 4499 religionis
1254 4428 1576 4497 veritatem,
1610 4430 1707 4485 ubi
1740 4429 1989 4487 facultas

2090 519 2310 574 bonum
2344 535 2653 575 commune
2686 519 2933 573 fratrum
2992 535 3168 591 super
3224 536 3492 574 mensam
3550 522 3733 576 sancti

2093 608 2370 680 Stephani
2404 625 2508 680 per
2538 625 2779 663 manum
2811 608 3072 679 ejusdem
3105 607 3547 680 protomartyris
3570 610 3739 665 dede-

2095 699 2204 766 rat,
2240 696 2389 767 quod
2426 701 2482 751 et
2511 697 2854 752 auctoritate
2911 695 3128 751 summi
3178 695 3473 767 pontificis
3522 704 3578 753 et
3632 716 3739 754 sua

2096 785 2510 842 conﬁrmatum
2563 787 2691 841 fuit.
2742 786 3026 842 Redditus
3056 785 3419 859 episcopales
3448 787 3507 841 in
3542 788 3739 844 multis

2097 876 2363 939 emendo,
2386 874 2754 941 invadiando,
2770 880 3028 947 tempore
3046 893 3153 931 suo
3166 874 3488 947 ampliavit,
3505 876 3739 934 domum

2098 980 2330 1036 quoque
2362 965 2669 1035 cujusdam
2705 962 2937 1031 militis,
2972 982 3097 1036 qua
3129 964 3341 1019 subtus
3368 981 3602 1020 murum
3618 971 3737 1021 erat

2098 1057 2153 1108 et
2186 1052 2365 1107 nimis
2411 1053 2744 1125 prepinqua
2802 1052 3002 1107 domui
3048 1052 3389 1125 episcopali,
3443 1070 3616 1125 quam
3669 1055 3737 1109 de

2098 1141 2292 1196 media
2322 1146 2487 1197 nocte
2519 1142 2576 1196 in
2601 1142 2755 1213 jocis
2785 1141 3128 1213 garcionum
3150 1144 3206 1196 et
3243 1141 3590 1196 ancillarum
3620 1159 3736 1198 sua

2098 1231 2309 1286 domus
2340 1230 2595 1302 quietem
2630 1230 2879 1286 nimium
2911 1229 3135 1286 solebat
3164 1230 3461 1299 infestare;
3496 1232 3568 1286 de
3595 1230 3741 1286 laica

2105 1337 2285 1375 manu
2328 1323 2585 1391 emptam
2618 1320 2676 1374 in
2697 1321 2801 1392 jus
2830 1318 3157 1391 episcopale
3176 1320 3481 1392 transegit,
3506 1320 3739 1375 domum

2099 1426 2332 1481 quoque
2364 1412 2496 1464 ante
2520 1409 2771 1479 januam
2803 1425 2995 1478 suam,
3030 1412 3230 1480 utpote
3261 1406 3517 1462 multum
3550 1410 3742 1465 domui

2097 1497 2413 1570 episcopali
2446 1497 2834 1553 necessariam
2876 1496 3254 1569 comparavit,
3287 1496 3448 1552 dedit
3494 1496 3743 1553 ecclesia

2099 1587 2287 1642 sancti
2319 1586 2598 1658 Stephani
2627 1585 2863 1641 vadium
2893 1586 3202 1657 cujusdam
3235 1585 3496 1641 nemoris
3528 1586 3587 1641 in
3632 1603 3745 1643 nn

2098 1675 2289 1742 libris,
2320 1680 2376 1730 et
2414 1675 2719 1731 ecclesiam
2778 1676 2848 1731 de
2898 1674 3221 1730 Landriaco
3281 1675 3341 1729 in
3405 1674 3742 1731 memoriam

2100 1764 2293 1821 obitus
2324 1765 2543 1822 sui.Est
2573 1768 2769 1820 autem
2784 1762 2908 1820 dies
2931 1763 3129 1820 obitus
3156 1764 3287 1834 ejus
3314 1782 3350 1819 ν
3384 1764 3525 1819 Idus
3556 1765 3743 1821 octob.

2102 1858 2159 1909 et
2188 1854 2248 1908 in
2280 1855 2451 1909 domo
2479 1851 2932 1918 Pontiniacensi,
2956 1869 3085 1924 qua
3108 1853 3368 1924 primum
3390 1852 3597 1908 habuit
3618 1854 3742 1908 fun-

2103 1942 2397 1998 dationem
2429 1942 2500 1997 de
2529 1941 2731 1996 ordine
2760 1939 3126 1997 Cisterciensi
3154 1940 3214 1995 in
3247 1941 3587 2014 episcopatu
3636 1946 3740 1997 An-

2103 2030 2603 2098 tissiodorensi,in
2627 2048 2742 2102 qua
2756 2034 2812 2086 et
2832 2029 2958 2102 ipse
2976 2030 3205 2102 primus
3227 2029 3534 2086 exstiterat
3552 2032 3741 2099 abbas,

2106 2138 2139 2176 a
2168 2119 2377 2176 saculo
2410 2119 2701 2192 migravit,
2735 2124 2791 2175 et
2818 2119 2878 2173 in
2906 2118 3152 2174 ecclesia
3197 2119 3631 2176 Pontiniacensi
3661 2139 3742 2177 se-

2107 2208 2352 2281 pultura
2373 2208 2567 2264 locum
2596 2207 2833 2263 invenit.
2858 2207 3019 2263 Sedit
3040 2210 3234 2262 autem
3257 2207 3417 2264 circa
3442 2226 3628 2266 annos
3666 2212 3740 2265 14.

2106 2302 2162 2353 et
2189 2296 2412 2353 vacavit
2442 2296 2813 2369 episcopatus
2837 2313 2940 2368 per
2956 2312 3199 2363 annum,
3221 2300 3281 2351 et
3304 2314 3338 2351 a
3364 2296 3517 2352 festo
3536 2298 3596 2353 Β.
3629 2299 3745 2354 Dio-

2106 2387 2255 2459 nysii
2288 2404 2474 2458 usque
2505 2387 2575 2442 ad
2609 2386 2921 2441 adventum
2952 2384 3204 2440 Domini.

2547 2474 2682 2530 CAP.
2718 2474 2858 2529 LVI.
2892 2505 2959 2514 ——
2988 2474 3061 2529 De
3097 2473 3302 2529 Αιαηο.

2176 2564 2392 2620 Alanus
2419 2564 2599 2619 abbas
2623 2564 2691 2618 de
2715 2564 2941 2635 Ripato,
2968 2563 3203 2618 natione
3228 2561 3633 2634 Flandrensis,
3666 2567 3743 2623 vir

2105 2652 2434 2726 religiosus,
2468 2652 2615 2707 rexit
2644 2652 3045 2724 episcopatum
3082 2653 3143 2707 14
3175 2652 3369 2719 annis,
3404 2658 3461 2709 et
3496 2655 3741 2711 redditus

2106 2741 2467 2815 episcopales
2486 2741 2547 2796 in
2579 2740 2781 2795 multis
2794 2740 3211 2813 augmentavit.
3226 2743 3393 2813 Apud
3414 2742 3742 2800 Varziacum

2105 2830 2164 2888 in
2197 2834 2356 2886 turre
2387 2834 2443 2886 et
2468 2831 2528 2885 in
2561 2829 2692 2885 aliis
2738 2828 2903 2897 locis,
2936 2828 3125 2884 multa
3146 2829 3203 2883 in
3229 2831 3586 2889 Vadimonio
3605 2851 3746 2889 acce-

2106 2918 2209 2992 pit.
2246 2920 2308 2974 In
2338 2918 2485 2974 valle
2517 2917 2746 2990 capella
2778 2917 2963 2973 sancti
3005 2918 3248 2973 Andrea
3301 2920 3549 2979 domum
3580 2923 3745 2995 petri-

2107 3026 2243 3064 nam
2276 3008 2597 3063 aedificavit:
2620 3007 2774 3079 apud
2799 3007 3116 3079 Gagiacum
3134 3007 3444 3080 grangiam
3466 3011 3742 3081 petrinam

2105 3102 2161 3153 et
2190 3096 2403 3170 tegulis
2432 3100 2665 3164 tectam,
2694 3100 2751 3150 et
2775 3096 2981 3151 domos
3011 3096 3084 3150 ad
3116 3098 3481 3153 manendum
3508 3116 3641 3154 cum
3669 3116 3744 3153 ca-

2106 3186 2259 3259 pella
2274 3186 2545 3241 aediﬁcari
2570 3190 2627 3241 et
2648 3184 2846 3240 vincas
2869 3184 3117 3257 plantari
3139 3184 3577 3259 fecit.Capitulo
3602 3188 3743 3243 dedit

2106 3292 2215 3331 xxx
2245 3275 2465 3331 solidos
2481 3272 2785 3335 censuales
2818 3274 2876 3328 in
2906 3272 3149 3329 ecclesia
3170 3274 3241 3329 de
3264 3274 3534 3332 Escoliva
3555 3277 3740 3333 nihilo-

2107 3365 2324 3431 minus,
2360 3367 2417 3419 et
2447 3362 2606 3418 dedit
2635 3362 2941 3418 ecclesiam
2973 3365 3045 3417 de
3077 3361 3387 3418 Lindriaco
3420 3381 3560 3420 cum
3608 3383 3741 3439 pra-

2106 3452 2428 3513 sentatione
2459 3451 2765 3524 capellani:
2799 3451 2869 3506 ad
2901 3454 3315 3507 ornamentum
3346 3470 3483 3509 vero
3504 3455 3742 3511 ecclesia

2106 3543 2258 3600 beati
2285 3540 2563 3614 Stephani
2596 3540 2756 3596 dedit
2784 3538 2962 3612 pallia
2992 3540 3107 3595 duo
3134 3540 3361 3612 optima
3386 3547 3447 3598 et
3478 3544 3554 3599 ad
3588 3543 3744 3599 servi-

2103 3632 2252 3688 tium
2276 3632 2539 3703 ejusdem
2564 3628 2780 3684 librum
2796 3628 3183 3701 quadraginta
3199 3628 3586 3688 hcmiliarum
3606 3630 3743 3687 beati

2105 3719 2363 3793 Gregorii
2396 3719 2541 3776 satis
2571 3718 2865 3790 eleganter
2893 3716 3176 3788 scriptum
3198 3722 3253 3772 et
3277 3723 3557 3776 ornatum
3581 3739 3594 3788 ;
3626 3719 3740 3777 aliis

2103 3810 2278 3866 etiam
2310 3808 2571 3865 ecclesiis
2614 3805 3248 3879 Antissiodorensibus,
3279 3811 3404 3862 tam
3435 3808 3497 3864 in
3522 3807 3743 3866 redditi-

2102 3901 2214 3955 bus
2244 3915 2423 3971 quam
2452 3897 2511 3951 in
2543 3895 2677 3952 aliis
2713 3895 3031 3961 beneficiis,
3076 3893 3264 3951 multa
3294 3897 3739 3955 misericorditer

2101 3987 2367 4055 contulit;
2389 3984 2738 4058 quamplura
2758 3984 2934 4040 etiam
2955 3984 3134 4056 digna
3147 3985 3435 4040 memoria
3457 3992 3519 4041 et
3542 3988 3735 4059 scripto

2100 4077 2159 4131 in
2191 4075 2497 4147 epicopatu
2528 4076 2803 4144 operatus
2816 4075 2922 4138 est,
2942 4089 3069 4143 qua
3091 4089 3208 4128 non
3230 4071 3430 4144 culpa,
3461 4076 3568 4131 sed
3587 4076 3734 4147 igno-

2101 4164 2289 4220 rantia
2320 4162 2620 4235 scriptoris
2651 4161 2859 4217 litteris
2889 4161 3168 4216 adnotata
3196 4178 3311 4216 non
3345 4162 3607 4220 fuerunt.
3646 4162 3733 4218 llic

2099 4270 2235 4309 cum
2267 4252 2325 4307 in
2357 4251 2692 4324 episcopatu
2723 4251 2839 4305 Deo
2861 4254 2917 4305 et
2937 4248 3277 4305 hominibus
3301 4250 3732 4322 placenslauda

2099 4342 2293 4398 biliter
2319 4341 2388 4396 14
2419 4341 2589 4396 annis
2627 4339 2884 4408 vixisset,
2947 4337 3450 4396 sollicitudinibus
3480 4347 3543 4397 et
3593 4339 3731 4397 curis

2098 4430 2439 4496 mundanis,
2459 4428 2675 4501 quibus
2688 4428 2850 4500 prius
2864 4427 3401 4496 abrenuntiaverat,
3428 4446 3491 4485 se
3509 4429 3729 4487 omnino

344 4519 613 4588 dabatur,
648 4519 985 4575 reformare.
1022 4517 1181 4574 Unde
1235 4521 1292 4572 et
1348 4516 1403 4571 in
1455 4518 1708 4588 quadam
1743 4518 1990 4575 ecclesia
2018 4536 2065 4600 Β
2097 4537 2305 4576 exuere
2333 4518 2554 4585 volens,
2595 4516 2997 4589 episcopatum
3058 4516 3393 4589 resignavit,
3456 4525 3518 4573 et
3552 4517 3730 4573 relicta

342 4607 860 4674 Antissiodorensi,
892 4624 1017 4679 qua
1051 4606 1108 4659 in
1158 4605 1440 4661 honorem
1472 4606 1778 4663 Genitricis
1827 4607 1928 4663 Dei
1957 4626 1991 4663 a

343 4699 544 4750 sancto
572 4695 781 4768 Vigilio
811 4697 1231 4768 praedecessore
1264 4712 1369 4750 suo
1402 4699 1564 4750 extra
1604 4712 1805 4752 muros
1849 4696 1989 4752 civi-

342 4784 479 4839 tatis
510 4784 751 4839 fundata
781 4791 923 4849 erat,
958 4784 1295 4856 religionem
1318 4785 1388 4839 de
1411 4784 1857 4841 Pramonstrato
1880 4804 1989 4842 sua

341 4872 683 4926 auctoritate
714 4889 848 4927 eum
879 4872 1094 4927 auxilio
1128 4873 1359 4928 comitis
1386 4873 1482 4945 pia
1514 4874 1813 4929 devotione
1845 4892 1987 4930 con-

291 4992 297 4998 ι
341 4959 549 5027 stituit,
581 4959 697 5015 illis
751 4961 1045 5017 canonicis
1077 4962 1147 5016 ab
1172 4961 1415 5018 ecclesia
1449 4962 1705 5032 remotis,
1732 4980 1983 5035 quorum

340 5049 698 5104 conversatio
723 5049 919 5103 minus
939 5054 1060 5104 erat
1083 5050 1346 5106 honesta.
1372 5051 1634 5123 Denique
1657 5069 1789 5107 cum
1814 5053 1984 5110 inter-

340 5136 646 5191 universos
677 5135 984 5191 Gallicanae
1018 5138 1279 5193 Ecclesia
1306 5139 1982 5214 coepiscopospracipue

339 5223 669 5280 honestatis
721 5229 778 5279 et
818 5224 1015 5296 magni
1068 5227 1295 5281 consilii
1330 5244 1433 5298 pro
1464 5233 1617 5282 certo
1649 5229 1980 5300 sapientum

328 5313 554 5385 judicio
577 5316 890 5381 teneretur,
916 5329 1168 5384 cumque
1199 5315 1269 5370 ad
1302 5332 1612 5371 commune
1633 5317 1853 5373 bonum
1875 5319 1981 5373 Ec-

335 5403 522 5461 clesia
555 5421 675 5460 sua
698 5402 952 5458 multum
973 5402 1259 5459 sollicitus
1282 5406 1622 5473 exstitisset,
1649 5407 1880 5462 cuidam
1901 5412 1981 5463 ta-

336 5510 471 5549 men
494 5493 689 5566 nepoti
712 5510 818 5550 suo
845 5491 1288 5564 praposituram
1312 5493 1575 5561 ejusdem
1599 5495 1865 5552 Ecclesia
1885 5497 1982 5553 do-

334 5582 513 5657 navit,
547 5599 722 5658 quam
748 5578 1172 5659 benignissimo
1193 5580 1493 5639 charitatis
1516 5582 1721 5640 aﬂ‘ectu
1743 5602 1980 5642 venera-

2099 4610 2287 4665 activa
2308 4608 2424 4663 vita
2445 4605 2903 4678 contemplativa
2928 4622 2989 4661 se
3014 4622 3257 4677 prorsus
3272 4606 3538 4677 tradens,
3567 4607 3730 4662 Clare

2098 4698 2305 4754 vallem
2339 4696 2503 4767 adiit,
2521 4696 2721 4767 ibique
2738 4694 3149 4750 interathletas
3162 4694 3378 4750 Christi
3396 4697 3727 4769 martyrium

2098 4788 2189 4842 sui
2211 4785 2493 4858 temporis
2512 4801 2826 4857 aggressus
2842 4783 3115 4854 jejuniis,‘
3135 4784 3528 4853 orationibus,
3560 4783 3731 4840 lectia

2097 4876 2293 4942 nibus,
2325 4877 2501 4945 atque
2547 4872 2679 4928 aliis
2717 4871 3023 4927 charitatis
3054 4872 3331 4944 operibus
3370 4869 3729 4929 solummodo

2093 4980 2326 5031 vacans,
2352 4963 2466 5018 fine
2498 4966 2563 5017 ut
2586 4960 2879 5017 credimus
2928 4960 3096 5015 beato
3129 4959 3186 5014 in
3235 4961 3477 5016 domino
3509 4957 3726 5033 quievit.

2094 5051 2248 5108 Obiit
2290 5057 2485 5107 autem
2517 5068 2553 5106 ν
2580 5051 2715 5106 Idus
2747 5048 3010 5104 Octobris
3040 5052 3098 5104 et
3125 5048 3393 5120 sepultus
3423 5054 3516 5105 est
3552 5048 3726 5103 Clare-

2091 5140 2279 5197 vallis:
2306 5157 2408 5212 pro
2427 5141 2595 5210 cujus
2614 5136 3009 5193 anniversario
3033 5135 3374 5192 solemniter
3397 5134 3725 5194 celebrando

2092 5229 2376 5303 magister
2392 5228 2555 5284 Abbo
2579 5228 2706 5299 ejus
2737 5225 2985 5282 clericus
3007 5224 3151 5281 emit
3190 5226 3248 5280 in
3284 5225 3638 5283 molendinis
3667 5223 3726 5276 de

2091 5317 2383 5374 Crevenno
2414 5334 2487 5371 xx.
2514 5315 2754 5383 solidos,
2777 5319 2833 5371 et
2849 5313 2984 5387 plus
3015 5314 3083 5369 de
3106 5314 3340 5370 redditu
3363 5321 3421 5370 et
3449 5309 3726 5371 canonicis

2090 5412 2152 5462 B.
2187 5406 2465 5480 Stephani
2498 5406 2658 5462 dedit
2678 5403 2982 5461 annuatim
3012 5402 3070 5457 in
3103 5403 3307 5459 eodem
3341 5401 3725 5460 anniversario

2092 5495 2547 5564 dividendos,ita
2578 5494 2732 5567 quod
2758 5494 2817 5549 in
2841 5492 2985 5548 alios
3017 5509 3161 5547 usus
3183 5491 3346 5548 nullo
3371 5495 3549 5549 modo
3570 5486 3725 5548 alicui

2087 5584 2287 5641 liceret
2316 5584 2625 5658 praedictos
2657 5583 2920 5640 redditus
2977 5581 3317 5640 transferre.
3373 5577 3724 5657 Episcopavit
