3814 6218
87 326 174 386 301

942 331 1041 389 DE
1088 328 1360 390 GESTIS
1403 327 1643 388 EPISC.
1692 327 2129 393 ANTISSIOD.
2168 368 2243 377 —-
2274 334 2470 397 PARS
2516 337 2565 397 Ι.

3330 335 3446 397 302

86 466 252 514 autem
281 465 541 532 tempore
571 460 820 533 piissimi
870 462 1020 533 regis
1072 462 1364 527 Ludovici,
1398 460 1691 515 \Villelmo
1721 460 1774 527 Α
1805 466 2575 525 consuetudinibusobviare
2596 474 2841 526 conatus
2861 471 3051 539 est;in
3074 471 3450 544 primisenim

85 549 262 604 comite
289 549 650 620 Nivernensi,
684 550 783 621 qui
812 550 1077 622 sepultus
1117 555 1206 605 est
1236 552 1389 621 apud
1424 555 1693 604 sanctum

83 638 396 692 Germanum
429 638 532 708 qui
566 655 680 692 non
716 639 1027 693 minimum
1059 639 1109 693 ei
1134 639 1192 693 in
1217 639 1335 693 vita
1359 656 1465 693 sua
1491 638 1690 692 adver-

80 732 214 780 satus
233 731 333 793 est,
359 731 415 780 et
439 726 697 798 pervenit
720 744 909 799 usque
931 729 1001 782 ad
1028 733 1261 798 tempus
1286 726 1563 781 Willelmi
1588 726 1690 781 filii

78 816 200 883 ejus,
229 814 321 884 qui
352 813 770 887 Hierosolymis
806 822 1075 869 mortuus
1123 820 1230 882 est,
1267 816 1460 869 Romae
1495 819 1691 870 autem

79 902 385 971 prasulibus
413 903 668 958 Adriano
700 908 756 958 et
785 903 1109 959 Alexandro
1141 921 1293 976 papa
1322 903 1511 958 tertio.

413 992 549 1046 CAP.
588 992 753 1047 LVII.
790 1024 857 1034 —
888 995 963 1048 De
994 993 1302 1049 Guillelmo.

134 1078 454 1135 Guillelmus
475 1080 849 1136 Tuciacensis
873 1082 1000 1148 fuit,
1028 1098 1142 1135 non
1167 1086 1393 1136 tantum
1418 1079 1687 1146 illustris,

77 1169 158 1221 sed
185 1175 235 1221 et
261 1167 499 1224 honesta
528 1168 752 1240 origine
782 1175 1139 1240 procreatus,
1177 1175 1344 1240 pater
1372 1169 1526 1222 enim
1561 1168 1609 1239 ej
1623 1185 1690 1224 us

76 1256 262 1311 exstitit
279 1257 477 1311 Girard
489 1274 557 1311 us
578 1258 650 1311 de
668 1256 964 1311 Narbonia
982 1257 1071 1311 vir
1094 1256 1329 1321 nobilis,
1345 1262 1534 1311 mater
1553 1273 1688 1311 vero

74 1346 231 1414 Agnes
258 1362 366 1399 non
397 1361 610 1417 genere
640 1345 761 1399 viro
795 1361 902 1400 suo
937 1345 1213 1411 inferior;
1246 1346 1346 1416 qui
1378 1343 1519 1399 clari
1552 1361 1686 1399 cum

73 1438 233 1487 essent
258 1450 445 1488 rerum
480 1433 650 1506 copia
681 1438 738 1488 et
767 1434 1072 1504 sanguinis
1103 1433 1689 1506 generositate,nobi-

71 1519 212 1576 liores
238 1527 426 1577 tamen
457 1523 724 1577 moribus
754 1528 813 1577 et
829 1521 1118 1577 feliciores
1148 1523 1383 1577 fuerunt
1414 1526 1686 1577 natorum

72 1609 462 1681 prepagatione.
496 1611 623 1665 Non
668 1610 824 1665 enim
874 1610 1031 1666 hunc
1085 1616 1313 1665 tantum
1377 1610 1686 1681 praesulem

72 1701 187 1751 nutu
214 1698 303 1753 Dei
332 1703 687 1770 genuerunt,
723 1700 822 1753 sed
846 1699 1149 1772 Hugonem
1182 1700 1480 1753 Senonum
1512 1716 1683 1754 vene-

71 1785 272 1841 rabilem
302 1787 830 1859 archiepiscopum,
864 1787 965 1859 qui
1015 1787 1441 1860 primogenitus
1483 1803 1684 1842 eorum

70 1873 171 1941 fuit,
199 1875 276 1930 vir
301 1875 573 1931 videlicet
602 1877 925 1943 modestus,
958 1875 1239 1942 liberalis,
1274 1881 1332 1931 et
1364 1876 1525 1930 omni
1559 1892 1682 1930 mo~

69 1979 171 2016 rum
213 1964 509 2020 honestate
560 1965 857 2036 praeditus.
893 1964 1210 2020 Praedictus
1255 1963 1591 2019 Willt-lmus
1626 1964 1682 2018 in

61 2050 320 2119 juventute
361 2070 476 2108 sua
523 2053 784 2124 primum
815 2054 1360 2108 archidiaconatum
1393 2059 1449 2108 et
1480 2057 1684 2125 postea

50 2140 469 2210 'prazposituram
495 2140 761 2197 Ecclesiae
784 2142 1141 2197 Senonensis
1162 2140 1683 2206 administravit,in

66 2242 157 2297 qua
182 2230 686 2286 administratione
719 2232 800 2285 ita
830 2230 1045 2298 floruit,
1072 2231 1226 2302 quod
1261 2229 1405 2285 nulli
1445 2229 1683 2283 clerico-

63 2333 170 2371 rum
211 2318 264 2372 in
311 2319 522 2375 Galliis
571 2318 859 2390 largitate,
895 2318 1312 2390 hospitalitatis
1343 2318 1550 2390 gratia,
1585 2335 1682 2372 ex-

64 2419 223 2471 pensas
244 2412 298 2461 et
317 2406 557 2462 familiae
583 2406 1000 2462 numerositate
1031 2408 1327 2462 secundus
1358 2406 1643 2460 exstiterit
1669 2422 1681 2461 :

63 2491 209 2563 hujus
239 2495 483 2550 consilio
514 2500 571 2551 et
599 2496 912 2567 prudentia
943 2494 1254 2551 universali
1288 2494 1543 2549 Ecclesia
1571 2494 1686 2549 fere

66 2580 345 2639 ﬂuctuante
396 2588 458 2639 et
506 2584 826 2639 schismate
881 2582 1169 2653 saeviente,
1229 2582 1687 2655 praenoniinatus

64 2669 211 2726 frater
236 2673 361 2744 ejus
391 2671 895 2745 archiepiscOpus,
926 2672 1045 2727 imo
1077 2672 1201 2744 ipse
1235 2671 1467 2743 recepit,
1501 2678 1556 2726 et
1586 2672 1685 2726 Se-

66 2760 206 2814 nonis
233 2761 456 2816 addixit
488 2762 670 2816 beata:
704 2761 1124 2816 recordationis
1154 2760 1546 2814 Alexandrum
1586 2776 1685 2831 pa-

65 2863 173 2916 pam
209 2850 468 2917 tertium,
505 2850 768 2905 nondum
817 2850 985 2921 plene
1036 2851 1447 2903 confirmatum
1482 2864 1493 2902 :
1531 2848 1686 2918 quod

62 2935 208 2991 etiam
236 2954 400 3009 reges
433 2942 495 2994 et
524 2937 817 3010 principes
850 2938 1035 2993 facere
1060 2937 1471 3003 formidabant,
1495 2936 1551 2989 in
1571 2952 1688 3007 qua

61 3027 373 3097 receptione,
406 3031 468 3082 et
500 3027 760 3098 quandiu
813 3027 966 3097 apud
1000 3042 1099 3081 eos
1130 3030 1355 3080 morata
1384 3030 1473 3079 est
1502 3024 1684 3089 curia,

63 3130 213 3182 quam
234 3115 611 3172 laudabiliter
632 3132 692 3170 se
718 3116 994 3186 utrinque
1021 3114 1246 3180 habuit,
1272 3131 1386 3168 non
1410 3119 1499 3168 est
1520 3111 1687 3168 facile

1804 554 2120 609 toreularia
2149 556 2209 610 in
2248 558 2351 627 jus
2400 575 2575 613 suum
2609 560 2869 632 redigere
2901 562 3158 619 tentavit.
3186 562 3265 615 ita
3295 560 3450 631 quod

1803 640 1861 695 in
1894 647 2014 696 tota
2064 645 2205 697 urbe
2256 644 2397 699 nulli
2432 645 2627 701 liceret
2667 647 2921 701 torcular
2952 647 3165 703 habere
3196 648 3304 701 nisi
3342 647 3451 702 sub

1803 731 2023 786 tributo
2064 733 2260 787 comiti
2312 735 2616 789 annuatim
2669 736 2962 789 reddendo
2997 753 3009 790 :
3045 736 3139 791 cui
3175 753 3454 807 praesum-

1804 819 1987 889 ptioni
2020 821 2232 892 praesul
2265 822 2578 893 praedictus
2611 824 2693 878 ita
2735 824 2980 878 viriliter
3029 824 3265 892 restitit,
3300 824 3454 894 quod

1803 924 1907 962 nec
1939 908 2150 977 clerus,
2187 926 2291 965 nec
2324 912 2577 982 populus
2607 910 2908 982 antiquam
2942 911 3271 968 libertatem
3306 911 3458 967 ami-

1803 996 1963 1063 serit,
1998 1014 2100 1051 nec
2144 997 2202 1052 in
2253 997 2449 1069 aliquo
2506 1005 2779 1069 gravatus
2836 1000 3029 1055 fuerit.
3066 1000 3223 1054 Idem
3260 1015 3455 1054 comes

1802 1083 1944 1138 alias
1966 1085 2223 1141 decimas
2247 1087 2546 1142 vinearum
2572 1104 2816 1142 assensu
2842 1088 3015 1142 etiam
3039 1086 3453 1154 Ecclesiarum,

1801 1173 1873 1226 ad
1892 1190 2038 1243 quas
2062 1174 2453 1246 pertinebant,
2477 1175 2758 1231 violenter
2777 1175 3096 1248 occupavit,
3112 1175 3193 1229 ita
3215 1176 3369 1246 quod
3391 1174 3452 1229 in

1800 1259 2048 1331 singulis
2080 1262 2262 1333 portis
2303 1265 2574 1319 custodes
2626 1263 2926 1319 constituti
2958 1263 3030 1318 ab
3065 1261 3224 1317 omni
3253 1266 3451 1317 trans-

1799 1354 1973 1405 eunte
2003 1350 2290 1406 decimam
2340 1358 2562 1424 partem
2616 1353 2944 1421 vindemiae,
2979 1356 3079 1407 aut
3110 1351 3241 1423 plus
3272 1352 3450 1407 etiam

1800 1453 1902 1508 per
1930 1438 2045 1492 vim
2078 1439 2617 1511 aceipiebant.,Quo
2664 1440 2862 1495 audito
2910 1440 3120 1512 praesul
3176 1439 3449 1494 comitem

1798 1526 2086 1593 convenit,
2114 1532 2322 1582 etcum
2346 1528 2417 1582 ab
2443 1527 2693 1598 incoepta
2722 1527 2995 1583 violentia
3023 1529 3150 1599 ejus
3183 1527 3452 1583 admoni-

1797 1614 1954 1669 tione
1986 1632 2215 1671 cessare
2247 1634 2359 1671 non
2392 1616 2655 1681 vellet,in
2679 1617 2873 1687 ipsum
2905 1614 3453 1671 excommunicatio-

1798 1702 1889 1757 nis
1916 1708 1973 1756 et
2002 1702 2060 1757 in
2093 1708 2317 1783 terram
2343 1721 2511 1759 suam
2564 1702 2858 1759 interdicti
2890 1704 3240 1762 sententiam
3272 1719 3452 1775 gene-

1798 1791 1998 1846 raliter
2025 1793 2437 1865 promulgavit,
2463 1809 2567 1848 nec
2590 1793 2698 1848 hoc
2720 1792 2895 1848 etiam
2928 1796 3259 1858 contentus,
3292 1793 3453 1848 dom-

1794 1897 1937 1936 num
1960 1897 2170 1951 papam
2194 1898 2295 1952 per
2316 1881 2555 1936 nuntios
2582 1898 2721 1936 suos
2743 1898 2919 1953 super
2940 1880 3048 1936 hoc
3070 1879 3385 1947 consuluit,
3418 1899 3453 1937 a

1795 1987 1910 2043 quo
1942 1968 2245 2041 privilegia
2275 1975 2331 2024 et
2375 1969 2876 2024 confirmationem
2910 1974 3029 2024 tam
3062 1969 3448 2039 decimarum,

1795 2074 1972 2131 quam
2020 2057 2268 2112 aliarum
2318 2073 2512 2112 rerum
2562 2057 2830 2112 Ecclesiae
2879 2056 3171 2123 obtinuit;
3206 2057 3446 2112 nuntios

1794 2151 1990 2202 autem
2021 2148 2148 2214 ejus
2181 2146 2456 2218 prenvenit
2503 2144 2903 2200 misericordia
2948 2144 3200 2212 Domini,
3234 2162 3361 2215 quae
3391 2148 3450 2199 et

1797 2234 2029 2290 comitis
2059 2234 2377 2289 amicitiam
2396 2238 2451 2288 et
2469 2233 2830 2288 decimarum
2866 2232 3291 2288 restitutionem
3314 2249 3449 2287 cum

1796 2321 2004 2377 humili
2036 2322 2434 2378 satisfactione
2466 2322 2517 2376 ei
2549 2320 2817 2387 contulit,
2850 2322 2931 2376 ita
2961 2322 3115 2392 quod
3162 2320 3451 2393 quidquid

1794 2410 2021 2465 clericis
2052 2414 2153 2465 aut
2178 2409 2519 2464 hominibus
2544 2408 2934 2464 Eeelesiarum
2958 2408 3219 2464 ablatum
3240 2409 3451 2477 fuerat,

1797 2498 2113 2571 unicuique
2136 2499 2206 2553 ad
2231 2499 2630 2570 probationem
2660 2516 2829 2553 suam
2852 2498 2938 2553 vel
2954 2499 3025 2553 ad
3041 2502 3250 2553 nutum
3275 2514 3451 2552 suum

1797 2587 2220 2642 restitueretur.
2254 2587 2395 2641 Item
2448 2587 2603 2642 idem
2652 2603 2849 2642 comes
2898 2587 2969 2641 de
3018 2603 3261 2642 assensu
3297 2584 3452 2658 regio

1797 2675 2195 2730 communiam
2226 2675 2613 2730 Antissiodori
2639 2675 2709 2730 de
2731 2691 2877 2729 novo
2910 2674 3218 2730 instituere
3248 2674 3450 2740 voluit,

1796 2763 1886 2818 cui
1904 2764 2041 2818 item
2056 2763 2499 2836 prmsumptioni
2515 2763 2727 2835 praesul
2750 2763 3000 2835 insignis
3014 2780 3075 2819 se
3097 2764 3455 2819 confidenter

1796 2867 2117 2923 opponens,
2153 2869 2331 2924 super
2359 2852 2467 2907 hoc
2496 2852 2556 2905 in
2590 2852 2749 2924 regia
2780 2851 2941 2906 curia
2988 2868 3227 2907 causam
3265 2851 3449 2907 venti-

1796 2940 2028 2995 landam
2061 2940 2340 3012 suscepit,
2363 2957 2476 2995 non
2502 2944 2697 2995 tamen
2730 2941 2954 3012 absque
2984 2937 3241 3011 periculo
3271 2943 3329 2994 et
3360 2955 3453 2994 ex-

1796 3045 2113 3100 pensarum
2137 3029 2462 3094 nimietate,
2486 3029 2600 3084 fere
2624 3027 2776 3083 enim
2803 3026 3268 3083 malevolentiam
3294 3026 3453 3083 illius

1802 3116 2049 3187 piissimi
2077 3116 2350 3172 Ludovici
2375 3118 2526 3187 regis
2548 3115 2923 3188 incurrit,qui
2946 3115 3453 3188 eiimproperabat

62 3201 215 3257 dictu.
246 3205 327 3259 Ad
368 3205 779 3276 episcopatum
812 3204 1009 3258 divina
1064 3202 1321 3258 bonitate
1352 3201 1690 3268 accersitus,
1724 3186 1767 3254 C
1801 3186 1955 3276 quod
1987 3186 2559 3261 Antissiodorenscm
2588 3186 2876 3261 civitatem
2911 3204 3023 3276 ipsi
3049 3186 3454 3260 etihaeredibus

58 3292 250 3347 famam
273 3292 619 3348 saecularem
642 3297 698 3346 et
719 3292 915 3347 laudis
938 3291 1206 3346 humana:
1228 3291 1695 3361 lenociniapror-

59 3386 531 3453 suspostponens,
547 3383 837 3435 consuetae.
860 3384 1055 3434 tamen
1083 3396 1456 3451 nequaquam
1478 3377 1697 3433 oblitus

57 3472 128 3521 est
183 3468 623 3542 hospitalitatis,
674 3470 792 3524 imo
848 3485 978 3524 eam
1035 3484 1342 3540 quousque
1400 3468 1560 3535 vixit,
1607 3466 1699 3538 pie

58 3562 103 3609 et
124 3555 432 3614 liberaliter
483 3557 764 3613 exercuit.
798 3557 1088 3613 Omnibus
1137 3573 1199 3612 se
1246 3556 1560 3624 affabilem,
1595 3572 1698 3627 op-

59 3647 249 3714 pressis
279 3646 750 3713 misericordem,
784 3651 841 3701 et
869 3646 1070 3719 egenis
1102 3645 1424 3718 benignum
1475 3645 1695 3699 incom-

59 3736 273 3807 parabili
288 3735 1021 3807 exbibebatsimplicitate;
1039 3734 1253 3806 vigiliis
1267 3732 1698 3789 etorationibus

57 3823 329 3889 insistens,
353 3829 452 3880 vix
478 3823 797 3896 aliquando
827 3823 1233 3879 obdormiebat
1253 3823 1340 3879 vel
1364 3822 1697 3905 evigilabat,

61 3912 174 3981 quin
203 3914 539 3987 psalmodia
568 3914 626 3967 in
658 3913 787 3982 ejus
818 3930 917 3968 ore
949 3915 1267 3968 resonaret.
1293 3911 1536 3967 Missam
1560 3926 1700 3982 quo-

62 4001 178 4057 tidie
203 4003 565 4070 celebrabat,
599 4000 712 4057 nisi
761 4002 910 4057 forte
957 4000 1157 4073 aliqua
1202 4000 1442 4072 grandis
1493 4015 1696 4071 super-

63 4090 255 4147 veniret
283 4091 638 4151 necessitas.
672 4089 960 4161 Equitans
991 4106 1121 4145 raro
1154 4106 1288 4145 cum
1334 4088 1559 4145 familia
1589 4104 1699 4143 sua

60 4175 404 4251 loquebatur,
429 4179 549 4235 nisi
572 4179 719 4237 forte
741 4179 812 4234 de
837 4178 1088 4251 negotiis
1111 4177 1255 4244 suis,
1281 4178 1380 4233 sed
1413 4181 1515 4233 aut
1535 4175 1697 4232 solus

62 4268 205 4324 tacite
226 4269 543 4342 psallebat,
569 4272 675 4324 aut
700 4285 816 4324 uno
838 4268 908 4323 de
930 4266 1106 4323 sociis
1133 4267 1406 4323 advocato
1436 4265 1696 4338 psalmos

58 4361 101 4409 et
124 4355 348 4415 litanias
376 4358 469 4414 vel
506 4362 694 4413 totum
726 4356 1072 4429 psalterium
1114 4361 1215 4412 aut
1264 4360 1486 4426 partem
1538 4354 1696 4409 illius

54 4444 199 4512 juxta
224 4448 327 4503 via:
359 4447 758 4521 quantitatem
792 4446 1160 4503 decantabat.
1179 4443 1436 4500 Gratiam
1455 4448 1508 4498 et
1530 4459 1695 4498 amo-

60 4550 159 4589 rem
190 4537 553 4609 principum,
590 4536 962 4607 prmlatorum
992 4534 1261 4591 Ecclesia:
1293 4537 1349 4589 et
1380 4533 1577 4605 populi
1608 4536 1693 4587 to-
1728 4557 1775 4620 Ι)

62 4622 175 4689 tius,
206 4626 254 4681 ei
304 4626 514 4681 divina
571 4624 821 4680 contulit
876 4624 1208 4695 benignitas
1244 4640 1256 4677 :
1291 4628 1551 4692 tempore
1591 4639 1697 4676 suo

60 4712 235 4769 crebra
264 4715 374 4769 fuit
408 4714 698 4769 comitum
731 4713 1178 4768 Nivernensium
1227 4710 1508 4777 mutatio;
1541 4710 1695 4764 unde

63 4802 243 4871 majori
272 4803 549 4859 Ecclesia:
583 4820 703 4857 sum
732 4807 789 4857 et
819 4800 956 4857 aliis
986 4818 1160 4873 quam
1171 4800 1369 4873 plures
1405 4814 1692 4855 emersere

64 4888 452 4947 tribulationes
482 4894 541 4945 et
561 4889 865 4962 angustiae,
890 4907 1038 4960 quas
1060 4889 1175 4943 Deo
1191 4890 1434 4957 juvante
1454 4887 1541 4943 vir
1562 4886 1693 4959 pius

61 4982 108 5027 et
132 4975 368 5034 humilis
424 4979 509 5034 ita
557 4979 761 5034 sedare
809 4977 1056 5044 studuit,
1093 4978 1245 5049 quod
1293 4993 1396 5031 nec
1427 4993 1555 5042 sua,
1589 4990 1694 5031 nec

62 5061 168 5117 alia:
210 5066 320 5122 sibi
371 5067 627 5122 subditae
666 5065 933 5122 Ecclesiae
967 5067 1036 5121 de
1059 5065 1214 5137 juris
1246 5065 1337 5121 sui
1368 5063 1696 5136 integritate

61 5150 270 5223 aliquod
302 5156 647 5211 detrimenti
691 5154 928 5211 omnino
956 5153 1247 5210 senserint
1278 5170 1291 5209 :
1328 5170 1433 5208 nec
1464 5157 1693 5207 tantum

61 5237 458 5311 Ecclesiarum;
490 5245 612 5299 imo
642 5248 700 5299 et
728 5243 929 5316 populi
963 5247 1138 5315 atque
1187 5242 1453 5310 civitatis,
1488 5242 1546 5295 in
1579 5258 1696 5313 qua

59 5330 298 5401 sedebat,
327 5350 393 5388 se
428 5338 743 5405 patronum
791 5338 847 5389 et
894 5338 1145 5388 tutorem
1210 5329 1595 5403 spiritualiter
1641 5334 1698 5386 et.

62 5420 447 5490 temporaliter
476 5421 756 5477 exhibuit.
793 5420 1094 5493 Siquidem
1127 5436 1261 5475 cum
1299 5419 1486 5474 Guido
1516 5418 1696 5474 comi-

58 5509 226 5564 tatum
248 5510 503 5583 adeptus
531 5515 687 5568 esset
707 5510 951 5567 consilio
982 5510 1260 5566 seductus
1286 5525 1552 5581 perverso
1581 5525 1698 5565 non

60 5596 271 5657 tantum
302 5597 723 5673 Ecclesiarum,
749 5599 850 5657 sed
875 5602 931 5656 et
953 5598 1132 5663 totius
1155 5596 1404 5655 civitatis
1435 5598 1699 5673 antiquis

1807 3295 1931 3349 suis
1981 3295 2207 3350 auferre
2256 3294 2593 3362 conabatur,
2629 3299 2907 3366 reputans
2961 3293 3222 3350 civitates
3252 3308 3455 3348 omnes

1807 3400 1947 3438 suas
1968 3400 2115 3448 esse,
2139 3382 2198 3437 in
2221 3382 2436 3454 quibus
2458 3382 2804 3438 communire
2827 3381 3303 3450 essent;tandem
3324 3396 3457 3435 vero

1807 3487 1940 3526 cum
1966 3471 2100 3525 inde
2124 3471 2220 3525 diu
2246 3471 2589 3526 altercatum
2611 3469 2819 3523 fuisset
2836 3468 3219 3542 privilegiisct
3238 3467 3459 3523 chartis

1808 3558 2342 3615 Antissiodorensis
2386 3557 2652 3613 Ecclesia:
2707 3557 3019 3630 diligenter
3074 3557 3373 3629 inspectis,
3406 3558 3465 3612 et

1809 3647 2077 3720 cognitis,
2110 3651 2167 3703 et
2197 3665 2311 3701 non
2345 3646 2589 3701 minima
2622 3646 2881 3718 pecuniae
2913 3662 3149 3701 summa
3176 3650 3296 3701 tam
3328 3660 3463 3717 rege

1809 3753 1984 3808 quam
2019 3736 2143 3791 suis
2175 3734 2479 3808 mitigatis,
2513 3752 2751 3789 causam
2784 3733 3059 3802 obtinuit,
3084 3738 3141 3790 et
3172 3733 3331 3807 regia
3352 3732 3466 3805 pri-

1806 3825 2014 3897 vilegia
2061 3824 2441 3907 coptinentia,
2493 3825 2647 3896 quod
2710 3824 2932 3896 absque
2980 3840 3226 3880 assensu
3282 3826 3340 3878 et
3394 3821 3467 3876 li-

1807 3913 1998 3970 centia
2026 3913 2554 3969 Antissiodorensis
2604 3912 2861 3984 episcopi
2916 3912 3076 3968 nullo
3122 3912 3296 3967 modo
3327 3909 3463 3966 lice-

1806 4007 1893 4059 ret
1923 4001 2120 4057 comiti
2151 4007 2207 4057 et
2237 4000 2368 4057 aliis
2406 4000 2791 4057 Antissiodori
2841 4001 3239 4057 communium
3285 3998 3455 4055 insti-

1805 4095 1985 4147 tuere.

1876 4181 1996 4236 Tan
2007 4184 2095 4234 tas
2108 4182 2302 4235 autem
2318 4178 2747 4251 persecutiones
2759 4176 3459 4250 etgravissimasinsulta-

1802 4270 1993 4325 tiones
2023 4268 2283 4341 praedicti
2316 4268 2547 4323 comitis
2579 4272 2634 4322 et
2663 4284 2928 4332 suorum,
2964 4266 3198 4339 quando
3229 4270 3285 4321 et
3314 4281 3458 4337 quo-

1806 4358 1977 4413 modo
2018 4356 2200 4412 voluit
2230 4356 2428 4411 divina
2456 4355 2781 4427 pacificavit
2809 4353 3137 4421 clementia,
3167 4352 3460 4424 siquidem

1805 4463 1939 4501 cum
1980 4461 2175 4499 comes
2209 4445 2324 4499 fere
2356 4444 2634 4498 continua
2663 4442 2922 4513 corporis
2956 4445 3298 4513 gravaretur
3327 4457 3458 4495 mo—

1805 4534 1994 4600 lestia,
2019 4531 2267 4604 graviori
2308 4537 2505 4587 tamen
2539 4531 2712 4602 coepit
2741 4530 2895 4602 apud
2931 4527 3342 4584 Clamiciacum
3374 4528 3464 4583 in-

1807 4623 2111 4677 commodo
2143 4620 2407 4688 detineri,
2441 4623 2497 4674 et
2541 4618 2709 4691 quasi
2760 4620 2817 4673 in
2862 4616 3089 4673 ultimis
3118 4617 3311 4673 vexari
3340 4634 3352 4683 ;
3388 4616 3465 4671 ad

1805 4728 1981 4784 quem
2013 4709 2389 4775 visitandum,
2424 4726 2539 4763 non
2574 4712 2802 4763 tantum
2837 4723 3126 4779 proceres,
3150 4707 3251 4762 sed
3284 4704 3463 4761 etiam

1804 4799 1977 4856 vicini
2011 4800 2401 4853 convenerant
2431 4795 2724 4868 episcopi;
2759 4800 2882 4851 erat
2916 4799 3111 4850 autem
3147 4799 3285 4849 tunc
3318 4798 3466 4850 tem-

1808 4888 1964 4960 poris
1995 4886 2557 4943 excommunicatus.
2586 4885 2731 4940 Cum
2764 4889 2959 4941 autem
2984 4885 3054 4939 de
3076 4884 3195 4940 vita
3215 4884 3345 4955 ejus
3366 4883 3468 4938 du-

1805 4978 2083 5041 bitarent,
2133 4978 2434 5047 cmperunt
2487 4991 2695 5029 omnes
2753 4972 3009 5045 episc0pi
3070 4972 3172 5045 qui
3229 4973 3472 5028 aderant

1804 5065 2136 5139 supplicare
2192 5081 2370 5136 super
2429 5062 2841 5131 absolutione;
2874 5061 3164 5118 Educnsis
3218 5078 3355 5117 vero
3414 5064 3472 5117 et

1804 5153 2178 5212 Nivernensis
2220 5152 2492 5225 precibus
2526 5168 2733 5207 corum
2764 5150 2924 5206 nullo
2958 5152 3131 5207 modo
3162 5149 3473 5207 voluerunt

1804 5244 1891 5300 vel
1914 5244 2041 5300 ausi
2064 5245 2207 5297 sunt
2229 5240 2618 5312 acquiescere,
2643 5238 2857 5311 praesul
2882 5257 3015 5295 vero
3047 5238 3381 5297 Willelmus
3403 5255 3473 5295 ea

1806 5350 1925 5405 qua
1945 5334 2069 5388 erat
2086 5330 2298 5403 pietate
2321 5333 2378 5383 et
2400 5314 2754 5384 confidentia
2779 5333 2996 5396 motus,
3022 5328 3103 5384 ait
3123 5328 3467 5384 baronibus:

1805 5421 1974 5477 Absit
2018 5420 2128 5476 hoc
2178 5418 2431 5472 dedecus
2463 5421 2521 5472 et
2551 5417 2932 5489 opprobrium
2982 5417 3405 5488 sempiternum
3436 5429 3473 5469 θ.

1815 5509 2007 5575 nobis,
2040 5508 2138 5581 qui
2171 5505 2267 5563 hic
2299 5509 2616 5577 prmsentes
2647 5523 2878 5575 sumus,
2901 5506 3057 5577 quod
3088 5507 3289 5559 tantus
3313 5498 3400 5552 vir
3417 5503 3474 5555 et

1814 5614 2013 5659 comes
2039 5600 2238 5655 noster
2260 5596 2414 5654 inter
2433 5611 2646 5654 manus
2671 5599 2902 5653 nostras
2933 5587 3475 5653 excommunicatue
