3814 6218
358 316 475 375 303

1196 313 1532 376 APPEND.
1578 312 1683 374 AD
1731 311 1922 373 SzEC.
1969 311 2044 372 Χ.
2082 346 2154 352 —
2186 310 2446 370 OPERA
2490 329 2886 375 ΑΔΕΣηοτικΑ.

3639 310 3723 366 30
3740 313 3763 366 ι

358 447 643 502 moriatur
673 464 685 502 :
720 464 825 521 ego
866 463 958 502 me
1006 446 1194 520 primo
1245 447 1551 518 interpono
1600 441 1999 516 responsalem
2028 444 2081 511 Α
2113 441 2335 497 selinus
2376 446 2435 497 et
2486 441 2746 498 hmredes
2792 441 2886 499 sui
2930 441 2990 496 in
3037 458 3103 497 eo
3160 440 3474 508 habebant,
3504 439 3674 506 emit,
3707 446 3768 495 et

355 535 673 593 Virziliacaa
705 535 973 591 Ecclesim
1005 540 1062 591 et
1096 535 1227 591 aliis
1275 552 1378 607 pro
1426 534 1645 605 quibus
1690 532 1749 587 in
1792 548 1857 587 eo
1888 532 2005 586 lata

358 626 446 678 est
465 623 783 692 sententia;
809 640 923 695 quo
944 622 1142 678 audito
1169 623 1417 677 barones
1447 620 1651 693 gavisi,
1676 619 1794 675 imo
1817 617 2004 689 magis

358 713 739 777 admirantes,
771 716 829 766 et
858 711 1302 784 magniﬁcantes
1332 708 1642 765 consilium
1672 712 1729 763 et
1759 707 2007 763 liberali-

358 805 539 856 tatem
572 800 859 872 przesulis,
875 816 1079 855 omnes
1102 799 1373 855 similiter
1403 796 1771 869 responsales
1793 813 1853 851 se
1874 812 2006 851 con-

358 889 697 956 stituerunt,
721 893 776 944 et
796 888 878 944 ita
894 888 1139 945 absolvit
1158 905 1292 943 eum
1320 906 1332 955 ;
1359 903 1534 959 super
1554 903 1670 957 qua
1694 884 2007 940 absolutio-

359 978 451 1034 nis
481 978 836 1051 benignitate
870 995 983 1033 non
1036 982 1264 1032 tantum
1312 991 1617 1048 procerum
1653 979 1752 1029 aut
1784 973 2003 1046 populi,

358 1067 458 1124 sed
482 1073 538 1122 et
556 1071 778 1122 tantam
801 1066 1033 1122 cornitis
1056 1066 1303 1138 adeptus
1326 1069 1416 1121 est
1436 1062 1703 1119 amicitiae
1732 1063 2004 1135 gratiam,

357 1156 512 1229 quod
545 1173 659 1210 non
690 1172 823 1211 eum
858 1156 1142 1210 domuum
1175 1159 1279 1210 aut
1309 1154 1673 1227 episcopum,
1694 1151 1795 1206 sed
1826 1155 1885 1205 et
1912 1167 2009 1223 pa-

354 1248 589 1300 tronum
621 1260 817 1312 suum,
842 1261 976 1299 cum
999 1245 1069 1299 de
1089 1242 1189 1298 illo
1209 1248 1341 1298 ante
1375 1242 1566 1314 ipsum
1599 1257 1791 1297 sermo
1823 1241 2005 1304 fieret,

354 1333 720 1405 frequentius
751 1333 1052 1388 nominare
1099 1332 1308 1387 solitus
1355 1336 1501 1387 erat.
1532 1330 1694 1385 Unde
1725 1329 1776 1384 ei
1809 1332 2011 1401 postea

355 1422 515 1477 dedit
544 1426 603 1477 et
630 1421 897 1478 Ecclesia:
946 1438 1070 1477 suae
1116 1421 1173 1474 in
1228 1424 1573 1492 perpetuum
1626 1417 2009 1489 possidendos

355 1526 560 1565 omnes
580 1510 1025 1581 homines,quos
1051 1510 1109 1563 in
1136 1508 1281 1563 valle
1305 1507 1536 1580 capellae
1561 1506 1747 1561 sancti
1768 1506 2008 1561 Andreae

356 1598 649 1666 habebat;
684 1596 1071 1653 nihilominus
1121 1597 1299 1651 etiam
1350 1594 1639 1651 concessit
1671 1594 1726 1647 in
1761 1595 1873 1649 ﬁne
1904 1610 2009 1648 suo

2115 530 2299 586 multo
2332 529 2543 586 melius
2573 547 2751 602 quam
2782 536 2914 587 ante
2962 531 3151 586 fuerat
3197 529 3485 586 melinum
3516 530 3768 585 readin-

2114 620 2282 674 cavit.
2318 620 2484 691 Apud
2517 618 2833 676 Tociacum
2865 618 3173 675 aediﬁcavit
3200 619 3444 674 domum
3473 617 3771 690 episcopa-

2114 705 2229 762 lem
2261 712 2318 762 et
2348 706 2674 773 cellarium,
2708 707 2969 780 emitque
3016 708 3235 763 ibidem
3274 711 3482 773 terras,
3514 711 3691 778 prata
3718 710 3773 760 et

2116 794 2303 850 multa
2332 795 2484 863 alia;
2520 795 2681 851 dedit
2723 796 2903 852 etiam
2953 795 3011 850 in
3060 794 3443 852 aedificatione
3488 795 3674 851 turris
3702 812 3774 850 ιι

2116 883 2297 940 libras
2318 901 2385 939 ea
2406 884 2760 952 conditione,
2783 885 2939 957 quod
2963 884 3247 941 Dominus
3266 884 3570 957 Hargodus
3590 884 3645 940 ei
3671 886 3775 955 ju-

2117 972 2266 1028 ravit
2296 973 2452 1044 quod
2486 973 2714 1045 quoties
2748 974 2873 1045 ipse
2900 972 2988 1029 vel
3022 990 3393 1029 successores
3420 972 3513 1027 sui
3559 972 3773 1028 turrim

2118 1060 2279 1116 illam
2314 1061 2530 1117 habere
2556 1060 2790 1129 vellent,
2820 1066 2942 1118 tam
2971 1062 3115 1134 ipse,
3149 1078 3329 1134 quam
3377 1062 3640 1117 heredes
3685 1061 3773 1116 sui

2118 1151 2435 1216 traderent,
2468 1155 2526 1205 et
2555 1152 2826 1207 custodes
2875 1152 3054 1206 turris
3102 1150 3359 1223 praedicti
3410 1150 3644 1222 quoties
3676 1167 3773 1206 eos

2119 1239 2333 1293 mutari
2367 1239 2767 1311 contingeret;
2802 1240 2957 1312 apud
2988 1239 3281 1296 Canadam
3311 1238 3455 1295 emit
3483 1257 3518 1294 a
3548 1240 3773 1295 Mochis

2119 1326 2189 1382 de
2218 1326 2523 1383 Chaleneio
2573 1328 2877 1401 grangiam
2931 1328 3003 1384 de
3046 1327 3305 1398 Brueria,
3332 1344 3461 1400 quae
3492 1328 3609 1383 sita
3650 1334 3771 1382 erat

2111 1416 2281 1487 juxta
2308 1415 2507 1471 villam
2548 1416 2742 1485 Chael,
2767 1433 2900 1472 cum
2932 1417 3122 1473 bobus
3144 1424 3199 1472 et
3216 1433 3475 1484 carruca,
3499 1417 3690 1487 pratis
3718 1422 3770 1471 et

2120 1503 2289 1558 terris
2313 1504 2587 1559 omnibus
2610 1506 2679 1559 ad
2702 1506 3007 1578 grangiam
3025 1504 3185 1560 illam
3209 1504 3769 1577 pertinentibus,pro

2084 1604 2091 1611 ‘
2121 1593 2337 1664 quibus
2369 1594 2529 1649 dedit
2556 1600 2764 1665 quater
2792 1612 2863 1648 xx
2899 1593 3000 1649 lib.
3035 1593 3527 1649 Proviniacenses.
3560 1594 3772 1664 Aequi-

357 1686 1115 1757 Tornodoridonuni,quod
1142 1689 1329 1739 mater
1350 1702 1458 1738 sua
1479 1702 1582 1755 pro
1605 1682 2012 1754 animaipsius
2121 1682 2255 1737 sivit
2303 1682 2477 1737 etiam
2534 1682 2719 1738 multa
2763 1682 2878 1738 alia
2927 1684 2986 1738 in
3045 1684 3249 1739 eadem
3299 1681 3642 1739 castellania
3676 1699 3689 1735 :
3721 1688 3773 1737 et

358 1778 414 1829 et
434 1791 676 1829 suorum
710 1775 846 1830 fecit
873 1774 1060 1829 eidem
1094 1774 1365 1845 episcopo
1394 1773 1464 1827 de
1484 1772 1828 1826 hominibus
1860 1788 2009 1842 quos

354 1862 613 1918 Varziaci
652 1862 923 1930 habebat,
952 1878 1201 1933 quorum
1253 1861 1331 1916 ibi
1382 1860 1621 1933 triginta
1663 1865 1764 1915 aut
1808 1860 2005 1932 plures

355 1957 523 2009 erant
552 1950 806 2020 familiae,
832 1968 979 2023 quos
1000 1955 1133 2023 post
1160 1953 1404 2005 mortem
1429 1948 1658 2005 comitis
1680 1949 1835 2004 idem
1859 1965 2005 2020 pon-

355 2042 492 2097 tifex
525 2057 629 2113 per
660 2058 902 2097 manum
934 2044 992 2095 et
1023 2056 1125 2112 per
1154 2038 1524 2111 privilegium
1544 2037 1621 2110 pii
1646 2036 1799 2109 regis
1822 2037 2005 2092 Ludo-

353 2130 459 2185 vici
494 2130 763 2196 obtinuit,
798 2147 913 2185 non
963 2133 1159 2185 tamen
1208 2129 1430 2198 absque
1479 2144 1691 2199 magno
1724 2126 1921 2181 labore
1949 2129 2006 2181 et

354 2219 626 2280 maximis
639 2220 930 2290 expensis.
946 2216 1269 2289 Acquisivit
1290 2221 1483 2271 autem
1497 2216 1652 2287 apud
1668 2214 2003 2270 Varziacum

352 2308 637 2381 quidquid
677 2307 989 2362 Matthzeus
1018 2304 1217 2377 Caliga
1246 2304 1376 2359 laxa
1405 2304 1463 2358 in
1495 2305 1698 2358 eodem
1730 2307 1921 2358 castro
1948 2306 2006 2357 et

352 2394 703 2472 Castellania
731 2395 1001 2457 habebat,
1035 2410 1161 2464 qua:
1195 2392 1597 2464 possessiones
1622 2392 1817 2463 magni
1840 2396 2005 2447 erant

354 2484 523 2556 pretii
557 2488 613 2538 et
642 2482 950 2537 redditus:
1001 2482 1246 2535 nuncin
1298 2485 1461 2552 parte
1508 2497 1710 2535 earum
1759 2480 1873 2535 sita
1916 2484 2041 2542 est,

353 2573 567 2627 domus
597 2570 945 2642 episcopalis
975 2575 1032 2625 et
1064 2570 1318 2625 Fosseta.
1346 2568 1528 2625 Multa
1557 2568 1672 2623 alia
1700 2568 2005 2639 acquisivit

354 2659 572 2714 ibidem
606 2660 664 2714 in
694 2657 1410 2730 vineis,pratis,domibus
1439 2656 1758 2735 etdiversis
1780 2674 2005 2728 posses-

352 2748 639 2816 sionibus,
664 2765 788 2819 qua:
810 2752 1044 2820 propter
1062 2746 1449 2819 prolixitatem
1474 2746 1775 2802 noluimus
1798 2763 2001 2802 nume-

353 2854 483 2892 rare
509 2855 522 2905 ;
557 2837 711 2909 apud
734 2834 970 2892 Corruel
992 2836 1303 2907 acquisivit
1328 2835 1523 2907 plures
1548 2835 2003 2908 homines,apud

353 2926 593 2981 Giacum
644 2926 850 2981 domos
881 2928 938 2980 et
978 2925 1215 2979 furnum
1264 2923 1584 2992 aedificavit,
1613 2929 1669 2980 et
1697 2925 1758 2979 in
1790 2941 2005 2996 magna

350 3020 516 3088 parte
555 3032 723 3070 muro
774 3013 1181 3081 circumdedit,
1224 3013 1423 3069 vineas
1455 3012 1705 3085 plantari
1740 3013 1911 3080 fecit;
1948 3018 2005 3068 et

354 3101 625 3158 homines
657 3106 714 3157 et
744 3100 930 3156 multa
977 3100 1092 3155 alia
1139 3100 1357 3155 ibidem
1406 3116 1540 3155 cum
1586 3104 1750 3172 prato
1799 3100 2002 3156 decani

2124 1772 2393 1842 quamvis
2426 1772 2680 1827 llerveus
2711 1772 2781 1829 de
2811 1772 3005 1845 Douzy
3032 1772 3120 1826 vir
3150 1776 3324 1828 tanta:
3356 1770 3685 1826 nobilitatis
3722 1778 3771 1824 et

2116 1861 2386 1931 potentia
2407 1860 2458 1915 ei
2483 1878 2785 1932 nunquam
2805 1864 3063 1917 cessaret
3091 1861 3408 1929 adversari,
3432 1865 3632 1915 tamen
3664 1859 3771 1916 Deo

2112 1948 2437 2020 epitulante
2468 1948 2611 2004 nihil
2643 1952 2713 2006 de
2734 1951 2870 2021 jure
2901 1950 3171 2006 Ecclesia:
3200 1967 3308 2005 suo
3336 1954 3600 2022 tempore
3625 1966 3771 2004 eam-

2113 2037 2211 2103 sit,
2234 2038 2334 2093 sed
2357 2055 2492 2093 cum
2505 2039 2632 2109 jam
2658 2039 2715 2093 in
2739 2039 2885 2095 lecto
2906 2038 3140 2095 mortali
3153 2040 3398 2110 jaceret,
3422 2055 3560 2093 eum
3586 2038 3771 2110 coegit

2113 2126 2183 2179 ad
2206 2126 2423 2182 lectum
2448 2145 2622 2183 suum
2645 2128 2859 2196 venire,
2882 2132 2939 2184 et
2959 2128 3011 2183 ei
3036 2145 3139 2199 pro
3164 2128 3330 2184 feodo
3353 2127 3541 2183 Giemi
3564 2126 3764 2200 ligium

2114 2214 2454 2287 homagium
2486 2216 2691 2272 facere.
2715 2216 3105 2273 Antissiodori
3138 2216 3281 2272 emit
3310 2216 3463 2287 apud
3500 2221 3763 2271 sanctum

2112 2302 2411 2358 Julianum
2444 2322 2515 2358 xx
2548 2304 2767 2360 solidos
2815 2305 3152 2373 censuales;
3185 2306 3328 2360 emit
3355 2305 3535 2360 etiam
3565 2305 3762 2360 domos

2116 2393 2407 2447 Lamberti
2440 2393 2786 2461 IIosmundi,
2821 2406 2947 2465 qua;
2996 2394 3304 2466 contiguas,
3336 2397 3395 2449 et
3441 2395 3625 2451 nimis
3656 2394 3757 2448 im‘

2114 2485 2376 2551 portunae
2424 2486 2590 2536 erant
2636 2487 2813 2553 porta:
2846 2486 2903 2537 et
2942 2481 3144 2536 domui
3191 2482 3532 2554 episcopali,
3563 2488 3623 2538 et
3653 2482 3756 2537 illis

2112 2568 2325 2625 dirutis
2356 2569 2577 2640 plateas
2608 2571 2782 2625 curiae
2810 2588 2928 2626 sua:
2959 2570 3145 2626 univit
3162 2575 3220 2627 et
3240 2588 3409 2626 muro
3439 2571 3760 2627 circum1e~

2112 2658 2196 2712 dit
2220 2676 2233 2725 ;
2268 2659 2410 2713 emit
2438 2659 2575 2713 item
2604 2660 2831 2725 domos,
2864 2676 2992 2731 quae
3020 2664 3187 2715 erant
3209 2661 3380 2730 juxta
3421 2665 3755 2731 posternazn

2112 2750 2171 2802 et
2195 2747 2415 2819 plateas
2448 2747 2711 2803 Remaldi
2756 2747 2960 2805 militis
2990 2749 3062 2804 de
3093 2748 3422 2819 Liudriaco,
3454 2753 3516 2804 et
3547 2748 3757 2821 plateas

2113 2835 2391 2908 Stephani
2422 2836 2492 2892 de
2522 2836 2846 2905 Sarmasia;
2866 2837 3053 2893 multa
3070 2836 3185 2894 alia
3205 2837 3349 2893 emit
3367 2842 3425 2894 et
3451 2838 3760 2910 acquisivit

2111 2923 2171 2979 in
2193 2926 2396 2980 eadem
2440 2926 2604 2993 urbe,
2629 2943 2757 2997 quas
2782 2926 3022 2999 longum
3055 2930 3146 2982 est
3174 2942 3543 2982 enumerare.
3579 2927 3757 2983 Pauca

2112 3013 2184 3067 de
2204 3014 2333 3085 ejus
2354 3014 2701 3070 admiranda
2731 3015 3105 3087 simplicitate
3126 3019 3185 3071 et
3200 3013 3559 3071 miraculosa
3578 3015 3757 3071 humi-

2114 3099 2274 3157 litate
2303 3104 2583 3159 veraciter
2612 3104 3007 3177 perstringam
3032 3121 3046 3159 :
3071 3103 3363 3176 siquidem
3392 3104 3656 3175 quadam
3672 3105 3755 3159 die

353 3189 697 3262 acquisivit;
731 3189 883 3261 apud
916 3188 1345 3243 Charhuiacum
1386 3189 1529 3243 emit
1574 3187 1733 3244 mille
1779 3188 1996 3244 solidos
2029 3175 2071 3242 C
2106 3191 2513 3264 contigitquod
2528 3175 3751 3265 dumpervillulampauperemetmodicam

354 3277 640 3351 quidquid
654 3277 934 3332 Girardus
946 3276 1176 3332 Poteret
1197 3275 1365 3331 miles
1386 3276 1466 3331 ibi
1489 3276 1738 3333 habebat
1756 3295 1768 3344 ;
1784 3276 1999 3333 ibidem

353 3365 529 3423 etiam
562 3370 731 3438 prata
766 3370 825 3421 et
870 3365 1056 3421 multa
1103 3364 1217 3420 alia
1264 3365 1641 3437 comparavit,
1674 3370 1731 3421 et
1755 3365 1999 3422 forestas

352 3454 647 3523 instituit;
680 3455 835 3527 apud
878 3454 1259 3527 Apoiniacum
1308 3453 1451 3508 emit
1496 3459 1683 3526 prata,
1714 3454 1914 3510 vineas
1944 3460 2000 3509 et

350 3548 535 3601 terras
568 3543 854 3611 arabiles;
888 3543 1198 3616 acquisivit
1242 3542 1421 3598 etiam
1460 3542 1539 3597 ibi
1571 3543 1804 3598 feodum
1838 3542 1997 3599 Iterii

352 3632 598 3699 Raaudi,
632 3637 689 3687 et
738 3633 973 3688 feodum
1032 3630 1315 3687 Willelmi
1364 3631 1590 3699 militis,
1624 3637 1680 3687 et
1727 3637 1913 3688 terras
1942 3637 2000 3688 et

350 3726 518 3792 prata
568 3738 694 3792 quaa
744 3721 909 3792 Hugo
964 3720 1131 3775 miles
1179 3721 1249 3775 de
1299 3719 1474 3792 Burgi
1505 3725 1561 3775 et
1591 3725 1777 3777 mater
1806 3738 1915 3776 sua
1943 3725 2000 3776 et

350 3808 560 3863 fratres
574 3808 866 3863 habebant
878 3807 1029 3863 inter
1042 3811 1316 3863 lcaunam
1332 3807 1507 3862 {luviu
1518 3826 1574 3863 m
1588 3815 1643 3864 et
1653 3808 1995 3878 Chaumeis;

350 3903 575 3968 partem
607 3896 782 3951 etiam
815 3894 997 3963 illam,
1021 3913 1196 3967 quam
1222 3897 1278 3949 in
1304 3896 1509 3951 eodem
1550 3914 1784 3953 nemore
1813 3897 1996 3954 recla-

350 3984 611 4051 mabant,
636 3986 694 4037 et
712 3982 909 4037 omnia
930 3983 1062 4051 alia,
1086 4000 1213 4054 quae
1231 3983 1384 4038 circa
1401 3983 1556 4039 idem
1573 3990 1853 4053 castrum,
1876 3991 1993 4043 tam

349 4070 408 4125 in
459 4070 666 4137 feodis,
700 4087 875 4142 quam
925 4071 983 4125 in
1034 4071 1383 4143 proprietate
1432 4073 1830 4144 possidebant,
1867 4093 1995 4147 qua:

347 4158 534 4216 multa
564 4159 920 4231 comparavit
949 4159 1214 4231 pecunia.

416 4249 557 4305 Item
588 4253 722 4304 ante
753 4252 986 4321 tempus
1018 4265 1193 4304 suum
1215 4249 1547 4322 Stephanus
1568 4251 1638 4307 de
1661 4251 1828 4308 Petra
1858 4254 1995 4310 Per-

344 4341 480 4395 tusa
510 4338 598 4394 vir
629 4337 843 4393 nobilis
869 4342 924 4394 et
944 4341 1151 4410 potens
1182 4342 1368 4395 terras
1398 4338 1670 4411 arabilcs,
1692 4357 1820 4413 quas
1844 4343 1997 4413 juris

342 4426 689 4500 episcopalis
719 4444 849 4484 esse
879 4427 1191 4496 debebant,
1227 4431 1346 4483 tam
1389 4427 1501 4483 sibi
1527 4446 1704 4501 quam
1735 4430 1860 4486 suis
1890 4431 1993 4487 ho-

2110 3280 2406 3348 transiret,
2424 3281 2767 3337 muliercula
2787 3281 3043 3354 quodam
3074 3299 3107 3338 a
3135 3282 3370 3354 tugurio
3396 3299 3507 3337 suo
3529 3299 3753 3355 egressa

2108 3367 2265 3424 velut
2294 3368 2394 3425 illa
2424 3369 2749 3427 Chananasa
2795 3387 2925 3442 qua:
2972 3381 3094 3442 pro”
3127 3370 3245 3425 filia
3276 3370 3623 3443 supplicans
3652 3372 3750 3427 Do-

2109 3458 2271 3513 mino
2302 3458 2565 3514 dicebat:
2600 3461 2857 3515 Miserere
2898 3462 3028 3526 mei,
3059 3459 3147 3530 ﬁli
3172 3459 3364 3525 David,
3400 3457 3678 3531 lacrymis
3702 3475 3751 3513 et

2108 3547 2156 3617 ej
2169 3545 2329 3602 ulatu
2345 3546 2983 3604 miserandaclamabat
2995 3564 3236 3605 currens
3248 3548 3747 3621 postepiscopum:

2107 3638 2366 3692 Miserere
2392 3639 2520 3703 mei,
2553 3638 2708 3693 homo
2740 3639 2864 3701 Dei,
2892 3638 3026 3708 quia
3067 3639 3304 3691 maritus
3348 3653 3505 3690 mus
3545 3637 3683 3693 dum
3707 3645 3749 3691 et

2107 3726 2422 3781 inconsueta
2450 3733 2622 3781 morte
2649 3727 2925 3781 atteritur.
2959 3724 3221 3780 Clamore
3251 3729 3448 3780 motus
3483 3725 3745 3798 respexit,

2106 3811 2394 3883 lacrymas
2423 3813 2646 3883 videns,
2678 3818 2735 3868 et
2782 3830 3022 3869 causam
3071 3829 3398 3885 agnoscens
3446 3814 3524 3868 ab
3556 3815 3747 3869 itinere

2106 3900 2357 3971 divertit,
2392 3902 2754 3958 descendens
2784 3901 2857 3958 ab
2888 3918 3039 3975 equo
3073 3901 3376 3975 tugurium
3421 3904 3747 3959 submissus

2104 3988 2376 4057 intravit;
2410 3989 2629 4047 invenit
2658 3990 3013 4047 muliercula:
3051 3990 3263 4058 virum,
3297 3991 3380 4046 ita
3424 3995 3553 4048 tota
3596 3993 3743 4053 facie,

2104 4077 2262 4152 gula,
2286 4078 2434 4135 collo
2463 4084 2521 4135 et
2547 4083 2781 4153 gutture
2812 4079 3025 4146 inﬂari,
3047 4080 3202 4151 quod
3225 4078 3539 4153 vixliugua
3568 4081 3641 4137 ab
3659 4095 3744 4135 ore

2104 4168 2362 4240 projecta
2390 4168 2614 4225 viviﬁco
2633 4169 2724 4225 via
2746 4172 2968 4240 pateret
2998 4167 3326 4240 spiritui,et
3346 4170 3507 4240 quod
3530 4169 3740 4226 nullum

2105 4255 2344 4313 omnino
2375 4273 2707 4312 sermonem
2742 4258 2999 4329 proferre
3026 4256 3300 4312 inﬁrmus
3328 4262 3570 4329 posset;
3602 4257 3740 4314 illico

2103 4344 2378 4417 lacrymis
2398 4346 2671 4417 perfusus
2689 4346 2760 4401 ad
2779 4345 3060 4402 orationis
3089 4345 3353 4418 confugit
3381 4347 3736 4421 suffragium,

2105 4434 2302 4491 fauces
2331 4434 2570 4502 infirmi,
2604 4433 2831 4490 vultum
2861 4438 2918 4491 et
2947 4434 3147 4508 gulam
3169 4434 3338 4507 signo
3363 4436 3562 4491 crucis
3583 4450 3738 4509 appo-

342 4516 602 4604 minibus
660 4516 1046 4588 possidendas
1099 4521 1504 4589 occupaverat,
1537 4521 1595 4572 et
1637 4518 1736 4573 diu
1776 4517 1994 4591 injuste
2025 4540 2071 4604 D
2105 4521 2214 4579 site
2243 4525 2654 4593 attrectans,et
2682 4522 2899 4580 annulo
2929 4540 3037 4579 suo
3067 4523 3281 4595 saepius
3312 4521 3738 4595 consignans,et

342 4603 688 4659 detinuerat.
714 4607 835 4670 Quo
869 4608 1103 4670 resclto,
1135 4604 1404 4676 quamvis
1428 4605 1538 4661 sibi
1563 4606 1811 4677 junctus
1842 4614 1996 4663 esset

342 4690 533 4762 prima
563 4692 870 4763 sanguinis
899 4691 1079 4759 linea,
1106 4697 1302 4749 tamen
1334 4694 1420 4749 vir
1444 4694 1544 4749 Dei
1569 4695 1812 4765 justitia:
1836 4701 1992 4768 post-

343 4795 565 4850 ponens
588 4780 816 4850 generis
842 4779 1361 4851 propinquitatem,
1387 4799 1500 4836 uon
1522 4783 1787 4852 cessavit,
1806 4785 1991 4839 donec

341 4882 545 4921 omnes
570 4872 751 4921 terras
775 4866 1080 4937 praedictas
1102 4884 1204 4939 per
1216 4868 1512 4939 justitiam
1534 4869 1989 4927 ecclesiasticam

340 4954 634 5024 etjudicio
666 4954 1018 5009 Senonensis
1050 4956 1221 5010 curia:
1244 4956 1302 5010 in
1328 4958 1741 5028 proprietatem
1763 4959 1989 5032 episco-

340 5040 531 5113 palem
556 5041 814 5113 redegit;
844 5048 900 5097 et
926 5060 996 5097 ne
1030 5044 1086 5097 in
1119 5050 1415 5115 posterum
1449 5046 1646 5118 aliqua
1675 5064 1851 5119 super
1879 5048 1988 5106 hoc

339 5142 659 5201 emergeret
688 5129 945 5200 querela,
966 5130 1116 5185 inter
1144 5137 1327 5187 terras
1353 5133 1608 5205 praedicti
1631 5133 1908 5207 Stephani
1930 5142 1988 5193 et

338 5222 523 5273 terras
549 5217 908 5290 episCOpales
940 5218 1063 5274 loco
1086 5225 1249 5275 metae
1274 5238 1503 5277 crucem
1531 5239 1802 5294 magnam
1825 5226 1986 5299 afﬁgi

338 5306 492 5375 fecit,
524 5312 580 5362 et
614 5310 794 5361 terras
824 5305 956 5362 illas
987 5312 1206 5379 postea,
1246 5311 1507 5380 quandiu
1540 5310 1697 5379 vixit,
1732 5314 1984 5385 prOpriis

336 5394 592 5454 carrucis
624 5393 805 5451 excoli
846 5396 1000 5451 feeit.
1038 5396 1180 5451 Item
1230 5413 1363 5451 cum
1425 5416 1638 5471 magna
1694 5418 1982 5473 aquarum

336 5484 703 5553 inundantia,
728 5501 854 5556 quas
886 5488 1144 5556 tempore
1177 5501 1284 5539 suo
1315 5486 1575 5560 contigit,
1602 5488 1889 5545 melinum
1914 5491 1983 5547 de

335 5572 525 5631 Verno
546 5589 787 5650 prorsus
809 5571 1144 5633 absolutum
1166 5571 1393 5646 fuisset,
1417 5580 1644 5649 partem
1666 5594 1838 5651 quam
1861 5578 1983 5637 Jos-

2103 4611 2505 4667 benedictione
2555 4612 2694 4668 data
2749 4611 3009 4681 recessit,
3043 4617 3101 4669 et
3141 4611 3295 4668 illico
3340 4616 3538 4668 tumor
3571 4612 3668 4667 ille
3690 4613 3737 4665 et

2101 4700 2343 4756 morbus
2374 4700 2619 4757 deficere
2648 4701 2855 4773 ccepit:
2891 4705 3025 4772 post
3054 4701 3223 4757 breve
3253 4700 3537 4773 temporis
3567 4700 3737 4755 inter-

2099 4786 2339 4855 vallum,
2373 4806 2508 4845 cum
2540 4808 2642 4862 per
2668 4791 2931 4846 eamdem
2962 4789 3161 4845 villam
3209 4790 3445 4857 rediret,
3475 4789 3735 4861 praedicta

2099 4875 2443 4934 muliercula
2463 4879 2513 4933 ei
2535 4878 2967 4950 gratulabunda
2982 4894 3315 4942 occurrens,
3331 4877 3505 4950 ccepit
3529 4876 3734 4949 gratias

2099 4983 2269 5038 agere
2299 4985 2569 5022 asserens
2599 4973 2657 5023 et
2684 4966 2917 5039 publice
2937 4965 3399 5038 clamans,quod
3427 4983 3532 5038 per
3551 4966 3731 5039 ipsum

2097 5054 2168 5109 de
2186 5059 2307 5110 tam
2327 5057 2486 5127 gravi
2511 5058 2718 5113 mortis
2750 5058 3003 5113 confinio
3031 5057 3221 5113 virum
3253 5071 3431 5111 suum
3462 5054 3731 5113 Dominus

2094 5141 2419 5211 liberasset,
2453 5150 2511 5201 et
2540 5146 2777 5201 sanitati
2808 5145 3181 5202 restituisset.

2164 5237 2309 5288 Item
2339 5233 2484 5290 alias
2532 5252 2668 5290 cum
2719 5234 3181 5291 benedicendum
3224 5233 3409 5290 altare
3432 5232 3497 5289 in
3530 5230 3731 5306 capella

2093 5320 2343 5376 fractum
2377 5322 2447 5377 de
2478 5323 2694 5379 Grandi
2747 5328 2943 5379 monte
3002 5324 3159 5396 apud
3202 5323 3596 5379 Fontanetum
3624 5335 3730 5393 pro-

2092 5415 2341 5481 peraret,
2373 5410 2597 5468 invenit
2640 5412 2946 5469 mulierem
2975 5417 3109 5469 ante
3148 5412 3395 5468 domum
3436 5409 3727 5482 cujusdam

2092 5499 2358 5572 agricola:
2392 5502 2642 5571 graviter
2669 5501 2998 5574 lugentem;
3021 5519 3150 5573 quae
3182 5517 3361 5572 super
3392 5499 3499 5555 filii
3526 5500 3727 5556 incom-

2092 5590 2284 5658 modo,
2311 5605 2483 5664 quem
2508 5592 2577 5647 de
2602 5590 2919 5669 longinquo
2951 5608 3131 5650 causa
3159 5588 3474 5665 hospitalis
3499 5588 3573 5647 ad
3600 5602 3723 5663 pra-
