3814 6218
106 382 204 447 305

962 380 1064 443 DE
1110 377 1382 442 GESTIS
1425 376 1670 441 EPISC.
1720 377 2159 443 ANTISSIOD.
2193 414 2270 428 —-
2300 378 2501 447 PARS
2544 381 2595 445 Ῑ.

3362 379 3481 446 306

108 516 286 574 dictam
328 512 795 572 benedictionem
841 512 1176 581 adduxerat,
1220 509 1720 568 inconsolabiliter
1748 511 1801 579 Α
1834 512 2035 573 eadem
2060 517 2259 588 crypta
2281 515 2391 572 site
2409 514 2731 590 assignavit
2752 513 3044 591 stipendia
3064 516 3477 577 servientium:

108 606 305 662 dolebat
333 624 348 659 :
376 621 518 660 nam
579 603 916 660 adolescens
966 602 1024 658 in
1085 607 1243 658 arcto
1292 601 1520 674 positus
1567 600 1721 657 intra

109 694 405 767 pradictam
436 694 683 749 domum
716 693 774 747 in
805 692 1082 747 extremis
1110 690 1433 746 laborabat.
1459 693 1580 757 Quo
1612 707 1720 744 au-

108 785 205 840 dite
245 783 554 856 episcopus
609 781 851 837 domum
901 781 1101 846 intrat,
1148 779 1453 834 inﬁrmum
1500 778 1718 845 visitet,

100 874 241 943 juxta
265 875 514 927 stratum
546 869 659 926 vile
707 869 941 935 residet,
976 867 1362 924 adolescentis
1402 867 1631 922 vultum
1666 871 1723 922 et

104 961 321 1017 frontem
352 976 536 1015 manu
567 962 908 1026 contrectat,
940 961 996 1013 et
1042 955 1388 1029 lacrymosis
1434 972 1569 1012 eum
1617 972 1722 1010 vo-

106 1050 246 1104 cibus
295 1046 652 1114 consolatur,
680 1050 737 1102 et
788 1047 859 1102 de
916 1046 1285 1101 confessione
1341 1044 1618 1099 admonet
1667 1048 1724 1099 et

106 1137 355 1194 hortatur.
405 1136 621 1191 Audita
668 1134 1033 1192 confessione
1079 1151 1215 1189 cum
1246 1149 1471 1189 moram
1504 1133 1583 1187 ibi
1633 1133 1722 1187 fa-

106 1232 251 1294 ceret,
281 1230 581 1298 coeperunt
628 1225 679 1280 ei
731 1224 871 1279 socii
922 1224 1013 1279 sui
1064 1223 1275 1289 dicere,
1303 1222 1458 1294 quod
1511 1220 1590 1277 ibi
1623 1238 1721 1277 ca-

105 1314 365 1388 pellanum
410 1314 731 1369 immittere
767 1313 1021 1380 deberet,
1058 1311 1157 1383 qui
1188 1311 1423 1367 infirmo
1455 1326 1722 1365 commu-

106 1406 304 1461 nionem
333 1402 626 1460 Dominici
676 1400 935 1474 corporis
967 1401 1172 1455 daret:
1209 1397 1525 1455 multitudo
1564 1396 1721 1453 enim

106 1492 271 1564 populi
298 1508 435 1547 eum
481 1492 554 1547 ad
599 1490 935 1561 pradictam
989 1488 1272 1560 capellam
1323 1486 1718 1558 exspectabat,

105 1586 151 1636 et
165 1582 275 1650 jam
306 1582 425 1637 fere
448 1583 577 1636 erat
605 1578 720 1634 diei
740 1578 886 1634 hora
915 1578 1083 1650 quasi
1116 1577 1288 1631 tertia
1312 1594 1324 1643 ;
1351 1573 1680 1647 quibusille
1706 1590 1718 1627 :

105 1670 219 1726 Mihi
262 1670 406 1725 nihil
456 1668 652 1741 potius
700 1684 876 1740 quam
929 1684 1078 1739 opus
1124 1663 1351 1721 Domini
1398 1664 1719 1736 perficere:

105 1759 238 1815 nullo
264 1759 435 1815 modo
462 1757 600 1813 hinc
648 1756 982 1821 amovebor,
1002 1755 1185 1810 donec
1214 1753 1325 1808 iste
1355 1750 1723 1807 communio-

105 1864 211 1902 nem
246 1846 543 1920 receperit.
591 1845 780 1901 Jussit
828 1845 1025 1916 itaque
1074 1842 1228 1915 quod
1276 1857 1403 1913 ego,
1453 1839 1554 1912 qui
1602 1839 1723 1894 hac

102 1935 642 2010 scribo,palefridum
674 1950 849 1989 suum
881 1933 1361 1997 ascenderem,ut
1389 1929 1565 1985 citius
1598 1928 1720 1984 via-

100 2026 251 2080 ticum
298 2026 565 2081 atl’errem
597 2040 632 2077 a
662 2021 938 2095 praedicta
967 2019 1208 2092 capella,
1263 2035 1390 2090 qua
1440 2019 1558 2074 fere
1605 2032 1722 2072 uno

101 2115 210 2169 inde
246 2114 499 2170 distabat
548 2111 866 2178 milliaria;
900 2110 1057 2182 quod
1098 2113 1156 2164 et
1187 2107 1313 2163 feci.
1349 2108 1494 2162 Cum
1526 2109 1721 2161 autem

100 2203 386 2269 rediissem,
422 2218 541 2257 non
575 2198 686 2255 loci
714 2198 1177 2267 immunditiam,
1202 2213 1318 2251 non
1348 2194 1569 2249 infirmi
1592 2194 1726 2249 odo-

99 2309 220 2359 rem,
264 2309 366 2348 nec
423 2289 595 2346 strati
650 2288 932 2344 vilitatem
992 2286 1335 2348 abhorrens,
1396 2284 1721 2357 genuﬂexo,

100 2380 302 2437 infirmo
330 2397 513 2436 manu
545 2376 781 2451 propria
808 2376 1087 2431 viaticum
1138 2372 1414 2447 porrexit,
1457 2375 1514 2427 et
1542 2373 1737 2449 bene-g

98 2468 320 2525 dictione
348 2470 514 2533 data,
543 2471 602 2523 et
649 2464 853 2522 multis
902 2468 1022 2520 tam
1070 2463 1244 2519 matri
1276 2478 1455 2535 quam
1486 2460 1723 2515 infirmo

100 2558 292 2614 eolatiis
319 2555 624 2621 adhibitis,
657 2552 1335 2610 recessit.Benedictione
1364 2549 1570 2607 altaris
1592 2565 1723 2621 per-

98 2646 225 2702 fecta
258 2648 349 2702 vix
377 2645 629 2702 missam
661 2659 978 2717 aggressus
1011 2642 1219 2705 fuerat,
1251 2656 1384 2696 cum
1418 2637 1726 2693 nuntiatur

96 2734 138 2788 ei
163 2735 580 2791 adolescentem
630 2731 799 2787 illum
847 2729 1062 2786 obiisse
1096 2746 1109 2784 :
1145 2745 1259 2800 quo
1319 2726 1538 2793 audito,
1586 2743 1723 2781 cum

96 2839 392 2880 sermonem
424 2823 672 2878 haberet
701 2820 773 2876 ad
804 2818 1282 2891 populum,tanta
1302 2816 1373 2871 de
1403 2832 1470 2871 eo
1490 2815 1722 2871 locutus

94 2918 186 2979 est,
216 2915 363 2986 quod
419 2910 594 2984 quasi
644 2925 846 2965 secure
888 2923 1023 2963 eum
1072 2908 1357 2961 assereret
1394 2905 1522 2977 jam
1553 2904 1724 2959 beata

95 3001 259 3073 quiete
291 2999 727 3074 perfrui.Multa
756 2996 872 3053 alia
901 2994 1118 3067 scripto
1148 2999 1205 3049 et
1234 2992 1518 3049 memoria
1546 2991 1723 3064 digna

91 3091 343 3157 vidimus,
375 3095 435 3145 et
465 3088 719 3144 scientes
749 3083 1252 3158 praetermittimus
1277 3082 1541 3151 ;neforte
1564 3080 1723 3137 fasti-

92 3179 218 3236 diosi
246 3180 570 3235 videamur.
604 3176 771 3231 Nunc
814 3176 885 3230 de
932 3173 1016 3229 eis
1048 3190 1175 3244 qua
1214 3170 1482 3227 Ecclesia
1514 3187 1633 3225 sua
1665 3173 1723 3225 et

1830 603 1998 659 altari
2025 605 2179 659 beati
2211 605 2453 673 Nicolai,
2485 610 2543 662 et
2591 606 2777 662 sancti
2832 606 3065 663 Martini
3097 609 3383 666 concessit
3411 627 3484 666 xz.

1828 691 2048 747 solidos
2079 693 2382 749 censuales
2405 711 2541 750 cum
2566 712 2602 749 x
2628 689 2795 750 libris
2819 712 2961 750 cera
2981 694 3039 750 in
3064 696 3307 753 ecclesia
3321 698 3388 753 D.
3413 699 3484 754 de

1828 779 2076 836 Bruenio
2103 781 2379 847 ;ecclesize
2411 784 2563 838 beati
2595 782 2838 839 Joannis
2869 785 3142 856 Baptista
3186 803 3312 858 quae
3343 790 3488 842 tem-

1828 885 1967 941 pore
1998 887 2103 926 suo
2127 888 2161 925 a
2182 870 2477 943 Stephano
2501 871 2729 927 Ollandi
2753 877 2842 927 est
2871 873 3235 939 adificata,et
3261 875 3332 930 ab
3356 875 3483 947 ipso

1827 959 2116 1024 dedicata,
2146 959 2333 1014 multa
2364 960 2612 1016 contulit
2633 960 2693 1016 in
2716 961 3143 1026 adificando,et
3164 964 3233 1019 de
3250 964 3483 1019 redditu

1828 1048 1988 1102 dedit
2017 1048 2204 1103 eidem
2235 1065 2301 1103 1.x
2333 1048 2576 1115 solidos,
2609 1049 2667 1103 in
2701 1049 2943 1105 ecclesia
2973 1052 3032 1106 S.
3068 1052 3273 1107 Prisca
3298 1052 3398 1108 ubi
3427 1056 3484 1108 et

1827 1136 2155 1209 pcr‘ipsum
2189 1136 2304 1191 duo
2328 1136 2649 1209 presbyteri
2675 1137 2956 1209 assignati
2977 1143 3115 1194 sunt
3134 1140 3371 1196 assidue
3392 1142 3481 1196 fu-

1826 1225 1943 1280 turi
1969 1224 2254 1291 ;ecclesia
2275 1226 2455 1281 beata
2480 1226 2672 1281 Maria
2701 1226 3172 1283 deditecclesiam
3197 1230 3267 1285 de
3290 1229 3483 1286 Mona-

1829 1313 2074 1368 steriaco
2114 1312 2299 1381 Sicco,
2333 1318 2390 1368 et
2418 1330 2652 1369 censam
2677 1331 2852 1386 quam
2876 1316 3112 1385 habent,
3145 1316 3204 1372 in
3236 1317 3484 1374 ecclesia

1829 1402 1899 1457 de
1932 1400 2179 1456 Blavello
2211 1402 2508 1457 canonicis
2552 1403 2817 1472 eiusdem
2863 1404 3117 1460 ecclesia
3169 1406 3476 1462 concessit.

1829 1489 2097 1545 Ecclesia
2130 1491 2190 1546 Β.
2245 1490 2393 1546 Petri
2445 1491 2608 1546 dedit
2661 1491 2968 1547 ecclesiam
3013 1494 3084 1549 de
3132 1494 3380 1563 Venosa,
3423 1498 3481 1551 et

1829 1581 1970 1633 tunc
1999 1578 2075 1633 ibi
2118 1579 2375 1651 primum
2408 1583 2755 1635 manserunt
2802 1581 3103 1649 canonici;
3137 1583 3388 1639 abbatia
3419 1584 3479 1640 S.

1830 1667 2124 1722 Laurentii
2155 1668 2316 1723 dedit
2358 1667 2664 1724 ecclesiam
2714 1669 2784 1724 de
2817 1669 2976 1741 Cept,
3027 1670 3381 1727 monialibus
3412 1673 3482 1727 de

1832 1755 2184 1812 Crisannove
2233 1756 2394 1812 dedit
2441 1775 2512 1811 xx
2547 1757 2767 1813 solidos
2794 1758 3119 1826 censuales,
3150 1759 3209 1814 in
3242 1760 3486 1816 ecclesia

1831 1845 1902 1899 de
1935 1845 2361 1911 Monesterello,
2393 1850 2449 1901 et
2478 1847 2845 1902 medietatem
2873 1846 3111 1902 minuta
3144 1848 3381 1904 decima
3414 1849 3484 1904 de

1835 1933 2367 2006 Lugniaco.Verum
2387 1951 2565 2005 quam
2582 1934 2821 2007 longum
2836 1939 3343 1993 essetenumerare
3364 1954 3485 1992 om-

1833 2022 1929 2077 nia
1959 2039 2085 2094 qua
2136 2022 2410 2078 Ecclesiis
2457 2023 2731 2078 contulit!
2768 2024 3191 2096 Compendiose
3230 2024 3484 2081 dicimus

1833 2113 1988 2184 quod
2018 2110 2183 2166 nulla
2209 2115 2297 2167 est
2319 2112 2376 2166 in
2403 2114 2524 2167 tota
2552 2112 2873 2168 Antissiod.
2924 2113 3199 2186 parochia
3239 2113 3485 2170 ecclesia

1832 2198 2253 2265 convent-nalis,
2285 2217 2413 2271 qua
2445 2217 2548 2272 pro
2574 2200 2872 2257 beneficiis
2904 2201 3013 2257 sibi
3049 2202 3121 2256 ab
3151 2219 3217 2257 eo
3255 2202 3483 2259 collatis

1833 2306 1947 2344 non
1963 2292 2231 2345 teneatur
2243 2288 2707 2344 anniversarium
2729 2290 2858 2361 ejus
2879 2290 3482 2347 solemnitercelebra-

1832 2376 2036 2434 re.Ncc
2057 2376 2167 2432 hoc
2193 2377 2507 2432 tacendum
2552 2376 2911 2441 censuimus,
2935 2380 3090 2450 quod
3115 2379 3186 2434 ad
3207 2383 3483 2435 ornatum

1833 2465 2086 2522 ecclesia
2105 2466 2167 2520 B.
2194 2466 2473 2538 Stephani
2497 2483 2680 2521 unum
2705 2467 2863 2522 dedit
2884 2467 3129 2539 pallium
3150 2468 3440 2541 optimum
3467 2488 3480 2537 ;

1833 2554 1973 2609 item
2006 2571 2139 2610 cum
2173 2556 2244 2610 ad
2272 2555 2495 2610 curiam
2529 2555 2757 2627 primus
2790 2556 3053 2611 omnium
3076 2556 3483 2629 episcoporum

1834 2643 2265 2700 Gallicanorum
2296 2649 2555 2716 tempore
2583 2644 3219 2713 schismatistenderet,
3246 2646 3301 2700 in
3331 2647 3486 2702 novi-

1832 2736 1951 2787 tato
1980 2733 2361 2804 pontificatus
2392 2732 2483 2787 sui
2516 2731 2772 2805 capitulo
2794 2751 2901 2788 suo
2921 2734 3080 2789 dedit
3104 2735 3287 2789 totius
3308 2735 3486 2790 bene-

1833 2821 1948 2876 ficii
1980 2820 2234 2877 ecclesia
2265 2822 2336 2876 de
2358 2825 2632 2889 Bacerna,
2668 2821 2983 2877 instituens
3005 2823 3158 2893 quod
3187 2823 3394 2878 festum
3420 2824 3483 2879 B.

1833 2910 2068 2965 Martini
2100 2907 2389 2975 hiemalis,
2424 2909 2673 2982 pulsatis
2704 2910 3031 2981 majoribus
3062 2911 3365 2983 campanis
3398 2928 3462 2966 so

1831 2998 2103 3055 lemniter
2132 2997 2510 3064 celebrarent,
2531 3003 2586 3052 et
2617 2997 3078 3054 anniversarium
3102 2998 3362 3072 Hugonis
3394 3001 3488 3055 Se-

1833 3087 2111 3143 nonensis
2143 3086 2399 3158 archiep.
2444 3086 2639 3141 fratris
2673 3087 2760 3143 sui
2795 3086 3015 3143 honore
3043 3087 3238 3143 debito
3269 3090 3325 3142 et
3355 3104 3487 3143 con-

1831 3175 2009 3248 digno
2039 3175 2347 3230 annuatim
2372 3179 2611 3247 agerent
2636 3191 2648 3230 :
2675 3178 2874 3246 postea
2892 3192 3025 3230 cum
3054 3192 3087 3231 a
3108 3174 3353 3232 concilio
3374 3176 3481 3231 La-

93 3268 206 3323 aliis
234 3267 510 3324 Ecclesiis
539 3264 632 3338 pie
660 3269 718 3320 et
755 3262 1210 3319 misericorditer
1238 3259 1503 3327 contulit,
1538 3276 1722 3331 pauca
1753 3244 1796 3311 C
1830 3264 2123 3319 teranensi
2156 3244 2448 3327 rediisset,
2491 3262 2651 3318 dedit
2676 3244 2940 3318 “urceum
2989 3267 3332 3336 argenteum
3376 3278 3481 3320 vm

93 3355 502 3430 subjungamus
536 3370 551 3408 :
584 3351 901 3409 Ecclesiam
932 3350 1206 3422 equidem
1231 3350 1398 3404 beato
1426 3348 1720 3421 Stephano

93 3459 312 3515 Operose
340 3443 579 3517 lapideo
601 3439 900 3497 stabulata
928 3438 1191 3510 undique
1215 3436 1587 3509 subtegmine
1616 3436 1724 3490 cir-

93 3533 384 3601 cumdedit,
418 3531 686 3587 anterius
736 3528 1117 3601 pinnaculum
1163 3530 1220 3582 et
1268 3525 1556 3598 posterius
1586 3539 1720 3579 cum

86 3620 263 3677 vitreis
306 3623 378 3677 ad
424 3621 563 3693 ipsa
609 3617 1041 3690 pertinentibus
1090 3613 1243 3681 fecit,
1285 3612 1495 3668 turrim
1543 3612 1723 3668 meri-

89 3708 354 3766 dionalem
387 3725 541 3767 nova
570 3708 875 3762 ﬁrmatura
891 3709 949 3760 et
970 3703 1195 3759 decenti
1224 3701 1471 3758 laterum
1498 3706 1724 3757 tectura

88 3798 394 3867 decoravit;
436 3802 627 3853 totam
658 3794 965 3851 ecclesiam
1008 3792 1169 3848 novis
1200 3791 1401 3864 tignis,
1434 3790 1720 3858 trabibus,

88 3888 297 3959 tegulis,
330 3892 390 3944 et
421 3886 712 3941 lateribus
741 3883 800 3939 in
832 3886 998 3955 parte
1045 3880 1370 3953 plumbatis
1400 3878 1722 3951 cooperuit,

88 3981 133 4030 et
160 3982 442 4049 quantum
476 3976 550 4031 ad
576 3974 768 4045 ipsum
782 3970 1066 4045 pertinuit
1092 3968 1404 4025 cameravit
1426 3986 1440 4036 ;
1464 3973 1723 4039 tempore

89 4080 178 4119 suo
223 4083 368 4122 nova
417 4063 631 4120 altaria
678 4062 923 4117 fundata
953 4063 1093 4116 sunt
1122 4060 1195 4114 ab
1223 4059 1350 4130 ipso
1400 4061 1458 4112 et
1489 4058 1561 4113 ab
1592 4056 1723 4113 aliis

88 4152 137 4207 in
160 4156 355 4211 eadem
388 4151 663 4217 ecclesia,
695 4155 752 4205 et
797 4152 1155 4211 consecrata,
1188 4162 1373 4200 unum
1420 4149 1552 4200 ante
1591 4161 1723 4200 cru-

90 4257 218 4308 cem,
250 4244 405 4316 quod
459 4242 588 4314 ipse
619 4237 977 4294 consecravit
1005 4236 1064 4291 in
1097 4236 1317 4291 honore
1349 4238 1561 4289 sancta
1592 4233 1727 4288 Cru-

88 4328 158 4385 cis
183 4335 236 4386 et
263 4332 416 4387 beati
447 4327 698 4385 Joannis
729 4325 1093 4399 evangelista
1119 4328 1178 4379 et
1207 4324 1389 4379 sancti
1426 4320 1725 4378 Laurentii

90 4419 362 4490 martyris,
395 4423 458 4473 et
513 4419 848 4471 sanctorum
900 4412 1082 4485 Cyrici
1117 4418 1173 4468 et
1213 4410 1426 4475 Julita,
1472 4427 1723 4483 quorum

90 4504 344 4579 reliquias
393 4504 621 4560 ibidem
668 4501 1014 4565 recondidit,
1065 4504 1122 4556 et
1167 4499 1321 4555 beati
1352 4499 1563 4571 [Egidii
1596 4516 1727 4554 con-

1831 3351 2206 3407 marcharum
2238 3353 2310 3407 ad
2334 3350 2588 3407 ecclesia
2620 3354 2974 3419 ornatum,et
2990 3352 3062 3407 ad
3085 3353 3479 3424 reponendam

1830 3456 2043 3512 aquam
2076 3439 2464 3495 benedictam.

1903 3528 2035 3583 Fuit
2064 3528 2262 3600 itaque
2298 3532 2562 3599 tempore
2592 3528 2769 3582 beata
2789 3526 3203 3583 recordationis
3232 3526 3479 3584 Alexan-

1831 3616 1919 3670 dri
1952 3633 2112 3688 papa
2146 3616 2244 3681 III,
2278 3618 2557 3688 regnante
2588 3613 2644 3669 in
2679 3613 2867 3670 Gallia
2887 3615 2980 3686 pio
3012 3632 3145 3687 rege
3167 3615 3477 3683 Ludovico,

1832 3705 1932 3775 qui
1966 3722 2097 3759 cum
2131 3705 2202 3759 de
2232 3721 2298 3760 eo
2320 3703 3046 3776 loqueretur,frequentius
3067 3703 3258 3759 dicere
3274 3704 3483 3761 solitus

1831 3797 1977 3859 erat,
2011 3794 2167 3865 quod
2216 3791 2553 3848 Willelmus
2603 3792 2912 3864 episcopus
2954 3792 3484 3850 Antissiodorensis

1833 3900 1986 3937 unus
2009 3883 2080 3937 de
2096 3881 2440 3937 melioribus
2464 3881 2868 3937 sacerdotibus
2894 3880 3075 3938 totius
3097 3882 3258 3955 regni
3283 3883 3371 3938 sui
3387 3883 3484 3954 ju-

1833 3971 1982 4026 dicio
1995 3976 2052 4026 et
2066 3971 2454 4026 aestimatione
2481 3974 2754 4026 suaesset
2776 3991 2795 4035 ,-
2813 3970 3074 4042 pervenit
3090 3975 3282 4026 autem
3303 3988 3489 4044 usque

1833 4060 1905 4114 ad
1938 4064 2169 4132 tempus
2200 4059 2301 4114 filii
2335 4061 2464 4130 ejus
2487 4058 2735 4131 Philippi
2758 4060 2813 4113 et
2834 4058 3255 4115 consecrationi
3279 4060 3487 4131 ipsius,

1834 4166 1959 4221 qua
1993 4149 2189 4203 Remis
2220 4146 2511 4203 celebrata
2539 4146 3104 4215 est,interfuit,anno
3128 4164 3161 4201 a
3189 4147 3376 4203 Verbo
3407 4147 3490 4202 in-

1833 4242 2071 4293 carnato
2106 4236 2327 4301 ti79,in
2360 4235 2580 4291 octavis
2611 4235 2875 4290 omnium
2895 4237 3114 4301 Sanct.,
3148 4234 3204 4289 in
3232 4234 3359 4307 ipso
3390 4254 3490 4291 au-

1832 4330 1949 4381 tem
1982 4342 2134 4380 anno
2157 4325 2312 4379 circa
2336 4323 2708 4378 festivitatem
2734 4322 3053 4395 B.Remigii
3076 4327 3355 4394 aegrotare
3374 4340 3486 4379 caa-

1832 4414 2000 4485 pit,et
2029 4430 2163 4468 cum
2188 4429 2249 4467 se
2276 4409 2515 4467 sentiret
2541 4414 2827 4481 quartano
2844 4409 3069 4482 gravari
3093 4411 3485 4476 incommodo,

1835 4503 1907 4557 ad
1939 4502 2231 4557 abbatiam
2267 4497 2582 4554 B.Mariani
2614 4515 2793 4553 causa
2823 4499 3161 4570 quiescendi
3189 4499 3368 4565 venit,
3384 4498 3489 4555 ibi-

90 4592 325 4662 tesseris,
376 4594 487 4650 ubi
529 4597 587 4648 et
634 4591 783 4647 duos
829 4590 1162 4663 capellanos
1208 4587 1482 4655 instituit,
1535 4588 1633 4660 qui
1664 4588 1722 4642 in
1761 4612 1802 4676 υ
1835 4608 1947 4662 que
1981 4606 2165 4660 usque
2206 4588 2274 4641 ad
2312 4587 2544 4676 obitum
2572 4603 2745 4641 suum
2779 4588 3075 4643 decubuit.
3108 4587 3252 4643 Cum
3286 4591 3486 4644 autem

90 4688 413 4754 perpetuum
447 4679 696 4736 missam
729 4678 980 4752 singulis
1002 4678 1211 4734 diebus
1242 4676 1601 4732 celebrarent
1622 4694 1724 4749 pro
1766 4674 1789 4676 7
1833 4678 2140 4751 ingruente
2172 4674 2639 4747 hicme,graviori
2672 4679 2980 4747 urgeretur
3021 4675 3293 4731 molestia
3322 4675 3486 4731 infir-

89 4770 263 4826 anima
291 4768 588 4827 Guidonis
637 4768 867 4823 comitis
905 4771 963 4823 et
994 4770 1429 4822 antecessorum
1463 4782 1726 4832 suorum,

90 4858 280 4927 quibus
291 4857 622 4933 capellanis
636 4858 707 4912 ab
719 4874 786 4913 eo
799 4856 1062 4913 redditus
1075 4872 1142 4910 su
1153 4855 1433 4910 fﬁcientes
1447 4854 1730 4927 assignati

90 4953 227 5002 sunt.
250 4949 447 5004 Unum
493 4945 675 5002 erexit
723 4947 795 5001 de
824 4962 931 5001 suo
962 4945 1023 4999 in
1063 4947 1267 5016 crypta
1298 4960 1331 4998 a
1361 4946 1525 5015 parte
1556 4944 1728 4998 curia:

92 5034 446 5109 episcopalis,
500 5035 657 5107 quod
690 5038 747 5089 et
794 5032 1156 5089 consecravit
1202 5030 1260 5086 in
1311 5031 1530 5087 honore
1574 5032 1728 5087 beati

92 5121 236 5179 Pauli
265 5122 524 5196 apostoli
556 5125 616 5178 et
662 5125 1000 5177 sanctorum
1030 5119 1233 5192 Cyrici.
1259 5123 1316 5174 et
1344 5119 1730 5191 Julita,,quo-

91 5225 204 5265 rum
233 5212 310 5267 ibi
333 5212 604 5283 reliquiae
627 5209 1181 5278 reconduntur,etin
1194 5207 1414 5263 honore
1430 5208 1583 5263 beati
1597 5212 1731 5263 Ger-

92 5301 233 5355 mani
244 5298 508 5373 episcopi
518 5303 577 5354 et
592 5298 1218 5364 confessoris,etbeata
1234 5294 1426 5351 Maria
1442 5295 1732 5369 Magdale-

92 5399 198 5439 na:
220 5387 355 5443 huic
372 5386 549 5443 altari
563 5386 848 5441 deservire
859 5383 1407 5441 tenenturcanonici
1421 5384 1602 5439 beata
1616 5386 1732 5440 Ma-

93 5472 255 5540 ria,et
270 5474 682 5548 quotidianam
713 5474 955 5530 missam
986 5474 1280 5530 celebrare
1306 5489 1410 5544 pro
1434 5473 1730 5545 animaip-

94 5562 270 5618 sinset
285 5581 390 5635 pro
403 5562 609 5620 anima
620 5562 931 5618 Fromundi
953 5561 1145 5618 clerici
1167 5559 1279 5627 sui,
1296 5561 1395 5630 qui
1415 5561 1489 5616 ibi
1506 5561 1732 5632 primus

94 5651 398 5724 assignavit
421 5650 692 5708 redditus
714 5670 733 5718 ,-
756 5650 919 5707 altari
954 5649 1359 5706 beatiAnrlrna:
1395 5650 1640 5720 apostoli
1673 5650 1731 5704 in

1841 4766 2085 4827 mitatis,
2120 4766 2394 4820 advocato
2420 4763 2773 4819 Theobaudo
2811 4764 3123 4820 venerabili
3147 4764 3490 4821 Nivernensi

1840 4856 2111 4928 episcopo
2142 4854 2249 4910 sibi
2271 4852 2717 4917 amicissimo,et
2730 4852 2972 4909 Girardo
2993 4854 3204 4909 abbate
3218 4853 3490 4911 Viceliaci

1839 4944 2274 5016 consanguineo
2306 4946 2497 5007 suo,et
2529 4941 2883 5013 quibusdam
2899 4942 3492 5000 Antissiod.Ecclesia

1839 5034 2127 5105 personis,
2150 5036 2206 5088 et
2235 5030 2555 5099 canonicis,
2592 5034 3006 5086 testamentum
3040 5049 3216 5088 suum
3248 5032 3402 5101 fecit,
3436 5036 3494 5088 et

1839 5122 2038 5179 omnia
2067 5138 2195 5194 qua
2226 5120 2498 5185 habebat,
2532 5123 2651 5173 tam
2699 5118 2759 5173 in
2804 5119 3158 5177 victualibus
3188 5138 3367 5193 quam
3399 5137 3491 5175 ar-

1840 5210 2054 5266 mentis
2084 5215 2140 5265 et
2169 5207 2495 5280 pecoribus,
2524 5208 2694 5262 vendi
2727 5208 2955 5277 fecit,ct
2985 5225 3088 5280 pro
3122 5209 3335 5265 debitis
3367 5208 3492 5264 suis

1841 5297 2202 5354 reddi.Dedit
2232 5297 2368 5351 item
2400 5296 2478 5351 ibi
2520 5295 2777 5351 ecclesia
2809 5298 2869 5352 B.
2906 5296 3187 5369 Stephani
3237 5311 3489 5369 cuppam

1840 5391 2175 5461 argenteam
2210 5402 2266 5440 1v
2285 5383 2660 5439 marcharum
2683 5385 2753 5439 de
2777 5385 2938 5440 intus
2966 5389 3024 5441 et
3054 5384 3268 5441 deforis
3290 5399 3492 5454 perop-

1839 5477 1981 5530 time
2003 5473 2443 5539 deauratam,ad
2468 5474 2868 5543 reponendum
2890 5473 2949 5528 in
2975 5490 3043 5529 ea
3063 5488 3273 5542 corpus
3295 5468 3488 5522 Domi-

1841 5565 2078 5629 nicum;
2114 5561 2273 5616 dedit
2310 5565 2367 5615 et
2403 5558 2711 5616 camnulas
2758 5565 2815 5616 et
2844 5561 3035 5632 pelves
3076 5562 3383 5631 argenteas
3414 5556 3486 5612 ad

1843 5650 2251 5723 quotidianum
2283 5648 2541 5704 officium
2575 5647 2776 5703 altaris
2808 5648 2868 5704 Β.
2903 5646 3104 5717 Steph.
3137 5649 3283 5702 Item
3329 5643 3492 5723 dedit

3626 5496 3720 5580 Δ

3024 5580 3035 5615 ι
3076 5580 3383 5631 argenteus
3414 5580 3486 5612 au

3024 5646 3104 5702 )h.
3137 5649 3283 5702 Item
3329 5643 3492 5701 dedit
3554 5644 3595 5752 ριλ
