3814 6218
422 372 539 435 315

1272 370 1609 431 APPEND.
1656 371 1758 430 AD
1804 370 1989 431 SIEC.
2039 370 2115 431 X.
2151 404 2225 417 --
2252 372 2514 434 OPERA
2556 393 2949 441 ΑΔΕΣΠΟΤΙΚΛ.

3679 380 3770 445 316

420 505 711 585 episcopis
742 510 1018 582 praestare
1046 510 1318 563 tenentur
1365 521 1467 577 pro
1496 503 1837 576 hujusmodi
1868 501 2066 560 remis-
2094 504 2148 572 Α
2176 506 2501 563 versionem
2533 505 2873 581 hujusmodi
2915 514 3307 584 temperarent
3349 518 3631 586 quatenus
3671 534 3767 592 per-

419 597 605 664 sione,
655 616 835 654 unam
888 597 1153 653 videlicet
1200 596 1268 652 de
1318 596 1519 651 decem
1568 593 1833 661 sarcinis,
1883 610 2061 665 quam

418 686 677 743 serviens
707 686 961 759 episc0pi
984 705 1137 741 unus
1159 690 1261 741 aut
1279 684 1602 756 plures,qui
1626 684 1696 738 ad
1720 683 1827 737 hoc
1850 683 2064 737 fuerint

416 776 701 848 deputati,
734 776 1004 832 duxerint
1032 776 1361 849 eligendam
1396 791 1408 829 :
1439 790 1653 846 magna
1678 772 1929 843 profecto
1953 772 2062 826 Ec-

416 863 604 919 clesiae
640 865 1175 921 utilitas.Remissio
1206 864 1360 919 enim
1396 868 1627 935 propter
1656 862 1762 916 hoc
1789 862 1940 916 facta
1970 860 2061 915 vix

416 954 488 1008 ad
540 972 834 1009 summam
874 959 1107 1009 centum
1157 953 1437 1009 librarum
1488 951 1792 1007 annuatim
1837 955 2061 1022 poterat

412 1043 731 1115 pervenire,
777 1050 835 1099 et
862 1043 1168 1099 aestimatio
1210 1042 1568 1096 decimarum
1600 1042 2055 1112 quingentarum

412 1131 497 1187 vel
530 1138 933 1188 sexcentarum
957 1138 1011 1188 et
1034 1150 1097 1187 eo
1114 1131 1367 1203 amplius
1386 1130 1794 1186 Pruvaniensis
1813 1135 2055 1185 moneta-3

408 1237 703 1277 summam
736 1221 1068 1291 frequenter
1090 1220 1348 1274 excedat.
1384 1218 1566 1273 Multa
1615 1217 1671 1270 in
1717 1216 2055 1289 episcopatu

405 1310 590 1381 gessit
621 1308 839 1365 utiliter
867 1315 923 1365 et
953 1310 1291 1381 prudenter,
1325 1325 1451 1379 qua:
1485 1304 1570 1361 vel
1600 1306 1802 1360 audita
1833 1322 2053 1360 memo-

406 1397 505 1453 riae
536 1416 651 1453 non
702 1402 1035 1466 occurrunt,
1069 1397 1154 1453 vel
1191 1396 1354 1469 prius
1385 1396 1455 1450 ad
1491 1399 1750 1449 nostram
1784 1393 2051 1449 notitiam

403 1503 520 1544 non
551 1492 851 1543 venerunt.

477 1588 649 1655 Quam
679 1591 918 1643 virtuose
949 1587 1228 1642 resistebat
1252 1586 1685 1657 persecutoribus
1705 1585 1977 1640 Ecclesiae.

476 1676 949 1732 Persecutoribus
962 1676 1018 1730 in
1038 1693 1251 1748 magna
1265 1675 1569 1729 resistebat
1587 1672 1823 1741 virtute;
1841 1672 1981 1727 horu
1993 1689 2048 1727 m

403 1764 807 1821 ecclesiasticae
857 1765 1181 1821 severitatis
1228 1781 1502 1829 censura;
1532 1763 1741 1817 horum
1786 1761 2049 1817 rebellio-

2170 613 2325 652 sonze
2357 598 2587 654 comitis
2619 616 2722 671 pro
2752 616 2993 656 suorum
3042 619 3346 659 excessum
3397 604 3668 679 exigentia
3698 626 3766 664 ex-

2170 686 2718 743 communicationis
2749 705 3026 746 mucrone
3057 707 3337 761 percussa
3368 693 3428 747 in
3463 693 3673 750 civitate
3690 698 3765 751 An-

2168 774 2572 831 tissiodorensi
2604 782 2931 833 servaretur
2976 779 3166 834 taliter
3207 779 3603 849 interdictum,
3633 790 3685 838 ut
3707 786 3766 839 vi-

2169 863 2373 919 delicet
2404 866 2461 920 in
2494 866 2745 921 adventu
2774 868 2922 937 ejus,
2958 885 3076 923 una
3117 869 3175 923 in
3229 870 3443 941 majori
3475 872 3695 927 ecclesia
3716 874 3765 928 de

2167 953 2471 1024 campanis
2490 955 2812 1026 majoribus
2834 955 3197 1027 pulsaretur:
3229 963 3287 1013 et
3309 959 3398 1014 sic
3420 960 3653 1015 adventu
3671 965 3764 1031 ejus

2166 1041 2415 1113 cognito,
2433 1044 2694 1114 quandiu
2728 1062 2980 1116 praesens
3008 1051 3162 1101 esset
3191 1046 3601 1102 clauderentur
3625 1049 3763 1104 eccle-

2166 1130 2285 1196 siaz,
2317 1137 2373 1186 et
2404 1132 2602 1187 divina
2645 1133 2841 1187 ofﬁcia
2897 1134 3007 1189 sub
3054 1134 3350 1191 interdicti
3406 1136 3629 1192 silentio
3668 1156 3761 1209 age-

2163 1224 2367 1275 rentur
2384 1239 2397 1289 ;
2414 1221 2426 1274 i
2436 1222 2599 1292 psius
2613 1239 2747 1278 vero
2760 1222 3021 1278 discessu
3035 1224 3298 1294 ejusdem
3322 1224 3762 1296 pulsationecum-

2162 1326 2347 1381 pansa,
2405 1310 2563 1365 velut
2605 1311 2793 1367 edicto
2852 1314 3136 1384 praeconio
3195 1314 3431 1385 publice
3486 1315 3756 1388 designato,

2162 1398 2327 1468 quasi
2360 1399 2796 1456 discedentibus
2822 1401 3345 1467 nebulis,ecclesiis
3372 1403 3756 1459 solemnitatum

2161 1504 2401 1543 suarum
2434 1493 2600 1562 grata
2629 1490 2913 1546 serenitas
2945 1492 3303 1560 redderetur,
3334 1492 3583 1549 exclusis
3609 1499 3757 1549 tamen

2160 1575 2499 1633 hominibus
2530 1578 2763 1634 comitis
2784 1579 2856 1633 ab
2879 1580 3256 1636 ecclesiarum
3276 1581 3661 1654 ingressu,qui
3679 1582 3757 1637 soli

2159 1665 2437 1720 suberant
2480 1665 2833 1722 interdicto:
2877 1680 3089 1724 sanam
3150 1670 3412 1741 profecto
3469 1676 3525 1727 et
3575 1671 3757 1726 salubre

2158 1758 2467 1809 statutum.
2520 1757 2664 1811 Nam
2713 1773 2909 1812 comes
2958 1774 3073 1812 non
3123 1758 3248 1815 sine
3287 1761 3623 1835 confusione
3663 1778 3754 1832 per-

403 1872 538 1909 nem
571 1855 790 1909 viribus
818 1855 1260 1926 compescendo,
1293 1859 1349 1909 et
1386 1853 1639 1925 plurima
1668 1870 1794 1924 quae
1825 1854 1943 1908 sive
1974 1853 2046 1907 ob
2076 1880 2123 1943 Β
2158 1844 2412 1899 maxima
2442 1845 2667 1918 ingredi
2700 1852 2924 1943 poterat
2952 1847 3037 1902 vel
3064 1849 3260 1919 egredi
3297 1850 3591 1922 propriam
3609 1849 3755 1905 civita-

402 1943 530 2012 hoc,
564 1944 679 1999 sive
712 1946 785 2000 ob
815 1944 959 1999 alias
990 1961 1198 1999 causas
1231 1943 1470 2015 pertulit
1498 1943 1556 1997 in
1584 1942 1919 2014 episcopatu
1953 1941 2048 1996 ad-

400 2049 583 2098 versa,
619 2039 811 2090 mente
860 2034 1151 2105 intrepida
1179 2040 1237 2089 et
1265 2033 1580 2100 constanti,
1616 2033 1768 2087 sicut
1812 2035 1935 2085 erat
1961 2030 2049 2084 vir

398 2120 595 2177 animo
649 2122 997 2195 magniﬁcus
1045 2127 1103 2178 et
1146 2121 1526 2194 insuperabili
1580 2119 2043 2192 longanimitate,

397 2211 703 2281 percurrit,
734 2212 805 2267 de
849 2212 1066 2283 quibus
1113 2229 1300 2284 pauca
1347 2229 1474 2283 qua:
1524 2210 1693 2265 nobis
1741 2214 1877 2264 nota
1908 2212 2047 2263 sunt

395 2300 873 2357 memorabilibus
905 2301 1182 2357 duximus
1216 2302 1527 2357 inserenda
1556 2298 1936 2354 membranis.

397 2399 468 2452 De
492 2400 673 2469 farina
705 2400 1118 2455 interdicturum
1162 2406 1369 2454 statuta
1420 2408 1652 2469 tempore
1692 2398 1907 2452 comitis
1938 2400 2043 2449 Pe-

758 2472 850 2536 tri,
884 2480 935 2525 et
959 2488 1126 2525 causa
1154 2487 1323 2541 quare
1350 2473 1429 2524 sic
1455 2478 1674 2525 statuta.

464 2557 687 2629 Agebat
716 2558 775 2613 in
812 2559 1327 2626 Antissiodorensi,
1360 2558 1698 2614 Nivernensi
1746 2563 1802 2613 et
1831 2558 2067 2612 Torno-.

395 2646 628 2702 dorensi
656 2648 931 2703 comitatu
973 2666 1167 2704 comes
1205 2649 1427 2713 Petrus,
1460 2648 1727 2703 videlicet
1754 2650 1825 2705 de
1861 2650 2045 2704 Curti-

394 2737 582 2807 niaco,
616 2737 838 2792 domini
872 2738 1025 2809 regis
1052 2737 1301 2809 Philippi
1335 2736 1618 2802 fratuelis,
1652 2740 1819 2809 cujus
1853 2740 2043 2795 favore

393 2831 763 2899 procurante,
796 2826 921 2899 ipse
973 2828 1173 2883 Petrus
1202 2829 1479 2899 Agnetem
1526 2825 1706 2881 ﬁliam
1738 2828 2038 2896 Guidonis,

393 2917 691 2989 quondam
722 2916 955 2971 comitis
986 2914 1376 2981 Nivernensis,
1410 2916 1502 2970 cui
1535 2915 1903 2972 successione
1933 2917 2041 2971 hae-

391 3005 669 3061 reditaria
724 3005 1040 3061 comitatus
1089 3005 1499 3076 competebant
1549 3005 1828 3077 praedicti,
1875 3005 2041 3060 duxit

393 3112 653 3161 uxorem,
685 3095 819 3149 dato
851 3097 1086 3165 propter
1112 3093 1221 3148 hoc
1247 3093 1482 3149 domino
1513 3094 1629 3166 regi
1665 3094 1841 3149 nobili
1864 3094 2041 3165 patri-

392 3184 573 3239 monii
605 3183 698 3239 sui
743 3188 955 3248 castro,
984 3182 1084 3253 qui
1116 3181 1409 3255 Monsargi
1442 3187 1835 3255 nuncupatur,
1869 3188 1933 3237 ut
1962 3183 2034 3238 ad

389 3271 549 3328 illius
579 3271 918 3344 conjugium
952 3271 1276 3343 perveniret
1299 3271 1418 3339 ;vir
1455 3272 1693 3342 quidem
1734 3272 1874 3344 regii
1907 3289 2031 3327 san-
2066 3247 2109 3315 ί)

388 3360 586 3434 guinis
631 3365 688 3417 et
734 3361 1033 3416 immensae
1063 3359 1350 3431 potentiae,
1382 3361 1483 3415 sed
1515 3360 2037 3433 incircumspectus

389 3451 606 3517 animo,
641 3455 698 3505 et
750 3449 1062 3505 iracundia:
1097 3449 1497 3516 formidandae,
1532 3454 1589 3504 et
1618 3449 1718 3521 qui
1751 3450 2037 3506 molestiis

388 3546 491 3595 aut
521 3539 753 3611 injuriis
780 3538 1109 3611 irrogandis
1129 3537 1521 3593 nullaratione
1544 3538 1724 3595 animi
1756 3540 2039 3611 suiimpc-

390 3634 516 3685 tum
549 3627 1086 3700 temperaret.Undc
1116 3632 1172 3682 et
1202 3628 1314 3682 sub
1343 3628 1472 3697 ejus
1500 3628 1898 3684 dominatione
1920 3647 2035 3684 non

389 3718 579 3774 solum
610 3718 941 3789 episcopus,
972 3733 1175 3770 verum
1207 3716 1383 3770 etiam
1408 3717 1663 3772 ecclesia:
1696 3718 1803 3772 sibi
1837 3719 2039 3789 subje-

391 3812 494 3863 cta;
524 3806 747 3877 virique
776 3803 1153 3860 ecclesiastici
1178 3804 1395 3859 multas
1427 3809 1482 3859 et
1500 3821 1703 3876 graves
1737 3807 2037 3862 molestias

390 3894 755 3966 frequentius
798 3890 1186 3958 sustinebant,
1218 3896 1342 3946 tum
1390 3892 1461 3947 ab
1493 3910 1558 3947 eo
1604 3898 1729 3948 tum
1778 3896 1851 3949 ab
1882 3895 2034 3963 aliis,

391 3981 608 4055 qui,vel
625 3982 774 4036 deeo
794 3978 1077 4035 familiare
1088 3979 1333 4034 nocendi
1351 3982 1662 4036 sumebant
1682 3983 2033 4054 exemplum,

390 4070 479 4127 vel
510 4071 727 4143 quibus
753 4086 819 4125 eo
843 4085 958 4123 non
990 4068 1297 4123 resistente
1328 4068 1387 4122 in
1410 4068 1715 4125 ecclesiam
1734 4072 1829 4126 Dei
1866 4072 2039 4127 facul-

390 4166 482 4216 tas
512 4165 636 4216 erat
664 4157 903 4214 liberior
929 4156 1272 4212 debacchari
1295 4175 1307 4223 ;
1331 4161 1388 4212 et
1408 4158 1479 4213 ab
1500 4158 1663 4214 initio
1684 4160 2037 4217 dominatio—

392 4249 485 4305 nis
540 4266 658 4305 suaa
704 4252 934 4303 tantum
978 4246 1089 4301 sub
1148 4262 1213 4301 eo
1257 4244 1539 4301 laboravit
1584 4248 1848 4314 ecclesia,
1882 4251 2036 4321 quod

390 4336 906 4395 Antissidiorensis
954 4335 1157 4391 civitas
1196 4335 1312 4390 fere
1360 4352 1463 4407 per
1487 4337 1821 4408 quindecim
1853 4355 2039 4396 annos

391 4432 629 4501 propter
657 4443 932 4483 excessus
964 4424 1271 4479 interdicto
1302 4426 1595 4492 conclusa,
1621 4426 1836 4481 clausis
1865 4429 2041 4483 eccle-

389 4518 516 4584 siis,
551 4515 879 4572 divinorum
930 4513 1254 4570 ofﬁciorum
1297 4513 1527 4569 silentia
1572 4520 1886 4585 pateretur,
1922 4518 2037 4573 nisi

2156 1937 2408 1997 tem,nec
2439 1940 2673 2005 propter
2718 1935 3032 1991 clamorem
3083 1937 3281 2008 populi
3334 1955 3557 1994 moram
3605 1938 3670 1993 ibi
3696 1938 3753 1991 fa-

2154 2038 2283 2077 cere
2315 2023 2718 2095 longiorem,et
2748 2024 2993 2081 ecclesia
3014 2043 3121 2080 suo
3153 2043 3266 2082 non
3291 2029 3603 2100 cogebatur
3620 2026 3752 2082 silen-

2153 2111 2234 2165 tio
2265 2113 2629 2169 aedilicationi
2664 2115 2865 2171 deesse
2897 2119 2952 2169 et
2982 2116 3263 2187 profectui
3294 2116 3637 2173 animarum.

2401 2212 2558 2281 Quod
2591 2215 2650 2267 in
2674 2213 2916 2268 adversis
2946 2214 3188 2269 viriliter
3213 2231 3273 2270 se
3302 2216 3555 2271 habebat.

2224 2311 2616 2382 'l‘empestatis
2664 2310 2843 2383 hujus
2892 2328 3034 2383 pene
3084 2312 3490 2371 intolerabiles
3516 2319 3569 2370 et
3597 2314 3749 2369 formi-

2153 2400 2377 2454 dandae
2424 2398 2707 2471 procellas
2760 2400 3069 2472 episcopus
3102 2400 3287 2456 multa
3318 2403 3747 2475 magnanimitate

2153 2490 2437 2544 sustinuit
2466 2489 2813 2561 intrepidus,
2847 2494 3032 2543 totum
3067 2506 3128 2544 se
3157 2507 3261 2561 pro
3293 2494 3513 2547 tuendo
3533 2492 3747 2546 Ecclesia

2142 2581 2276 2651 jure
2307 2578 2785 2650 impendens,pro
2813 2595 2927 2650 qua
2948 2581 3280 2651 opponebat
3296 2598 3361 2636 se
3385 2597 3609 2635 murum
3631 2581 3747 2633 insu-

2152 2667 2467 2740 perabilem
2508 2666 2876 2722 venientibus
2920 2684 2988 2721 ex
3031 2668 3297 2733 adverso,
3345 2675 3405 2724 et
3447 2686 3556 2725 non
3600 2668 3744 2723 solum

2144 2748 2401 2821 comitis,
2436 2772 2637 2810 verum
2667 2760 2724 2811 et
2774 2755 3021 2811 aliorum
3052 2756 3530 2813 infestationibus
3557 2755 3747 2811 viriliter

2149 2846 2615 2910 resistendo,non
2639 2845 3153 2909 deﬁciebat,donec
3175 2844 3294 2901 illis
3325 2845 3637 2902 humiliatis
3667 2843 3745 2899 sub

2149 2934 2367 3007 potenti
2405 2951 2582 2988 manu
2614 2934 2710 2988 Dei
2747 2935 2794 3003 (I
2820 2935 2966 2989 Petr.
2999 2951 3054 2999 ν,
3086 2936 3141 3003 7)
3174 2935 3244 2989 ad
3275 2934 3553 2991 honorem
3581 2934 3686 3003 ejus
3709 2938 3745 2982 et

2147 3040 2373 3095 sponsae
2407 3039 2524 3077 suae
2554 3021 2821 3076 Ecclesiae
2852 3021 3025 3077 ﬁnem
3050 3021 3367 3094 attingeret
3390 3022 3745 3078 commendan-

2146 3112 2494 3182 dum,super
2516 3127 2631 3182 quo
2663 3126 2848 3181 pauca
2879 3110 2950 3165 de
2980 3109 3184 3166 multis
3214 3111 3495 3166 duximus
3517 3107 3744 3183 perstrin-

2148 3200 2356 3273 genda.

2149 3299 2397 3367 Qualiter
2426 3304 2620 3353 Petrus
2648 3312 2821 3352 comes
2852 3296 3349 3353 Autissiodurensis
3377 3299 3609 3354 extraxit
3644 3310 3739 3366 pue-

2218 3388 2342 3424 rum
2373 3370 2435 3425 de
2466 3377 2629 3437 terra,
2688 3384 2845 3439 quem
2891 3369 3163 3423 inmutari
3202 3371 3413 3440 fecerat
3466 3372 3523 3425 in
3571 3380 3739 3422 camera

2216 3443 2473 3521 episcopi.

2216 3546 2439 3604 Comes,
2494 3538 2627 3593 licet
2672 3537 2723 3591 ei
2773 3536 3058 3592 familiare
3106 3542 3351 3594 essetet
3392 3541 3643 3611 frequens
3667 3549 3740 3605 per

2146 3626 2809 3685 excommunicationem
2840 3627 2912 3681 ab
2946 3625 3165 3681 unitate
3196 3627 3468 3683 Ecclesia:
3514 3621 3740 3697 separari,

2150 3719 2407 3791 quodam
2440 3722 2699 3788 tempore
2746 3716 3289 3771 excommunicatus
3342 3719 3531 3772 fuerat
3568 3714 3631 3769 ab
3654 3710 3743 3781 epi-

2146 3824 2321 3879 sc0po
2353 3803 2873 3871 Antissiodorensi,
2924 3803 3125 3859 civitas
3175 3803 3488 3861 interdicto
3524 3800 3743 3859 conclusa

2146 3900 2383 3968 propter
2412 3909 2615 3965 graves
2645 3894 2773 3965 ejus
2804 3909 3097 3948 excessus.
3119 3893 3224 3958 Qui
3258 3892 3607 3951 vehementis
3631 3884 3743 3943 indi-

2148 3984 2441 4057 gnationis
2476 3983 2609 4055 igne
2658 3998 3002 4046 succensus,
3038 3999 3151 4036 non
3201 3981 3399 4038 solum
3439 3982 3743 4054 episcopum.

2148 4074 2318 4144 cujus
2351 4071 2561 4136 ﬁdelis,
2606 4074 2671 4125 ut
2701 4075 2834 4141 pote
2860 4071 2989 4141 ejus
3018 4069 3309 4126 vassallus
3337 4087 3471 4127 esse
3499 4066 3741 4127 debuerat,

2148 4162 2250 4217 sed
2282 4166 2340 4216 et
2369 4159 2685 4215 canonicos
2705 4163 2763 4214 et
2791 4158 3033 4214 clericos
3049 4176 3186 4214 voce
3210 4161 3494 4231 prazconis
3516 4177 3547 4214 a
3565 4154 3743 4211 civitate

2148 4249 2337 4320 ejecit,
2368 4264 2581 4319 corpus
2630 4248 2790 4319 parvi
2839 4246 3076 4312 mortui,
3110 4249 3265 4319 quod
3298 4252 3533 4321 propter
3558 4236 3742 4300 interdi-

2148 4343 2306 4393 ctum
2340 4337 2594 4393 civitatis
2640 4335 3095 4391 ecclesiasticam
3149 4354 3262 4392 non
3316 4341 3541 4409 poterat
3582 4330 3741 4388 habere

2149 4427 2535 4499 sepulturam,
2551 4426 2887 4496 importuno
2900 4426 3107 4479 matris
3120 4426 3281 4497 pueri
3306 4427 3527 4482 excitus
3546 4420 3741 4477 clamore

2149 4523 2206 4573 ct
2233 4515 2529 4587 lacrymis,
2563 4514 2622 4568 in
2672 4514 2801 4585 ipsa
2844 4513 3101 4586 episcopi
3149 4530 3386 4570 camera
3424 4518 3549 4570 ante
3578 4509 3738 4564 lectum

394 4607 550 4678 quod
582 4605 729 4661 raris
778 4608 1109 4675 temporum
1152 4602 1473 4658 intervallis
1504 4603 1798 4671 dilucidis,
1831 4608 2044 4662 comite
2075 4615 2118 4677 Ι)
2150 4604 2370 4661 domini
2402 4602 2494 4658 sui
2546 4601 2803 4674 episcopi
2854 4601 2987 4657 fecit
3018 4602 3249 4657 humari
3292 4602 3351 4657 in
3385 4594 3740 4678 contumeliam

392 4711 494 4766 per
524 4694 980 4749 satisfactionem
1002 4692 1075 4746 ad
1098 4691 1365 4747 Ecclesia:
1388 4691 1678 4763 gremium
1700 4700 2040 4763 revertente,

392 4783 744 4854 quandoque
775 4780 1021 4837 ecclesia
1049 4797 1159 4836 sua
1196 4797 1416 4853 organa
1445 4783 1797 4837 resumebat.
1833 4784 2043 4839 Statim

390 4875 589 4925 tamen
624 4870 777 4923 intra
806 4869 997 4924 brevis
1012 4870 1293 4940 temporis
1314 4869 1571 4939 spatium
1584 4887 1779 4925 comes
1802 4871 2044 4943 replica-

391 4958 467 5013 tis
496 4956 727 5027 injuriis
756 4958 883 5027 ejus
915 4957 1286 5012 serenitatem
1312 4973 1653 5028 permanere
1674 4959 1899 5014 diutius
1930 4977 2043 5015 non

395 5045 796 5116 sinebat,quin
826 5046 915 5100 sui
951 5049 1249 5116 pateretur
1268 5045 1486 5101 silentii
1512 5046 2046 5120 recidivum.Super

392 5135 501 5189 hoc
532 5133 769 5188 tandem
800 5131 945 5187 inito
978 5133 1127 5187 inter
1144 5132 1482 5204 episcopum
1501 5137 1557 5188 et
1577 5134 2043 5205 capitulum.An-

395 5221 834 5277 tissiodorensis
863 5220 1128 5275 Ecclesiae
1161 5221 1469 5276 salubriori
1490 5222 2039 5296 consilio,quoniam

394 5329 498 5384 per
527 5311 625 5381 huj
639 5309 867 5364 usmodi
900 5308 1209 5363 interdicta
1239 5310 1564 5379 frequentia
1592 5312 1647 5366 in
1682 5312 2038 5367 immensum

391 5401 532 5456 vitia
562 5398 1029 5462 succrescebant,
1061 5402 1119 5451 et
1148 5396 1434 5467 pullulare
1460 5398 1710 5456 han-eses
1747 5401 2038 5456 timeban-

389 5497 648 5555 tur,cum
683 5491 885 5542 contra
914 5485 1161 5541 salutem
1202 5502 1370 5540 suam
1413 5488 1782 5543 efﬁcerentur
1812 5495 2037 5545 mentes

389 5578 696 5634 hominum
728 5575 1015 5641 duriores,
1049 5574 1285 5646 provida
1314 5575 1465 5631 inter
1493 5592 1592 5631 eos
1623 5576 2037 5634 deliberatione

391 5667 679 5739 convenit,
712 5671 776 5722 ut
806 5664 889 5721 sic
937 5663 1231 5735 deinceps,
1264 5664 1486 5721 vivente
1514 5665 1745 5734 comite,
1778 5666 2039 5722 animad-

2154 4695 2281 4765 ejus
2310 4697 2368 4748 et
2398 4692 2495 4747 Dei
2529 4695 2953 4762 contemptum.
2990 4691 3106 4746 Hoc
3137 4694 3256 4746 tam
3300 4690 3581 4763 piaculare
3622 4676 3740 4750 ﬂagi-

2154 4781 2303 4837 tium
2363 4781 2675 4852 episcopus
2722 4778 2912 4852 rigore
2959 4778 3343 4835 districtionis
3400 4769 3740 4836 ecclesiastica?

2157 4888 2319 4925 mera
2334 4869 2667 4925 constantia
2683 4868 3289 4939 persecutus,tandem
3309 4869 3500 4940 ipsum
3521 4852 3743 4940 compulit

2154 4960 2227 5015 ad
2286 4957 2747 5014 satisfactionem
2798 4956 3139 5028 hujusmodi
3186 4939 3584 5013 exhibendam.
3622 4939 3740 5011 Ουοά

2152 5047 2248 5102 die
2281 5046 2616 5102 Palmarum
2647 5045 2705 5099 in
2738 5045 3111 5118 processione
3138 5045 3385 5101 solemni
3418 5036 3742 5117 praesentibus

2151 5136 2320 5191 beato
2356 5134 2646 5191 Willelmo
2678 5134 2962 5189 avunculo
2993 5133 3244 5201 comitis,
3278 5135 3380 5207 qui
3424 5148 3549 5189 eum
3576 5126 3637 5183 ad
3662 5122 3738 5175 hu-

2151 5224 2501 5279 miliandum
2536 5241 2598 5278 se
2629 5222 3408 5290 roborabat,Bituricensi,et
3427 5223 3581 5277 Petro
3608 5215 3741 5303 Sen?

2150 5314 2319 5369 nensi
2352 5311 2827 5384 archiepiscopis,
2862 5316 2918 5367 et
2950 5311 3153 5367 multis
3188 5311 3340 5379 aliis,
3373 5327 3516 5382 quos
3546 5302 3621 5358 vel
3655 5302 3739 5366 ePl‘

2150 5403 2313 5475 scopi
2338 5401 2673 5457 sollicitudo
2704 5405 3025 5467 vocaverat,
3059 5401 3143 5456 vel
3178 5401 3312 5455 facti
3346 5399 3561 5455 novitas
3587 5390 3741 5447 alluse-

2148 5496 2238 5545 rat
2268 5491 2338 5545 ad
2373 5490 2925 5555 videndum,etl‘osso
2950 5488 3217 5560 sepulcro
3243 5488 3491 5561 propriis
3521 5476 3740 5538 manibus

2146 5596 2356 5651 corpus
2388 5579 2634 5634 extraxit
2672 5578 2951 5645 defuncti,
2985 5579 3191 5634 faetens
3240 5576 3556 5633 admodum
3595 5572 3641 5622 et
3665 5575 3743 5634 Pu-

2140 5668 2381 5736 tridum,
2415 5684 2813 5740 magnumque
2844 5666 3074 5723 narium
3114 5663 3550 5732 otfendiculum,
3588 5652 3740 5724 ιιίΡΟῙθ
