3814 6218
21 317 107 377 321

875 313 978 375 DE
1022 313 1297 376 GESTIS
1341 314 1581 375 EPISC.
1634 315 2068 376 ANTISSIOD.
2102 351 2172 358 ——
2204 316 2401 379 PARS
2447 317 2500 382 Ι.

3269 320 3387 383 322

23 448 148 519 quod
187 446 504 519 imaginem
548 446 810 503 Crucifixi
863 446 1261 520 cooperuisset
1288 451 1548 520 argento,
1579 451 1635 504 et
1663 450 1716 517 Α
1751 447 1964 504 iudicia
1989 450 2194 506 mortis
2225 468 2364 518 suae,
2399 468 2527 523 quae
2577 452 2822 507 Domino
2870 452 2954 508 sic
2991 454 3238 521 volente,
3272 472 3388 511 non

20 536 147 608 quod
167 535 387 591 deesset
409 534 568 590 ultra
587 535 1029 591 aestimationem
1057 536 1249 592 crucis
1278 554 1464 592 aureae
1496 537 1633 591 dua-

20 641 124 679 rum
144 640 495 690 marcarum,
517 629 576 679 et
605 623 753 679 ultra
780 622 1020 696 triginta
1052 640 1281 680 marcas
1309 625 1379 679 ad
1413 625 1520 681 hoc
1541 626 1635 680 de-

18 716 233 785 putatas,
255 728 405 783 quas
428 712 785 783 quandoque
806 712 879 767 ob
903 729 1042 767 suas
1065 712 1447 769 necessitates
1477 729 1635 769 acce-

18 807 165 873 perat,
187 800 622 857 restitutionem
644 800 705 856 in
728 801 992 857 futurum
1022 818 1223 857 earum
1258 819 1393 857 cum
1424 818 1633 873 supcr-

18 889 337 944 abundantia
358 890 793 962 repromittens,
818 890 1207 963 supplevisset
1221 891 1292 946 de
1309 908 1445 957 suo;
1466 890 1567 945 sed
1580 893 1637 946 et

20 978 105 1032 hoc
131 982 181 1033 et
206 977 639 1034 restitutionem
692 978 1043 1051 promissam
1088 995 1247 1034 mors
1277 978 1635 1051 praaveniens

20 1065 299 1138 impedivit.
315 1065 484 1121 Unde
503 1070 560 1122 et
583 1066 760 1138 hujus
780 1084 932 1123 onus
953 1066 1131 1123 debiti
1153 1068 1225 1123 ad
1248 1085 1389 1123 suos
1412 1083 1639 1123 succes-

24 1172 154 1211 sores
179 1154 527 1210 transmisit.

141 1262 372 1328 Qualiter
398 1262 642 1330 farinam
658 1270 718 1343 ,εἰ
742 1263 1182 1346 εἰιιρηιοᾳειεδὶέε
1210 1264 1269 1317 in
1297 1263 1497 1317 melius

646 1341 978 1388 immutavit.

79 1428 306 1490 Qualiter
332 1430 625 1485 fenestras
648 1430 705 1484 in
729 1431 917 1485 fronte
937 1430 1146 1486 veteris
1169 1429 1361 1502 operis
1382 1429 1638 1486 ecclesia:

26 1531 75 1570 ac
92 1517 277 1572 vitreas
296 1517 651 1583 dilataverit,
673 1522 737 1572 ut
757 1516 1020 1588 ecclesia,
1041 1535 1168 1589 quae
1188 1535 1347 1573 more
1379 1522 1637 1573 veterum

28 1621 175 1675 usque
201 1611 335 1660 tunc
368 1606 564 1661 fuerat
594 1607 977 1676 subobscure,
996 1611 1052 1660 in
1081 1606 1271 1661 lucem
1299 1606 1641 1662 claresceret

29 1692 321 1764 ampliorem
357 1711 371 1748 :
406 1693 666 1765 qualiter
704 1693 912 1749 altaria
941 1695 1077 1760 duo,
1112 1712 1238 1766 qua:
1272 1695 1328 1750 in
1360 1694 1641 1750 lateribus

1742 536 1933 592 solum
1958 538 2680 603 Romae,ubidecumbebat
2702 540 3197 607 infirmus,verum
3214 544 3388 599 etiam

1742 627 1893 695 apud
1916 643 2021 681 nos
2044 631 2183 682 sunt
2201 627 2466 699 pluribus
2488 628 3031 700 propalata.Triduo
3045 632 3389 703 priusquam

1742 713 2159 787 detungeretur
2179 716 2334 772 circa
2353 716 2543 771 noctis
2566 716 2823 783 initium,
2840 719 3073 789 quando
3091 718 3217 774 lecti
3240 720 3393 775 vide-

1741 801 1877 858 licet
1890 803 1959 857 ad
1976 802 2386 859 dormiendum
2399 803 2586 875 parati
2610 805 2763 859 fessa
2781 804 2975 861 labore
2992 806 3201 862 diurno
3216 825 3394 863 mem-

1743 891 1850 946 bra
1879 892 2162 947 vocabant
2189 893 2259 947 ad
2293 893 2573 964 requiem,
2607 893 2844 949 auditus
2892 899 2982 949 est
3032 895 3226 968 fragor
3266 913 3395 969 per-

1744 979 2037 1035 maximus
2068 998 2134 1036 ac
2160 980 2209 1036 si
2237 998 2413 1053 prope
2432 981 2737 1037 ecclesiam
2762 982 2823 1038 B.
2847 982 3180 1052 Clementis,
3205 986 3303 1039 ubi
3334 985 3394 1041 in

1745 1067 1998 1140 hospitio
2036 1070 2393 1136 morabatur,
2421 1069 2659 1144 aliquod
2709 1071 2780 1126 de
2828 1071 3085 1143 antiquis
3134 1073 3395 1130 aedificiis

1748 1157 2012 1213 funditus
2043 1157 2377 1214 corruisset.
2402 1159 2581 1214 Exciti
2606 1160 2985 1232 suntfragore
3015 1160 3324 1234 episcopus
3340 1167 3397 1218 et

1748 1246 1862 1313 sui,
1887 1249 1944 1301 et
1968 1246 2026 1300 in
2050 1245 2304 1303 crastino
2325 1264 2427 1319 per
2446 1247 2761 1303 servientes
2784 1250 2942 1317 suos,
2970 1266 3192 1305 necnon
3214 1256 3272 1306 et
3294 1267 3397 1322 per

1747 1335 2096 1406 semetipsos
2119 1335 2471 1407 perscrutari
2492 1353 2735 1409 ccepere,
2756 1337 2997 1392 ubinam
3020 1338 3228 1394 fuisset
3247 1340 3395 1395 tanti

1749 1423 1995 1495 fragoris
2028 1424 2216 1489 ruina,
2251 1442 2378 1496 quae
2431 1425 2515 1480 sic
2545 1442 2576 1481 e
2604 1426 2791 1481 vicino
2850 1427 2975 1481 visa
3030 1427 3219 1483 fuerat
3270 1445 3398 1484 cor-

1748 1513 1974 1579 ruisse;
2010 1512 2110 1567 sed
2145 1529 2247 1568 nec
2279 1514 2448 1586 longe
2470 1531 2573 1569 nec
2596 1531 2772 1585 prope
2794 1513 2852 1569 in
2882 1519 3003 1571 tota
3032 1516 3174 1571 urbe
3195 1517 3398 1573 audire

1747 1601 1833 1656 vel
1857 1602 2177 1674 comperire
2209 1608 2528 1674 potuerunt
2551 1603 2731 1657 fuisse
2754 1603 2983 1658 ruinam
3005 1603 3090 1658 vel
3112 1606 3397 1676 fragorem

1748 1691 2039 1746 auditum.
2073 1692 2153 1746 Ex
2183 1707 2249 1746 eo
2280 1696 2540 1762 tempore
2596 1691 2771 1763 cwpit
2824 1690 3133 1763 episcopus
3178 1694 3249 1747 dc
3293 1710 3399 1750 suo

28 1781 239 1835 ecclesiae
272 1781 628 1837 altrinsecus
676 1784 749 1837 ab
795 1783 1073 1838 anteriori
1118 1787 1302 1854 parte,
1334 1783 1431 1838 ubi
1467 1784 1639 1837 modo
1672 1815 1718 1880 Β
1750 1780 1902 1835 exitu
1927 1779 2212 1850 suspicari
2241 1780 2369 1851 ipsa
2393 1784 2580 1847 nocte,
2603 1778 2690 1835 vel
2712 1781 2782 1835 de
2811 1794 2992 1851 prope
3021 1797 3138 1852 qua
3168 1780 3226 1835 in
3261 1783 3401 1838 urbe

29 1874 168 1939 porte:
186 1868 542 1926 collaterales
564 1870 844 1938 existunt,
864 1871 1053 1942 posita
1074 1871 1524 1944 amplitudinem
1548 1889 1638 1926 ec-

30 1957 180 2011 etesiae
199 1975 304 2014 non
327 1960 634 2015 modicum
665 1960 1061 2023 coarctabant,
1076 1961 1405 2030 removerit,
1420 1966 1643 2033 portas-

35 2062 121 2116 que
145 2047 457 2115 extraxerit,
491 2064 622 2119 quaa
655 2064 810 2104 nuuc
841 2065 1028 2120 usque
1061 2050 1378 2120 perdurant
1411 2066 1424 2104 :
1459 2048 1643 2120 quali-

38 2140 105 2186 ter
126 2135 434 2204 ecclesiam,
460 2153 590 2208 quae
616 2136 783 2192 valde
812 2136 1123 2193 demissior
1152 2137 1456 2204 existebat,
1490 2145 1645 2193 terra

36 2221 208 2292 injecta
235 2224 565 2296 repleverit,
593 2234 643 2281 et
678 2226 1058 2297 pavimentari
1106 2226 1307 2282 fecerit
1352 2228 1423 2281 ad
1472 2228 1645 2281 deco-

39 2326 150 2377 rem,
178 2317 433 2385 tectoque
467 2331 540 2369 ac
573 2313 855 2370 lateribus
887 2314 1275 2370 nobilitaverit
1308 2314 1364 2370 in
1399 2316 1647 2370 immen-

45 2415 167 2467 sum,
198 2402 489 2473 multaque
524 2401 640 2457 alia
659 2402 1144 2473 hujusmodi,seu
1176 2405 1401 2475 majora
1430 2421 1558 2475 quae
1589 2404 1645 2458 in

43 2487 332 2561 episcopatu
362 2491 553 2563 gessit
597 2491 819 2545 utiliter
848 2498 949 2547 aut
980 2493 1315 2563 prudenter,
1340 2487 1651 2564 explanare

44 2579 444 2646 supersedemus
475 2580 551 2635 ad
587 2597 860 2651 prmsens,
898 2596 968 2634 ne
1012 2580 1152 2635 dum
1196 2597 1283 2648 ea,
1326 2581 1410 2636 vel
1454 2581 1651 2636 minus

45 2663 177 2733 plane
195 2668 570 2738 audierimus,
595 2668 681 2723 vel
704 2669 921 2733 audita,
948 2668 1176 2724 labente
1208 2669 1508 2737 memoria,
1535 2687 1649 2725 non

43 2751 162 2807 sicut
178 2760 307 2810 sunt
336 2757 780 2821 retinuerimus,
803 2774 837 2812 a
856 2756 1117 2813 veritatis
1145 2757 1377 2814 tramite
1406 2758 1652 2814 decline-

44 2856 165 2909 mus,
194 2844 363 2901 dubia
391 2849 727 2901 asserentes
756 2861 861 2915 pro
893 2846 1067 2901 veris.

43 2946 96 2999 De
118 2950 188 3003 his
228 2966 350 3021 qua:
391 2952 637 3025 contulit,
676 2952 916 3025 capitulo
948 2952 1019 3025 ad
1045 2969 1243 3023 panem
1271 2955 1651 3025 quotidianum

529 3024 773 3080 ecclesiae
796 3032 846 3079 et
873 3023 937 3079 de
966 3024 1117 3079 aliis.

93 3114 328 3188 Capitula
358 3121 431 3176 ad
464 3137 680 3193 panem
714 3120 1119 3193 quotidianum
1152 3121 1364 3178 Oisiaci
1397 3122 1648 3197 benigna

44 3177 342 3262 liberalitate
372 3177 669 3264 concessit
697 3177 755 3263 ei
784 3214 1019 3264 centum
1065 3177 1289 3266 solidos
1311 3211 1370 3266 in
1402 3177 1648 3267 ecclgsia
1678 3177 1719 3243 Ο

44 3290 86 3344 S.
110 3291 286 3361 Prisci,
305 3296 405 3367 qui
428 3296 687 3368 singulis
708 3296 879 3353 annis
902 3297 958 3352 in
982 3299 1111 3368 ejus
1139 3299 1535 3355 anniversario
1562 3301 1651 3354 di-

42 3377 293 3440 viduetur.

76 3496 135 3549 De
157 3514 209 3555 eo
236 3501 370 3570 quod
400 3506 632 3558 Romam
656 3503 930 3573 profectus
959 3509 1056 3574 est,
1089 3510 1140 3558 et
1166 3502 1234 3558 de
1265 3511 1435 3559 morte
1462 3505 1599 3577 ejus.

95 3603 323 3663 Tandem
355 3609 579 3664 devotre
608 3608 1089 3682 peregrinationis
1119 3611 1324 3683 gratia,
1358 3615 1413 3666 et
1445 3615 1509 3666 ut
1541 3611 1650 3667 ali-

46 3702 135 3759 qua
174 3693 307 3751 forte
364 3696 623 3770 negotia,
669 3714 795 3769 quae
855 3704 1215 3771 conceperat,
1266 3706 1648 3772 promoveret,

48 3775 245 3838 Romam
274 3785 558 3852 adiit,ubi
578 3786 651 3840 ab
682 3787 1021 3842 Innocentio
1044 3804 1193 3860 papa
1215 3788 1291 3844 Ill
1314 3790 1650 3862 supradicto

48 3862 309 3927 honoriﬁce
328 3879 419 3929 est
450 3878 742 3946 receptus.
768 3875 877 3931 Sed
902 3876 1094 3930 valida
1120 3876 1318 3932 statim
1350 3882 1651 3950 correptus

49 3956 339 4027 egritudine
384 3964 544 4018 infra
593 3963 790 4019 decem
822 3964 947 4019 dies
978 3970 1109 4037 post
1136 3966 1263 4037 ejus
1297 3967 1650 4039 ingressum,

50 4040 124 4107 ibi,
144 4049 278 4118 apud
302 4057 576 4107 sanctum
601 4050 955 4107 Clementem
976 4052 1536 4123 videlicet,humanaa
1553 4056 1651 4112 de-

50 4124 195 4188 bitum
214 4138 565 4194 conditionis
586 4138 846 4210 exsolvit,
861 4139 988 4195 etin
1011 4142 1254 4198 ecclesia
1278 4143 1651 4200 Lateranensi

50 4213 96 4269 Β.
121 4219 358 4295 Joannis,
395 4243 529 4299 quae
588 4226 1072 4303 Constantiniana
1131 4229 1365 4300 dicitur,
1417 4232 1653 4289 domino

50 4316 279 4374 prasente
308 4332 461 4388 papa
490 4319 552 4371 et
582 4316 999 4387 cardinalibus,
1031 4317 1409 4377 honoriﬁcam
1440 4321 1655 4377 meruit

50 4398 360 4465 sepulturam
393 4405 552 4460 inter
578 4405 815 4478 papales
844 4408 1177 4479 pyramides
1205 4409 1504 4467 humiliori
1524 4411 1656 4469 licet

52 4488 316 4561 mausoleo,
346 4492 598 4550 honesto
641 4498 838 4551 tamen
868 4500 926 4551 et
958 4513 1285 4555 marmoreo
1314 4499 1650 4571 collocatus,

55 4585 172 4629 anno
196 4577 417 4637 Domini
452 4583 597 4639 4206
627 4588 808 4654 sexto,
835 4585 891 4640 in
919 4585 1062 4642 festo
1084 4586 1238 4643 beati
1265 4588 1484 4644 Nicolai
1510 4608 1523 4658 ;
1554 4607 1654 4646 va-

54 4662 264 4751 cavitque
276 4670 652 4744 episcopatus
670 4673 900 4729 duobus
914 4673 1302 4744 mensibus,et
1312 4676 1485 4749 paulo
1498 4677 1653 4751 plus,

58 4748 233 4835 scilicet
259 4774 441 4831 usque
458 4760 533 4816 ad
558 4764 783 4816 sextam
805 4761 1008 4818 feriam
1033 4767 1167 4835 post
1186 4748 1654 4822 Purificationem

55 4832 192 4893 beaten
215 4842 417 4903 Mariae.
452 4849 624 4904 Rexit
668 4854 864 4906 autem
918 4832 1231 4908 Ecclesiam
1264 4870 1432 4909 suam
1467 4872 1653 4911 annos

57 4922 144 5015 [ere
174 4933 254 4999 24,
284 4936 631 5009 regnantein
645 4938 1648 5015 FranciaillustriregePhilippolII,

56 5007 184 5099 item.
210 5007 454 5091 ponti-lic.
488 5024 745 5095 Urbano,
764 5007 1292 5099 Lucio,Clemerite,
1317 5007 1647 5098 Caelestino,

55 5095 332 5195 Pilocentio
353 5113 447 5169 Ill.
473 5114 825 5188 Dimisitque
847 5118 1248 5190 episcopatum
1272 5095 1342 5175 ab
1366 5120 1525 5175 omni
1549 5095 1649 5176 de;

54 5183 262 5285 illioram
288 5217 458 5258 onere
484 5202 735 5259 liberum
766 5205 1001 5277 penitus
1022 5210 1078 5261 et
1108 5206 1456 5277 immunem,
1478 5224 1647 5265 exce-

56 5280 141 5369 ptis
159 5282 366 5345 duabus
396 5291 610 5348 mercis
627 5292 756 5348 auri
773 5293 844 5349 de
866 5309 1058 5360 cruce,
1073 5297 1128 5349 et
1144 5293 1381 5367 triginta
1397 5295 1646 5369 argenti,

54 5362 105 5416 de
121 5371 305 5438 quibus
326 5378 594 5451 superius
615 5381 861 5438 fecimus
882 5362 1557 5458 mentionem-,deputa'tis
1574 5362 1645 5441 ad

56 5459 443 5527 cccperiendam
472 5468 787 5542 imaginem
821 5469 1111 5527 Crucilixi.

490 5575 563 5631 De
584 5578 758 5646 signis
783 5580 978 5635 mortis
1004 5592 1145 5635 suae.

108 5655 252 5736 Operi
268 5672 531 5742 presenti
554 5674 802 5752 adjicere
824 5675 1073 5752 dignum
1107 5676 1383 5739 duximus
1405 5678 1577 5757 signa
1591 5683 1649 5739 et

1752 1868 2012 1923 Romana
2044 1868 2315 1938 migravit
2345 1884 2378 1922 a
2406 1884 2664 1939 corpore,
2698 1869 2852 1940 apud
2885 1869 3109 1941 regium
3141 1886 3397 1938 amnem,

1748 1955 2013 2012 videlicet
2040 1957 2280 2011 domum
2306 1955 2695 2027 episcopalem
2718 1956 2984 2012 cominus
3006 1957 3151 2012 aulas
3171 1957 3402 2014 interio-

1752 2044 1852 2111 ris,
1884 2061 2206 2115 murusque
2237 2044 2338 2115 qui
2371 2043 2703 2115 pratellum,
2738 2045 2891 2115 quod
2926 2046 3172 2116 adjacet,
3197 2046 3400 2102 dister-

1754 2132 2015 2187 minabat
2035 2133 2107 2187 ab
2132 2130 2877 2203 Icauna,apudVarziacum
2896 2132 3048 2187 muri
3071 2133 3396 2206 municipii,

1754 2238 1901 2293 quos
1935 2222 2163 2285 fecerat,
2196 2238 2261 2276 ac
2292 2220 2340 2275 si
2382 2220 2592 2275 vellent
2643 2222 2925 2276 commori
2980 2222 3216 2278 domino
3276 2239 3399 2278 mo-

1755 2309 1949 2375 rienti,
1973 2327 2075 2381 pro
2108 2313 2270 2380 parte
2301 2308 2501 2380 aliqua
2530 2314 2893 2364 corruerunt.
2927 2310 3159 2365 Eisdem
3192 2310 3400 2367 diebus

1754 2399 2081 2470 Stephanus
2111 2399 2183 2453 de
2210 2399 2267 2453 S.
2298 2397 2592 2453 Salvatore
2642 2398 3188 2465 Antissiodorensis,
3223 2416 3401 2455 cano-

1757 2486 1924 2543 nicus
1954 2492 2012 2542 et
2041 2487 2307 2553 sacrista,
2342 2493 2398 2541 et
2445 2486 2632 2557 ipsius
2680 2486 2935 2558 episcOpi
2989 2488 3403 2543 commensalis

1758 2576 1910 2646 apud
1941 2574 2409 2631 Antissiodorum
2440 2579 2698 2630 extrema
2724 2576 3073 2647 aegritudine
3097 2576 3405 2631 decumbe-

1758 2664 1875 2718 bat.
1910 2664 2011 2719 Cui
2043 2664 2353 2735 episcopus
2407 2681 2520 2719 non
2571 2664 2631 2718 in
2680 2664 2945 2733 somniis,
2980 2666 3079 2719 sed
3130 2665 3406 2737 vigilante

1759 2753 1974 2823 potius,
2008 2757 2064 2807 et
2092 2752 2162 2808 de
2190 2754 2305 2820 die,
2340 2753 2465 2824 ipso
2496 2752 2588 2808 die
2618 2753 2824 2807 mortis
2855 2770 2993 2820 suae,
3023 2752 3176 2808 sicut
3206 2759 3408 2825 postea

1759 2845 2123 2913 compertum
2136 2840 2309 2907 est,in
2321 2841 2544 2896 visione
2565 2840 2720 2896 velut
2739 2840 3085 2896 manifestus
3108 2842 3402 2913 apparuit,

1759 2930 1911 2985 inter
1939 2929 2052 2985 alia
2081 2930 2281 2985 dicens
2311 2929 2363 2984 ei
2398 2947 2409 2985 :
2446 2929 2609 2997 Veni,
2643 2945 2906 3001 sequere,
2948 2929 3087 3000 quia
3134 2945 3240 3002 ego
3277 2931 3405 3001 jam

1760 3018 2047 3091 prmcessi.
2082 3018 2452 3091 Stupefactus
2483 3018 2705 3073 visione
2736 3017 3025 3073 horrenda
3055 3021 3217 3072 vocat
3243 3034 3402 3084 suos,

1761 3107 1859 3178 qui
1890 3106 2090 3162 statim
2120 3124 2154 3161 a
2183 3124 2414 3162 camera
2442 3106 2539 3161 ubi
2558 3106 2834 3177 jucebant
2866 3105 3081 3161 infirmi
3115 3106 3407 3161 discesse-

1760 3200 1909 3250 rant.
1944 3196 2288 3251 Sciscitatur
2316 3195 2365 3250 si
2398 3195 2681 3250 vidissent
2723 3194 3061 3267 episcopum
3094 3194 3165 3250 ab
3199 3195 3407 3249 itinere

1762 3284 2022 3339 Romano
2054 3300 2370 3339 reversum.
2401 3283 2776 3339 Admirantes
2816 3284 2969 3339 unde
3000 3282 3139 3339 talia
3170 3282 3405 3348 diceret,

1760 3372 2030 3428 dixerunt
2057 3373 2396 3444 episcopum
2430 3373 2686 3427 nondum
2722 3370 2980 3442 potuisse
3012 3371 3237 3426 reverti.
3270 3371 3405 3434 Qui-

1760 3461 1872 3517 bus
1910 3460 2007 3515 ille
2033 3478 2044 3516 :
2088 3461 2251 3516 Certe
2284 3460 2454 3515 modo
2485 3460 2621 3515 hinc
2652 3459 2922 3525 decessit,
2954 3465 3011 3515 et
3040 3459 3409 3515 vehementer

1760 3550 2186 3621 admirorquod
2208 3566 2463 3604 eumnon
2490 3547 3191 3619 vidistis.0mnemqueiis
3205 3547 3408 3618 pandit

1759 3655 1827 3693 ex
1842 3638 2045 3693 ordine
2055 3636 2867 3693 visionem.Etinfratriduum
2881 3641 3013 3707 post
3025 3641 3270 3691 mortem
3285 3635 3406 3706 epi-

1760 3726 1920 3799 sc0pi
1968 3726 2086 3782 vita
2132 3727 2379 3799 decedit,
2404 3726 2743 3799 episcopum
2776 3728 3079 3780 vocantem
3105 3725 3176 3779 ad
3215 3729 3405 3779 trans-

1758 3816 1929 3882 itum,
1945 3833 2059 3888 quo
2084 3820 2453 3887 praecesserat
2474 3815 2845 3871 subsecutus.
2863 3813 3211 3869 Eustachius
3231 3829 3406 3869 cano-

1759 3904 1929 3961 nicus
1942 3904 2231 3975 similiter,
2246 3903 2926 3977 etcommensalisipsius
2942 3901 3219 3975 episcopi,
3236 3902 3335 3973 qui
3351 3906 3405 3957 et

1760 3994 2133 4067 postmodum
2149 3994 2393 4049 sacrista
2412 3994 2599 4049 factus
2612 3998 2720 4061 est,
2738 3994 2880 4048 dum
2894 3993 2950 4047 in
2967 3996 3153 4047 stratu
3172 4008 3278 4046 suo
3295 3993 3405 4047 sub

1759 4082 1981 4139 eisdem
1995 4082 2204 4138 diebus
2215 4082 2777 4154 quiesceret,viditin
2793 4080 3016 4137 somnis
3032 4097 3215 4135 unum
3230 4080 3300 4135 de
3313 4095 3406 4134 so-

1758 4171 1865 4226 ciis
1879 4171 2337 4244 episcopi,quem
2350 4171 2799 4227 secumRomam
2814 4168 3406 4236 duxerat,venientem

1760 4260 1830 4314 ad
1864 4276 1925 4315 se
1955 4258 2118 4315 vultu
2169 4259 2535 4315 subobducto
2584 4263 2640 4314 et
2677 4258 2851 4314 tristi.
2885 4258 2987 4313 Cui
3022 4254 3405 4328 percontanti,

1761 4352 1867 4404 air
1883 4365 2020 4404 eum
2041 4352 2232 4403 erecta
2262 4348 2409 4403 facie
2441 4364 2553 4402 non
2587 4346 2898 4418 respiceret
2915 4350 2973 4401 et
2992 4361 3217 4411 serena,
3250 4342 3409 4399 brevi

1760 4436 2064 4510 respondit
2082 4434 2398 4491 versiculo:
2420 4436 2522 4491 Est
2539 4451 2716 4507 prope
2735 4451 2912 4502 more,
2921 4432 3102 4504 pestis
3115 4436 3405 4503 prompta,

1762 4530 1986 4581 remota
2014 4523 2195 4580 salus.
2238 4523 2423 4587 Quam
2452 4522 2736 4578 visionem
2770 4521 3065 4577 revolvens
3096 4520 3155 4575 in
3189 4520 3406 4589 animo,

1763 4614 1899 4671 licet
1947 4612 2093 4667 nihil
2141 4612 2333 4668 adhuc
2362 4612 2433 4667 de
2473 4617 2657 4666 morte
2714 4610 2969 4683 episcopi
3017 4608 3316 4682 cogitaret,
3344 4624 3411 4663 ac

1763 4703 2030 4759 eamdem
2063 4702 2163 4756 uni
2187 4701 2258 4755 de
2280 4700 2454 4756 sociis
2485 4699 2761 4771 episcopi,
2785 4697 2886 4770 qui
2916 4695 3410 4752 Antissiodorensi

1762 4792 2034 4865 episcopo
2051 4790 2300 4846 abeunte
2323 4785 3414 4853 remanserant,communicans,morte

1763 4880 2017 4953 episcopi
2053 4896 2117 4934 ac
2149 4878 2241 4935 die
2274 4878 2479 4933 mortis
2511 4893 2614 4949 per
2641 4875 2879 4931 nuntios
2909 4873 3221 4940 declarata,
3253 4890 3411 4929 com-

1758 4974 1991 5041 pertum
2023 4968 2249 5036 habuit,
2286 4983 2399 5022 non
2448 4970 2569 5021 tam
2618 4964 2867 5037 simplex
2915 4962 3201 5028 omnium,
3233 4977 3414 5034 quam

1759 5058 1965 5113 mortis
1980 5058 2029 5129 ej
2042 5074 2109 5112 us
2126 5056 2477 5129 praesagium
2492 5052 2804 5109 exstitisse.
2821 5052 3046 5125 Quippe
3059 5068 3190 5107 cum
3206 5051 3332 5124 ipso
3343 5050 3415 5106 de

1757 5147 1918 5202 obitu
1942 5144 2198 5218 episcopi
2221 5145 2429 5201 fuisset
2450 5142 2791 5214 hujusmodi
2818 5140 3086 5198 revelatio
3106 5141 3259 5196 facta
3279 5138 3393 5196 sibi

1760 5236 1803 5293 Ο
1823 5237 2016 5291 virum
2043 5234 2446 5308 magnificum,
2463 5233 2633 5305 cujus
2657 5232 2879 5288 exitum
2900 5230 3203 5286 insensata
3221 5243 3418 5285 seuse-

1760 5329 1917 5392 runt,
1946 5328 2004 5380 et
2031 5323 2239 5397 positis
2268 5323 2328 5378 in
2360 5321 2600 5378 remotis
2632 5320 2970 5395 regionibus
2999 5320 3169 5393 plura
3199 5315 3417 5377 revela-

1762 5412 1994 5470 tionum
2020 5412 2308 5485 praesagia
2332 5411 2757 5484 prophetabant
2781 5409 2792 5465 i
2819 5410 3067 5466 Oremus
3094 5403 3409 5480 igitur,cha

1758 5502 2001 5569 rissimi,
2039 5519 2142 5575 pro
2175 5502 2301 5574 ipso
2335 5501 2406 5557 ad
2450 5499 2789 5565 Dominum,
2820 5502 2885 5554 ut
2932 5513 3066 5552 cum
3113 5490 3330 5549 sanctis
3357 5489 3416 5545 et

1756 5590 1956 5648 electis
2001 5593 2129 5663 ejus
2181 5595 2473 5666 perpetuae
2526 5590 2721 5666 gloria:
2781 5590 3075 5646 mereatur
3119 5579 3414 5659 percipere

1754 5680 2104 5757 portionem.

3320 5868 3575 5959 Γ...
