3814 6218
419 312 536 371 323

820 444 954 498 Cn).
990 443 1127 499 LIX.
1160 476 1228 484 —
1260 445 1331 499 Dc
1363 444 1667 499 Guillclmo.

493 532 867 598 Guillelmus,
900 534 970 588 de
1004 533 1293 588 territorio
1324 532 1839 595 Antissiodorensi,
1884 536 2075 587 castro

422 621 811 694 Seilligniaco,
826 626 989 693 patre
1011 622 1335 687 Buchardo,
1354 622 1530 675 fratre
1552 621 1867 676 Deimberti
1882 621 2076 675 domi-

421 728 496 765 no
509 711 776 781 ejusdem
790 709 961 765 castri
973 710 1112 776 ,viro
1126 710 1361 782 quidem
1377 710 1736 765 austeritatis
1749 709 2071 776 immensae,

421 799 521 854 sed
554 797 853 853 fidelitatis
886 798 1206 870 prazcipuze,
1241 804 1427 854 matre
1467 801 1661 853 Aanor
1709 798 1828 852 filia
1859 798 2074 853 nobilis

418 886 526 941 viri
547 888 786 941 Andreae
817 888 1038 941 domini
1063 888 1133 942 de
1156 892 1350 942 monte
1374 888 1557 951 Barri,
1583 887 1798 942 claram
1827 888 1899 941 ab
1924 892 2077 941 utro-

421 991 532 1047 que
564 976 729 1030 duxit
758 976 1040 1047 originem
1074 993 1087 1030 :
1122 992 1188 1031 ex
1221 980 1381 1047 parte
1424 976 1606 1047 patris
1659 975 2073 1047 insuperabilis

419 1065 787 1131 constantiae;
806 1080 873 1119 ex
897 1068 1058 1135 parte
1085 1065 1289 1119 matris
1309 1064 1437 1118 vitae
1459 1064 1769 1119 sanctioris
1792 1065 2069 1119 existens.

420 1152 551 1207 Fuit
582 1152 736 1207 enim
778 1153 847 1207 de
894 1168 1103 1225 genere
1162 1152 1321 1209 illius
1378 1153 1733 1208 sanctissimi
1796 1152 2072 1207 Bernardi

415 1240 869 1296 Claraavalleasis
902 1242 1149 1309 abbatis,
1183 1242 1281 1314 qui
1332 1242 1560 1314 primus
1608 1242 1751 1296 illud
1803 1241 2073 1297 fundavit

415 1330 877 1393 monasterium;
912 1330 1129 1387 ibidem
1190 1331 1370 1386 abbas
1430 1332 1671 1385 etl‘ectus
1719 1334 1794 1395 et,
1830 1330 1901 1384 ob
1943 1330 2071 1384 vita:

415 1418 688 1474 meritum
704 1418 907 1474 multis
921 1418 1043 1473 etin
1059 1420 1175 1473 vita
1186 1421 1397 1489 ejus,et
1411 1424 1544 1491 post
1558 1423 1803 1474 mortem
1825 1418 2073 1473 miracu-

414 1506 486 1562 lis
505 1506 885 1573 declaratum,
902 1508 1260 1578 approbante
1288 1509 1550 1562 Romana
1577 1506 1833 1563 Ecclesia
1854 1507 1911 1561 in
1936 1524 2070 1561 san-

413 1600 640 1650 ctorum
655 1596 937 1665 catalogo.
952 1595 1103 1650 velut
1121 1612 1352 1667 gemma
1366 1596 1693 1650 clarissima
1706 1600 1793 1651 est
1806 1600 2070 1667 receptus

412 1683 470 1737 in
496 1684 765 1739 universa
786 1684 884 1738 Dei
911 1683 1186 1750 Ecclesia,
1202 1685 1298 1738 ubi
1320 1685 1497 1756 hujus
1520 1684 1769 1741 habetur
1790 1684 2071 1741 memoria

331 1802 337 1807 -
413 1789 609 1827 annua
639 1772 970 1827 celebritate
1003 1772 1273 1844 insignis.

809 1863 883 1916 De
909 1863 1275 1917 sanctimonia
1307 1864 1498 1918 matris
1522 1877 1661 1919 suae.

484 1950 672 2021 Hujus
704 1950 1151 2005 sanctimoniam
1204 1951 1442 2022 praefata
1487 1950 1768 2006 Willelmi
1820 1952 2067 2023 genitrix

408 2041 601 2093 Aanor
630 2038 876 2104 imitata,
910 2043 966 2094 et
1010 2040 1174 2111 quasi
1227 2039 1561 2095 bzereditate
1611 2040 1887 2095 bonitatis
1938 2057 2067 2095 sese

408 2128 767 2184 cohaereilem
820 2128 1085 2184 moribus
1143 2128 1458 2193 exhiberet,
1492 2128 1626 2183 licet
1672 2134 1791 2183 tam
1832 2129 1940 2183 viri
1974 2130 2064 2184 sui

408 2234 585 2288 quam
618 2217 1053 2288 progenitorum
1076 2234 1316 2271 suorum
1342 2223 1651 2272 stemmate
1674 2217 2059 2290 prmfulgeret,

413 2305 673 2377 deposito
693 2311 884 2361 tamen
906 2306 1084 2362 totius
1112 2307 1297 2360 fastus
1319 2306 1651 2377 supercilio,
1674 2306 1831 2361 velut
1852 2305 2065 2361 ancilla

406 2393 623 2449 Christi
655 2393 920 2449 servilem
954 2411 1015 2448 se
1046 2394 1391 2449 ostendebat
1421 2411 1752 2465 personam.
1779 2395 1857 2449 De
1880 2395 2062 2450 facul-

408 2483 629 2537 tatibus
652 2483 779 2551 ejus
801 2482 860 2535 in
884 2498 1133 2553 persona
1160 2482 1394 2554 propria
1417 2482 1575 2538 velut
1605 2483 1816 2537 Christi
1845 2500 2065 2555 pauper

408 2569 765 2643 pauperibus
796 2569 1189 2633 ministrabat,
1225 2571 1283 2625 in
1316 2571 1679 2626 orationibus
1711 2571 1967 2633 assidua.
2001 2572 2060 2627 in

406 2658 654 2715 ecclesia
682 2659 978 2730 frequens,
1009 2657 1067 2712 in
1102 2658 1316 2713 divinis
1349 2658 1557 2713 ofﬁciis
1584 2659 1845 2732 pervigil,
1868 2660 1925 2714 in
1950 2661 2058 2716 im-

409 2762 615 2801 mensa
644 2763 874 2801 morum
907 2746 1164 2801 bonitate
1195 2746 1488 2818 prazclara.

489 2839 570 2892 De
599 2836 868 2891 miraculo
899 2836 1038 2908 quod
1068 2838 1293 2908 contigit
1322 2838 1381 2891 in
1411 2845 1582 2893 morte
1612 2840 1805 2893 matris
1832 2854 1970 2895 sum.
2060 2836 2068 2845 ’

476 2925 733 2980 Tandem
766 2924 1155 2980 humilitatem
1178 2925 1401 2981 ancilla;
1424 2944 1539 2981 sua:
1566 2927 1848 2981 Dominus
1874 2928 2057 2999 respi-

406 3014 586 3083 ciens,
613 3011 727 3068 tale
749 3013 819 3068 de
840 3013 968 3083 ejus
1000 3014 1309 3069 sanctitate
1341 3014 1400 3068 in
1430 3014 1561 3070 vita:
1593 3032 1710 3069 sua:
1734 3014 1885 3071 exitu
1914 3033 2055 3088 prae-

406 3102 555 3157 stitit
584 3106 1017 3172 argumentum.
1041 3102 1186 3156 Nam
1219 3119 1351 3157 eum
1384 3103 1537 3175 apud
1571 3102 1767 3159 villam
1800 3121 1967 3159 suam
1986 3105 2057 3160 de

404 3192 634 3245 Esnone
660 3188 813 3243 diem
846 3187 1157 3243 clausisset
1186 3191 1614 3256 extremum,arl
1634 3193 2053 3247 monasterium
2086 3175 2128 3239 (ἶ

405 3278 807 3334 Cisterciensis
837 3276 1080 3341 ordinis,
1115 3279 1266 3350 quod
1302 3279 1705 3335 Pontiniacum
1754 3298 2052 3353 nuncupa-

408 3375 523 3432 tur,
559 3371 623 3422 ut
658 3371 1051 3439 apponerctur
1080 3368 1150 3422 ad
1183 3367 1373 3422 virum
1406 3385 1603 3433 suum,
1638 3369 1738 3440 qui
1773 3370 1853 3424 ibi
1887 3375 2058 3425 antea

405 3456 671 3529 sepultus
706 3458 911 3522 fuerat,
938 3473 998 3511 se
1020 3456 1311 3527 deportari
1346 3457 1645 3529 praecepit;
1673 3458 1826 3529 quod
1851 3475 2057 3513 mona-

405 3546 651 3602 sterium
683 3545 913 3601 duabus
945 3544 1127 3601 leucis
1143 3545 1227 3601 vel
1249 3546 1505 3618 amplius
1533 3546 1749 3603 distare
1771 3547 2061 3619 dignosci-

405 3634 693 3690 turavilla
707 3634 1000 3706 praedicta.
1018 3636 1139 3699 Quo
1162 3635 1303 3689 dum
1324 3636 1587 3691 etferretu
1600 3640 1819 3697 r,tanta
1836 3637 1943 3691 fuit
1966 3636 2059 3691 die

407 3722 507 3777 illo
530 3726 586 3777 et
607 3728 724 3778 tam
742 3722 904 3793 jugis
938 3721 1214 3776 imbrium
1249 3722 1630 3789 abundantia,
1654 3729 1822 3779 vento
1847 3724 2057 3779 nihilo-

408 3811 606 3865 minus
627 3810 949 3864 vehementi
974 3810 1271 3880 perllante,
1288 3817 1350 3864 ut
1373 3810 1470 3882 qui
1496 3812 1567 3865 ad
1593 3813 2056 3882 prosecutionem

409 3898 631 3952 funeris
654 3900 1059 3962 convenerant,
1088 3913 1191 3951 nec
1214 3897 1460 3952 imbrem
1484 3900 1683 3971 cappis
1705 3900 2058 3972 pluvialibus

410 3986 756 4040 submovere
786 3988 1047 4055 possent,
1083 3989 1324 4040 eatenus
1354 3989 1418 4039 ut
1446 3984 1692 4043 interius
1722 4005 1838 4044 non
1871 3989 2061 4045 made-

410 4077 559 4139 rent,
589 4077 646 4128 et
672 4089 904 4144 pannus
953 4072 1174 4128 sericus
1223 4076 1630 4146 superpositus
1662 4076 1872 4143 funeri,
1902 4095 2059 4133 nunc

410 4160 851 4218 linteaminibus
883 4160 1142 4232 undique
1174 4161 1461 4217 imbribus
1493 4163 1923 4232 defluens,licet
1938 4165 2062 4221 vin-

409 4250 557 4307 culis
607 4250 830 4323 stupeis
878 4254 979 4305 aut
1025 4250 1340 4306 cannabeis
1380 4256 1533 4307 esset
1580 4253 1787 4308 feretro
1836 4254 2062 4309 fortiter

408 4339 717 4414 colligatus
737 4339 831 4394 vix
853 4339 1006 4394 venti
1029 4339 1247 4394 rabiem
1271 4341 1751 4413 sustineret,quin
1769 4359 1871 4414 per
1890 4342 2065 4399 inane

408 4447 443 4486 a
466 4430 673 4486 feretro
695 4430 1041 4485 auferretur.
1069 4430 1328 4493 Quatuor
1357 4428 1527 4496 cerei,
1554 4435 1617 4484 ut
1638 4430 1695 4485 in
1719 4431 2059 4502 bujusmodi

2098 1809 2145 1873 B

1277 307 1614 373 APPEND.
1663 311 1762 370 AD
1807 309 1995 370 S/EC.
2042 304 2115 367 X.
2146 340 2223 354 -—
2258 309 2520 371 OPERA
2568 328 2962 375 AAEEHOTIKA.
3681 306 3765 367 324

2100 442 2155 508 Α
2188 443 2263 496 mi
2275 442 2570 509 raculo,ad
2585 443 2867 499 honorem
2886 442 2986 497 Dei
3009 446 3065 496 et
3084 440 3522 496 instructionem
3540 444 3763 503 nostram,

2184 532 2402 603 quibus
2421 532 2754 604 praedictam
2785 532 3065 586 virtutum
3092 531 3368 584 feminam
3405 528 3660 582 Dominus
3677 544 3766 599 pro-

2184 622 2383 693 posuit
2402 622 2459 675 in
2484 621 2837 676 humilitatis
2860 625 2915 675 et
2933 620 3208 675 bonitatis
3222 617 3764 689 exeinplum.Nuncad

2184 711 2549 782 propositum
2584 714 2961 765 revertamur.

2786 800 2862 853 De
2894 798 3075 853 imlole
3093 798 3230 868 ejus.

2255 887 2603 943 GuillelmUS
2618 886 2800 959 igitur
2819 885 3032 941 talibus
3047 889 3209 941 ortus
3228 883 3767 948 natalibus,abineun-

2182 981 2238 1031 te
2261 981 2424 1032 aetate
2455 976 2627 1047 cmpit
2657 978 2819 1030 bona:
2850 974 3061 1030 indolis
3094 991 3237 1046 puer
3265 990 3415 1040 esse,
3440 977 3494 1026 et
3524 972 3762 1039 cujusdam

2184 1064 2580 1136 simplicitatis
2604 1063 2875 1135 ingenita:
2898 1068 2956 1118 et
2973 1061 3332 1117 maturitatis
3359 1062 3579 1121 innatae,
3600 1059 3709 1112 adeo
3722 1064 3764 1111 ut

2183 1171 2297 1208 non
2356 1152 2547 1208 czcteri
2605 1152 2878 1207 comtanei
2929 1152 3042 1215 sui,
3076 1152 3144 1206 ad
3207 1149 3464 1221 pueriles
3512 1147 3693 1202 nenias
3726 1152 3762 1200 ct

2180 1242 2442 1297 levitates
2466 1242 2522 1295 in
2545 1240 2647 1295 illa
2669 1240 2987 1295 familiares
3018 1242 3185 1293 aetate
3207 1238 3473 1293 animum
3506 1235 3758 1290 inclinaret.

2180 1332 2453 1401 Eratjam
2480 1335 2618 1385 tunc
2638 1330 2694 1383 in
2717 1330 2844 1399 ejus
2865 1328 3050 1394 vultu,
3066 1328 3325 1389 incessu,
3351 1330 3407 1381 et
3427 1330 3579 1397 gestu
3600 1340 3655 1378 ex
3671 1324 3757 1391 ejus

2181 1419 2517 1473 maturitate
2538 1421 2893 1490 praematura
2912 1416 3172 1488 aspicere
3194 1416 3406 1470 futurae
3427 1414 3651 1485 speciem
3670 1427 3757 1481 gra-

2178 1508 2393 1574 vitatis,
2427 1507 2583 1562 etde
2614 1510 2887 1561 secutura
2931 1506 3191 1560 bonitate
3239 1503 3371 1575 ipsa
3411 1503 3532 1572 ejus
3576 1500 3759 1572 pueritia

2179 1596 2586 1668 prephetabat.
3097 1653 3103 1665 ,

2589 1685 2841 1752 Qualiter
2858 1684 3091 1739 clericus
3121 1684 3300 1743 factus
3330 1688 3425 1736 cst.

2249 1775 2418 1829 Pater
2439 1773 2575 1845 quia
2597 1777 2774 1830 natus
2798 1772 2983 1827 fuerat
3004 1770 3054 1825 ei
3078 1768 3386 1842 posterior,
3412 1772 3473 1823 ut
3490 1766 3755 1839 plerumque

2180 1861 2234 1916 in
2272 1861 2529 1934 paternis
2578 1862 2867 1933 reperitur
2913 1859 3240 1923 affectibus,
3280 1857 3473 1929 ipsum
3521 1851 3755 1909 tenerrima

2177 1951 2480 2023 diligebat,
2505 1954 2559 2005 et
2581 1955 2643 2004 ut
2664 1948 2994 2022 disciplinis
3013 1946 3374 2001 militaribus
3398 1950 3605 1999 aetatem
3622 1940 3755 1996 adhuc

2178 2044 2436 2094 teneram
2461 2038 2813 2102 institueret,
2832 2036 3088 2110 equitem
3108 2051 3313 2090 secum
3335 2034 3586 2095 ducebat,
3607 2042 3754 2100 propo-

2176 2128 2356 2183 situm
2380 2128 2602 2182 habens
2619 2126 3117 2198 quatenusipsum
3136 2122 3348 2177 studiis
3373 2119 3751 2184 militaribusap

2176 2216 2437 2289 plicaret.
2461 2216 2569 2271 Sed
2596 2215 2801 2270 divinae
2825 2212 3289 2285 dispensationis
3312 2206 3750 2283 providentiam]:

2175 2305 2284 2360 sibi
2307 2323 2440 2360 eum
2469 2307 2729 2359 futurum
2762 2303 3085 2358 antistitem
3118 2301 3469 2372 providerat.
3493 2296 3748 2369 patrispm-

2174 2396 2429 2467 positum
2453 2395 2511 2450 in
2535 2394 2748 2449 melius
2770 2391 3278 2447 immutavit.Nam
3295 2381 3745 2457 fraterejusGuido.

2172 2484 2647 2555 archiepisc0pus
2698 2480 3075 2547 Senonensis,
3109 2478 3301 2535 multa
3360 2490 3575 2550 precum
3615 2472 3670 2524 ab
3703 2481 3744 2519 eo

2172 2572 2424 2627 obtinuit
2444 2570 2744 2635 instantia,
2768 2574 2831 2623 ut
2853 2568 2961 2623 sibi
2984 2569 3318 2623 traderetur
3342 2561 3570 2621 clericali
3590 2555 3742 2612 militis

2172 2661 2617 2731 mancipandus.

2172 2769 2287 2837 Qua
2316 2776 2479 2825 .z‘tate
2504 2770 2680 2840 factus
2706 2773 2781 2821 cst
2812 2766 3060 2831 clericus,
3094 2772 3145 2840 ct
3184 2764 3423 2836 qualiter
3463 2762 3516 2815 in
3550 2755 3742 2813 clericali:

2839 2838 3152 2907 profecerit.

2239 2933 2379 2984 Cum
2412 2927 2591 2999 igitur
2622 2942 2839 2982 annum
2864 2925 2988 2994 jam
3023 2924 3401 2979 undecimum
3430 2909 3735 2989 attigissetad

2168 3018 2359 3089 prima
2406 3016 2621 3071 resedit
2669 3012 2959 3069 elementa
2990 3012 3246 3068 scientiae
3282 3007 3557 3067 litteralis.
3586 3004 3634 3058 ln
3658 3013 3739 3070 qua

2168 3107 2508 3161 continuato
2540 3103 2754 3170 studio,
2775 3118 3051 3175 processu
3080 3101 3364 3173 temporis
3389 3098 3467 3154 sic
3491 3089 3737 3167 profecitut

2168 3195 2385 3251 scalam
2400 3193 2542 3248 disci
2551 3193 2721 3265 plina:
2737 3192 3001 3262 ejusdem
3016 3190 3134 3246 acri
3147 3188 3533 3245 conscendens
3548 3176 3734 3265 ingenio.

2169 3263 2857 3354 transcursispucrilibus
2880 3279 3229 3333 rudimentis
3251 3279 3326 3333 de
3346 3275 3518 3349 gradu
3539 3263 3735 3357 provehi?

2169 3370 2393 3428 returin
2415 3374 2693 3443 gradum;
2718 3368 2905 3440 primo
2928 3370 3327 3439 competenter
3344 3354 3736 3448 liberalibusarti-

2167 3463 2278 3517 bus
2299 3458 2637 3526 institutus;
2663 3457 2871 3512 dehinc
2887 3456 2948 3512 in
2966 3455 3345 3529 legalisjuris
3367 3444 3600 3508 canonici
3614 3444 3736 3533 scitir

2168 3549 2250 3605 tia
2281 3549 2363 3604 sic
2390 3551 2716 3619 provectus,
2751 3550 2816 3600 ut
2848 3542 3318 3616 jurisconsultus
3366 3557 3474 3597 non
3520 3534 3734 3619 immerito

2168 3618 2755 3693 haberetur.Demum
2788 3633 3006 3689 relictis
3038 3631 3417 3687 saecularibus
3447 3618 3733 3710 scientius":

2168 3727 2226 3781 in
2262 3726 2459 3780 divina
2510 3724 2724 3796 pagina
2782 3721 3088 3778 desudavit
3119 3726 3185 3775 ut
3223 3716 3575 3792 postmodum
3610 3705 3734 3794 ditia!

2170 3816 2389 3870 fluenta
2419 3812 2635 3885 eloquii
2668 3811 2798 3867 aliis
2831 3810 3073 3865 uberius
3092 3810 3163 3864 de
3187 3808 3358 3881 pleno
3380 3808 3582 3879 pectore
3604 3804 3734 3885 pro?“

2170 3908 2351 3969 naret,
2377 3903 2509 3957 licet
2529 3902 2586 3956 in
2610 3900 2828 3957 scholis
2850 3899 3186 3955 cathedram
3218 3909 3511 3968 nunquam
3538 3878 3733 3942 ascendc'

2169 3993 2245 4047 rit
2274 3990 2694 4063 magistralem.

2313 4098 2507 4166 Quales
2537 4096 2838 4153 eruditores
2878 4094 3169 4176 habuit,'ct
3201 4091 3265 4147 dc
3298 4085 3639 4163 information:

2808 4183 3025 4222 morum
3053 4181 3185 4237 ejus.

2242 4258 2415 4311 Porro
2438 4256 2573 4311 huic
2595 4254 2917 4311 avunculus
2935 4252 3412 4325 archiepiscopus
3427 4248 3491 4303 de
3509 4256 3603 4315 quo
3620 4244 3733 4325 διψθῇ

2171 4345 2294 4400 rius
2313 4345 2670 4400 mentionem
2692 4342 2957 4407 fecimus,
2978 4340 3305 4397 eruditores
3328 4333 3564 4394 scientia,
3583 4320 3729 4419 vit-sici

2171 4434 2436 4489 moribus
2458 4432 2811 4505 approbatos
2834 4447 3064 4501 semper
3084 4428 3355 4500 providit.
3373 4424 3472 4492 Qui
3488 4417 3730 4505 uomuit!us

408 4520 713 4575 funeribus
737 4518 917 4573 moris
939 4521 1047 4588 est,
1077 4519 1412 4573 ferebantur
1434 4518 1491 4573 in
1515 4520 1715 4574 funere
1738 4538 1751 4587 ;
1776 4520 1899 4592 qui,
1926 4520 2062 4575 licet
2094 4540 2139 4604 ι)
2171 4524 2324 4578 circa
2341 4520 2878 4593 ejusinnocentiam
2904 4517 3364 4574 conservandam
3384 4497 3727 4604 ωοῐδθεςξυξὲΓωῗ

407 4608 478 4662 de
509 4607 757 4663 ecclesia
784 4608 854 4662 de
883 4608 1115 4662 Esnone
1169 4606 1369 4661 domui
1422 4608 1643 4663 funeris
1697 4610 2061 4665 contermina

409 4695 659 4750 fuissent
705 4696 974 4751 ardentes
1034 4697 1293 4762 extracti,
1337 4712 1440 4768 per
1484 4697 1635 4752 viam
1686 4702 1881 4753 tamen
1932 4703 2059 4753 tum

408 4787 646 4855 propter
674 4782 950 4837 imbrium
982 4783 1427 4851 abundantiam,
1462 4789 1584 4839 tum
1634 4790 1869 4857 propter
1903 4785 2057 4842 venti

406 4870 834 4926 vehementiam
866 4871 1013 4926 nulli
1044 4871 1346 4927 videbatur
1388 4873 1630 4928 dubium
1666 4874 1827 4946 ipsos
1858 4875 2058 4929 ardere

410 4975 528 5014 non
549 4974 740 5028 posse.
758 4957 1007 5013 Ventum
1031 4964 1120 5014 est
1142 4960 1213 5014 ad
1239 4962 1681 5027 monasterium,
1715 4964 1813 5018 ubi
1845 4980 2058 5035 corpus

409 5047 601 5101 fuerat
630 5045 942 5117 sepulturae
986 5047 1336 5103 tradendum
1365 5066 1378 5115 ;
1410 5050 1625 5106 intrata
1654 5056 1743 5105 est
1771 5051 2018 5107 ecclesia
2042 5069 2055 5119 ;

409 5134 619 5205 reperti
654 5138 812 5199 sunt,
845 5133 1119 5189 omnibus
1141 5138 1513 5208 stupentibus
1544 5143 1600 5194 et
1629 5139 2060 5195 admirantibus

409 5226 467 5278 et
488 5222 544 5276 in
569 5221 669 5277 Dei
694 5220 896 5277 laudes
918 5224 1350 5293 proruentibus,
1369 5226 1637 5283 ardentes
1658 5229 1807 5283 cerei
1832 5245 2057 5296 omnes,

409 5327 476 5368 ac
498 5310 546 5367 si
570 5309 731 5365 nullo
753 5309 904 5364 venti
924 5309 1165 5381 perﬂatu
1180 5313 1433 5384 turbine,
1453 5332 1552 5371 eos
1569 5316 2062 5389 tranquillissima

408 5401 619 5457 fuisset
641 5398 925 5455 serenitas
948 5405 1271 5468 prosecuta.
1309 5401 1616 5459 Paululum
1649 5406 1899 5478 digressi
1931 5407 2060 5462 bre-

406 5490 555 5547 viter
574 5488 689 5544 ista
711 5484 1180 5559 perstrinximus,
1196 5492 1260 5542 ut
1278 5495 1499 5555 quanta
1520 5492 1598 5547 sit
1619 5493 1675 5547 in
1700 5495 1919 5551 sanctis
1936 5495 2061 5551 suis

409 5576 641 5659 Domini
675 5574 855 5636 nostri
884 5573 1070 5629 virtus
1102 5580 1157 5631 et
1182 5576 1386 5652 pietas,
1428 5581 1698 5652 praesnti
1741 5588 2062 5656 putesceret

2172 4612 2440 4677 mandes,
2465 4626 2640 4682 quam
2666 4608 2819 4663 circa
2842 4611 3177 4680 provectum
3201 4604 3450 4661 scientiae
3477 4586 3725 4682 vigilabant;

2169 4701 2324 4756 unde
2349 4680 2565 4755 factum
2589 4702 2676 4753 est
2699 4703 2764 4752 ut
2783 4696 2941 4752 velut
2962 4713 3092 4751 cera
3114 4693 3391 4750 calefacta
3410 4689 3472 4746 ad
3495 4688 3643 4757 ignem
3661 4680 3726 4764 Ρξθ

2166 4789 2466 4844 voluntate
2484 4787 2724 4843 artificis
2743 4800 3158 4858 quamcunque
3182 4782 3382 4855 recipit
3397 4767 3725 4858 imaginemﬁ‘i

2169 4883 2307 4933 aetas
2333 4878 2461 4948 ejus
2492 4881 2689 4931 tenera
2716 4856 2834 4929 vita
2864 4873 3132 4929 doctrina
3158 4876 3216 4926 et
3243 4866 3494 4939 exemplo
3521 4856 3725 4948 bonum}n

2167 4934 2397 5023 exculta
2425 4966 2673 5020 formam
2706 4963 2986 5034 reciperet
3016 4956 3506 5026 sanctitatis,adeo
3525 4952 3576 5001 ut
3594 4934 3728 4994 creda-

2168 5060 2266 5111 tur
2294 5072 2466 5110 carne
2494 5053 2656 5126 virgo
2686 5057 2742 5107 et
2774 5053 3000 5123 integer
3032 5050 3438 5123 permansisse.

2169 5162 2368 5232 Quales
2416 5161 2707 5233 dignitates
2755 5159 3262 5233 a'sccutusjuerit,
3296 5163 3347 5211 σε
3372 5163 3519 5224 quam
3543 5136 3725 5196 strenu"!

2749 5232 2811 5285 in
2841 5232 2920 5286 cis
2949 5246 3005 5285 se
3036 5229 3248 5284 habuit.
3679 5284 3687 5294 .

2241 5322 2335 5377 Sic
2358 5319 2537 5393 igitur
2558 5319 2848 5391 sapientia
2870 5317 3178 5390 proﬁciens
3199 5319 3256 5371 et
3275 5316 3437 5370 astate
3456 5306 3559 5361 ibat
3580 5297 3633 5393 ᾂθ
3758 5310 3759 5333 ‘

2170 5413 2293 5464 tute
2318 5386 2693 5475 invvirtutem,
2717 5386 2889 5478 cujus
2906 5406 3233 5477 profectum
3259 5399 3518 5458 comitata
3531 5390 3603 5445 θεῖ
3619 5386 3726 5478 θρίξ

2173 5514 2354 5553 ωεενο
2378 5501 2542 5552 tanta
2554 5473 3118 5567 tamquamultiplex
3134 5484 3612 5571 ecclesiasticarum
3622 5473 3727 5571 δεῖ

2170 5587 2326 5644 cutio
2357 5562 2733 5659 dignitatum,
2768 5588 2835 5642 ut
2864 5562 3006 5640 cum
3032 5581 3341 5639 Salomone
3368 5572 3544 5651 posset
3567 5562 3725 5617 dicem
3756 5590 3757 5597 η
