3814 6218
61 300 137 359 325

57 433 180 501 Super
199 432 401 485 salutem
417 437 466 484 et
483 443 694 485 omnem
709 427 1176 499 pulchritudinem
1195 428 1373 483 ditari
1394 430 1602 499 sapien-
1636 431 1688 495 Α

56 522 151 574 tiam
171 526 214 574 et
230 520 463 591 proposui
490 534 585 588 pro
614 517 747 573 duce
772 519 969 573 [nabere
996 533 1115 571 eam
1139 535 1155 569 :
1187 524 1451 572 venerunt
1470 516 1610 571 mihi

56 611 221 663 mania
231 609 352 663 bona
371 608 702 681 paritercum
715 607 979 672 itta;nam
994 605 1051 659 in
1065 604 1309 660 ecclesia
1321 606 1612 660 Senonon-

60 697 91 750 si
109 695 364 750 cathedrali
385 695 803 751 thesaurariam
826 698 883 749 et
903 693 1439 749 archidiaconatum
1468 695 1609 749 Pru-

55 784 375 850 riniensemﬁn
395 775 879 840 Autissiodorensi
906 800 1036 838 vero
1054 784 1301 854 adeptus
1323 788 1411 838 est
1440 784 1611 838 deca-

58 878 201 927 natum
214 874 272 928 ad
289 890 446 945 quem
460 873 670 928 absens
683 872 806 927 etin
830 871 1069 927 remotis
1081 888 1260 944 agens
1274 871 1610 943 regionibus

58 962 260 1017 studendi
285 980 447 1018 causa
470 979 501 1017 a
533 961 826 1016 canonicis
853 959 1106 1016 ecclesiae
1129 960 1496 1016 concorditer
1523 964 1613 1016 est

59 1050 234 1121 electus,
277 1056 326 1106 et
352 1069 531 1123 usque
561 1052 632 1106 ad
666 1049 915 1106 reditum
956 1066 1130 1104 suum
1163 1049 1233 1104 de
1265 1049 1479 1105 scholis
1511 1065 1614 1121 per

58 1156 218 1194 annum
244 1145 291 1195 et
317 1138 562 1211 amplius
578 1138 943 1211 exspectatis,
978 1137 1038 1192 in
1070 1154 1319 1209 quarum
1352 1137 1611 1210 dignita-

60 1233 146 1281 tum
170 1228 625 1284 administratione
644 1233 920 1283 strenuus
951 1226 1115 1282 valde
1147 1227 1255 1281 fuit
1288 1231 1344 1281 et
1373 1228 1607 1295 efficax;

57 1333 151 1371 nam
177 1322 227 1371 ut
249 1316 552 1389 spiritualia
585 1317 829 1372 fideliter
851 1316 1233 1387 dispensaret,
1268 1315 1614 1387 temporalia

57 1421 345 1471 conservans,
374 1422 714 1478 congregare
739 1404 1004 1476 dispersa
1024 1409 1080 1459 et
1103 1405 1264 1476 jura,
1288 1403 1336 1457 si
1360 1420 1477 1475 qua
1510 1421 1611 1475 op-

56 1494 279 1562 pressione
305 1494 607 1565 cujuslibet
628 1492 1029 1548 subventionis
1062 1491 1264 1547 nubilo
1296 1491 1609 1558 latuerant,

56 1586 177 1651 prout
207 1588 419 1654 poterat,
464 1600 678 1655 magno
725 1581 923 1638 labore
968 1585 1026 1636 et
1081 1580 1296 1647 studio,
1359 1597 1497 1653 pace
1527 1580 1613 1637 vel

51 1670 211 1739 judicio
236 1672 424 1728 faceret
452 1672 687 1744 prodire
718 1671 776 1726 in
806 1670 1022 1726 lucem.

58 1795 243 1862 Qualiter
272 1797 392 1869 jura
440 1795 761 1851 diaconatus
816 1794 1300 1850 Antissiodorensis
1355 1793 1612 1850 adversus
1640 1802 1687 1865 Β

403 1870 710 1940 episcopum
733 1875 1043 1939 prosecutus
1072 1874 1168 1921 est.

105 1977 227 2034 Circa
249 1981 543 2038 decanatus
557 1983 700 2053 jura
721 1982 937 2037 tuenda
958 1998 1023 2037 eo
1046 1982 1303 2053 ampltus
1336 1982 1614 2051 vigilavit.

58 2069 469 2137 quojuridictioni
500 2088 623 2127 suae
656 2070 997 2127 imminente
1017 2071 1289 2143 epiSCOpo
1321 2073 1508 2141 major
1529 2088 1615 2127 re-

57 2152 232 2210 sistendi
253 2159 547 2214 necessitas
574 2159 980 2214 incumbebat.
1014 2159 1114 2213 Cui
1147 2159 1230 2214 sic
1255 2160 1615 2214 restititcum

54 2242 219 2311 etlectu,
246 2251 302 2301 ut
328 2264 527 2303 causas
552 2247 826 2312 civitatis,
859 2251 1096 2320 excepta
1127 2247 1401 2319 parochia
1431 2247 1617 2303 sancti

57 2329 157 2402 Lupi
184 2350 287 2404 quae
320 2352 426 2391 non
476 2342 564 2392 est
597 2337 669 2391 de
694 2335 1074 2406 juridictione
1107 2336 1330 2403 decani,
1363 2354 1477 2391 non
1511 2354 1618 2391 au-

53 2418 156 2474 diret
189 2421 313 2477 alius
358 2429 563 2496 praeter
606 2424 825 2496 ipsum,
852 2424 1264 2480 velofﬁcialem
1300 2425 1618 2489 suum,nisi

54 2523 125 2650 pelr
145 2510 540 2582 appellationem
566 2513 641 2569 ad
676 2515 957 2585 majorem
988 2513 1342 2570 audientiam
1372 2514 1621 2569 fuissent

54 2596 99 2648 de
120 2602 213 2650 atas.

52 2596 213 2655 delata.

55 2729 455 2810 De_mobedientia
500 2737 863 2799 sacerdotum,
892 2736 1211 2810 defendente
1256 2753 1341 2793 eos
1377 2740 1621 2810 episcopo

102 2804 278 2931 Hugoze
319 2818 499 2864 contra
544 2825 675 2864 eum
732 2804 969 2880 quando
1011 2816 1129 2864 erat
1167 2804 1423 2877 decumis,
1473 2819 1523 2865 et
1555 2804 1657 2887 'dc.

102 2890 216 2930 mea
251 2896 299 2931 a.

100 2890 299 2934 maenaa.

102 2999 388 3059 Sacerdotes
416 3004 683 3076 quidam,
720 3004 821 3075 qui
850 3004 1154 3075 parochias
1188 3005 1465 3076 regebant
1486 3005 1622 3060 civi-

54 3084 461 3159 tatis,quamdam
488 3091 784 3146 interdicti
808 3091 1157 3147 sententiam
1184 3091 1240 3146 in
1259 3092 1487 3148 civitate
1513 3095 1624 3147 An-

51 3172 374 3235 tissiodorensi
405 3180 902 3253 prolatam,quam
926 3181 1183 3236 decanus
1202 3181 1323 3253 ipse
1346 3199 1626 3254 praecepe-
1655 3166 1698 3232 Π

53 3268 112 3315 rat
143 3266 415 3336 observari,
456 3271 736 3343 episcopo
779 3270 1025 3341 jubente
1075 3270 1455 3338 contrarium,
1511 3290 1626 3327 non

50 3363 303 3424 servarunt,
333 3377 393 3415 ac
439 3364 683 3433 propter
714 3358 821 3414 hoc
851 3377 884 3414 a
913 3361 1133 3415 decano
1165 3362 1437 3433 suspensi
1468 3362 1627 3432 ipsos

49 3440 307 3502 absolvente
334 3451 626 3522 episcopo,
653 3465 761 3504 sua
790 3453 1024 3520 propter
1046 3448 1250 3504 decani
1273 3452 1626 3506 sententiam

49 3528 188 3587 taliter
211 3535 273 3591 ab
300 3537 567 3611 episcopo
624 3537 945 3592 relaxatam
977 3555 1094 3593 non
1130 3539 1630 3610 praetermiserunt

47 3618 188 3676 cilicia
209 3640 470 3693 exercere,
498 3626 767 3699 episcopi
806 3627 1152 3682 auctoritate
1183 3628 1406 3682 suifulti
1436 3645 1449 3683 :
1500 3633 1627 3683 tan-

50 3704 140 3762 dem
180 3727 357 3769 eorum
416 3714 883 3771 inobedientiam
933 3715 1205 3787 episcopo
1263 3717 1626 3786 defendente,

51 3796 165 3851 tanta
187 3807 262 3856 est
288 3803 643 3860 Scnonensis
690 3803 847 3858 sedis
889 3803 1345 3875 metropolitano:
1376 3805 1629 3861 examini

49 3895 120 3950 per
151 3890 567 3960 appellationem
612 3891 848 3947 victrice
888 3893 1216 3947 constantia
1262 3899 1628 3965 prosccutus,

51 3976 157 4038 quod
172 3978 668 4052 dictantejustitia,
686 3982 1088 4036 succumbenti
1112 3982 1169 4035 in
1187 3982 1321 4053 jure
1337 3983 1628 4054 episcopo,

50 4058 209 4121 decano
233 4068 295 4123 de
322 4069 724 4126 inobedientia
771 4068 1105 4125 satisfacere
1137 4075 1276 4125 sunt
1318 4070 1629 4144 compulsi,

48 4150 115 4215 qui
141 4152 187 4207 in
202 4156 348 4230 virga
365 4159 616 4214 visitans
640 4156 982 4229 iniquitates
1001 4174 1203 4213 eorum
1227 4163 1285 4214 et
1306 4159 1364 4213 in
1387 4160 1634 4216 verberi-

50 4233 125 4292 bus
141 4251 343 4312 peccata
362 4263 565 4303 eorum
590 4246 755 4319 ipsos
781 4245 838 4300 in
863 4246 1120 4318 capitulo
1132 4247 1429 4307 Antissiod
1438 4248 1630 4304 orensi

47 4326 270 4398 virgarum
284 4336 411 4391 fecit
426 4335 730 4408 publicam
744 4333 988 4389 solemni
999 4339 1083 4390 ter
1095 4335 1353 4408 excipere
1376 4337 1634 4409 discipli-

49 4427 167 4481 nam;
192 4419 328 4477 inter
346 4441 492 4496 quos
517 4440 677 4479 unus
696 4439 921 4495 magnae
943 4424 1247 4495 gravitatis
1271 4429 1328 4479 et
1352 4426 1630 4492 nominis,

48 4506 261 4599 magister
276 4511 538 4569 videiicet
560 4512 854 4568 Robertus
885 4515 1042 4583 prior
1063 4512 1241 4567 beata:
1260 4513 1452 4569 Maria:
1474 4518 1632 4570 extra
1664 4534 1709 4599 D

50 4604 211 4665 muros,
239 4598 359 4655 licet
382 4602 664 4674 opinione
689 4616 942 4673 magnus
963 4600 1235 4656 existeret
1257 4603 1410 4674 apud
1425 4620 1628 4658 omnes

45 4682 82 4729 ﬁt
104 4693 297 4757 propter
324 4690 430 4747 hoc
452 4690 651 4763 magis
675 4689 815 4744 dum
838 4690 1330 4747 verecundaretur
1361 4709 1630 4747 succum-

48 4763 157 4851 bere.
181 4780 581 4848 contumacior,
606 4779 796 4835 fuerat
812 4783 869 4833 et
891 4778 1145 4848 rebellis,
1171 4781 1325 4851 apud
1359 4786 1629 4837 sanctum

45 4850 302 4922 Marianum
328 4874 599 4925 retrusus
633 4868 692 4922 in
714 4866 1060 4936 claustrum,
1077 4873 1133 4923 et
1158 4869 1230 4924 ab
1252 4870 1630 4926 administra-

44 4941 156 5037 tione
178 4954 450 5023 prioratus
500 4958 597 5013 sui
628 4959 893 5012 remotus
938 4957 1011 5012 ad
1038 4961 1271 5029 tempus
1315 4959 1386 5014 ad
1420 4964 1629 5014 nutum

42 5034 183 5102 1ρεῖίυει
206 5042 395 5100 decani
415 5045 475 5101 in
498 5063 655 5119 pane
673 5048 733 5101 et
749 5062 902 5117 aqua
930 5062 1035 5117 per
1051 5046 1276 5119 aliquot
1296 5047 1421 5103 dies
1443 5047 1633 5119 exegit

42 5126 391 5203 Paenitentiam,
437 5134 734 5190 multatus
776 5151 947 5207 poena
992 5152 1095 5207 per
1135 5136 1404 5191 abbatem
1454 5153 1629 5191 suum

41 5223 134 5279 (Ιυᾶξ
158 5218 443 5280 rebellibus
466 5228 526 5280 et
568 5223 1042 5279 inobedientibus
1074 5224 1373 5280 consuevit
1402 5224 1588 5297 inﬂigi
1613 5241 1625 5279 :

43 5306 269 5367 quosdam
290 5312 460 5368 etiam
483 5312 799 5368 canonicos
819 5312 999 5367 beata:
1024 5314 1216 5369 Mariae
1239 5313 1388 5369 infra
1406 5329 1629 5379 muros,

41 5399 151 5457 quos
174 5395 378 5472 absque
408 5402 863 5475 praesentatione
892 5401 1096 5457 decani
1127 5402 1439 5477 cpiscOpus
1480 5401 1632 5458 ordi-

40 5489 245 5551 naverat,
276 5488 423 5545 facta
454 5490 573 5547 sibi
612 5491 683 5546 ab
710 5490 997 5546 ordinatis
1029 5508 1132 5563 pro
1162 5490 1262 5548 illo
1292 5508 1533 5549 excessu
1565 5507 1628 5548 e-

40 5571 223 5646 menda,
251 5591 408 5652 paena
438 5597 472 5640 a
492 5597 557 5639 se
588 5579 807 5638 dictata
833 5578 1121 5643 multavit.

854 296 955 355 DE
1000 295 1272 355 GESTIS
1319 294 1562 358 El’ISC.
1612 294 2044 355 ANTISSIOD.
2083 330 2157 338 ---
2188 296 2387 356 PARS
2433 293 2483 356 Ι.

3244 296 3363 357 326

1719 429 1968 499 Qualiter
1994 430 2165 497 coegit
2216 430 2490 499 Ilugonem
2534 426 2840 500 episcopum
2869 432 3150 485 restituere
3179 432 3364 486 Eccle-

1788 502 1892 555 sia?
1918 502 2159 565 arbores,
2204 517 2340 571 quas
2390 517 2449 555 eo
2480 501 2650 555 invito
2683 502 2738 555 in
2770 503 3082 557 nemoribus
3111 504 3367 562 Ecclesiae

1718 580 2011 642 acceperat.

1788 668 2130 741 Episcopus,
2165 668 2595 723 contradicente
2628 668 2753 739 ipso
2785 674 2838 725 et
2870 670 3220 742 quibusdam
3255 673 3367 727 sibi

1723 757 2159 813 adhaerentibus
2201 757 2518 825 canonicis,
2553 757 2682 812 aliis
2712 759 2984 831 episeopo
3016 760 3366 828 faventibus,

1720 846 1955 902 arbores
1989 846 2274 916 quasdam
2308 845 2366 900 in
2390 847 2730 902 nemoribus
2761 848 3018 903 Ecclesia
3038 850 3109 905 de
3140 850 3370 907 Buscha

1719 934 1860 989 credi
1892 936 2163 990 feceratet
2186 935 2244 989 in
2274 935 2514 990 domum
2529 935 2914 1008 episcopalem
2936 938 3004 993 de
3017 939 3175 1012 regio
3197 956 3370 996 amne

1721 1040 1822 1094 per
1849 1021 2183 1077 violentiam
2217 1023 2505 1095 exportari
2535 1040 2548 1078 :
2585 1040 2699 1078 non
2732 1026 2977 1080 cessavit
3009 1027 3161 1081 idem
3194 1029 3367 1084 deca-

1723 1128 1836 1165 nus
1867 1110 2142 1182 injuriam
2176 1113 2447 1183 prosequi
2488 1112 2671 1168 donec
2704 1130 2806 1185 per
2835 1114 2990 1168 sedis
3035 1117 3372 1189 metropoli-

1720 1204 1868 1254 tano:
1901 1200 2248 1255 sententiam
2282 1201 2619 1273 episcopum
2655 1202 2890 1257 arbores
2923 1203 3178 1275 capitulo
3212 1206 3371 1261 resti-

1721 1292 1883 1342 tuere
1912 1287 2213 1360 compulit,
2256 1292 2313 1342 et
2338 1294 2470 1344 ante
2504 1289 2653 1344 fores
2685 1290 2937 1346 ecclesiae
2972 1293 3220 1364 propriis
3242 1294 3369 1366 epi-

1723 1376 1878 1448 scopi
1912 1376 2193 1433 vehiculis
2224 1381 2535 1448 reportare.

1724 1482 1965 1561 Qualiter
1994 1484 2243 1561 comitem
2282 1485 2523 1561 _Petrum_
2560 1486 2885 1561 compulerit
2911 1489 3189 1561 venircin
3222 1492 3370 1561 capi-

1791 1555 1971 1678 (tiulum
2001 1554 2069 1607 ad
2104 1554 2467 1610 emendandus
2503 1554 2737 1628 injurias
2766 1558 3038 1627 Ecclesiae,
3083 1560 3214 1615 dum
3237 1554 3373 1619 esset

1822 1640 2044 1678 ecanus.

1822 1640 2024 1679 ecanus
2033 1666 2044 1678 .

1795 1723 2239 1795 Rempublicam
2274 1724 2511 1796 capituli
2542 1728 2776 1781 strenue
2797 1743 2863 1781 ac
2896 1728 3143 1784 fideliter
3169 1730 3376 1803 guber-

1721 1812 1896 1867 nabat
1924 1812 2202 1867 adversus
2233 1813 2628 1884 quorumlibet
2658 1814 2927 1885 injurias,
2950 1834 3185 1874 murum
3211 1820 3372 1876 insu-

1727 1901 2042 1974 perabilem
2076 1918 2137 1956 se
2167 1918 2480 1973 opponere,
2505 1919 2607 1957 nec
2628 1903 2752 1958 suis
2775 1920 3021 1975 parcens
3042 1905 3371 1977 laboribus,

1725 2006 1829 2043 nec
1861 2004 2100 2044 suorum
2136 1987 2196 2042 in
2236 1992 2398 2042 tanta
2435 1988 2645 2043 virtute
2694 1990 2963 2047 Ecclesiae
3011 1992 3371 2065 amplectens

1727 2077 1980 2148 negotia,
2015 2077 2170 2148 quod
2188 2075 2461 2132 comitem
2486 2076 2680 2148 ipsum
2706 2084 2939 2151 prepter
2961 2080 3246 2153 irrogatas
3269 2085 3376 2141 Ec-

1726 2165 1913 2221 clesiae
1947 2165 2195 2236 injurias
2225 2165 2824 2222 excommunicatione
2854 2172 2909 2222 et
2938 2168 3225 2227 civitatem
3249 2175 3378 2245 ejus

1729 2253 2039 2326 supposuit
2068 2254 2396 2320 interdicto,
2416 2258 2473 2309 et
2505 2252 2587 2308 sic
2619 2256 2852 2318 tandem
2881 2259 3379 2330 compulitvenire

1730 2343 1785 2397 in
1821 2342 2141 2414 capitulum
2173 2346 2230 2397 et
2262 2343 2507 2413 injurias
2538 2343 2791 2415 capitulo
2820 2347 3150 2403 emendare.

1729 2450 1841 2505 Sub
1870 2458 2071 2521 quanta
2110 2450 2455 2505 districtione
2494 2450 2833 2521 prohibitum
2878 2455 2951 2508 sit
2976 2471 3046 2510 ne
3084 2457 3379 2514 venderen-

1885 2530 2166 2588 tur,terr.:e
2192 2522 2449 2578 Ecclesiae
2475 2523 2598 2576 sine
2623 2539 2881 2578 consensu
2912 2528 3165 2598 capitati.

1804 2633 1862 2683 In
1872 2628 2122 2684 oleverat
2135 2644 2234 2699 per
2247 2628 2636 2699 quorumdam
2654 2644 2721 2684 ex
2738 2630 3060 2701 majoribus
3074 2635 3379 2690 avaritiam

1731 2718 1923 2792 gravis
1955 2718 2221 2789 quaedam
2270 2723 2322 2772 et
2355 2716 2531 2772 nimis
2573 2716 2949 2789 dispendiosa
2978 2724 3381 2796 praisumptio,

1733 2808 1832 2880 qui
1866 2806 2114 2879 propriis
2145 2805 2470 2861 commodis
2501 2822 2603 2876 per
2643 2806 2731 2861 fas
2763 2811 2819 2862 et
2867 2809 3030 2863 nefas
3080 2812 3385 2870 ardentius

1733 2896 2051 2960 inhiantes,
2066 2895 2123 2949 in
2150 2893 2303 2950 villis
2325 2894 2380 2949 in
2407 2894 2623 2964 quibus
2637 2895 3386 2971 percipiebantprzebcndas

1733 2983 1949 3057 prmdia
1978 2983 2313 3038 alienabant
2341 2983 2632 3050 Ecclesiae,
2655 2988 2711 3039 et
2739 2986 2960 3057 absque
2992 2987 3232 3059 capituli
3255 3008 3387 3045 con-

1732 3074 1898 3129 niven
1910 3073 1991 3128 tia
2002 3077 2233 3144 accepto
2246 3071 2428 3144 pretio
2442 3073 2551 3128 sub
2566 3073 2825 3129 consuali
2840 3092 3013 3131 onere
3024 3079 3387 3150 emptoribus

1736 3162 2159 3225 distrahebant,
2208 3177 2447 3216 nemora
2512 3161 2779 3217 Ecclesia:
2824 3164 2947 3235 pari
3005 3165 3387 3224 nihilominus

1737 3250 2190 3324 praesumpiione
2221 3250 2536 3305 vendentes
2566 3249 2652 3306 vel
2687 3269 2791 3323 pro
2821 3270 2929 3308 sua
2957 3254 3255 3312 voluntate
3285 3258 3386 3314 do-

1738 3344 1964 3407 nantes,
1995 3339 2095 3393 Hic
2127 3343 2245 3393 tam
2289 3338 2576 3410 pestilenti
2611 3341 2814 3395 morbo
2862 3341 2964 3396 tali
3007 3344 3171 3399 duxit
3202 3362 3387 3402 reme-

1736 3429 1832 3484 dio
1859 3428 2165 3484 subvenire
2191 3443 2203 3483 :
2232 3444 2362 3482 nam
2387 3432 2697 3482 convocato
2717 3429 2992 3501 capitulo,
3023 3430 3148 3504 ipse
3176 3440 3234 3489 et
3263 3452 3387 3489 om-

1737 3535 1840 3573 nes
1873 3516 2194 3590 prcsbyteri
2224 3515 2439 3587 pariter
2458 3515 2716 3572 candelis
2747 3519 3027 3587 accensis,
3052 3537 3388 3578 excommu-

1738 3608 2076 3661 nicaverunt
2106 3621 2310 3659 omnes
2337 3604 2434 3677 qui
2459 3604 2585 3660 sine
2604 3622 2891 3661 consensu
2917 3608 3154 3680 capituli
3176 3609 3390 3666 aliena-

1737 3696 1946 3760 tiones,
1982 3692 2412 3761 distractiones,
2436 3694 2555 3749 sive
2588 3694 2935 3752 donationes
2965 3696 3305 3768 hujusmodi
3329 3700 3388 3755 in

1740 3784 2004 3840 futurum
2037 3782 2223 3839 facere
2254 3786 2629 3848 attentarent,
2664 3787 2719 3838 et
2764 3784 2821 3839 id
2854 3802 2956 3857 pro
2987 3785 3113 3859 lege
3145 3790 3392 3844 manda-

1737 3878 1865 3929 tum
1896 3873 2069 3929 estin
2097 3875 2442 3944 perpetuum
2475 3872 2790 3928 observari.

1742 3981 1990 4049 Qualiter
2017 3980 2262 4051 ofﬁcium
2293 3980 2465 4051 ben/.13
2496 3979 2687 4035 Mariae
2715 3983 2995 4038 constituit
3024 3983 3299 4041 celebrari
3329 3986 3392 4041 in

2135 4050 2391 4122 profestis
2421 4049 2607 4105 diebus
2638 4054 2693 4105 in
2724 4052 2984 4108 Ecclesia.

1814 4141 1869 4195 Is
1900 4139 2091 4194 adhuc
2124 4155 2301 4211 agens
2343 4138 2402 4192 in
2434 4139 2719 4194 decanatu
2752 4141 2931 4195 beatae
2965 4143 3157 4198 Mariae
3198 4144 3391 4201 ofﬁcia

1740 4228 1900 4284 horis
1932 4228 2227 4283 canonicis
2259 4226 2316 4281 in
2349 4227 2621 4298 profestis
2651 4228 2896 4284 dicenda
2922 4230 3129 4285 diebus
3152 4232 3387 4302 adjecit,

1741 4321 1797 4373 et
1826 4318 1897 4371 ad
1947 4317 2120 4372 horas
2151 4314 2461 4371 canonicos
2492 4315 2846 4386 antiphonas
2878 4335 3054 4389 super
3084 4320 3346 4390 psalmos
3372 4337 3384 4375 :

1742 4423 1877 4461 nam
1909 4411 2077 4461 antea
2109 4421 2285 4476 super
2315 4403 2464 4471 illas,
2487 4404 2739 4475 exceptis
2772 4406 3077 4461 matutinis
3105 4411 3162 4463 et
3188 4425 3388 4479 vespe-

1743 4494 1843 4561 ris,
1878 4512 1991 4549 non
2024 4492 2136 4548 nisi
2188 4492 2433 4564 simplex
2484 4491 2738 4560 alleluia,
2791 4493 2944 4548 sicut
2996 4494 3178 4550 moris
3209 4501 3298 4550 est
3328 4497 3387 4552 in

1740 4583 1999 4655 paschali
2026 4581 2413 4646 hobdomada,
2438 4598 2543 4652 pro
2561 4580 2882 4653 antiphona
2911 4584 3391 4653 dicebatur,mul-

1740 4676 1915 4743 taque
1946 4670 2059 4725 alia
2073 4670 2143 4725 ad
2170 4669 2532 4724 honestatem
2565 4669 2896 4725 divinorum
2921 4688 3211 4728 consensu
3229 4675 3389 4746 capi-

1740 4759 1847 4815 tuli
1878 4759 1964 4815 vel
1988 4757 2309 4830 adjecit,vel
2332 4758 2736 4831 exterminavit
2756 4759 3106 4831 penitus,vel
3122 4763 3387 4831 mutavit,

1880 4869 1953 4923 De
1982 4868 2225 4922 Manasse
2251 4868 2424 4937 fratre
2456 4866 2593 4936 ejus,
2626 4874 2677 4921 et
2704 4868 2911 4922 unitate
2940 4870 3244 4925 amborum.

1809 4956 1955 5011 lluic
2004 4959 2301 5026 superstes
2329 4958 2451 5010 erat
2498 4955 2676 5010 frater
2712 4955 2922 5012 unicus
2973 4958 3044 5013 de
3094 4957 3297 5015 multis
3329 4959 3387 5014 in

1741 5046 2009 5116 primaevo
2052 5045 2191 5100 flore
2221 5044 2407 5098 aetatis
2438 5060 2555 5098 suae
2599 5044 2909 5113 defunctis,
2946 5046 3250 5103 Manasses
3285 5066 3389 5104 no-

1740 5134 1915 5199 mine,
1935 5131 2381 5188 archidiaconus
2402 5131 2755 5189 Senouensis
2773 5138 2831 5189 et
2859 5136 3390 5193 Autissiodorcnsis

1741 5222 2117 5295 postmodum
2148 5221 2208 5276 in
2237 5220 2577 5292 episcopum
2609 5222 3087 5280 Aurelianensem
3118 5243 3389 5298 assump-

1738 5315 1857 5378 tus,
1891 5311 1991 5382 qui
2021 5310 2093 5365 ob
2124 5307 2402 5381 praetura
2423 5310 2775 5368 urbanitatis
2805 5329 2923 5367 suae
2946 5319 3001 5368 et
3025 5313 3389 5369 liberalitatis

1738 5398 2188 5473 insignia,longe
2209 5397 2439 5469 lateque
2462 5414 2581 5454 suae
2604 5399 2887 5456 claritatis
2916 5401 3110 5456 radios
3142 5400 3387 5453 diffude-

1740 5490 2019 5544 rat.Hunc
2041 5487 2318 5559 quoniam
2336 5489 2473 5542 natu
2495 5488 2683 5559 major
2696 5491 3007 5553 erat,tanto
3026 5485 3390 5542 reverebatur

1740 5579 1945 5636 affectu
1977 5578 2133 5637 idem
2166 5575 2535 5651 Guijlelmus,
2569 5578 2640 5635 de
2660 5594 2775 5652 quo
2796 5590 3053 5651 praesens
3074 5585 3264 5628 sermo
3298 5572 3389 5633 est
