3814 6218
366 298 485 357 327

1210 291 1541 356 APPEND.
1590 294 1693 355 AD
1741 294 1930 356 SAEC.

2193 292 2453 357 OPERA
2498 318 2894 369 ΑΔΕΣιιοτικΑ.
3640 295 3732 360 328

363 435 429 484 ut
461 434 617 484 totus
646 429 719 484 de
741 428 871 499 ejus
902 426 1196 483 voluntate
1225 428 1522 499 penderet.
1554 427 1689 482 Erat
1718 426 1777 482 in
1813 426 1898 484 eis
1926 425 2009 481 vi-
2035 426 2094 495 Α
2121 426 2227 483 luit
2246 428 2743 496 assentiri,volens
2764 430 3112 504 magistrum
3128 447 3306 486 suum
3329 429 3390 487 in
3403 429 3731 488 scholisdum

363 518 499 572 dere
530 516 777 572 alterum
793 533 898 588 par
913 516 1165 583 amoris;
1190 533 1327 572 nam
1354 516 1506 571 sicut
1530 533 1646 572 uno
1666 520 1866 571 ventre
1887 532 2013 587 pro-

363 606 613 673 dierant,
660 606 745 660 sic
797 622 914 660 uno
967 604 1179 676 spiritu
1227 606 1600 677 regebantur.
1635 604 1759 660 Una
1787 606 1912 660 erat
1957 608 2014 658 et

362 690 749 749 Antissiodori
779 699 837 748 et
866 693 1114 749 Senonis
1137 692 1423 749 habitatio
1451 711 1464 760 ;
1499 710 1704 750 mensa
1732 709 2015 760 una,vasa

363 782 437 837 ad
457 782 655 837 cibum
667 782 868 837 eadem
885 782 943 836 in
955 782 1171 852 quibus
1186 780 1401 853 pariter
1415 781 1814 849 comedebant;
1828 780 2013 836 lectus

363 887 540 939 unus,
570 869 832 942 parilitas
854 869 914 924 in
947 870 1308 936 domesticis,
1344 869 1608 941 parilitas
1647 868 1707 924 in
1728 869 2010 935 vestibus,

362 958 626 1031 parilitas
655 958 713 1014 in
745 974 942 1013 amore
972 975 985 1025 ;
1020 974 1125 1013 nec
1156 956 1303 1013 alter
1328 957 1455 1013 sine
1485 956 1665 1013 altero
1688 956 2012 1029 quidquam

361 1047 611 1102 habebat
632 1045 954 1117 proprium,
976 1045 1078 1101 sed
1100 1050 1266 1101 erant
1287 1044 1406 1101 illis
1422 1044 1621 1100 omnia
1640 1045 2010 1111 communia;

360 1152 467 1191 nec
497 1138 621 1190 erat
648 1134 839 1190 dicere
863 1134 933 1190 de
964 1150 1167 1189 eorum
1201 1133 1441 1188 familia.
1475 1134 1607 1205 quis
1629 1134 1699 1189 de
1732 1133 2014 1188 fratribus

366 1223 563 1295 potius
580 1223 859 1278 militaret
884 1239 895 1277 :
918 1220 1334 1293 divulgabatur
1353 1222 1572 1292 ubique
1584 1220 1892 1293 peculiaris
1913 1220 2015 1277 illa

358 1329 490 1384 quae
518 1311 665 1383 ipsis
691 1311 880 1366 inerat
911 1310 1176 1365 fraternae
1210 1309 1419 1381 copula
1447 1310 1748 1365 charitatis
1779 1311 1922 1365 adeo
1952 1315 2016 1365 ut

359 1417 490 1456 raro
520 1400 771 1472 propriis
806 1399 1255 1471 designarentur
1282 1396 1598 1466 vocabulis,
1623 1399 1723 1454 sed
1756 1399 2011 1470 quadam

360 1489 695 1561 specificata
726 1487 1113 1559 appellatione
1152 1488 1355 1541 fratres
1376 1487 1741 1542 Senonenscs
1771 1492 2012 1542 antono-

362 1578 609 1633 mastice
638 1586 1002 1631 vocarentur.

640 1674 848 1741 Quanto
875 1675 1085 1743 fervore
1112 1688 1169 1727 se
1195 1679 1383 1726 mutuo
1415 1671 1737 1739 diligebant.

2122 522 2277 572 esset
2306 517 2364 573 in
2415 519 2676 585 Francia,
2706 519 2974 576 videlicet
3020 518 3375 592 magistrum
3424 519 3642 575 Petrum
3681 521 3735 576 de

2121 606 2386 662 Corbolio
2435 608 2723 664 cathedrae
2773 609 3063 681 praeficere
3112 608 3460 675 Senonensi,
3515 610 3656 680 quod
3695 614 3735 665 et

2124 694 2261 750 fecit
2290 696 2588 751 canonicis
2618 695 2755 752 licet
2785 696 3173 753 renitentibus
3202 695 3425 754 invitis.

2158 812 2415 883 Qualiter
2445 812 2771 867 Guillelmus
2799 813 2979 867 noluit
3006 815 3311 868 consentire
3342 815 3399 868 in
3424 815 3703 869 electionem

2417 885 2775 940 Nivernensi:
2802 885 3059 940 Ecclesia?
3084 884 3151 939 de
3177 900 3237 941 se
3261 887 3491 955 factum.

2194 994 2409 1044 Iterum
2456 988 2687 1045 Galtero
2738 990 3079 1045 Nivernensi
3110 990 3386 1063 episcopo
3421 992 3685 1062 migrante
3713 1009 3738 1045 a

2124 1077 2358 1143 saeculo,
2394 1078 2546 1132 facta
2591 1081 2681 1132 est
2711 1077 3006 1133 canonicis
3053 1077 3218 1132 illius
3268 1078 3543 1134 Ecclesiae
3572 1077 3734 1135 electio

2122 1182 2380 1221 consona
2395 1166 2467 1221 de
2488 1165 2801 1232 Willelmo,
2832 1167 3005 1236 cujus
3028 1182 3159 1220 cum
3189 1183 3294 1238 per
3313 1166 3603 1223 solemnes
3622 1184 3735 1222 nun-

2122 1254 2238 1309 tios
2267 1272 2302 1309 a
2330 1254 2671 1309 Nivernensi
2720 1253 2975 1310 Ecclesia
3006 1255 3331 1310 destinatos
3382 1255 3737 1328 requireretnr

2123 1360 2467 1409 consensus,
2492 1343 2692 1398 habita
2711 1342 3127 1398 deliberatione
3143 1360 3279 1399 cum
3310 1344 3491 1399 fratre
3517 1361 3618 1399 suo
3644 1344 3735 1399 Ma-

2123 1448 2295 1488 nasse
2315 1432 2468 1486 inter
2495 1447 2594 1487 eos
2623 1432 2893 1486 convenit
2912 1435 2978 1487 ut
3008 1432 3068 1485 in
3091 1436 3245 1487 statu
3279 1432 3577 1488 humiliori
3603 1432 3739 1504 proti-

2122 1538 2235 1575 nus
2254 1520 2433 1575 vitam
2450 1524 2689 1591 agerent
2709 1520 3227 1591 indivisam,quam
3249 1519 3532 1575 alteruter
3551 1537 3742 1592 separa-

2120 1610 2304 1664 tivum
2325 1609 2584 1679 ipsorum
2608 1609 2828 1679 gradus
2851 1608 3083 1663 culmen
3097 1609 3518 1664 conscenderet
3532 1608 3737 1664 altioris.

2123 1698 2334 1769 Sicque
2362 1698 2582 1751 factum
2599 1701 2689 1750 est
2710 1701 2775 1750 ut
2805 1695 3201 1767 praelationem
3227 1701 3500 1753 renueret
3519 1696 3742 1752 Ecclesiae

436 1760 764 1856 Femiflu'!
795 1760 880 1814 eis
912 1760 1099 1856 iPemf‘
1127 1759 1429 1856 c‘hal‘itfms
1481 1759 1639 1856 ίῑξθοδ
1670 1760 1742 1815 ab
1766 1760 2010 1856 ίηνίίῖίξξη
2046 1790 2091 1854 Β
2124 1759 2517 1849 Nivernensis,
2571 1801 2698 1855 quas
2746 1759 2881 1839 eum
2931 1785 3003 1839 ad
3054 1784 3149 1839 sui
3190 1785 3453 1856 regimen
3486 1786 3740 1851 evocabat,

362 1851 570 1906 abesse
616 1849 841 1904 diutius
893 1847 985 1901 vix
1024 1847 1275 1902 sinebat.
1311 1848 1434 1902 lmo
1485 1846 1832 1919 plerumque
1863 1848 2013 1902 vidi-

363 1956 518 2005 mus,
552 1937 706 2010 quod
746 1938 978 2008 quando
1018 1936 1557 1991 archidiaconatum
1603 1954 1846 1992 suorum
1876 1937 2012 1992 visi-

360 2026 501 2082 tatio
532 2024 618 2080 vel
669 2025 783 2079 alia
833 2022 1150 2079 necessitas
1196 2025 1437 2096 cogebat
1490 2041 1588 2079 eos
1638 2025 2015 2097 corporaliter

361 2115 641 2187 separari,
675 2113 803 2184 ipsa
831 2110 1052 2167 effectio
1073 2112 1353 2184 longioris
1377 2113 1653 2168 absentia:
1678 2131 1873 2169 moras
1896 2131 2010 2168 non

360 2203 659 2259 sustinens
682 2202 1043 2273 propositum
1060 2201 1447 2267 rescindebat,
1466 2206 1524 2256 et
1546 2202 1899 2273 quandoque
1921 2220 2013 2257 ex-

360 2292 683 2364 perimento
703 2295 1206 2361 compertum,non
1227 2289 1353 2344 sine
1368 2290 1752 2345 admiratione
1771 2290 2009 2361 quidem

360 2381 513 2453 quod
547 2381 675 2451 ipsa
720 2377 996 2433 absentia:
1028 2382 1290 2448 tempora
1316 2377 1535 2433 eisdem
1567 2384 1733 2433 erant
1763 2380 2008 2434 medita-

357 2469 617 2524 tionibus
650 2472 707 2522 et
735 2467 950 2522 studiis
980 2472 1281 2538 occupata.
1315 2467 1460 2522 Nam
1492 2467 1748 2538 quodam
1770 2467 1829 2522 in
1860 2472 2006 2523 tem-

354 2575 492 2630 pore
522 2573 656 2612 cum
688 2556 843 2609 idem
878 2554 1234 2610 Guillelmus
1261 2571 1439 2610 causa
1471 2555 1580 2609 sibi
1614 2555 2005 2611 imminuendi

354 2646 704 2719 sanguinem
738 2644 798 2698 in
828 2645 1000 2699 domo
1032 2643 1359 2698 Senonensi
1390 2644 1792 2705 remansisset.
1829 2644 2008 2702 frater

354 2738 484 2807 ejus
516 2733 1054 2790 archidiaconatum
1097 2750 1272 2788 suum
1306 2734 1703 2790 Senonensem
1744 2734 1803 2789 in
1836 2735 2005 2790 deca-

357 2826 500 2880 natu
533 2821 718 2879 sancti
750 2821 1064 2877 Florentini
1088 2822 1359 2877 visitandi
1385 2824 1575 2896 gratia
1590 2822 2000 2895 perlustrabat,

358 2910 586 2969 solandi
600 2928 780 2967 causa
796 2910 1023 2965 itineris
1045 2910 1284 2967 fortuito
1299 2912 1666 2984 propositum
1682 2912 1792 2967 fuit
1809 2912 2006 2968 thema

356 3003 429 3056 ad
462 3000 910 3056 versiﬁcandum
942 2999 1034 3053 his
1065 3000 1318 3071 quicum
1352 3000 1763 3056 archidiacono
1785 3001 2005 3071 equita-

355 3087 800 3144 bant.Jucunda
818 3087 1031 3158 quippe
1052 3088 1352 3158 occupatio
1375 3088 1623 3160 singulis
1644 3089 2003 3144 certantibus

356 3176 490 3248 quis
520 3176 591 3230 de
619 3175 717 3230 illa
764 3174 1007 3229 materia
1052 3191 1256 3230 versus
1306 3181 1679 3247 componeret
1710 3177 1998 3234 meliores.

356 3266 491 3329 Quae
524 3280 658 3318 cum
697 3264 855 3334 apud
886 3263 1360 3320 archidiacouum
1410 3271 1723 3337 agerentur
1752 3270 1809 3321 et
1837 3283 1999 3333 suos,

356 3356 662 3427 ignorante
695 3353 870 3408 fratre
900 3369 1027 3419 suo,
1062 3352 1160 3425 qui
1201 3352 1447 3408 Senonis
1477 3359 1856 3421 remanserat,
1890 3355 2000 3410 sub

353 3443 573 3499 eisdem
606 3440 814 3498 diebus
848 3446 906 3497 et
930 3443 1243 3497 momentis
1276 3442 1429 3513 apud
1464 3443 1657 3514 ipsum
1676 3448 1735 3499 et
1755 3460 1894 3498 suos
1914 3460 2002 3498 ea-

353 3534 487 3589 dem
519 3530 762 3587 materia
790 3531 1003 3586 studiis
1033 3548 1147 3586 non
1180 3531 1516 3602 disparibus
1538 3532 1784 3588 Senonis
1813 3549 2003 3589 versa-

354 3623 546 3681 batur.
582 3620 706 3683 Quo
739 3625 1039 3691 comperto
1072 3619 1264 3674 mirati
1289 3625 1430 3675 sunt
1462 3620 1795 3685 universi,et
1816 3621 1871 3675 in
1895 3621 1999 3675 ali-

354 3726 600 3783 qaorum
630 3708 1080 3780 cogitationibus
1112 3709 1375 3764 fraternae
1398 3709 1661 3780 auspicia
1680 3726 2002 3765 consonan-

352 3798 448 3853 tiae
480 3796 862 3851 resultabant.

356 3894 611 3963 Qualiter
636 3895 940 3966 consentire
986 3894 1304 3966 noluerunt,
1337 3902 1398 3948 ut
1442 3910 1630 3950 eorum
1666 3897 1805 3952 alter
1832 3898 1999 3966 elige-

440 3973 592 4021 retur
622 3966 681 4019 in
711 3965 1179 4035 archiepiscopum
1208 3965 1500 4033 Senonens,
1531 3967 1651 4022 sede
1676 3965 1917 4024 vacante.

425 4052 631 4109 Omnis
661 4053 733 4109 ab
765 4052 849 4108 eis
878 4052 1078 4123 procul
1100 4057 1223 4108 erat
1242 4053 1485 4109 ambitio
1515 4070 1527 4108 :
1554 4071 1690 4109 nam
1713 4072 1846 4111 cum
1871 4062 2002 4127 post

352 4144 659 4199 decessum
688 4140 853 4197 bona:
885 4141 1179 4197 memoriae
1193 4141 1489 4197 Michaelis
1507 4142 1814 4215 archicpis.
1830 4144 2003 4201 Seno-

352 4232 553 4288 nensis
581 4234 808 4287 vacaret
835 4228 1111 4296 Ecclesia,
1142 4234 1199 4286 et
1231 4231 1323 4286 die
1354 4230 1653 4288 electionis
1683 4233 1754 4289 de
1781 4234 1998 4290 substi-

350 4322 569 4378 tuendo
601 4326 832 4393 pastore
862 4320 923 4376 in
955 4320 1210 4392 capitulo
1241 4325 1609 4389 tractaretur,
1643 4324 1910 4394 quaedam
1929 4324 2001 4380 de

349 4410 616 4485 personis
636 4410 904 4467 Ecclesia
936 4427 1186 4482 quarum
1217 4410 1414 4467 studia
1442 4410 1525 4466 eis
1547 4412 2002 4493 adversantiavi-

350 4500 640 4556 debantur
685 4498 1010 4555 multorum
1038 4499 1454 4555 canonicorum
1503 4500 1696 4557 favore
1727 4502 1997 4570 subnixa,
2030 4520 2076 4584 D

351 4588 452 4658 qui
483 4587 543 4643 in
571 4587 835 4660 ipsorum
866 4586 1161 4643 voluntate
1193 4588 1502 4643 unanimes
1532 4588 1997 4660 adhwrebantﬁn

344 4690 551 4755 {eorum
582 4674 825 4732 alterum
847 4693 1020 4747 quem
1046 4675 1369 4731 voluissent
1399 4681 1463 4731 ut
1491 4678 1879 4748 praeficeretur
1907 4680 2003 4736 Se-

352 4762 600 4838 nonensi
630 4762 893 4820 Ecclesiae
914 4764 1242 4820 consentire
1262 4781 1397 4819 cum
1427 4765 1551 4821 suis
1581 4767 1889 4823 voluerunt
1910 4785 2000 4824 se-

352 4850 660 4921 quacibus.
693 4852 803 4907 Sed
827 4853 939 4924 ipsi
954 4853 1291 4923 judicantes
1321 4852 1629 4925 indignum
1660 4872 1721 4911 se
1744 4857 2000 4929 praeferri

350 4938 665 4993 venerabili
688 4939 914 5012 Hugoni
950 4940 1449 4997 Antissiodorensi
1470 4942 1759 5017 episcopo,
1794 4946 1865 5001 ad
1897 4963 1998 5001 cu-

344 5027 447 5099 jus
484 5027 909 5098 promotionem
941 5029 1011 5084 ad
1038 5028 1199 5084 illam
1229 5029 1548 5086 Ecclesiam
1590 5036 1711 5087 tam
1743 5034 1999 5108 episcopi

352 5131 531 5187 quam
545 5115 642 5186 qui
657 5115 740 5171 eis
765 5117 1071 5172 unanimes
1095 5118 1470 5175 adhaerebant
1484 5119 1746 5192 ipsorum
1760 5122 1997 5180 anhela-

351 5204 495 5259 bant
522 5204 734 5269 favore,
782 5204 851 5259 de
899 5221 1007 5260 sua
1045 5205 1361 5261 noluerunt
1389 5207 1667 5266 electione
1697 5218 1998 5285 acceptare

352 5309 703 5359 sermonem,
737 5298 1117 5364 procurantes
1147 5295 1341 5366 potius
1373 5298 1531 5368 quod
1567 5315 1771 5357 omnes
1804 5302 1862 5356 in
1893 5319 1996 5374 po-

351 5380 732 5438 stulationem
764 5381 1029 5453 ejusdem
1075 5382 1334 5454 episcopi
1373 5392 1794 5444 consenserunt
1834 5389 1995 5446 labo-

350 5474 548 5528 rantes
582 5469 637 5525 in
664 5487 846 5526 unum
881 5487 1055 5541 quam
1088 5472 1463 5527 Innocentius
1496 5475 1722 5546 tertius,
1758 5478 1857 5549 qui
1891 5479 1997 5536 Ro-

354 5577 539 5622 manae
564 5559 830 5620 Ecclesia:
860 5558 1227 5634 praesidebat,
1260 5559 1637 5634 postulationi
1660 5565 1728 5622 de
1748 5566 1875 5643 ipso
1892 5585 1994 5626 no-

2125 1874 2277 1946 quod
2298 1874 2503 1944 utique
2517 1873 2706 1928 factus
2725 1874 3101 1944 postmodum
3113 1873 3635 1929 Antissiodorensis
3650 1872 3741 1944 epi-

2124 1980 2336 2033 scopus
2369 1979 2501 2017 cum
2535 1961 2791 2016 maxima
2810 1961 3170 2032 paenitudine
3190 1965 3247 2016 et
3273 1962 3471 2018 cordis
3500 1963 3740 2018 amaritu~

2121 2051 2255 2106 dine
2278 2066 2668 2105 rememorare
2691 2042 3235 2122 solebat,pungente
3257 2067 3392 2105 eum
3419 2051 3739 2106 conscientia

2121 2139 2277 2211 quod
2310 2138 2880 2194 Antissiodorensem
2919 2138 3079 2193 velut
3125 2138 3403 2194 ditiorem
3439 2138 3739 2195 Nivernensi

2120 2233 2402 2299 tanquam
2434 2227 2675 2299 pauperi
2706 2225 2971 2282 Ecclesiae
3004 2226 3379 2299 praetulisset.

2120 2353 2376 2425 Qualiter
2404 2352 2605 2425 electus
2632 2352 2743 2425 [uit
2763 2352 2823 2425 in
2853 2352 3163 2425 episcopum
3210 2350 3736 2425 Autissiodoremsem,

2144 2423 2194 2479 et
2223 2423 2484 2494 quomodo
2515 2423 2732 2477 nolebat
2760 2424 2932 2493 fratri
2956 2437 3055 2477 suo
3081 2424 3348 2493 praeferri
3375 2425 3438 2477 in
3467 2423 3715 2479 electione.

2186 2530 2442 2585 Tandem
2477 2529 2711 2602 praefato
2740 2528 3064 2601 magnificae
3094 2528 3389 2584 memoriae
3419 2527 3737 2583 Autissiodry

2116 2619 2271 2675 rensi
2302 2617 2570 2691 episcopo
2597 2617 2839 2688 Hugone
2870 2617 3045 2672 rebus
3070 2615 3350 2672 humanis
3382 2615 3737 2688 exemptoﬁie

2116 2706 2186 2760 ad
2219 2704 2553 2777 eligendum
2576 2707 2798 2759 statuta
2819 2719 2951 2758 cum
2974 2704 3240 2759 omnium
3262 2702 3456 2760 clerici
3480 2704 3676 2760 scilicet
3696 2710 3739 2757 et

2115 2791 2315 2866 populi
2328 2792 2386 2847 in
2402 2791 2649 2849 alterum
2664 2792 2916 2848 duorum
2931 2792 3176 2847 fratrum
3195 2792 3487 2849 Manassis
3507 2791 3739 2848 videlicet

2112 2884 2183 2938 Et
2213 2881 2505 2938 Guillelmi
2538 2886 2667 2937 vota
2698 2882 3327 2953 concurrerent,major
3355 2887 3524 2944 natu.
3546 2882 3742 2937 Manes»

2114 2989 2206 3028 ses
2238 2970 2592 3043 scilicet,qui
2626 2974 2683 3025 et
2713 2968 3016 3036 alfabilior,
3055 2973 3110 3025 et
3136 2969 3435 3037 urbanior,
3467 2975 3523 3027 et
3540 2970 3661 3026 ideo
3680 2970 3741 3025 fa-

2110 3059 2419 3116 vorabilior
2447 3059 2792 3127 habebatur,
2816 3063 2881 3113 ut
2909 3058 3178 3114 Ecclesia:
3204 3060 3462 3133 regimen
3486 3059 3739 3132 suscipiat

2033 3152 2073 3218 C
2114 3149 2476 3206 concorditer
2506 3152 2795 3203 exoratur.
2816 3147 2976 3204 Onus
3006 3147 3103 3203 ille
3133 3149 3331 3203 subire
3360 3147 3740 3219 recusat,regi-

2110 3239 2288 3294 minis
2317 3242 2374 3293 et
2414 3236 2738 3309 periculum
2772 3241 3039 3293 metuens
3070 3240 3126 3293 et
3156 3237 3467 3311 indignum
3495 3253 3555 3293 se
3582 3253 3734 3309 repu-

2108 3332 2241 3383 tans
2265 3327 2429 3382 fratri
2461 3327 2678 3381 decano
2713 3326 2982 3382 Ecctesiaa
3022 3326 3078 3381 in
3113 3325 3449 3398 praelatione
3479 3325 3735 3399 praeferri,

2110 3434 2283 3489 quem
2301 3415 2435 3471 licet
2452 3418 2592 3469 natu
2609 3419 2969 3487 postremum
2984 3418 3039 3470 et
3056 3414 3358 3487 dignitatis
3378 3416 3733 3488 praerogativa

2109 3510 2165 3561 et
2193 3505 2318 3560 vita:
2352 3504 2556 3560 merito
2578 3503 2876 3559 astrucbat
2891 3502 3197 3576 potiorem.
3227 3503 3321 3559 Sic
3341 3504 3520 3577 igitur
3538 3505 3731 3559 factum

2109 3598 2199 3651 est
2212 3598 2273 3649 ut
2285 3594 2355 3649 ab
2369 3592 2717 3648 electoribus
2735 3609 2767 3647 a
2779 3590 3035 3665 capitulo
3048 3609 3150 3664 per
3170 3592 3733 3665 compromissionem

2110 3684 2263 3739 datis
2293 3682 2600 3755 eligeretur
2624 3682 2902 3749 decanus,
2922 3682 3021 3754 qui
3048 3685 3203 3738 totus
3226 3682 3474 3737 efﬂuens
3494 3681 3551 3737 in
3580 3680 3737 3752 lacry—

2110 3790 2236 3829 mas
2249 3772 2531 3827 honorem
2550 3786 2664 3825 non
2684 3770 3733 3844 dissimilirecusatatfectuﬁndignum

2108 3862 2348 3927 ducens,
2366 3858 2526 3914 fratri
2550 3863 2689 3914 natu
2721 3858 2930 3930 majori
2953 3862 3007 3912 et
3037 3859 3167 3914 vitae
3182 3875 3299 3914 non
3324 3858 3580 3931 disparis
3597 3863 3734 3913 ante-

2108 3948 2279 4021 poni:
2319 3947 2519 4020 sicque
2549 3946 2734 4002 oritur
2765 3946 3051 4001 mirabilis
3076 3947 3434 4003 concertatio
3466 3947 3617 4003 inter
3643 3947 3735 3999 fra-

2107 4042 2246 4105 tres,
2282 4040 2338 4092 et
2359 4053 2610 4108 quorum
2637 4040 2763 4091 erat
2792 4052 2892 4091 cor
2920 4053 3106 4091 unum
3130 4040 3187 4090 et
3206 4036 3403 4091 animo
3427 4054 3546 4091 una
3573 4036 3627 4091 in
3650 4034 3736 4090 hoc

2111 4127 2260 4181 facta
2279 4129 2369 4181 est
2385 4125 2646 4181 cordium
2663 4124 2891 4193 divisio,
2909 4128 2967 4180 et
2982 4124 3314 4180 animarum
3329 4124 3588 4181 scissura
3607 4122 3737 4197 quod

2108 4218 2313 4271 neuter
2334 4214 2562 4269 volebat
2577 4213 3075 4286 praeferriﬂmnes
3100 4214 3405 4270 madentes
3435 4214 3619 4270 oculis
3636 4216 3740 4268 stu-

2107 4303 2366 4376 pendum
2381 4302 2759 4358 intuebantur
2780 4301 3165 4375 spectaculem
3188 4302 3620 4375 etinsperatum
3643 4316 3740 4356 cer-

2108 4396 2304 4447 tamen
2332 4408 2345 4446 :
2379 4392 2451 4447 ad
2486 4390 2758 4446 ultimum
2790 4390 3144 4447 Senonensis
3165 4389 3641 4463 archiepiscopus
3660 4389 3738 4444 Pe

2108 4484 2255 4551 trus,
2286 4480 2385 4552 qui
2416 4479 2496 4535 ibi
2529 4480 2729 4536 aderat
2748 4497 3025 4553 praesens,
3048 4480 3107 4535 in
3142 4478 3470 4552 capitulum
3493 4481 3738 4536 evocatus

2108 4569 2446 4625 certaminis
2466 4568 2923 4636 deditmedium,
2939 4573 2998 4624 et
3012 4572 3137 4624 tum
3154 4585 3333 4624 causa
3344 4568 3615 4625 Ecclesia:
3634 4573 3737 4622 tum

2111 4658 2262 4730 quod
2273 4674 2366 4712 am
2381 4656 2661 4730 peculiari
2683 4657 2878 4713 studio
2905 4658 3138 4725 ductus,
3155 4656 3741 4713 utvidelicethcsau-

2110 4745 2264 4804 raria
2300 4746 2655 4802 Senonensis
2683 4750 2741 4802 et
2771 4745 3280 4802 archidiaconatus
3334 4742 3735 4805 Pruviacensis,

2110 4851 2237 4908 quae
2269 4835 2329 4890 in
2375 4834 2632 4891 Ecclesia
2654 4835 2974 4891 Senonensi
2998 4835 3151 4891 idem
3186 4834 3498 4892 obtinebat
3533 4829 3739 4889 Guillel-

2109 4940 2263 4992 mus,
2288 4923 2344 4977 in
2370 4940 2488 4979 suae
2519 4921 2846 4978 collationis
2864 4923 3174 4978 arbitrium
3194 4922 3543 4990 devinirent,
3568 4922 3737 4994 ipsum

2106 5016 2172 5067 ut
2203 5011 2471 5069 Ecclesia:
2501 5029 2639 5080 suae,
2673 5028 2799 5085 quae
2830 5028 2964 5067 eum
2994 5013 3253 5079 vocabat,
3280 5010 3546 5085 regimen
3572 5007 3738 5067 susci-

2107 5100 2759 5173 peretpersuasionibus
2778 5098 3449 5173 urgentibus,mediante
3462 5099 3652 5156 fratris
3668 5095 3739 5152 in-

2107 5189 2344 5256 stantia,
2378 5187 2660 5262 compulit
2690 5205 2756 5245 ac
2786 5189 3033 5245 addixit.

2181 5305 2426 5373 Qualiter
2450 5306 2689 5361 obtinuit
2715 5322 2748 5360 a
2778 5322 2902 5377 rege
2929 5304 3289 5377 privilegium
3314 5304 3383 5360 de
3410 5303 3684 5376 regalibus

2535 5376 3025 5433 .lntissiodorerisis
3054 5376 3332 5432 Ecclesia.

2175 5481 2467 5538 Electione
2490 5481 2669 5554 igitur
2691 5482 2980 5539 celebrata
3009 5484 3079 5538 de
3109 5480 3238 5555 ipso
3270 5486 3442 5538 sexta
3472 5482 3616 5551 feria
3632 5480 3743 5554 post

2107 5571 2573 5630 Puriﬁcationem
2604 5571 2782 5649 beatae
2812 5572 3025 5648 Mariae,
3068 5588 3222 5645 anno
3254 5571 3496 5630 Domini
3543 5570 3677 5632 1206
3697 5572 3742 5625 et
