  <div class='ocr_page' id='page_1' title='image "/cluster/home/n/w/nwhite01/storage/ocr_20150623/138/uva.x000829786/172.png"; bbox 0 0 3814 6218; ppageno 0'>
   <div class='ocr_carea' id='block_1_1' title="bbox 63 334 157 393">
    <p class='ocr_par' dir='ltr' id='par_1_1' title="bbox 63 334 157 393">
     <span class='ocr_line' id='line_1_1' title="bbox 63 334 157 393; baseline 0 -1"><span class='ocrx_word' id='word_1_1' title='bbox 63 334 157 393; x_wconf 69' lang='grc' dir='ltr'><strong>3Ξ9</strong></span> 
     </span>
    </p>
   </div>
   <div class='ocr_carea' id='block_1_2' title="bbox 940 332 2561 396">
    <p class='ocr_par' dir='ltr' id='par_1_2' title="bbox 940 332 2561 396">
     <span class='ocr_line' id='line_1_2' title="bbox 940 332 2561 396; baseline -0.001 -3"><span class='ocrx_word' id='word_1_2' title='bbox 940 334 1040 393; x_wconf 83' lang='lat' dir='ltr'><strong>DE</strong></span> <span class='ocrx_word' id='word_1_3' title='bbox 1086 334 1357 394; x_wconf 83' lang='lat' dir='ltr'><strong>GES’l‘IS</strong></span> <span class='ocrx_word' id='word_1_4' title='bbox 1404 332 1641 392; x_wconf 80' lang='lat' dir='ltr'><strong>EPISC.</strong></span> <span class='ocrx_word' id='word_1_5' title='bbox 1691 332 2128 394; x_wconf 70' lang='lat' dir='ltr'><strong>ANTIS‘SIOD.</strong></span> <span class='ocrx_word' id='word_1_6' title='bbox 2162 368 2238 376; x_wconf 94' lang='lat'><strong><em>—</em></strong></span> <span class='ocrx_word' id='word_1_7' title='bbox 2272 334 2468 396; x_wconf 80' lang='lat' dir='ltr'><strong>PARS</strong></span> <span class='ocrx_word' id='word_1_8' title='bbox 2514 336 2561 394; x_wconf 94' lang='grc' dir='ltr'><strong>Ι.</strong></span> 
     </span>
    </p>
   </div>
   <div class='ocr_carea' id='block_1_3' title="bbox 3323 339 3444 399">
    <p class='ocr_par' dir='ltr' id='par_1_3' title="bbox 3323 339 3444 399">
     <span class='ocr_line' id='line_1_3' title="bbox 3323 339 3444 399; baseline -0.017 0"><span class='ocrx_word' id='word_1_9' title='bbox 3323 339 3444 399; x_wconf 87' lang='grc'><strong>330</strong></span> 
     </span>
    </p>
   </div>
   <div class='ocr_carea' id='block_1_4' title="bbox 63 462 3445 538">
    <p class='ocr_par' dir='ltr' id='par_1_4' title="bbox 63 462 3445 538">
     <span class='ocr_line' id='line_1_4' title="bbox 63 462 3445 538; baseline 0.001 -19"><span class='ocrx_word' id='word_1_10' title='bbox 63 481 147 537; x_wconf 82' lang='lat' dir='ltr'><strong>per</strong></span> <span class='ocrx_word' id='word_1_11' title='bbox 173 463 679 520; x_wconf 82' lang='lat' dir='ltr'><strong>conﬁrmationem</strong></span> <span class='ocrx_word' id='word_1_12' title='bbox 712 462 1128 536; x_wconf 82' lang='lat' dir='ltr'><strong>archiepiscopi</strong></span> <span class='ocrx_word' id='word_1_13' title='bbox 1163 463 1567 535; x_wconf 85' lang='lat' dir='ltr'><strong>approbata,et</strong></span> <span class='ocrx_word' id='word_1_14' title='bbox 1590 478 1693 533; x_wconf 85' lang='lat' dir='ltr'><strong>per</strong></span> <span class='ocrx_word' id='word_1_15' title='bbox 1719 465 1770 529; x_wconf 78' lang='grc' dir='ltr'><strong>Α</strong></span> <span class='ocrx_word' id='word_1_16' title='bbox 1803 463 1994 518; x_wconf 75' lang='lat' dir='ltr'><strong>nimia-3</strong></span> <span class='ocrx_word' id='word_1_17' title='bbox 2013 463 2446 520; x_wconf 80' lang='lat' dir='ltr'><strong>deliberationis</strong></span> <span class='ocrx_word' id='word_1_18' title='bbox 2468 465 2735 521; x_wconf 78' lang='lat' dir='ltr'><strong>inducias</strong></span> <span class='ocrx_word' id='word_1_19' title='bbox 2756 464 2950 538; x_wconf 89' lang='lat' dir='ltr'><strong>aliqua</strong></span> <span class='ocrx_word' id='word_1_20' title='bbox 2970 483 3140 521; x_wconf 79' lang='lat' dir='ltr'><strong>morae</strong></span> <span class='ocrx_word' id='word_1_21' title='bbox 3164 468 3445 536; x_wconf 75' lang='lat' dir='ltr'><strong>longioris</strong></span> 
     </span>
    </p>
   </div>
   <div class='ocr_carea' id='block_1_5' title="bbox 62 551 1692 624">
    <p class='ocr_par' dir='ltr' id='par_1_5' title="bbox 62 551 1692 624">
     <span class='ocr_line' id='line_1_5' title="bbox 62 551 1692 624; baseline -0.001 -16"><span class='ocrx_word' id='word_1_22' title='bbox 62 552 536 608; x_wconf 80' lang='lat' dir='ltr'><strong>consecrationem</strong></span> <span class='ocrx_word' id='word_1_23' title='bbox 554 552 744 624; x_wconf 87' lang='lat' dir='ltr'><strong>ipsius</strong></span> <span class='ocrx_word' id='word_1_24' title='bbox 756 553 827 608; x_wconf 91' lang='lat' dir='ltr'><strong>ad</strong></span> <span class='ocrx_word' id='word_1_25' title='bbox 844 552 1116 607; x_wconf 89' lang='lat' dir='ltr'><strong>ultimum</strong></span> <span class='ocrx_word' id='word_1_26' title='bbox 1130 551 1692 623; x_wconf 86' lang='lat' dir='ltr'><strong>consummata,ipso</strong></span> 
     </span>
    </p>
   </div>
   <div class='ocr_carea' id='block_1_6' title="bbox 68 639 1690 713">
    <p class='ocr_par' dir='ltr' id='par_1_6' title="bbox 68 639 1690 713">
     <span class='ocr_line' id='line_1_6' title="bbox 68 639 1690 713; baseline -0.002 -17"><span class='ocrx_word' id='word_1_27' title='bbox 68 641 506 697; x_wconf 82' lang='lat' dir='ltr'><strong>consecrationis</strong></span> <span class='ocrx_word' id='word_1_28' title='bbox 529 641 625 696; x_wconf 90' lang='lat' dir='ltr'><strong>die</strong></span> <span class='ocrx_word' id='word_1_29' title='bbox 647 642 715 697; x_wconf 92' lang='lat' dir='ltr'><strong>ad</strong></span> <span class='ocrx_word' id='word_1_30' title='bbox 745 641 1050 696; x_wconf 89' lang='lat' dir='ltr'><strong>dominum</strong></span> <span class='ocrx_word' id='word_1_31' title='bbox 1072 657 1267 712; x_wconf 85' lang='lat' dir='ltr'><strong>regem</strong></span> <span class='ocrx_word' id='word_1_32' title='bbox 1292 639 1690 713; x_wconf 90' lang='lat' dir='ltr'><strong>properat,qui</strong></span> 
     </span>
    </p>
   </div>
   <div class='ocr_carea' id='block_1_7' title="bbox 62 728 1693 803">
    <p class='ocr_par' dir='ltr' id='par_1_7' title="bbox 62 728 1693 803">
     <span class='ocr_line' id='line_1_7' title="bbox 62 728 1693 803; baseline -0.001 -18"><span class='ocrx_word' id='word_1_33' title='bbox 62 748 146 803; x_wconf 84' lang='lat' dir='ltr'><strong>per</strong></span> <span class='ocrx_word' id='word_1_34' title='bbox 173 730 463 786; x_wconf 86' lang='lat' dir='ltr'><strong>solemnes</strong></span> <span class='ocrx_word' id='word_1_35' title='bbox 496 729 768 785; x_wconf 65' lang='lat' dir='ltr'><strong>Ecclesiae</strong></span> <span class='ocrx_word' id='word_1_36' title='bbox 801 747 920 785; x_wconf 68' lang='lat' dir='ltr'><strong>suae</strong></span> <span class='ocrx_word' id='word_1_37' title='bbox 962 730 1200 785; x_wconf 89' lang='lat' dir='ltr'><strong>nuntios</strong></span> <span class='ocrx_word' id='word_1_38' title='bbox 1230 747 1263 783; x_wconf 93' lang='lat' dir='ltr'><strong>a</strong></span> <span class='ocrx_word' id='word_1_39' title='bbox 1291 735 1555 800; x_wconf 87' lang='lat' dir='ltr'><strong>tempore</strong></span> <span class='ocrx_word' id='word_1_40' title='bbox 1585 728 1693 784; x_wconf 89' lang='lat' dir='ltr'><strong>ele-</strong></span> 
     </span>
    </p>
   </div>
   <div class='ocr_carea' id='block_1_8' title="bbox 60 816 1694 889">
    <p class='ocr_par' dir='ltr' id='par_1_8' title="bbox 60 816 1694 889">
     <span class='ocr_line' id='line_1_8' title="bbox 60 816 1694 889; baseline 0 -18"><span class='ocrx_word' id='word_1_41' title='bbox 60 817 242 872; x_wconf 84' lang='lat' dir='ltr'><strong>ctionis</strong></span> <span class='ocrx_word' id='word_1_42' title='bbox 275 818 437 872; x_wconf 62' lang='lat' dir='ltr'><strong>facta</strong></span> <span class='ocrx_word' id='word_1_43' title='bbox 468 816 810 888; x_wconf 81' lang='lat' dir='ltr'><strong>requisitas,</strong></span> <span class='ocrx_word' id='word_1_44' title='bbox 844 834 970 889; x_wconf 67' lang='lat' dir='ltr'><strong>quaa</strong></span> <span class='ocrx_word' id='word_1_45' title='bbox 1002 816 1301 872; x_wconf 80' lang='lat' dir='ltr'><strong>decedenti</strong></span> <span class='ocrx_word' id='word_1_46' title='bbox 1330 820 1573 887; x_wconf 86' lang='lat' dir='ltr'><strong>Hugone</strong></span> <span class='ocrx_word' id='word_1_47' title='bbox 1602 832 1694 871; x_wconf 89' lang='lat' dir='ltr'><strong>oc-</strong></span> 
     </span>
    </p>
   </div>
   <div class='ocr_carea' id='block_1_9' title="bbox 60 904 1693 978">
    <p class='ocr_par' dir='ltr' id='par_1_9' title="bbox 60 904 1693 978">
     <span class='ocr_line' id='line_1_9' title="bbox 60 904 1693 978; baseline -0.001 -17"><span class='ocrx_word' id='word_1_48' title='bbox 60 910 341 978; x_wconf 85' lang='lat' dir='ltr'><strong>cupaverat</strong></span> <span class='ocrx_word' id='word_1_49' title='bbox 372 905 613 977; x_wconf 78' lang='lat' dir='ltr'><strong>regalia,</strong></span> <span class='ocrx_word' id='word_1_50' title='bbox 646 906 698 961; x_wconf 90' lang='lat' dir='ltr'><strong>ei</strong></span> <span class='ocrx_word' id='word_1_51' title='bbox 730 906 1035 962; x_wconf 88' lang='lat' dir='ltr'><strong>restituere</strong></span> <span class='ocrx_word' id='word_1_52' title='bbox 1066 905 1452 970; x_wconf 79' lang='lat' dir='ltr'><strong>detrectabat,</strong></span> <span class='ocrx_word' id='word_1_53' title='bbox 1484 904 1603 959; x_wconf 91' lang='lat' dir='ltr'><strong>imo</strong></span> <span class='ocrx_word' id='word_1_54' title='bbox 1635 909 1693 959; x_wconf 89' lang='lat' dir='ltr'><strong>et</strong></span> 
     </span>
    </p>
   </div>
   <div class='ocr_carea' id='block_1_10' title="bbox 60 992 1690 1067">
    <p class='ocr_par' dir='ltr' id='par_1_10' title="bbox 60 992 1690 1067">
     <span class='ocr_line' id='line_1_10' title="bbox 60 992 1690 1067; baseline -0.002 -18"><span class='ocrx_word' id='word_1_55' title='bbox 60 994 349 1050; x_wconf 75' lang='lat' dir='ltr'><strong>servientes</strong></span> <span class='ocrx_word' id='word_1_56' title='bbox 381 993 573 1066; x_wconf 85' lang='lat' dir='ltr'><strong>ipsius</strong></span> <span class='ocrx_word' id='word_1_57' title='bbox 603 995 676 1049; x_wconf 90' lang='lat' dir='ltr'><strong>ab</strong></span> <span class='ocrx_word' id='word_1_58' title='bbox 706 1010 773 1050; x_wconf 90' lang='lat' dir='ltr'><strong>eo</strong></span> <span class='ocrx_word' id='word_1_59' title='bbox 802 993 1090 1067; x_wconf 84' lang='lat' dir='ltr'><strong>regalium</strong></span> <span class='ocrx_word' id='word_1_60' title='bbox 1117 993 1394 1048; x_wconf 68' lang='lat' dir='ltr'><strong>custodiat</strong></span> <span class='ocrx_word' id='word_1_61' title='bbox 1425 992 1690 1064; x_wconf 87' lang='lat' dir='ltr'><strong>deputati</strong></span> 
     </span>
    </p>
   </div>
   <div class='ocr_carea' id='block_1_11' title="bbox 1802 552 3446 626">
    <p class='ocr_par' dir='ltr' id='par_1_11' title="bbox 1802 552 3446 626">
     <span class='ocr_line' id='line_1_11' title="bbox 1802 552 3446 626; baseline 0.002 -18"><span class='ocrx_word' id='word_1_62' title='bbox 1802 554 2131 608; x_wconf 75' lang='lat' dir='ltr'><strong>sentiebant</strong></span> <span class='ocrx_word' id='word_1_63' title='bbox 2153 552 2547 625; x_wconf 88' lang='lat' dir='ltr'><strong>dispendium,</strong></span> <span class='ocrx_word' id='word_1_64' title='bbox 2569 571 2695 626; x_wconf 77' lang='lat' dir='ltr'><strong>quae</strong></span> <span class='ocrx_word' id='word_1_65' title='bbox 2713 555 3081 610; x_wconf 85' lang='lat' dir='ltr'><strong>commodius</strong></span> <span class='ocrx_word' id='word_1_66' title='bbox 3102 556 3329 611; x_wconf 78' lang='lat' dir='ltr'><strong>fuerant</strong></span> <span class='ocrx_word' id='word_1_67' title='bbox 3348 557 3446 611; x_wconf 88' lang='lat' dir='ltr'><strong>ali-</strong></span> 
     </span>
    </p>
   </div>
   <div class='ocr_carea' id='block_1_12' title="bbox 1802 641 3450 715">
    <p class='ocr_par' dir='ltr' id='par_1_12' title="bbox 1802 641 3450 715">
     <span class='ocr_line' id='line_1_12' title="bbox 1802 641 3450 715; baseline 0.002 -19"><span class='ocrx_word' id='word_1_68' title='bbox 1802 642 1971 713; x_wconf 87' lang='lat' dir='ltr'><strong>cujus</strong></span> <span class='ocrx_word' id='word_1_69' title='bbox 2004 641 2395 698; x_wconf 81' lang='lat' dir='ltr'><strong>festinationis</strong></span> <span class='ocrx_word' id='word_1_70' title='bbox 2416 642 2760 715; x_wconf 88' lang='lat' dir='ltr'><strong>compendio</strong></span> <span class='ocrx_word' id='word_1_71' title='bbox 2794 644 3161 699; x_wconf 84' lang='lat' dir='ltr'><strong>maturanda.</strong></span> <span class='ocrx_word' id='word_1_72' title='bbox 3190 646 3326 700; x_wconf 86' lang='lat' dir='ltr'><strong>Erat</strong></span> <span class='ocrx_word' id='word_1_73' title='bbox 3348 647 3450 699; x_wconf 90' lang='lat' dir='ltr'><strong>ita-</strong></span> 
     </span>
    </p>
   </div>
   <div class='ocr_carea' id='block_1_13' title="bbox 1802 731 3448 804">
    <p class='ocr_par' dir='ltr' id='par_1_13' title="bbox 1802 731 3448 804">
     <span class='ocr_line' id='line_1_13' title="bbox 1802 731 3448 804; baseline 0.002 -19"><span class='ocrx_word' id='word_1_74' title='bbox 1802 748 1915 803; x_wconf 89' lang='lat' dir='ltr'><strong>que</strong></span> <span class='ocrx_word' id='word_1_75' title='bbox 1947 731 2190 786; x_wconf 91' lang='lat' dir='ltr'><strong>concilio</strong></span> <span class='ocrx_word' id='word_1_76' title='bbox 2221 731 2675 804; x_wconf 77' lang='lat' dir='ltr'><strong>circumspectus,</strong></span> <span class='ocrx_word' id='word_1_77' title='bbox 2724 731 2952 804; x_wconf 86' lang='lat' dir='ltr'><strong>eloquio</strong></span> <span class='ocrx_word' id='word_1_78' title='bbox 2985 738 3308 799; x_wconf 87' lang='lat' dir='ltr'><strong>masuetus,</strong></span> <span class='ocrx_word' id='word_1_79' title='bbox 3340 732 3448 788; x_wconf 87' lang='lat' dir='ltr'><strong>ho-</strong></span> 
     </span>
    </p>
   </div>
   <div class='ocr_carea' id='block_1_14' title="bbox 1802 818 3448 892">
    <p class='ocr_par' dir='ltr' id='par_1_14' title="bbox 1802 818 3448 892">
     <span class='ocr_line' id='line_1_14' title="bbox 1802 818 3448 892; baseline 0.002 -19"><span class='ocrx_word' id='word_1_80' title='bbox 1802 818 2120 890; x_wconf 87' lang='lat' dir='ltr'><strong>spitalitate</strong></span> <span class='ocrx_word' id='word_1_81' title='bbox 2150 819 2499 891; x_wconf 68' lang='lat' dir='ltr'><strong>praecipuus,</strong></span> <span class='ocrx_word' id='word_1_82' title='bbox 2535 836 2855 892; x_wconf 87' lang='lat' dir='ltr'><strong>pauperum</strong></span> <span class='ocrx_word' id='word_1_83' title='bbox 2880 818 3120 875; x_wconf 89' lang='lat' dir='ltr'><strong>sedulus</strong></span> <span class='ocrx_word' id='word_1_84' title='bbox 3146 820 3448 892; x_wconf 78' lang='lat' dir='ltr'><strong>dispensa-</strong></span> 
     </span>
    </p>
   </div>
   <div class='ocr_carea' id='block_1_15' title="bbox 1798 907 3448 981">
    <p class='ocr_par' dir='ltr' id='par_1_15' title="bbox 1798 907 3448 981">
     <span class='ocr_line' id='line_1_15' title="bbox 1798 907 3448 981; baseline 0.001 -19"><span class='ocrx_word' id='word_1_85' title='bbox 1798 913 1909 975; x_wconf 89' lang='lat' dir='ltr'><strong>tor,</strong></span> <span class='ocrx_word' id='word_1_86' title='bbox 1926 908 2226 964; x_wconf 83' lang='lat' dir='ltr'><strong>modestus</strong></span> <span class='ocrx_word' id='word_1_87' title='bbox 2248 907 2305 962; x_wconf 91' lang='lat' dir='ltr'><strong>in</strong></span> <span class='ocrx_word' id='word_1_88' title='bbox 2329 907 3086 981; x_wconf 89' lang='lat' dir='ltr'><strong>prosperis,longanimisin</strong></span> <span class='ocrx_word' id='word_1_89' title='bbox 3111 909 3371 964; x_wconf 83' lang='lat' dir='ltr'><strong>adversis</strong></span> <span class='ocrx_word' id='word_1_90' title='bbox 3392 914 3448 965; x_wconf 86' lang='lat' dir='ltr'><strong>et</strong></span> 
     </span>
    </p>
   </div>
   <div class='ocr_carea' id='block_1_16' title="bbox 1799 994 3450 1068">
    <p class='ocr_par' dir='ltr' id='par_1_16' title="bbox 1799 994 3450 1068">
     <span class='ocr_line' id='line_1_16' title="bbox 1799 994 3450 1068; baseline 0.002 -18"><span class='ocrx_word' id='word_1_91' title='bbox 1799 995 2090 1067; x_wconf 76' lang='lat' dir='ltr'><strong>patientiae</strong></span> <span class='ocrx_word' id='word_1_92' title='bbox 2104 994 2597 1067; x_wconf 57' lang='lat' dir='ltr'><strong>singularisduris</strong></span> <span class='ocrx_word' id='word_1_93' title='bbox 2611 995 2699 1051; x_wconf 90' lang='lat' dir='ltr'><strong>sui</strong></span> <span class='ocrx_word' id='word_1_94' title='bbox 2715 995 3097 1067; x_wconf 89' lang='lat' dir='ltr'><strong>infatigabilis</strong></span> <span class='ocrx_word' id='word_1_95' title='bbox 3111 1002 3450 1068; x_wconf 85' lang='lat' dir='ltr'><strong>prosecutor</strong></span> 
     </span>
    </p>
   </div>
   <div class='ocr_carea' id='block_1_17' title="bbox 61 1080 3441 1156">
    <p class='ocr_par' dir='ltr' id='par_1_17' title="bbox 61 1080 3441 1156">
     <span class='ocr_line' id='line_1_17' title="bbox 61 1080 3441 1156; baseline 0.001 -19"><span class='ocrx_word' id='word_1_96' title='bbox 61 1082 191 1139; x_wconf 86' lang='lat' dir='ltr'><strong>circa</strong></span> <span class='ocrx_word' id='word_1_97' title='bbox 218 1080 576 1154; x_wconf 83' lang='lat' dir='ltr'><strong>episcOpalia</strong></span> <span class='ocrx_word' id='word_1_98' title='bbox 600 1081 768 1137; x_wconf 86' lang='lat' dir='ltr'><strong>valde</strong></span> <span class='ocrx_word' id='word_1_99' title='bbox 799 1098 1104 1154; x_wconf 84' lang='lat' dir='ltr'><strong>perperam</strong></span> <span class='ocrx_word' id='word_1_100' title='bbox 1127 1097 1189 1136; x_wconf 85' lang='lat' dir='ltr'><strong>se</strong></span> <span class='ocrx_word' id='word_1_101' title='bbox 1210 1081 1524 1136; x_wconf 87' lang='lat' dir='ltr'><strong>habebant.</strong></span> <span class='ocrx_word' id='word_1_102' title='bbox 1540 1080 1686 1135; x_wconf 89' lang='lat' dir='ltr'><strong>Nam</strong></span> <span class='ocrx_word' id='word_1_103' title='bbox 1790 1086 1961 1155; x_wconf 65' lang='lat' dir='ltr'><strong>juxta</strong></span> <span class='ocrx_word' id='word_1_104' title='bbox 1986 1082 2244 1156; x_wconf 89' lang='lat' dir='ltr'><strong>regulam</strong></span> <span class='ocrx_word' id='word_1_105' title='bbox 2270 1083 2525 1154; x_wconf 84' lang='lat' dir='ltr'><strong>Apostoli</strong></span> <span class='ocrx_word' id='word_1_106' title='bbox 2552 1100 2564 1137; x_wconf 90' lang='lat'>:</span> <span class='ocrx_word' id='word_1_107' title='bbox 2589 1085 2785 1138; x_wconf 75' lang='lat' dir='ltr'><strong>Domni</strong></span> <span class='ocrx_word' id='word_1_108' title='bbox 2805 1098 2923 1140; x_wconf 71' lang='lat' dir='ltr'><strong>sua:</strong></span> <span class='ocrx_word' id='word_1_109' title='bbox 2945 1087 3075 1139; x_wconf 81' lang='lat' dir='ltr'><strong>bene</strong></span> <span class='ocrx_word' id='word_1_110' title='bbox 3100 1087 3441 1156; x_wconf 65' lang='lat' dir='ltr'><strong>prmposilus,</strong></span> 
     </span>
    </p>
   </div>
   <div class='ocr_carea' id='block_1_18' title="bbox 60 1170 1691 1243">
    <p class='ocr_par' dir='ltr' id='par_1_18' title="bbox 60 1170 1691 1243">
     <span class='ocr_line' id='line_1_18' title="bbox 60 1170 1691 1243; baseline -0.001 -17"><span class='ocrx_word' id='word_1_111' title='bbox 60 1176 199 1226; x_wconf 86' lang='lat' dir='ltr'><strong>tanto</strong></span> <span class='ocrx_word' id='word_1_112' title='bbox 226 1170 546 1226; x_wconf 85' lang='lat' dir='ltr'><strong>vocationis</strong></span> <span class='ocrx_word' id='word_1_113' title='bbox 576 1175 858 1243; x_wconf 82' lang='lat' dir='ltr'><strong>tempore;</strong></span> <span class='ocrx_word' id='word_1_114' title='bbox 880 1175 939 1225; x_wconf 91' lang='lat' dir='ltr'><strong>et</strong></span> <span class='ocrx_word' id='word_1_115' title='bbox 955 1186 1143 1241; x_wconf 88' lang='lat' dir='ltr'><strong>usque</strong></span> <span class='ocrx_word' id='word_1_116' title='bbox 1166 1177 1303 1224; x_wconf 89' lang='lat' dir='ltr'><strong>tunc</strong></span> <span class='ocrx_word' id='word_1_117' title='bbox 1326 1170 1478 1224; x_wconf 90' lang='lat' dir='ltr'><strong>facta</strong></span> <span class='ocrx_word' id='word_1_118' title='bbox 1501 1170 1691 1224; x_wconf 84' lang='lat' dir='ltr'><strong>fuerat</strong></span> 
     </span>
    </p>
   </div>
   <div class='ocr_carea' id='block_1_19' title="bbox 61 1256 1691 1333">
    <p class='ocr_par' dir='ltr' id='par_1_19' title="bbox 61 1256 1691 1333">
     <span class='ocr_line' id='line_1_19' title="bbox 61 1256 1691 1333; baseline -0.002 -18"><span class='ocrx_word' id='word_1_119' title='bbox 61 1277 145 1331; x_wconf 88' lang='lat' dir='ltr'><strong>per</strong></span> <span class='ocrx_word' id='word_1_120' title='bbox 173 1261 327 1333; x_wconf 88' lang='lat' dir='ltr'><strong>ipsos</strong></span> <span class='ocrx_word' id='word_1_121' title='bbox 346 1258 771 1331; x_wconf 88' lang='lat' dir='ltr'><strong>episcopalium</strong></span> <span class='ocrx_word' id='word_1_122' title='bbox 788 1256 1093 1331; x_wconf 79' lang='lat' dir='ltr'><strong>dissipatio</strong></span> <span class='ocrx_word' id='word_1_123' title='bbox 1120 1258 1472 1322; x_wconf 89' lang='lat' dir='ltr'><strong>miseranda,</strong></span> <span class='ocrx_word' id='word_1_124' title='bbox 1504 1257 1691 1313; x_wconf 88' lang='lat' dir='ltr'><strong>homi-</strong></span> 
     </span>
    </p>
   </div>
   <div class='ocr_carea' id='block_1_20' title="bbox 60 1346 1685 1418">
    <p class='ocr_par' dir='ltr' id='par_1_20' title="bbox 60 1346 1685 1418">
     <span class='ocr_line' id='line_1_20' title="bbox 60 1346 1685 1418; baseline -0.002 -14"><span class='ocrx_word' id='word_1_125' title='bbox 60 1366 180 1404; x_wconf 88' lang='lat' dir='ltr'><strong>num</strong></span> <span class='ocrx_word' id='word_1_126' title='bbox 209 1347 507 1404; x_wconf 87' lang='lat' dir='ltr'><strong>emunctio</strong></span> <span class='ocrx_word' id='word_1_127' title='bbox 538 1347 811 1415; x_wconf 89' lang='lat' dir='ltr'><strong>violenta,</strong></span> <span class='ocrx_word' id='word_1_128' title='bbox 845 1347 1123 1402; x_wconf 87' lang='lat' dir='ltr'><strong>silvarum</strong></span> <span class='ocrx_word' id='word_1_129' title='bbox 1156 1364 1190 1402; x_wconf 93' lang='lat' dir='ltr'><strong>a</strong></span> <span class='ocrx_word' id='word_1_130' title='bbox 1221 1346 1413 1418; x_wconf 84' lang='lat' dir='ltr'><strong>longis</strong></span> <span class='ocrx_word' id='word_1_131' title='bbox 1443 1346 1685 1401; x_wconf 89' lang='lat' dir='ltr'><strong>intacta-</strong></span> 
     </span>
    </p>
   </div>
   <div class='ocr_carea' id='block_1_21' title="bbox 61 1435 1686 1509">
    <p class='ocr_par' dir='ltr' id='par_1_21' title="bbox 61 1435 1686 1509">
     <span class='ocr_line' id='line_1_21' title="bbox 61 1435 1686 1509; baseline -0.001 -18"><span class='ocrx_word' id='word_1_132' title='bbox 61 1455 169 1492; x_wconf 87' lang='lat' dir='ltr'><strong>rum</strong></span> <span class='ocrx_word' id='word_1_133' title='bbox 189 1437 555 1509; x_wconf 86' lang='lat' dir='ltr'><strong>temporibus</strong></span> <span class='ocrx_word' id='word_1_134' title='bbox 584 1437 872 1492; x_wconf 87' lang='lat' dir='ltr'><strong>damnosa</strong></span> <span class='ocrx_word' id='word_1_135' title='bbox 898 1436 1064 1491; x_wconf 88' lang='lat' dir='ltr'><strong>valde</strong></span> <span class='ocrx_word' id='word_1_136' title='bbox 1094 1437 1417 1505; x_wconf 87' lang='lat' dir='ltr'><strong>distractio,</strong></span> <span class='ocrx_word' id='word_1_137' title='bbox 1460 1435 1686 1491; x_wconf 87' lang='lat' dir='ltr'><strong>daban-</strong></span> 
     </span>
    </p>
   </div>
   <div class='ocr_carea' id='block_1_22' title="bbox 59 1523 1684 1598">
    <p class='ocr_par' dir='ltr' id='par_1_22' title="bbox 59 1523 1684 1598">
     <span class='ocr_line' id='line_1_22' title="bbox 59 1523 1684 1598; baseline -0.001 -19"><span class='ocrx_word' id='word_1_138' title='bbox 59 1532 243 1598; x_wconf 87' lang='lat' dir='ltr'><strong>turque</strong></span> <span class='ocrx_word' id='word_1_139' title='bbox 271 1525 473 1581; x_wconf 88' lang='lat' dir='ltr'><strong>hostili</strong></span> <span class='ocrx_word' id='word_1_140' title='bbox 504 1541 668 1580; x_wconf 89' lang='lat' dir='ltr'><strong>more</strong></span> <span class='ocrx_word' id='word_1_141' title='bbox 698 1524 899 1579; x_wconf 87' lang='lat' dir='ltr'><strong>omnia</strong></span> <span class='ocrx_word' id='word_1_142' title='bbox 945 1524 1003 1579; x_wconf 92' lang='lat' dir='ltr'><strong>in</strong></span> <span class='ocrx_word' id='word_1_143' title='bbox 1036 1523 1421 1596; x_wconf 85' lang='lat' dir='ltr'><strong>direptionem</strong></span> <span class='ocrx_word' id='word_1_144' title='bbox 1455 1528 1512 1579; x_wconf 90' lang='lat' dir='ltr'><strong>et</strong></span> <span class='ocrx_word' id='word_1_145' title='bbox 1542 1541 1684 1595; x_wconf 67' lang='lat' dir='ltr'><strong>pra:-</strong></span> 
     </span>
    </p>
   </div>
   <div class='ocr_carea' id='block_1_23' title="bbox 59 1612 1683 1686">
    <p class='ocr_par' dir='ltr' id='par_1_23' title="bbox 59 1612 1683 1686">
     <span class='ocr_line' id='line_1_23' title="bbox 59 1612 1683 1686; baseline -0.001 -17"><span class='ocrx_word' id='word_1_146' title='bbox 59 1616 190 1679; x_wconf 86' lang='lat' dir='ltr'><strong>dam,</strong></span> <span class='ocrx_word' id='word_1_147' title='bbox 221 1615 301 1669; x_wconf 86' lang='lat' dir='ltr'><strong>ita</strong></span> <span class='ocrx_word' id='word_1_148' title='bbox 325 1615 486 1686; x_wconf 89' lang='lat' dir='ltr'><strong>quod</strong></span> <span class='ocrx_word' id='word_1_149' title='bbox 522 1613 678 1669; x_wconf 89' lang='lat' dir='ltr'><strong>brevi</strong></span> <span class='ocrx_word' id='word_1_150' title='bbox 708 1613 768 1668; x_wconf 91' lang='lat' dir='ltr'><strong>in</strong></span> <span class='ocrx_word' id='word_1_151' title='bbox 818 1618 1080 1684; x_wconf 89' lang='lat' dir='ltr'><strong>tempore</strong></span> <span class='ocrx_word' id='word_1_152' title='bbox 1119 1613 1370 1667; x_wconf 84' lang='lat' dir='ltr'><strong>fuissent</strong></span> <span class='ocrx_word' id='word_1_153' title='bbox 1399 1612 1457 1667; x_wconf 91' lang='lat' dir='ltr'><strong>in</strong></span> <span class='ocrx_word' id='word_1_154' title='bbox 1498 1617 1683 1667; x_wconf 87' lang='lat' dir='ltr'><strong>exter-</strong></span> 
     </span>
    </p>
   </div>
   <div class='ocr_carea' id='block_1_24' title="bbox 58 1701 1685 1773">
    <p class='ocr_par' dir='ltr' id='par_1_24' title="bbox 58 1701 1685 1773">
     <span class='ocr_line' id='line_1_24' title="bbox 58 1701 1685 1773; baseline -0.001 -15"><span class='ocrx_word' id='word_1_155' title='bbox 58 1704 279 1758; x_wconf 87' lang='lat' dir='ltr'><strong>minium</strong></span> <span class='ocrx_word' id='word_1_156' title='bbox 313 1702 429 1758; x_wconf 87' lang='lat' dir='ltr'><strong>nisi</strong></span> <span class='ocrx_word' id='word_1_157' title='bbox 445 1702 649 1757; x_wconf 86' lang='lat' dir='ltr'><strong>divina</strong></span> <span class='ocrx_word' id='word_1_158' title='bbox 664 1702 1025 1773; x_wconf 88' lang='lat' dir='ltr'><strong>dispensatio</strong></span> <span class='ocrx_word' id='word_1_159' title='bbox 1046 1702 1117 1755; x_wconf 89' lang='lat' dir='ltr'><strong>de</strong></span> <span class='ocrx_word' id='word_1_160' title='bbox 1140 1707 1372 1772; x_wconf 85' lang='lat' dir='ltr'><strong>pastore</strong></span> <span class='ocrx_word' id='word_1_161' title='bbox 1396 1701 1685 1756; x_wconf 86' lang='lat' dir='ltr'><strong>maturius</strong></span> 
     </span>
    </p>
   </div>
   <div class='ocr_carea' id='block_1_25' title="bbox 56 1787 1765 1895">
    <p class='ocr_par' dir='ltr' id='par_1_25' title="bbox 56 1787 1765 1895">
     <span class='ocr_line' id='line_1_25' title="bbox 56 1787 1765 1895; baseline -0.002 -50"><span class='ocrx_word' id='word_1_162' title='bbox 56 1792 375 1861; x_wconf 81' lang='lat' dir='ltr'><strong>providisset</strong></span> <span class='ocrx_word' id='word_1_163' title='bbox 407 1788 697 1844; x_wconf 71' lang='lat' dir='ltr'><strong>Ecclesiae.</strong></span> <span class='ocrx_word' id='word_1_164' title='bbox 720 1789 1052 1859; x_wconf 80' lang='lat' dir='ltr'><strong>Susceptus</strong></span> <span class='ocrx_word' id='word_1_165' title='bbox 1076 1788 1254 1859; x_wconf 87' lang='lat' dir='ltr'><strong>igitur</strong></span> <span class='ocrx_word' id='word_1_166' title='bbox 1268 1787 1517 1859; x_wconf 88' lang='lat' dir='ltr'><strong>benigne</strong></span> <span class='ocrx_word' id='word_1_167' title='bbox 1540 1787 1685 1843; x_wconf 85' lang='lat' dir='ltr'><strong>satis</strong></span> <span class='ocrx_word' id='word_1_168' title='bbox 1717 1830 1765 1895; x_wconf 82' lang='lat' dir='ltr'><strong>B</strong></span> 
     </span>
    </p>
   </div>
   <div class='ocr_carea' id='block_1_26' title="bbox 55 1874 1687 1949">
    <p class='ocr_par' dir='ltr' id='par_1_26' title="bbox 55 1874 1687 1949">
     <span class='ocr_line' id='line_1_26' title="bbox 55 1874 1687 1949; baseline -0.002 -15"><span class='ocrx_word' id='word_1_169' title='bbox 55 1879 342 1935; x_wconf 80' lang='lat' dir='ltr'><strong>serenitate</strong></span> <span class='ocrx_word' id='word_1_170' title='bbox 373 1876 581 1949; x_wconf 89' lang='lat' dir='ltr'><strong>regali,</strong></span> <span class='ocrx_word' id='word_1_171' title='bbox 607 1877 679 1932; x_wconf 88' lang='lat' dir='ltr'><strong>ab</strong></span> <span class='ocrx_word' id='word_1_172' title='bbox 700 1894 768 1932; x_wconf 90' lang='lat' dir='ltr'><strong>ea</strong></span> <span class='ocrx_word' id='word_1_173' title='bbox 788 1876 995 1947; x_wconf 87' lang='lat' dir='ltr'><strong>recipit</strong></span> <span class='ocrx_word' id='word_1_174' title='bbox 1017 1874 1143 1931; x_wconf 90' lang='lat' dir='ltr'><strong>sine</strong></span> <span class='ocrx_word' id='word_1_175' title='bbox 1165 1874 1511 1930; x_wconf 74' lang='lat' dir='ltr'><strong>difﬁcultate</strong></span> <span class='ocrx_word' id='word_1_176' title='bbox 1531 1892 1687 1947; x_wconf 87' lang='lat' dir='ltr'><strong>rega-</strong></span> 
     </span>
    </p>
   </div>
   <div class='ocr_carea' id='block_1_27' title="bbox 55 1962 1688 2038">
    <p class='ocr_par' dir='ltr' id='par_1_27' title="bbox 55 1962 1688 2038">
     <span class='ocr_line' id='line_1_27' title="bbox 55 1962 1688 2038; baseline 0 -18"><span class='ocrx_word' id='word_1_177' title='bbox 55 1966 135 2035; x_wconf 84' lang='lat' dir='ltr'><strong>lia,</strong></span> <span class='ocrx_word' id='word_1_178' title='bbox 155 1969 290 2024; x_wconf 88' lang='lat' dir='ltr'><strong>etde</strong></span> <span class='ocrx_word' id='word_1_179' title='bbox 308 1965 836 2038; x_wconf 86' lang='lat' dir='ltr'><strong>interceptionibus</strong></span> <span class='ocrx_word' id='word_1_180' title='bbox 857 1981 891 2019; x_wconf 89' lang='lat' dir='ltr'><strong>a</strong></span> <span class='ocrx_word' id='word_1_181' title='bbox 906 1968 1164 2036; x_wconf 89' lang='lat' dir='ltr'><strong>tempore</strong></span> <span class='ocrx_word' id='word_1_182' title='bbox 1184 1962 1503 2019; x_wconf 87' lang='lat' dir='ltr'><strong>vacationis</strong></span> <span class='ocrx_word' id='word_1_183' title='bbox 1522 1964 1688 2020; x_wconf 88' lang='lat' dir='ltr'><strong>factis</strong></span> 
     </span>
    </p>
   </div>
   <div class='ocr_carea' id='block_1_28' title="bbox 57 2042 1685 2129">
    <p class='ocr_par' dir='ltr' id='par_1_28' title="bbox 57 2042 1685 2129">
     <span class='ocr_line' id='line_1_28' title="bbox 57 2042 1685 2129; baseline -0.002 -19"><span class='ocrx_word' id='word_1_184' title='bbox 57 2058 185 2129; x_wconf 81' lang='lat' dir='ltr'><strong>apud</strong></span> <span class='ocrx_word' id='word_1_185' title='bbox 205 2056 427 2129; x_wconf 84' lang='lat' dir='ltr'><strong>regiam</strong></span> <span class='ocrx_word' id='word_1_186' title='bbox 452 2053 956 2127; x_wconf 72' lang='lat' dir='ltr'><strong>magnificentiam</strong></span> <span class='ocrx_word' id='word_1_187' title='bbox 991 2042 1342 2125; x_wconf 74' lang='lat' dir='ltr'><strong>interpellat,</strong></span> <span class='ocrx_word' id='word_1_188' title='bbox 1368 2069 1431 2107; x_wconf 91' lang='lat' dir='ltr'><strong>ac</strong></span> <span class='ocrx_word' id='word_1_189' title='bbox 1448 2052 1685 2107; x_wconf 87' lang='lat' dir='ltr'><strong>tandem</strong></span> 
     </span>
    </p>
   </div>
   <div class='ocr_carea' id='block_1_29' title="bbox 56 2140 1686 2216">
    <p class='ocr_par' dir='ltr' id='par_1_29' title="bbox 56 2140 1686 2216">
     <span class='ocr_line' id='line_1_29' title="bbox 56 2140 1686 2216; baseline -0.002 -17"><span class='ocrx_word' id='word_1_190' title='bbox 56 2146 424 2216; x_wconf 89' lang='lat' dir='ltr'><strong>quorumdam</strong></span> <span class='ocrx_word' id='word_1_191' title='bbox 437 2144 510 2200; x_wconf 89' lang='lat' dir='ltr'><strong>de</strong></span> <span class='ocrx_word' id='word_1_192' title='bbox 533 2142 891 2215; x_wconf 90' lang='lat' dir='ltr'><strong>primoribus</strong></span> <span class='ocrx_word' id='word_1_193' title='bbox 914 2140 1125 2213; x_wconf 85' lang='lat' dir='ltr'><strong>regalis</strong></span> <span class='ocrx_word' id='word_1_194' title='bbox 1137 2140 1335 2214; x_wconf 85' lang='lat' dir='ltr'><strong>palatii</strong></span> <span class='ocrx_word' id='word_1_195' title='bbox 1359 2140 1686 2196; x_wconf 85' lang='lat' dir='ltr'><strong>interventu</strong></span> 
     </span>
    </p>
   </div>
   <div class='ocr_carea' id='block_1_30' title="bbox 57 2228 1686 2302">
    <p class='ocr_par' dir='ltr' id='par_1_30' title="bbox 57 2228 1686 2302">
     <span class='ocr_line' id='line_1_30' title="bbox 57 2228 1686 2302; baseline -0.002 -14"><span class='ocrx_word' id='word_1_196' title='bbox 57 2234 427 2290; x_wconf 82' lang='lat' dir='ltr'><strong>controversia</strong></span> <span class='ocrx_word' id='word_1_197' title='bbox 456 2230 753 2291; x_wconf 87' lang='lat' dir='ltr'><strong>amicahili</strong></span> <span class='ocrx_word' id='word_1_198' title='bbox 785 2230 1206 2302; x_wconf 89' lang='lat' dir='ltr'><strong>compositione</strong></span> <span class='ocrx_word' id='word_1_199' title='bbox 1236 2228 1485 2301; x_wconf 88' lang='lat' dir='ltr'><strong>sopitur,</strong></span> <span class='ocrx_word' id='word_1_200' title='bbox 1517 2230 1686 2285; x_wconf 92' lang='lat' dir='ltr'><strong>data-</strong></span> 
     </span>
    </p>
   </div>
   <div class='ocr_carea' id='block_1_31' title="bbox 55 2318 1686 2393">
    <p class='ocr_par' dir='ltr' id='par_1_31' title="bbox 55 2318 1686 2393">
     <span class='ocr_line' id='line_1_31' title="bbox 55 2318 1686 2393; baseline -0.002 -16"><span class='ocrx_word' id='word_1_201' title='bbox 55 2341 150 2393; x_wconf 90' lang='lat' dir='ltr'><strong>que</strong></span> <span class='ocrx_word' id='word_1_202' title='bbox 176 2340 291 2379; x_wconf 91' lang='lat' dir='ltr'><strong>non</strong></span> <span class='ocrx_word' id='word_1_203' title='bbox 320 2321 558 2377; x_wconf 89' lang='lat' dir='ltr'><strong>modica</strong></span> <span class='ocrx_word' id='word_1_204' title='bbox 584 2318 843 2392; x_wconf 82' lang='lat' dir='ltr'><strong>pecuniae</strong></span> <span class='ocrx_word' id='word_1_205' title='bbox 902 2319 1232 2390; x_wconf 86' lang='lat' dir='ltr'><strong>quantitate</strong></span> <span class='ocrx_word' id='word_1_206' title='bbox 1287 2318 1362 2373; x_wconf 88' lang='lat' dir='ltr'><strong>ah</strong></span> <span class='ocrx_word' id='word_1_207' title='bbox 1413 2318 1686 2390; x_wconf 89' lang='lat' dir='ltr'><strong>episcopo</strong></span> 
     </span>
    </p>
   </div>
   <div class='ocr_carea' id='block_1_32' title="bbox 54 2405 1687 2483">
    <p class='ocr_par' dir='ltr' id='par_1_32' title="bbox 54 2405 1687 2483">
     <span class='ocr_line' id='line_1_32' title="bbox 54 2405 1687 2483; baseline -0.002 -18"><span class='ocrx_word' id='word_1_208' title='bbox 54 2429 211 2483; x_wconf 85' lang='lat' dir='ltr'><strong>super</strong></span> <span class='ocrx_word' id='word_1_209' title='bbox 239 2408 623 2466; x_wconf 87' lang='lat' dir='ltr'><strong>concessione</strong></span> <span class='ocrx_word' id='word_1_210' title='bbox 654 2407 833 2479; x_wconf 84' lang='lat' dir='ltr'><strong>regali</strong></span> <span class='ocrx_word' id='word_1_211' title='bbox 866 2408 1020 2462; x_wconf 88' lang='lat' dir='ltr'><strong>facta</strong></span> <span class='ocrx_word' id='word_1_212' title='bbox 1048 2406 1313 2462; x_wconf 61' lang='lat' dir='ltr'><strong>Ecclesiae</strong></span> <span class='ocrx_word' id='word_1_213' title='bbox 1372 2406 1457 2461; x_wconf 88' lang='lat' dir='ltr'><strong>de&#39;</strong></span> <span class='ocrx_word' id='word_1_214' title='bbox 1479 2405 1687 2479; x_wconf 86' lang='lat' dir='ltr'><strong>regali-</strong></span> 
     </span>
    </p>
   </div>
   <div class='ocr_carea' id='block_1_33' title="bbox 54 2495 1687 2569">
    <p class='ocr_par' dir='ltr' id='par_1_33' title="bbox 54 2495 1687 2569">
     <span class='ocr_line' id='line_1_33' title="bbox 54 2495 1687 2569; baseline -0.002 -15"><span class='ocrx_word' id='word_1_215' title='bbox 54 2501 150 2556; x_wconf 85' lang='lat' dir='ltr'><strong>bus</strong></span> <span class='ocrx_word' id='word_1_216' title='bbox 176 2502 310 2557; x_wconf 90' lang='lat' dir='ltr'><strong>sede</strong></span> <span class='ocrx_word' id='word_1_217' title='bbox 329 2501 581 2554; x_wconf 87' lang='lat' dir='ltr'><strong>vacante</strong></span> <span class='ocrx_word' id='word_1_218' title='bbox 602 2495 970 2569; x_wconf 85' lang='lat' dir='ltr'><strong>privilegium</strong></span> <span class='ocrx_word' id='word_1_219' title='bbox 993 2496 1308 2560; x_wconf 88' lang='lat' dir='ltr'><strong>obtinetur,</strong></span> <span class='ocrx_word' id='word_1_220' title='bbox 1333 2495 1502 2566; x_wconf 82' lang='lat' dir='ltr'><strong>cujus</strong></span> <span class='ocrx_word' id='word_1_221' title='bbox 1528 2501 1687 2550; x_wconf 79' lang='lat' dir='ltr'><strong>teno-</strong></span> 
     </span>
    </p>
   </div>
   <div class='ocr_carea' id='block_1_34' title="bbox 54 2584 1293 2662">
    <p class='ocr_par' dir='ltr' id='par_1_34' title="bbox 54 2584 1293 2662">
     <span class='ocr_line' id='line_1_34' title="bbox 54 2584 1293 2662; baseline -0.005 -17"><span class='ocrx_word' id='word_1_222' title='bbox 54 2606 157 2645; x_wconf 86' lang='lat' dir='ltr'><strong>rem</strong></span> <span class='ocrx_word' id='word_1_223' title='bbox 188 2587 462 2662; x_wconf 65' lang='lat' dir='ltr'><strong>praesenti</strong></span> <span class='ocrx_word' id='word_1_224' title='bbox 489 2585 771 2641; x_wconf 85' lang='lat' dir='ltr'><strong>duximus</strong></span> <span class='ocrx_word' id='word_1_225' title='bbox 798 2584 1011 2640; x_wconf 83' lang='lat' dir='ltr'><strong>inferre</strong></span> <span class='ocrx_word' id='word_1_226' title='bbox 1041 2584 1293 2640; x_wconf 89' lang='lat' dir='ltr'><strong>lectioni.</strong></span> 
     </span>
    </p>
   </div>
   <div class='ocr_carea' id='block_1_35' title="bbox 388 2709 1301 2782">
    <p class='ocr_par' dir='ltr' id='par_1_35' title="bbox 388 2709 1301 2782">
     <span class='ocr_line' id='line_1_35' title="bbox 388 2709 1301 2782; baseline -0.005 -14"><span class='ocrx_word' id='word_1_227' title='bbox 388 2714 562 2768; x_wconf 81' lang='lat' dir='ltr'><strong>Tener</strong></span> <span class='ocrx_word' id='word_1_228' title='bbox 587 2710 874 2782; x_wconf 77' lang='lat' dir='ltr'><strong>privilegii</strong></span> <span class='ocrx_word' id='word_1_229' title='bbox 912 2709 976 2765; x_wconf 86' lang='lat' dir='ltr'><strong>de</strong></span> <span class='ocrx_word' id='word_1_230' title='bbox 1003 2709 1301 2781; x_wconf 67' lang='lat' dir='ltr'><strong>rogalibus.</strong></span> 
     </span>
    </p>
   </div>
   <div class='ocr_carea' id='block_1_36' title="bbox 110 2815 1684 2877">
    <p class='ocr_par' dir='ltr' id='par_1_36' title="bbox 110 2815 1684 2877">
     <span class='ocr_line' id='line_1_36' title="bbox 110 2815 1684 2877; baseline -0.002 0"><span class='ocrx_word' id='word_1_231' title='bbox 110 2845 135 2870; x_wconf 77' lang='grc' dir='ltr'><strong>ι(</strong></span> <span class='ocrx_word' id='word_1_232' title='bbox 157 2823 218 2877; x_wconf 84' lang='lat' dir='ltr'><strong>In</strong></span> <span class='ocrx_word' id='word_1_233' title='bbox 242 2819 484 2876; x_wconf 88' lang='lat' dir='ltr'><strong>nomine</strong></span> <span class='ocrx_word' id='word_1_234' title='bbox 506 2821 722 2873; x_wconf 63' lang='lat' dir='ltr'><strong>sanctae</strong></span> <span class='ocrx_word' id='word_1_235' title='bbox 744 2822 801 2872; x_wconf 91' lang='lat' dir='ltr'><strong>et</strong></span> <span class='ocrx_word' id='word_1_236' title='bbox 822 2815 1135 2871; x_wconf 73' lang='lat' dir='ltr'><strong>individua:</strong></span> <span class='ocrx_word' id='word_1_237' title='bbox 1149 2816 1684 2874; x_wconf 88' lang='lat' dir='ltr'><strong>Trinitatis.Ameu.</strong></span> 
     </span>
    </p>
   </div>
   <div class='ocr_carea' id='block_1_37' title="bbox 50 2906 1689 2983">
    <p class='ocr_par' dir='ltr' id='par_1_37' title="bbox 50 2906 1689 2983">
     <span class='ocr_line' id='line_1_37' title="bbox 50 2906 1689 2983; baseline -0.001 -20"><span class='ocrx_word' id='word_1_238' title='bbox 50 2910 338 2983; x_wconf 86' lang='lat' dir='ltr'><strong>Philippus</strong></span> <span class='ocrx_word' id='word_1_239' title='bbox 371 2908 473 2964; x_wconf 88' lang='lat' dir='ltr'><strong>Dei</strong></span> <span class='ocrx_word' id='word_1_240' title='bbox 506 2906 699 2980; x_wconf 88' lang='lat' dir='ltr'><strong>gratia</strong></span> <span class='ocrx_word' id='word_1_241' title='bbox 730 2906 1083 2961; x_wconf 88' lang='lat' dir='ltr'><strong>Francorum</strong></span> <span class='ocrx_word' id='word_1_242' title='bbox 1118 2921 1232 2960; x_wconf 91' lang='lat' dir='ltr'><strong>rex.</strong></span> <span class='ocrx_word' id='word_1_243' title='bbox 1268 2906 1542 2961; x_wconf 79' lang='lat' dir='ltr'><strong>Noverint</strong></span> <span class='ocrx_word' id='word_1_244' title='bbox 1566 2907 1689 2961; x_wconf 88' lang='lat' dir='ltr'><strong>uni-</strong></span> 
     </span>
    </p>
   </div>
   <div class='ocr_carea' id='block_1_38' title="bbox 50 2994 1687 3072">
    <p class='ocr_par' dir='ltr' id='par_1_38' title="bbox 50 2994 1687 3072">
     <span class='ocr_line' id='line_1_38' title="bbox 50 2994 1687 3072; baseline -0.002 -18"><span class='ocrx_word' id='word_1_245' title='bbox 50 3001 179 3054; x_wconf 77' lang='lat' dir='ltr'><strong>versi</strong></span> <span class='ocrx_word' id='word_1_246' title='bbox 218 3000 543 3072; x_wconf 67' lang='lat' dir='ltr'><strong>praesentes</strong></span> <span class='ocrx_word' id='word_1_247' title='bbox 572 2995 793 3068; x_wconf 88' lang='lat' dir='ltr'><strong>pariter</strong></span> <span class='ocrx_word' id='word_1_248' title='bbox 823 2999 880 3051; x_wconf 91' lang='lat' dir='ltr'><strong>et</strong></span> <span class='ocrx_word' id='word_1_249' title='bbox 915 2994 1096 3050; x_wconf 88' lang='lat' dir='ltr'><strong>futuri</strong></span> <span class='ocrx_word' id='word_1_250' title='bbox 1135 2994 1291 3066; x_wconf 86' lang='lat' dir='ltr'><strong>quod</strong></span> <span class='ocrx_word' id='word_1_251' title='bbox 1334 3011 1439 3050; x_wconf 88' lang='lat' dir='ltr'><strong>nos</strong></span> <span class='ocrx_word' id='word_1_252' title='bbox 1472 2995 1687 3051; x_wconf 87' lang='lat' dir='ltr'><strong>intuitu</strong></span> 
     </span>
    </p>
   </div>
   <div class='ocr_carea' id='block_1_39' title="bbox 49 3084 1689 3162">
    <p class='ocr_par' dir='ltr' id='par_1_39' title="bbox 49 3084 1689 3162">
     <span class='ocr_line' id='line_1_39' title="bbox 49 3084 1689 3162; baseline -0.001 -19"><span class='ocrx_word' id='word_1_253' title='bbox 49 3088 236 3145; x_wconf 75' lang='lat' dir='ltr'><strong>divinae</strong></span> <span class='ocrx_word' id='word_1_254' title='bbox 267 3086 531 3162; x_wconf 84' lang='lat' dir='ltr'><strong>pietatis,</strong></span> <span class='ocrx_word' id='word_1_255' title='bbox 566 3089 623 3140; x_wconf 92' lang='lat' dir='ltr'><strong>et</strong></span> <span class='ocrx_word' id='word_1_256' title='bbox 653 3085 726 3140; x_wconf 88' lang='lat' dir='ltr'><strong>ob</strong></span> <span class='ocrx_word' id='word_1_257' title='bbox 757 3085 1081 3140; x_wconf 87' lang='lat' dir='ltr'><strong>remedium</strong></span> <span class='ocrx_word' id='word_1_258' title='bbox 1142 3084 1348 3139; x_wconf 72' lang='lat' dir='ltr'><strong>animae</strong></span> <span class='ocrx_word' id='word_1_259' title='bbox 1392 3087 1602 3141; x_wconf 70' lang='lat' dir='ltr'><strong>nostra:</strong></span> <span class='ocrx_word' id='word_1_260' title='bbox 1632 3089 1689 3141; x_wconf 89' lang='lat' dir='ltr'><strong>et</strong></span> 
     </span>
    </p>
   </div>
   <div class='ocr_carea' id='block_1_40' title="bbox 47 3172 1759 3262">
    <p class='ocr_par' dir='ltr' id='par_1_40' title="bbox 47 3172 1759 3262">
     <span class='ocr_line' id='line_1_40' title="bbox 47 3172 1759 3262; baseline -0.003 -28"><span class='ocrx_word' id='word_1_261' title='bbox 47 3183 338 3249; x_wconf 80' lang='lat' dir='ltr'><strong>parentum</strong></span> <span class='ocrx_word' id='word_1_262' title='bbox 371 3180 731 3241; x_wconf 88' lang='lat' dir='ltr'><strong>nostrorum,</strong></span> <span class='ocrx_word' id='word_1_263' title='bbox 751 3173 961 3230; x_wconf 88' lang='lat' dir='ltr'><strong>damus</strong></span> <span class='ocrx_word' id='word_1_264' title='bbox 992 3177 1046 3228; x_wconf 92' lang='lat' dir='ltr'><strong>et</strong></span> <span class='ocrx_word' id='word_1_265' title='bbox 1071 3173 1446 3230; x_wconf 89' lang='lat' dir='ltr'><strong>concedimus</strong></span> <span class='ocrx_word' id='word_1_266' title='bbox 1475 3172 1532 3228; x_wconf 91' lang='lat' dir='ltr'><strong>in</strong></span> <span class='ocrx_word' id='word_1_267' title='bbox 1558 3191 1681 3245; x_wconf 89' lang='lat' dir='ltr'><strong>per-</strong></span> <span class='ocrx_word' id='word_1_268' title='bbox 1716 3196 1759 3262; x_wconf 65' lang='grc' dir='ltr'><strong>ρ</strong></span> 
     </span>
    </p>
   </div>
   <div class='ocr_carea' id='block_1_41' title="bbox 47 3261 1686 3337">
    <p class='ocr_par' dir='ltr' id='par_1_41' title="bbox 47 3261 1686 3337">
     <span class='ocr_line' id='line_1_41' title="bbox 47 3261 1686 3337; baseline -0.001 -15"><span class='ocrx_word' id='word_1_269' title='bbox 47 3273 272 3337; x_wconf 86' lang='lat' dir='ltr'><strong>petuum</strong></span> <span class='ocrx_word' id='word_1_270' title='bbox 302 3262 578 3322; x_wconf 71' lang='lat' dir='ltr'><strong>Ecclesia:</strong></span> <span class='ocrx_word' id='word_1_271' title='bbox 601 3261 1093 3318; x_wconf 79' lang='lat' dir='ltr'><strong>Autissiodorensi</strong></span> <span class='ocrx_word' id='word_1_272' title='bbox 1113 3261 1566 3335; x_wconf 88' lang='lat' dir='ltr'><strong>quidquidjuris</strong></span> <span class='ocrx_word' id='word_1_273' title='bbox 1588 3263 1686 3320; x_wconf 85' lang='lat' dir='ltr'><strong>ba-</strong></span> 
     </span>
    </p>
   </div>
   <div class='ocr_carea' id='block_1_42' title="bbox 47 3350 1685 3424">
    <p class='ocr_par' dir='ltr' id='par_1_42' title="bbox 47 3350 1685 3424">
     <span class='ocr_line' id='line_1_42' title="bbox 47 3350 1685 3424; baseline -0.001 -14"><span class='ocrx_word' id='word_1_274' title='bbox 47 3355 317 3411; x_wconf 86' lang='lat' dir='ltr'><strong>bebamus</strong></span> <span class='ocrx_word' id='word_1_275' title='bbox 340 3353 402 3409; x_wconf 91' lang='lat' dir='ltr'><strong>in</strong></span> <span class='ocrx_word' id='word_1_276' title='bbox 430 3350 730 3424; x_wconf 82' lang='lat' dir='ltr'><strong>regalibus</strong></span> <span class='ocrx_word' id='word_1_277' title='bbox 752 3352 888 3406; x_wconf 89' lang='lat' dir='ltr'><strong>sede</strong></span> <span class='ocrx_word' id='word_1_278' title='bbox 907 3355 1167 3407; x_wconf 88' lang='lat' dir='ltr'><strong>vacante.</strong></span> <span class='ocrx_word' id='word_1_279' title='bbox 1191 3350 1391 3423; x_wconf 89' lang='lat' dir='ltr'><strong>Itaque</strong></span> <span class='ocrx_word' id='word_1_280' title='bbox 1429 3353 1685 3408; x_wconf 87' lang='lat' dir='ltr'><strong>decanus</strong></span> 
     </span>
    </p>
   </div>
   <div class='ocr_carea' id='block_1_43' title="bbox 44 3437 1684 3517">
    <p class='ocr_par' dir='ltr' id='par_1_43' title="bbox 44 3437 1684 3517">
     <span class='ocr_line' id='line_1_43' title="bbox 44 3437 1684 3517; baseline -0.001 -20"><span class='ocrx_word' id='word_1_281' title='bbox 44 3450 92 3498; x_wconf 86' lang='lat' dir='ltr'><strong>et</strong></span> <span class='ocrx_word' id='word_1_282' title='bbox 118 3442 445 3517; x_wconf 83' lang='lat' dir='ltr'><strong>capitulum</strong></span> <span class='ocrx_word' id='word_1_283' title='bbox 475 3439 742 3513; x_wconf 89' lang='lat' dir='ltr'><strong>ejusdem</strong></span> <span class='ocrx_word' id='word_1_284' title='bbox 772 3437 1038 3495; x_wconf 66' lang='lat' dir='ltr'><strong>Ecclesiae</strong></span> <span class='ocrx_word' id='word_1_285' title='bbox 1088 3439 1418 3495; x_wconf 86' lang='lat' dir='ltr'><strong>custodient</strong></span> <span class='ocrx_word' id='word_1_286' title='bbox 1467 3440 1684 3513; x_wconf 86' lang='lat' dir='ltr'><strong>regalia</strong></span> 
     </span>
    </p>
   </div>
   <div class='ocr_carea' id='block_1_44' title="bbox 42 3527 1685 3601">
    <p class='ocr_par' dir='ltr' id='par_1_44' title="bbox 42 3527 1685 3601">
     <span class='ocr_line' id='line_1_44' title="bbox 42 3527 1685 3601; baseline 0 -16"><span class='ocrx_word' id='word_1_287' title='bbox 42 3532 161 3586; x_wconf 84' lang='lat' dir='ltr'><strong>sede</strong></span> <span class='ocrx_word' id='word_1_288' title='bbox 187 3535 456 3598; x_wconf 88' lang='lat' dir='ltr'><strong>vacante,</strong></span> <span class='ocrx_word' id='word_1_289' title='bbox 488 3534 547 3584; x_wconf 88' lang='lat' dir='ltr'><strong>et</strong></span> <span class='ocrx_word' id='word_1_290' title='bbox 577 3545 784 3584; x_wconf 88' lang='lat' dir='ltr'><strong>omnes</strong></span> <span class='ocrx_word' id='word_1_291' title='bbox 816 3532 1130 3601; x_wconf 85' lang='lat' dir='ltr'><strong>proventus</strong></span> <span class='ocrx_word' id='word_1_292' title='bbox 1170 3527 1268 3599; x_wconf 87' lang='lat' dir='ltr'><strong>qui</strong></span> <span class='ocrx_word' id='word_1_293' title='bbox 1314 3528 1521 3584; x_wconf 81' lang='lat' dir='ltr'><strong>exinde</strong></span> <span class='ocrx_word' id='word_1_294' title='bbox 1550 3544 1685 3601; x_wconf 89' lang='lat' dir='ltr'><strong>pro-</strong></span> 
     </span>
    </p>
   </div>
   <div class='ocr_carea' id='block_1_45' title="bbox 40 3614 1687 3693">
    <p class='ocr_par' dir='ltr' id='par_1_45' title="bbox 40 3614 1687 3693">
     <span class='ocr_line' id='line_1_45' title="bbox 40 3614 1687 3693; baseline -0.001 -18"><span class='ocrx_word' id='word_1_295' title='bbox 40 3621 233 3677; x_wconf 86' lang='lat' dir='ltr'><strong>cedent</strong></span> <span class='ocrx_word' id='word_1_296' title='bbox 261 3625 319 3676; x_wconf 91' lang='lat' dir='ltr'><strong>et</strong></span> <span class='ocrx_word' id='word_1_297' title='bbox 352 3618 720 3693; x_wconf 69' lang='lat' dir='ltr'><strong>praebendas,</strong></span> <span class='ocrx_word' id='word_1_298' title='bbox 754 3617 803 3672; x_wconf 89' lang='lat' dir='ltr'><strong>si</strong></span> <span class='ocrx_word' id='word_1_299' title='bbox 836 3633 982 3689; x_wconf 89' lang='lat' dir='ltr'><strong>quas</strong></span> <span class='ocrx_word' id='word_1_300' title='bbox 1012 3614 1246 3672; x_wconf 89' lang='lat' dir='ltr'><strong>interim</strong></span> <span class='ocrx_word' id='word_1_301' title='bbox 1277 3633 1481 3673; x_wconf 88' lang='lat' dir='ltr'><strong>vacare</strong></span> <span class='ocrx_word' id='word_1_302' title='bbox 1509 3617 1687 3673; x_wconf 88' lang='lat' dir='ltr'><strong>conti-</strong></span> 
     </span>
    </p>
   </div>
   <div class='ocr_carea' id='block_1_46' title="bbox 41 3705 1689 3781">
    <p class='ocr_par' dir='ltr' id='par_1_46' title="bbox 41 3705 1689 3781">
     <span class='ocr_line' id='line_1_46' title="bbox 41 3705 1689 3781; baseline -0.001 -18"><span class='ocrx_word' id='word_1_303' title='bbox 41 3710 194 3779; x_wconf 82' lang='lat' dir='ltr'><strong>gerit,</strong></span> <span class='ocrx_word' id='word_1_304' title='bbox 227 3710 303 3766; x_wconf 80' lang='lat' dir='ltr'><strong>arl</strong></span> <span class='ocrx_word' id='word_1_305' title='bbox 325 3726 480 3781; x_wconf 86' lang='lat' dir='ltr'><strong>opus</strong></span> <span class='ocrx_word' id='word_1_306' title='bbox 503 3706 761 3780; x_wconf 88' lang='lat' dir='ltr'><strong>episcopi</strong></span> <span class='ocrx_word' id='word_1_307' title='bbox 787 3705 945 3761; x_wconf 88' lang='lat' dir='ltr'><strong>salvo</strong></span> <span class='ocrx_word' id='word_1_308' title='bbox 967 3705 1200 3761; x_wconf 88' lang='lat' dir='ltr'><strong>servitio</strong></span> <span class='ocrx_word' id='word_1_309' title='bbox 1222 3712 1443 3773; x_wconf 88' lang='lat' dir='ltr'><strong>nostro,</strong></span> <span class='ocrx_word' id='word_1_310' title='bbox 1467 3707 1689 3779; x_wconf 76' lang='lat' dir='ltr'><strong>equita~</strong></span> 
     </span>
    </p>
   </div>
   <div class='ocr_carea' id='block_1_47' title="bbox 40 3794 1688 3868">
    <p class='ocr_par' dir='ltr' id='par_1_47' title="bbox 40 3794 1688 3868">
     <span class='ocr_line' id='line_1_47' title="bbox 40 3794 1688 3868; baseline 0.001 -17"><span class='ocrx_word' id='word_1_311' title='bbox 40 3796 202 3855; x_wconf 87' lang='lat' dir='ltr'><strong>tionis</strong></span> <span class='ocrx_word' id='word_1_312' title='bbox 234 3802 478 3863; x_wconf 67' lang='lat' dir='ltr'><strong>nostrae,</strong></span> <span class='ocrx_word' id='word_1_313' title='bbox 501 3796 790 3852; x_wconf 86' lang='lat' dir='ltr'><strong>exercitus</strong></span> <span class='ocrx_word' id='word_1_314' title='bbox 822 3800 879 3850; x_wconf 90' lang='lat' dir='ltr'><strong>et</strong></span> <span class='ocrx_word' id='word_1_315' title='bbox 899 3794 1374 3863; x_wconf 90' lang='lat' dir='ltr'><strong>submonitionis,</strong></span> <span class='ocrx_word' id='word_1_316' title='bbox 1400 3796 1553 3851; x_wconf 91' lang='lat' dir='ltr'><strong>sicut</strong></span> <span class='ocrx_word' id='word_1_317' title='bbox 1572 3796 1688 3868; x_wconf 90' lang='lat' dir='ltr'><strong>epi-</strong></span> 
     </span>
    </p>
   </div>
   <div class='ocr_carea' id='block_1_48' title="bbox 42 3884 1685 3959">
    <p class='ocr_par' dir='ltr' id='par_1_48' title="bbox 42 3884 1685 3959">
     <span class='ocr_line' id='line_1_48' title="bbox 42 3884 1685 3959; baseline 0.001 -18"><span class='ocrx_word' id='word_1_318' title='bbox 42 3888 183 3959; x_wconf 83' lang='lat' dir='ltr'><strong>sc0pi</strong></span> <span class='ocrx_word' id='word_1_319' title='bbox 212 3886 768 3944; x_wconf 86' lang='lat' dir='ltr'><strong>Autissiodurenses</strong></span> <span class='ocrx_word' id='word_1_320' title='bbox 791 3884 961 3942; x_wconf 87' lang='lat' dir='ltr'><strong>nobis</strong></span> <span class='ocrx_word' id='word_1_321' title='bbox 990 3885 1268 3940; x_wconf 85' lang='lat' dir='ltr'><strong>fecerunt.</strong></span> <span class='ocrx_word' id='word_1_322' title='bbox 1294 3885 1453 3951; x_wconf 86' lang='lat' dir='ltr'><strong>Quod</strong></span> <span class='ocrx_word' id='word_1_323' title='bbox 1481 3889 1543 3940; x_wconf 90' lang='lat' dir='ltr'><strong>ut</strong></span> <span class='ocrx_word' id='word_1_324' title='bbox 1565 3902 1685 3957; x_wconf 54' lang='lat' dir='ltr'><strong>per:</strong></span> 
     </span>
    </p>
   </div>
   <div class='ocr_carea' id='block_1_49' title="bbox 44 3972 1688 4046">
    <p class='ocr_par' dir='ltr' id='par_1_49' title="bbox 44 3972 1688 4046">
     <span class='ocr_line' id='line_1_49' title="bbox 44 3972 1688 4046; baseline 0 -15"><span class='ocrx_word' id='word_1_325' title='bbox 44 3980 263 4046; x_wconf 88' lang='lat' dir='ltr'><strong>petuum</strong></span> <span class='ocrx_word' id='word_1_326' title='bbox 299 3976 490 4032; x_wconf 87' lang='lat' dir='ltr'><strong>robur</strong></span> <span class='ocrx_word' id='word_1_327' title='bbox 517 3973 802 4040; x_wconf 88' lang='lat' dir='ltr'><strong>obtineat,</strong></span> <span class='ocrx_word' id='word_1_328' title='bbox 835 3972 1011 4045; x_wconf 86' lang='lat' dir='ltr'><strong>sigilli</strong></span> <span class='ocrx_word' id='word_1_329' title='bbox 1040 3973 1221 4029; x_wconf 90' lang='lat' dir='ltr'><strong>nostri</strong></span> <span class='ocrx_word' id='word_1_330' title='bbox 1253 3973 1597 4030; x_wconf 86' lang='lat' dir='ltr'><strong>auctoritate</strong></span> <span class='ocrx_word' id='word_1_331' title='bbox 1630 3978 1688 4031; x_wconf 88' lang='lat' dir='ltr'><strong>et</strong></span> 
     </span>
    </p>
   </div>
   <div class='ocr_carea' id='block_1_50' title="bbox 42 4062 1690 4138">
    <p class='ocr_par' dir='ltr' id='par_1_50' title="bbox 42 4062 1690 4138">
     <span class='ocr_line' id='line_1_50' title="bbox 42 4062 1690 4138; baseline 0.001 -19"><span class='ocrx_word' id='word_1_332' title='bbox 42 4066 167 4138; x_wconf 85' lang='lat' dir='ltr'><strong>regii</strong></span> <span class='ocrx_word' id='word_1_333' title='bbox 195 4065 468 4123; x_wconf 88' lang='lat' dir='ltr'><strong>nominis</strong></span> <span class='ocrx_word' id='word_1_334' title='bbox 489 4064 821 4120; x_wconf 88' lang='lat' dir='ltr'><strong>charactere</strong></span> <span class='ocrx_word' id='word_1_335' title='bbox 844 4062 1084 4119; x_wconf 86' lang='lat' dir='ltr'><strong>inferius</strong></span> <span class='ocrx_word' id='word_1_336' title='bbox 1105 4063 1423 4119; x_wconf 87' lang='lat' dir='ltr'><strong>adnnotato</strong></span> <span class='ocrx_word' id='word_1_337' title='bbox 1444 4080 1690 4135; x_wconf 72' lang='lat' dir='ltr'><strong>praesen-</strong></span> 
     </span>
    </p>
   </div>
   <div class='ocr_carea' id='block_1_51' title="bbox 45 4151 1686 4229">
    <p class='ocr_par' dir='ltr' id='par_1_51' title="bbox 45 4151 1686 4229">
     <span class='ocr_line' id='line_1_51' title="bbox 45 4151 1686 4229; baseline 0 -20"><span class='ocrx_word' id='word_1_338' title='bbox 45 4157 143 4209; x_wconf 69' lang='lat' dir='ltr'><strong>tem</strong></span> <span class='ocrx_word' id='word_1_339' title='bbox 173 4156 462 4229; x_wconf 82' lang='lat' dir='ltr'><strong>paginam</strong></span> <span class='ocrx_word' id='word_1_340' title='bbox 494 4152 936 4209; x_wconf 77' lang='lat' dir='ltr'><strong>conﬁrmamus.</strong></span> <span class='ocrx_word' id='word_1_341' title='bbox 986 4153 1192 4208; x_wconf 90' lang='lat' dir='ltr'><strong>Actum</strong></span> <span class='ocrx_word' id='word_1_342' title='bbox 1243 4151 1481 4207; x_wconf 88' lang='lat' dir='ltr'><strong>Parisiis</strong></span> <span class='ocrx_word' id='word_1_343' title='bbox 1534 4169 1686 4209; x_wconf 89' lang='lat' dir='ltr'><strong>anno</strong></span> 
     </span>
    </p>
   </div>
   <div class='ocr_carea' id='block_1_52' title="bbox 44 4239 1684 4313">
    <p class='ocr_par' dir='ltr' id='par_1_52' title="bbox 44 4239 1684 4313">
     <span class='ocr_line' id='line_1_52' title="bbox 44 4239 1684 4313; baseline 0.001 -19"><span class='ocrx_word' id='word_1_344' title='bbox 44 4240 258 4299; x_wconf 89' lang='lat' dir='ltr'><strong>Domini</strong></span> <span class='ocrx_word' id='word_1_345' title='bbox 282 4242 449 4310; x_wconf 77' lang='grc'><strong>1206,</strong></span> <span class='ocrx_word' id='word_1_346' title='bbox 472 4239 636 4313; x_wconf 87' lang='lat' dir='ltr'><strong>regni</strong></span> <span class='ocrx_word' id='word_1_347' title='bbox 663 4257 794 4296; x_wconf 91' lang='lat' dir='ltr'><strong>vero</strong></span> <span class='ocrx_word' id='word_1_348' title='bbox 825 4239 1008 4295; x_wconf 89' lang='lat' dir='ltr'><strong>nostri</strong></span> <span class='ocrx_word' id='word_1_349' title='bbox 1035 4255 1188 4295; x_wconf 91' lang='lat' dir='ltr'><strong>anno</strong></span> <span class='ocrx_word' id='word_1_350' title='bbox 1210 4239 1485 4295; x_wconf 89' lang='lat' dir='ltr'><strong>vicesimo</strong></span> <span class='ocrx_word' id='word_1_351' title='bbox 1501 4244 1684 4309; x_wconf 83' lang='lat' dir='ltr'><strong>sexto,</strong></span> 
     </span>
    </p>
   </div>
   <div class='ocr_carea' id='block_1_53' title="bbox 43 4327 1682 4403">
    <p class='ocr_par' dir='ltr' id='par_1_53' title="bbox 43 4327 1682 4403">
     <span class='ocr_line' id='line_1_53' title="bbox 43 4327 1682 4403; baseline 0.001 -19"><span class='ocrx_word' id='word_1_352' title='bbox 43 4333 371 4389; x_wconf 85' lang='lat' dir='ltr'><strong>astantibus</strong></span> <span class='ocrx_word' id='word_1_353' title='bbox 396 4345 652 4403; x_wconf 88' lang='lat' dir='ltr'><strong>quorum</strong></span> <span class='ocrx_word' id='word_1_354' title='bbox 678 4328 917 4385; x_wconf 90' lang='lat' dir='ltr'><strong>nomina</strong></span> <span class='ocrx_word' id='word_1_355' title='bbox 938 4327 1240 4400; x_wconf 88' lang='lat' dir='ltr'><strong>supposita</strong></span> <span class='ocrx_word' id='word_1_356' title='bbox 1259 4333 1399 4384; x_wconf 90' lang='lat' dir='ltr'><strong>sunt</strong></span> <span class='ocrx_word' id='word_1_357' title='bbox 1419 4332 1475 4384; x_wconf 89' lang='lat' dir='ltr'><strong>et</strong></span> <span class='ocrx_word' id='word_1_358' title='bbox 1495 4328 1682 4403; x_wconf 89' lang='lat' dir='ltr'><strong>signa.</strong></span> 
     </span>
    </p>
   </div>
   <div class='ocr_carea' id='block_1_54' title="bbox 42 4416 1687 4492">
    <p class='ocr_par' dir='ltr' id='par_1_54' title="bbox 42 4416 1687 4492">
     <span class='ocr_line' id='line_1_54' title="bbox 42 4416 1687 4492; baseline 0.002 -21"><span class='ocrx_word' id='word_1_359' title='bbox 42 4417 300 4492; x_wconf 84' lang='lat' dir='ltr'><strong>Dapifero</strong></span> <span class='ocrx_word' id='word_1_360' title='bbox 319 4417 575 4476; x_wconf 90' lang='lat' dir='ltr'><strong>nullo.Si</strong></span> <span class='ocrx_word' id='word_1_361' title='bbox 582 4433 765 4490; x_wconf 87' lang='lat' dir='ltr'><strong>gnum</strong></span> <span class='ocrx_word' id='word_1_362' title='bbox 780 4416 1061 4473; x_wconf 82' lang='lat' dir='ltr'><strong>Guidonis</strong></span> <span class='ocrx_word' id='word_1_363' title='bbox 1075 4416 1687 4491; x_wconf 89' lang='lat' dir='ltr'><strong>buticularii.Sigaum</strong></span> 
     </span>
    </p>
   </div>
   <div class='ocr_carea' id='block_1_55' title="bbox 44 4504 1684 4585">
    <p class='ocr_par' dir='ltr' id='par_1_55' title="bbox 44 4504 1684 4585">
     <span class='ocr_line' id='line_1_55' title="bbox 44 4504 1684 4585; baseline 0.001 -24"><span class='ocrx_word' id='word_1_364' title='bbox 44 4505 285 4565; x_wconf 65' lang='lat' dir='ltr'><strong>Matthei</strong></span> <span class='ocrx_word' id='word_1_365' title='bbox 310 4505 909 4585; x_wconf 81' lang='lat' dir='ltr'><strong>camerarii.Siguum</strong></span> <span class='ocrx_word' id='word_1_366' title='bbox 933 4504 1214 4563; x_wconf 89' lang='lat' dir='ltr'><strong>Droconis</strong></span> <span class='ocrx_word' id='word_1_367' title='bbox 1246 4505 1684 4563; x_wconf 87' lang='lat' dir='ltr'><strong>constabularii.</strong></span> 
     </span>
    </p>
   </div>
   <div class='ocr_carea' id='block_1_56' title="bbox 42 4594 1682 4668">
    <p class='ocr_par' dir='ltr' id='par_1_56' title="bbox 42 4594 1682 4668">
     <span class='ocr_line' id='line_1_56' title="bbox 42 4594 1682 4668; baseline -0.001 -20"><span class='ocrx_word' id='word_1_368' title='bbox 42 4594 239 4654; x_wconf 84' lang='lat' dir='ltr'><strong>Datum</strong></span> <span class='ocrx_word' id='word_1_369' title='bbox 269 4600 524 4654; x_wconf 85' lang='lat' dir='ltr'><strong>vacante</strong></span> <span class='ocrx_word' id='word_1_370' title='bbox 567 4594 918 4652; x_wconf 88' lang='lat' dir='ltr'><strong>concellaria</strong></span> <span class='ocrx_word' id='word_1_371' title='bbox 944 4612 1048 4668; x_wconf 88' lang='lat' dir='ltr'><strong>per</strong></span> <span class='ocrx_word' id='word_1_372' title='bbox 1087 4610 1329 4650; x_wconf 88' lang='lat' dir='ltr'><strong>manum</strong></span> <span class='ocrx_word' id='word_1_373' title='bbox 1360 4594 1622 4651; x_wconf 88' lang='lat' dir='ltr'><strong>Guarini.</strong></span> <span class='ocrx_word' id='word_1_374' title='bbox 1653 4618 1682 4647; x_wconf 82' lang='grc'>››</span> 
     </span>
    </p>
   </div>
   <div class='ocr_carea' id='block_1_57' title="bbox 82 4718 1651 4803">
    <p class='ocr_par' dir='ltr' id='par_1_57' title="bbox 82 4718 1651 4803">
     <span class='ocr_line' id='line_1_57' title="bbox 82 4718 1651 4803; baseline -0.001 -26"><span class='ocrx_word' id='word_1_375' title='bbox 82 4722 331 4790; x_wconf 76' lang='lat' dir='ltr'><strong>Qualiter</strong></span> <span class='ocrx_word' id='word_1_376' title='bbox 361 4738 419 4779; x_wconf 75' lang='lat' dir='ltr'><strong>se</strong></span> <span class='ocrx_word' id='word_1_377' title='bbox 449 4724 510 4778; x_wconf 79' lang='lat' dir='ltr'><strong>in</strong></span> <span class='ocrx_word' id='word_1_378' title='bbox 540 4722 853 4803; x_wconf 67' lang='lat' dir='ltr'><strong>episcopatu</strong></span> <span class='ocrx_word' id='word_1_379' title='bbox 877 4718 1089 4803; x_wconf 76' lang='lat' dir='ltr'><strong>habuit,</strong></span> <span class='ocrx_word' id='word_1_380' title='bbox 1123 4727 1173 4774; x_wconf 80' lang='lat' dir='ltr'><strong>et</strong></span> <span class='ocrx_word' id='word_1_381' title='bbox 1201 4720 1439 4791; x_wconf 77' lang='lat' dir='ltr'><strong>qualiter</strong></span> <span class='ocrx_word' id='word_1_382' title='bbox 1466 4720 1651 4791; x_wconf 71' lang='lat' dir='ltr'><strong>ﬁucrit</strong></span> 
     </span>
    </p>
   </div>
   <div class='ocr_carea' id='block_1_58' title="bbox 717 4799 1021 4847">
    <p class='ocr_par' dir='ltr' id='par_1_58' title="bbox 717 4799 1021 4847">
     <span class='ocr_line' id='line_1_58' title="bbox 717 4799 1021 4847; baseline -0.007 0"><span class='ocrx_word' id='word_1_383' title='bbox 717 4799 1021 4847; x_wconf 75' lang='lat' dir='ltr'><strong>timoratus.</strong></span> 
     </span>
    </p>
   </div>
   <div class='ocr_carea' id='block_1_59' title="bbox 102 4895 1693 4973">
    <p class='ocr_par' dir='ltr' id='par_1_59' title="bbox 102 4895 1693 4973">
     <span class='ocr_line' id='line_1_59' title="bbox 102 4895 1693 4973; baseline -0.001 -19"><span class='ocrx_word' id='word_1_384' title='bbox 102 4898 191 4955; x_wconf 86' lang='lat' dir='ltr'><strong>Sic</strong></span> <span class='ocrx_word' id='word_1_385' title='bbox 220 4900 416 4973; x_wconf 85' lang='lat' dir='ltr'><strong>igitur</strong></span> <span class='ocrx_word' id='word_1_386' title='bbox 434 4896 758 4971; x_wconf 80' lang='lat' dir='ltr'><strong>pontificali</strong></span> <span class='ocrx_word' id='word_1_387' title='bbox 782 4895 1007 4952; x_wconf 89' lang='lat' dir='ltr'><strong>locatus</strong></span> <span class='ocrx_word' id='word_1_388' title='bbox 1037 4896 1095 4950; x_wconf 92' lang='lat' dir='ltr'><strong>in</strong></span> <span class='ocrx_word' id='word_1_389' title='bbox 1118 4895 1395 4951; x_wconf 89' lang='lat' dir='ltr'><strong>cathedra</strong></span> <span class='ocrx_word' id='word_1_390' title='bbox 1411 4913 1562 4953; x_wconf 89' lang='lat' dir='ltr'><strong>anno</strong></span> <span class='ocrx_word' id='word_1_391' title='bbox 1586 4897 1693 4953; x_wconf 94' lang='lat' dir='ltr'><strong>Do-</strong></span> 
     </span>
    </p>
   </div>
   <div class='ocr_carea' id='block_1_60' title="bbox 43 4985 1693 5056">
    <p class='ocr_par' dir='ltr' id='par_1_60' title="bbox 43 4985 1693 5056">
     <span class='ocr_line' id='line_1_60' title="bbox 43 4985 1693 5056; baseline 0.002 -17"><span class='ocrx_word' id='word_1_392' title='bbox 43 4989 172 5043; x_wconf 85' lang='lat' dir='ltr'><strong>mini</strong></span> <span class='ocrx_word' id='word_1_393' title='bbox 196 4991 346 5045; x_wconf 85' lang='grc'><strong>1206</strong></span> <span class='ocrx_word' id='word_1_394' title='bbox 368 4989 428 5042; x_wconf 89' lang='lat' dir='ltr'><strong>in</strong></span> <span class='ocrx_word' id='word_1_395' title='bbox 453 4985 963 5042; x_wconf 88' lang='lat' dir='ltr'><strong>administratione</strong></span> <span class='ocrx_word' id='word_1_396' title='bbox 985 4999 1256 5056; x_wconf 82' lang='lat' dir='ltr'><strong>suscepta</strong></span> <span class='ocrx_word' id='word_1_397' title='bbox 1285 4989 1561 5041; x_wconf 89' lang='lat' dir='ltr'><strong>strenuus</strong></span> <span class='ocrx_word' id='word_1_398' title='bbox 1584 4987 1693 5042; x_wconf 89' lang='lat' dir='ltr'><strong>fuit</strong></span> 
     </span>
    </p>
   </div>
   <div class='ocr_carea' id='block_1_61' title="bbox 42 5072 1693 5150">
    <p class='ocr_par' dir='ltr' id='par_1_61' title="bbox 42 5072 1693 5150">
     <span class='ocr_line' id='line_1_61' title="bbox 42 5072 1693 5150; baseline 0.004 -24"><span class='ocrx_word' id='word_1_399' title='bbox 42 5075 193 5133; x_wconf 87' lang='lat' dir='ltr'><strong>valde</strong></span> <span class='ocrx_word' id='word_1_400' title='bbox 225 5082 286 5133; x_wconf 87' lang='lat' dir='ltr'><strong>et</strong></span> <span class='ocrx_word' id='word_1_401' title='bbox 318 5075 626 5150; x_wconf 87' lang='lat' dir='ltr'><strong>providus,</strong></span> <span class='ocrx_word' id='word_1_402' title='bbox 656 5077 857 5146; x_wconf 89' lang='lat' dir='ltr'><strong>utpote</strong></span> <span class='ocrx_word' id='word_1_403' title='bbox 881 5074 981 5146; x_wconf 91' lang='lat' dir='ltr'><strong>qui</strong></span> <span class='ocrx_word' id='word_1_404' title='bbox 1005 5072 1155 5129; x_wconf 88' lang='lat' dir='ltr'><strong>nihil</strong></span> <span class='ocrx_word' id='word_1_405' title='bbox 1176 5074 1384 5145; x_wconf 88' lang='lat' dir='ltr'><strong>agebat</strong></span> <span class='ocrx_word' id='word_1_406' title='bbox 1400 5091 1468 5129; x_wconf 86' lang='lat' dir='ltr'><strong>ex</strong></span> <span class='ocrx_word' id='word_1_407' title='bbox 1498 5075 1693 5148; x_wconf 77' lang='lat' dir='ltr'><strong>praeci-</strong></span> 
     </span>
    </p>
   </div>
   <div class='ocr_carea' id='block_1_62' title="bbox 42 5161 1694 5238">
    <p class='ocr_par' dir='ltr' id='par_1_62' title="bbox 42 5161 1694 5238">
     <span class='ocr_line' id='line_1_62' title="bbox 42 5161 1694 5238; baseline 0.002 -22"><span class='ocrx_word' id='word_1_408' title='bbox 42 5162 157 5233; x_wconf 89' lang='lat' dir='ltr'><strong>piti,</strong></span> <span class='ocrx_word' id='word_1_409' title='bbox 172 5184 279 5222; x_wconf 89' lang='lat' dir='ltr'><strong>nec</strong></span> <span class='ocrx_word' id='word_1_410' title='bbox 292 5163 627 5238; x_wconf 89' lang='lat' dir='ltr'><strong>quidquam</strong></span> <span class='ocrx_word' id='word_1_411' title='bbox 643 5164 799 5235; x_wconf 89' lang='lat' dir='ltr'><strong>quod</strong></span> <span class='ocrx_word' id='word_1_412' title='bbox 821 5163 947 5218; x_wconf 88' lang='lat' dir='ltr'><strong>suis</strong></span> <span class='ocrx_word' id='word_1_413' title='bbox 960 5161 1458 5219; x_wconf 90' lang='lat' dir='ltr'><strong>sollicitudinibus</strong></span> <span class='ocrx_word' id='word_1_414' title='bbox 1471 5164 1694 5237; x_wconf 89' lang='lat' dir='ltr'><strong>ingere-</strong></span> 
     </span>
    </p>
   </div>
   <div class='ocr_carea' id='block_1_63' title="bbox 44 5250 1692 5325">
    <p class='ocr_par' dir='ltr' id='par_1_63' title="bbox 44 5250 1692 5325">
     <span class='ocr_line' id='line_1_63' title="bbox 44 5250 1692 5325; baseline 0.001 -19"><span class='ocrx_word' id='word_1_415' title='bbox 44 5258 121 5306; x_wconf 85' lang='lat' dir='ltr'><strong>ret</strong></span> <span class='ocrx_word' id='word_1_416' title='bbox 147 5253 493 5309; x_wconf 83' lang='lat' dir='ltr'><strong>faciendum</strong></span> <span class='ocrx_word' id='word_1_417' title='bbox 523 5252 757 5325; x_wconf 90' lang='lat' dir='ltr'><strong>prodire</strong></span> <span class='ocrx_word' id='word_1_418' title='bbox 787 5250 1018 5308; x_wconf 78' lang='lat' dir='ltr'><strong>sinebat</strong></span> <span class='ocrx_word' id='word_1_419' title='bbox 1050 5251 1108 5305; x_wconf 91' lang='lat' dir='ltr'><strong>in</strong></span> <span class='ocrx_word' id='word_1_420' title='bbox 1142 5255 1357 5317; x_wconf 90' lang='lat' dir='ltr'><strong>actum,</strong></span> <span class='ocrx_word' id='word_1_421' title='bbox 1391 5252 1503 5307; x_wconf 89' lang='lat' dir='ltr'><strong>nisi</strong></span> <span class='ocrx_word' id='word_1_422' title='bbox 1530 5253 1692 5325; x_wconf 77' lang='lat' dir='ltr'><strong>prius</strong></span> 
     </span>
    </p>
   </div>
   <div class='ocr_carea' id='block_1_64' title="bbox 44 5340 1692 5399">
    <p class='ocr_par' dir='ltr' id='par_1_64' title="bbox 44 5340 1692 5399">
     <span class='ocr_line' id='line_1_64' title="bbox 44 5340 1692 5399; baseline 0.002 -4"><span class='ocrx_word' id='word_1_423' title='bbox 44 5342 219 5399; x_wconf 83' lang='lat' dir='ltr'><strong>multa</strong></span> <span class='ocrx_word' id='word_1_424' title='bbox 248 5343 470 5399; x_wconf 87' lang='lat' dir='ltr'><strong>fuisset</strong></span> <span class='ocrx_word' id='word_1_425' title='bbox 497 5340 936 5398; x_wconf 89' lang='lat' dir='ltr'><strong>deliberationis</strong></span> <span class='ocrx_word' id='word_1_426' title='bbox 995 5340 1228 5395; x_wconf 85' lang='lat' dir='ltr'><strong>fornace</strong></span> <span class='ocrx_word' id='word_1_427' title='bbox 1269 5340 1594 5397; x_wconf 89' lang='lat' dir='ltr'><strong>decoctum.</strong></span> <span class='ocrx_word' id='word_1_428' title='bbox 1628 5343 1692 5398; x_wconf 90' lang='lat' dir='ltr'><strong>Id</strong></span> 
     </span>
    </p>
   </div>
   <div class='ocr_carea' id='block_1_65' title="bbox 43 5429 1694 5488">
    <p class='ocr_par' dir='ltr' id='par_1_65' title="bbox 43 5429 1694 5488">
     <span class='ocr_line' id='line_1_65' title="bbox 43 5429 1694 5488; baseline 0.002 -5"><span class='ocrx_word' id='word_1_429' title='bbox 43 5430 190 5487; x_wconf 89' lang='lat' dir='ltr'><strong>enim</strong></span> <span class='ocrx_word' id='word_1_430' title='bbox 219 5433 298 5487; x_wconf 91' lang='lat' dir='ltr'><strong>ab</strong></span> <span class='ocrx_word' id='word_1_431' title='bbox 335 5429 567 5486; x_wconf 89' lang='lat' dir='ltr'><strong>ineunti</strong></span> <span class='ocrx_word' id='word_1_432' title='bbox 618 5447 726 5487; x_wconf 89' lang='lat' dir='ltr'><strong>sua</strong></span> <span class='ocrx_word' id='word_1_433' title='bbox 754 5434 924 5485; x_wconf 68' lang='lat' dir='ltr'><strong>aetate</strong></span> <span class='ocrx_word' id='word_1_434' title='bbox 981 5432 1348 5484; x_wconf 85' lang='lat' dir='ltr'><strong>contraxerat</strong></span> <span class='ocrx_word' id='word_1_435' title='bbox 1376 5429 1694 5488; x_wconf 89' lang='lat' dir='ltr'><strong>deliberare</strong></span> 
     </span>
    </p>
   </div>
   <div class='ocr_carea' id='block_1_66' title="bbox 42 5515 1696 5593">
    <p class='ocr_par' dir='ltr' id='par_1_66' title="bbox 42 5515 1696 5593">
     <span class='ocr_line' id='line_1_66' title="bbox 42 5515 1696 5593; baseline 0.003 -21"><span class='ocrx_word' id='word_1_436' title='bbox 42 5516 257 5577; x_wconf 86' lang='lat' dir='ltr'><strong>diutius</strong></span> <span class='ocrx_word' id='word_1_437' title='bbox 290 5521 369 5576; x_wconf 87' lang='lat' dir='ltr'><strong>de</strong></span> <span class='ocrx_word' id='word_1_438' title='bbox 400 5519 667 5592; x_wconf 84' lang='lat' dir='ltr'><strong>agendis,</strong></span> <span class='ocrx_word' id='word_1_439' title='bbox 712 5520 772 5575; x_wconf 91' lang='lat' dir='ltr'><strong>in</strong></span> <span class='ocrx_word' id='word_1_440' title='bbox 803 5523 1058 5585; x_wconf 89' lang='lat' dir='ltr'><strong>tantum,</strong></span> <span class='ocrx_word' id='word_1_441' title='bbox 1106 5520 1172 5571; x_wconf 91' lang='lat' dir='ltr'><strong>ut</strong></span> <span class='ocrx_word' id='word_1_442' title='bbox 1201 5515 1311 5573; x_wconf 91' lang='lat' dir='ltr'><strong>hoc</strong></span> <span class='ocrx_word' id='word_1_443' title='bbox 1350 5517 1399 5573; x_wconf 93' lang='lat' dir='ltr'><strong>ei</strong></span> <span class='ocrx_word' id='word_1_444' title='bbox 1434 5518 1696 5593; x_wconf 88' lang='lat' dir='ltr'><strong>plerique</strong></span> 
     </span>
    </p>
   </div>
   <div class='ocr_carea' id='block_1_67' title="bbox 44 5604 1698 5688">
    <p class='ocr_par' dir='ltr' id='par_1_67' title="bbox 44 5604 1698 5688">
     <span class='ocr_line' id='line_1_67' title="bbox 44 5604 1698 5688; baseline 0.004 -26"><span class='ocrx_word' id='word_1_445' title='bbox 44 5610 405 5667; x_wconf 84' lang='lat' dir='ltr'><strong>ascriberent</strong></span> <span class='ocrx_word' id='word_1_446' title='bbox 422 5607 686 5665; x_wconf 86' lang='lat' dir='ltr'><strong>tarditati</strong></span> <span class='ocrx_word' id='word_1_447' title='bbox 708 5625 721 5667; x_wconf 88' lang='lat'><strong>:</strong></span> <span class='ocrx_word' id='word_1_448' title='bbox 748 5625 884 5666; x_wconf 91' lang='lat' dir='ltr'><strong>nam</strong></span> <span class='ocrx_word' id='word_1_449' title='bbox 913 5607 1266 5679; x_wconf 87' lang='lat' dir='ltr'><strong>quandoque</strong></span> <span class='ocrx_word' id='word_1_450' title='bbox 1287 5604 1421 5665; x_wconf 89' lang='lat' dir='ltr'><strong>licet</strong></span> <span class='ocrx_word' id='word_1_451' title='bbox 1448 5626 1577 5666; x_wconf 86' lang='lat' dir='ltr'><strong>raro</strong></span> <span class='ocrx_word' id='word_1_452' title='bbox 1594 5628 1698 5688; x_wconf 90' lang='lat' dir='ltr'><strong>per</strong></span> 
     </span>
    </p>
   </div>
   <div class='ocr_carea' id='block_1_68' title="bbox 364 5733 1057 5804">
    <p class='ocr_par' dir='ltr' id='par_1_68' title="bbox 364 5733 1057 5804">
     <span class='ocr_line' id='line_1_68' title="bbox 364 5733 1057 5804; baseline 0.003 -6"><span class='ocrx_word' id='word_1_453' title='bbox 364 5735 628 5801; x_wconf 64' lang='lat' dir='ltr'><strong>Pareat.</strong></span> <span class='ocrx_word' id='word_1_454' title='bbox 674 5733 1057 5804; x_wconf 72' lang='lat' dir='ltr'><strong>CXXXVIII.</strong></span> 
     </span>
    </p>
   </div>
   <div class='ocr_carea' id='block_1_69' title="bbox 1798 1172 3443 1245">
    <p class='ocr_par' dir='ltr' id='par_1_69' title="bbox 1798 1172 3443 1245">
     <span class='ocr_line' id='line_1_69' title="bbox 1798 1172 3443 1245; baseline 0.001 -18"><span class='ocrx_word' id='word_1_455' title='bbox 1798 1173 1881 1227; x_wconf 90' lang='lat' dir='ltr'><strong>ita</strong></span> <span class='ocrx_word' id='word_1_456' title='bbox 1912 1176 1975 1227; x_wconf 91' lang='lat' dir='ltr'><strong>ut</strong></span> <span class='ocrx_word' id='word_1_457' title='bbox 2003 1172 2344 1227; x_wconf 89' lang='lat' dir='ltr'><strong>domesticis</strong></span> <span class='ocrx_word' id='word_1_458' title='bbox 2375 1172 2499 1226; x_wconf 88' lang='lat' dir='ltr'><strong>suis</strong></span> <span class='ocrx_word' id='word_1_459' title='bbox 2526 1172 2716 1227; x_wconf 87' lang='lat' dir='ltr'><strong>sobrie</strong></span> <span class='ocrx_word' id='word_1_460' title='bbox 2747 1178 2803 1226; x_wconf 89' lang='lat' dir='ltr'><strong>et</strong></span> <span class='ocrx_word' id='word_1_461' title='bbox 2824 1173 2985 1242; x_wconf 88' lang='lat' dir='ltr'><strong>juste</strong></span> <span class='ocrx_word' id='word_1_462' title='bbox 3012 1178 3068 1226; x_wconf 90' lang='lat' dir='ltr'><strong>et</strong></span> <span class='ocrx_word' id='word_1_463' title='bbox 3096 1172 3187 1245; x_wconf 92' lang='lat' dir='ltr'><strong>pie</strong></span> <span class='ocrx_word' id='word_1_464' title='bbox 3217 1173 3443 1228; x_wconf 88' lang='lat' dir='ltr'><strong>vivendi</strong></span> 
     </span>
    </p>
   </div>
   <div class='ocr_carea' id='block_1_70' title="bbox 1799 1260 3445 1332">
    <p class='ocr_par' dir='ltr' id='par_1_70' title="bbox 1799 1260 3445 1332">
     <span class='ocr_line' id='line_1_70' title="bbox 1799 1260 3445 1332; baseline 0.001 -16"><span class='ocrx_word' id='word_1_465' title='bbox 1799 1263 1987 1317; x_wconf 87' lang='lat' dir='ltr'><strong>forma</strong></span> <span class='ocrx_word' id='word_1_466' title='bbox 2041 1261 2311 1315; x_wconf 85' lang='lat' dir='ltr'><strong>existeret</strong></span> <span class='ocrx_word' id='word_1_467' title='bbox 2340 1266 2396 1315; x_wconf 93' lang='lat' dir='ltr'><strong>et</strong></span> <span class='ocrx_word' id='word_1_468' title='bbox 2425 1260 2793 1332; x_wconf 84' lang='lat' dir='ltr'><strong>exemplum;</strong></span> <span class='ocrx_word' id='word_1_469' title='bbox 2843 1260 3152 1316; x_wconf 89' lang='lat' dir='ltr'><strong>timoratus</strong></span> <span class='ocrx_word' id='word_1_470' title='bbox 3210 1262 3352 1317; x_wconf 88' lang='lat' dir='ltr'><strong>adeo</strong></span> <span class='ocrx_word' id='word_1_471' title='bbox 3382 1268 3445 1317; x_wconf 90' lang='lat' dir='ltr'><strong>ut</strong></span> 
     </span>
    </p>
   </div>
   <div class='ocr_carea' id='block_1_71' title="bbox 1798 1348 3444 1422">
    <p class='ocr_par' dir='ltr' id='par_1_71' title="bbox 1798 1348 3444 1422">
     <span class='ocr_line' id='line_1_71' title="bbox 1798 1348 3444 1422; baseline 0 -17"><span class='ocrx_word' id='word_1_472' title='bbox 1798 1351 1953 1406; x_wconf 90' lang='lat' dir='ltr'><strong>sicut</strong></span> <span class='ocrx_word' id='word_1_473' title='bbox 1974 1349 2033 1404; x_wconf 90' lang='lat' dir='ltr'><strong>hi</strong></span> <span class='ocrx_word' id='word_1_474' title='bbox 2057 1349 2290 1422; x_wconf 82' lang='lat' dir='ltr'><strong>plenius</strong></span> <span class='ocrx_word' id='word_1_475' title='bbox 2314 1349 2717 1420; x_wconf 86' lang='lat' dir='ltr'><strong>uoverant,qui</strong></span> <span class='ocrx_word' id='word_1_476' title='bbox 2744 1349 2800 1403; x_wconf 89' lang='lat' dir='ltr'><strong>in</strong></span> <span class='ocrx_word' id='word_1_477' title='bbox 2825 1350 2945 1404; x_wconf 91' lang='lat' dir='ltr'><strong>foro</strong></span> <span class='ocrx_word' id='word_1_478' title='bbox 2968 1348 3349 1420; x_wconf 79' lang='lat' dir='ltr'><strong>pmnitentiali</strong></span> <span class='ocrx_word' id='word_1_479' title='bbox 3372 1352 3444 1406; x_wconf 90' lang='lat' dir='ltr'><strong>de</strong></span> 
     </span>
    </p>
   </div>
   <div class='ocr_carea' id='block_1_72' title="bbox 1797 1435 3442 1508">
    <p class='ocr_par' dir='ltr' id='par_1_72' title="bbox 1797 1435 3442 1508">
     <span class='ocr_line' id='line_1_72' title="bbox 1797 1435 3442 1508; baseline -0.002 -13"><span class='ocrx_word' id='word_1_480' title='bbox 1797 1456 1905 1495; x_wconf 87' lang='lat' dir='ltr'><strong>sua</strong></span> <span class='ocrx_word' id='word_1_481' title='bbox 1929 1438 2286 1494; x_wconf 89' lang='lat' dir='ltr'><strong>conscientia</strong></span> <span class='ocrx_word' id='word_1_482' title='bbox 2308 1437 2679 1508; x_wconf 85' lang='lat' dir='ltr'><strong>judicabant,</strong></span> <span class='ocrx_word' id='word_1_483' title='bbox 2700 1436 2781 1491; x_wconf 89' lang='lat' dir='ltr'><strong>ita</strong></span> <span class='ocrx_word' id='word_1_484' title='bbox 2810 1435 2955 1490; x_wconf 89' lang='lat' dir='ltr'><strong>levia</strong></span> <span class='ocrx_word' id='word_1_485' title='bbox 2978 1435 3277 1508; x_wconf 89' lang='lat' dir='ltr'><strong>plangeret</strong></span> <span class='ocrx_word' id='word_1_486' title='bbox 3305 1453 3371 1492; x_wconf 86' lang='lat' dir='ltr'><strong>ac</strong></span> <span class='ocrx_word' id='word_1_487' title='bbox 3394 1438 3442 1492; x_wconf 90' lang='lat' dir='ltr'><strong>si</strong></span> 
     </span>
    </p>
   </div>
   <div class='ocr_carea' id='block_1_73' title="bbox 1797 1523 3446 1601">
    <p class='ocr_par' dir='ltr' id='par_1_73' title="bbox 1797 1523 3446 1601">
     <span class='ocr_line' id='line_1_73' title="bbox 1797 1523 3446 1601; baseline -0.002 -18"><span class='ocrx_word' id='word_1_488' title='bbox 1797 1528 1996 1601; x_wconf 89' lang='lat' dir='ltr'><strong>gravia</strong></span> <span class='ocrx_word' id='word_1_489' title='bbox 2016 1525 2411 1582; x_wconf 87' lang='lat' dir='ltr'><strong>commisisset</strong></span> <span class='ocrx_word' id='word_1_490' title='bbox 2434 1543 2447 1592; x_wconf 92' lang='lat'><strong>;</strong></span> <span class='ocrx_word' id='word_1_491' title='bbox 2469 1523 2817 1597; x_wconf 89' lang='lat' dir='ltr'><strong>pastoralem</strong></span> <span class='ocrx_word' id='word_1_492' title='bbox 2842 1524 3117 1579; x_wconf 90' lang='lat' dir='ltr'><strong>omnibus</strong></span> <span class='ocrx_word' id='word_1_493' title='bbox 3137 1525 3446 1581; x_wconf 86' lang='lat' dir='ltr'><strong>exhibebat</strong></span> 
     </span>
    </p>
   </div>
   <div class='ocr_carea' id='block_1_74' title="bbox 1797 1612 3447 1685">
    <p class='ocr_par' dir='ltr' id='par_1_74' title="bbox 1797 1612 3447 1685">
     <span class='ocr_line' id='line_1_74' title="bbox 1797 1612 3447 1685; baseline -0.001 -14"><span class='ocrx_word' id='word_1_494' title='bbox 1797 1617 2096 1682; x_wconf 80' lang='lat' dir='ltr'><strong>ati‘ectum,</strong></span> <span class='ocrx_word' id='word_1_495' title='bbox 2118 1614 2176 1669; x_wconf 90' lang='lat' dir='ltr'><strong>in</strong></span> <span class='ocrx_word' id='word_1_496' title='bbox 2197 1619 2426 1669; x_wconf 90' lang='lat' dir='ltr'><strong>tantum</strong></span> <span class='ocrx_word' id='word_1_497' title='bbox 2452 1618 2516 1668; x_wconf 91' lang='lat' dir='ltr'><strong>ut</strong></span> <span class='ocrx_word' id='word_1_498' title='bbox 2536 1630 2668 1668; x_wconf 90' lang='lat' dir='ltr'><strong>cum</strong></span> <span class='ocrx_word' id='word_1_499' title='bbox 2694 1629 2796 1684; x_wconf 88' lang='lat' dir='ltr'><strong>per</strong></span> <span class='ocrx_word' id='word_1_500' title='bbox 2810 1629 2978 1667; x_wconf 89' lang='lat' dir='ltr'><strong>suam</strong></span> <span class='ocrx_word' id='word_1_501' title='bbox 3009 1612 3447 1685; x_wconf 71' lang='lat' dir='ltr'><strong>equitaretdioe-</strong></span> 
     </span>
    </p>
   </div>
   <div class='ocr_carea' id='block_1_75' title="bbox 1796 1702 3448 1773">
    <p class='ocr_par' dir='ltr' id='par_1_75' title="bbox 1796 1702 3448 1773">
     <span class='ocr_line' id='line_1_75' title="bbox 1796 1702 3448 1773; baseline -0.002 -13"><span class='ocrx_word' id='word_1_502' title='bbox 1796 1706 1974 1760; x_wconf 85' lang='lat' dir='ltr'><strong>cesim</strong></span> <span class='ocrx_word' id='word_1_503' title='bbox 1994 1705 2062 1760; x_wconf 89' lang='lat' dir='ltr'><strong>ad</strong></span> <span class='ocrx_word' id='word_1_504' title='bbox 2089 1703 2242 1758; x_wconf 87' lang='lat' dir='ltr'><strong>viros</strong></span> <span class='ocrx_word' id='word_1_505' title='bbox 2265 1711 2321 1757; x_wconf 90' lang='lat' dir='ltr'><strong>et</strong></span> <span class='ocrx_word' id='word_1_506' title='bbox 2341 1702 2618 1757; x_wconf 89' lang='lat' dir='ltr'><strong>mulieres</strong></span> <span class='ocrx_word' id='word_1_507' title='bbox 2640 1702 3050 1772; x_wconf 87' lang='lat' dir='ltr'><strong>undecumque</strong></span> <span class='ocrx_word' id='word_1_508' title='bbox 3071 1718 3175 1773; x_wconf 90' lang='lat' dir='ltr'><strong>pro</strong></span> <span class='ocrx_word' id='word_1_509' title='bbox 3197 1703 3448 1757; x_wconf 90' lang='lat' dir='ltr'><strong>necessi-</strong></span> 
     </span>
    </p>
   </div>
   <div class='ocr_carea' id='block_1_76' title="bbox 1796 1789 3445 1861">
    <p class='ocr_par' dir='ltr' id='par_1_76' title="bbox 1796 1789 3445 1861">
     <span class='ocr_line' id='line_1_76' title="bbox 1796 1789 3445 1861; baseline -0.001 -14"><span class='ocrx_word' id='word_1_510' title='bbox 1796 1793 2015 1849; x_wconf 90' lang='lat' dir='ltr'><strong>tatibus</strong></span> <span class='ocrx_word' id='word_1_511' title='bbox 2042 1792 2165 1848; x_wconf 92' lang='lat' dir='ltr'><strong>suis</strong></span> <span class='ocrx_word' id='word_1_512' title='bbox 2183 1809 2296 1847; x_wconf 88' lang='lat' dir='ltr'><strong>non</strong></span> <span class='ocrx_word' id='word_1_513' title='bbox 2320 1790 2511 1846; x_wconf 90' lang='lat' dir='ltr'><strong>solum</strong></span> <span class='ocrx_word' id='word_1_514' title='bbox 2536 1789 2961 1861; x_wconf 87' lang='lat' dir='ltr'><strong>spiritualibus,</strong></span> <span class='ocrx_word' id='word_1_515' title='bbox 2985 1806 3187 1845; x_wconf 89' lang='lat' dir='ltr'><strong>verum</strong></span> <span class='ocrx_word' id='word_1_516' title='bbox 3209 1796 3265 1845; x_wconf 89' lang='lat' dir='ltr'><strong>et</strong></span> <span class='ocrx_word' id='word_1_517' title='bbox 3292 1797 3445 1846; x_wconf 89' lang='lat' dir='ltr'><strong>tem-</strong></span> 
     </span>
    </p>
   </div>
   <div class='ocr_carea' id='block_1_77' title="bbox 1798 1879 3441 1955">
    <p class='ocr_par' dir='ltr' id='par_1_77' title="bbox 1798 1879 3441 1955">
     <span class='ocr_line' id='line_1_77' title="bbox 1798 1879 3441 1955; baseline -0.002 -18"><span class='ocrx_word' id='word_1_518' title='bbox 1798 1882 2096 1955; x_wconf 86' lang='lat' dir='ltr'><strong>poralibus</strong></span> <span class='ocrx_word' id='word_1_519' title='bbox 2127 1881 2487 1936; x_wconf 83' lang='lat' dir='ltr'><strong>conﬂuentes</strong></span> <span class='ocrx_word' id='word_1_520' title='bbox 2517 1880 2588 1933; x_wconf 90' lang='lat' dir='ltr'><strong>ad</strong></span> <span class='ocrx_word' id='word_1_521' title='bbox 2625 1879 2843 1950; x_wconf 78' lang='lat' dir='ltr'><strong>ipsum,</strong></span> <span class='ocrx_word' id='word_1_522' title='bbox 2890 1879 3139 1950; x_wconf 88' lang='lat' dir='ltr'><strong>gradum</strong></span> <span class='ocrx_word' id='word_1_523' title='bbox 3189 1879 3441 1948; x_wconf 87' lang='lat' dir='ltr'><strong>sisteret,</strong></span> 
     </span>
    </p>
   </div>
   <div class='ocr_carea' id='block_1_78' title="bbox 1796 1966 3443 2044">
    <p class='ocr_par' dir='ltr' id='par_1_78' title="bbox 1796 1966 3443 2044">
     <span class='ocr_line' id='line_1_78' title="bbox 1796 1966 3443 2044; baseline -0.002 -17"><span class='ocrx_word' id='word_1_524' title='bbox 1796 1975 2023 2044; x_wconf 85' lang='lat' dir='ltr'><strong>gratam</strong></span> <span class='ocrx_word' id='word_1_525' title='bbox 2058 1975 2343 2042; x_wconf 63' lang='lat' dir='ltr'><strong>praestans</strong></span> <span class='ocrx_word' id='word_1_526' title='bbox 2369 1968 2451 2023; x_wconf 90' lang='lat' dir='ltr'><strong>eis</strong></span> <span class='ocrx_word' id='word_1_527' title='bbox 2485 1968 2712 2039; x_wconf 90' lang='lat' dir='ltr'><strong>copiam</strong></span> <span class='ocrx_word' id='word_1_528' title='bbox 2746 1966 3115 2039; x_wconf 88' lang='lat' dir='ltr'><strong>colloquendi</strong></span> <span class='ocrx_word' id='word_1_529' title='bbox 3139 1968 3443 2040; x_wconf 88' lang='lat' dir='ltr'><strong>cumipso,</strong></span> 
     </span>
    </p>
   </div>
   <div class='ocr_carea' id='block_1_79' title="bbox 1796 2055 3445 2132">
    <p class='ocr_par' dir='ltr' id='par_1_79' title="bbox 1796 2055 3445 2132">
     <span class='ocr_line' id='line_1_79' title="bbox 1796 2055 3445 2132; baseline -0.002 -17"><span class='ocrx_word' id='word_1_530' title='bbox 1796 2060 1881 2117; x_wconf 93' lang='lat' dir='ltr'><strong>ita</strong></span> <span class='ocrx_word' id='word_1_531' title='bbox 1912 2060 2065 2132; x_wconf 89' lang='lat' dir='ltr'><strong>quod</strong></span> <span class='ocrx_word' id='word_1_532' title='bbox 2089 2059 2441 2131; x_wconf 87' lang='lat' dir='ltr'><strong>quandoque</strong></span> <span class='ocrx_word' id='word_1_533' title='bbox 2475 2057 2600 2112; x_wconf 89' lang='lat' dir='ltr'><strong>suis</strong></span> <span class='ocrx_word' id='word_1_534' title='bbox 2633 2055 2916 2111; x_wconf 88' lang='lat' dir='ltr'><strong>molestus</strong></span> <span class='ocrx_word' id='word_1_535' title='bbox 2963 2055 3233 2112; x_wconf 77' lang='lat' dir='ltr'><strong>existeret</strong></span> <span class='ocrx_word' id='word_1_536' title='bbox 3269 2074 3445 2130; x_wconf 89' lang='lat' dir='ltr'><strong>prop-</strong></span> 
     </span>
    </p>
   </div>
   <div class='ocr_carea' id='block_1_80' title="bbox 1795 2143 3443 2218">
    <p class='ocr_par' dir='ltr' id='par_1_80' title="bbox 1795 2143 3443 2218">
     <span class='ocr_line' id='line_1_80' title="bbox 1795 2143 3443 2218; baseline -0.002 -12"><span class='ocrx_word' id='word_1_537' title='bbox 1795 2154 1884 2206; x_wconf 89' lang='lat' dir='ltr'><strong>ter</strong></span> <span class='ocrx_word' id='word_1_538' title='bbox 1914 2164 2139 2204; x_wconf 90' lang='lat' dir='ltr'><strong>moram</strong></span> <span class='ocrx_word' id='word_1_539' title='bbox 2172 2163 2349 2218; x_wconf 91' lang='lat' dir='ltr'><strong>quam</strong></span> <span class='ocrx_word' id='word_1_540' title='bbox 2381 2145 2629 2201; x_wconf 88' lang='lat' dir='ltr'><strong>faciebat</strong></span> <span class='ocrx_word' id='word_1_541' title='bbox 2658 2160 2791 2199; x_wconf 92' lang='lat' dir='ltr'><strong>cum</strong></span> <span class='ocrx_word' id='word_1_542' title='bbox 2832 2143 3051 2200; x_wconf 88' lang='lat' dir='ltr'><strong>talibus</strong></span> <span class='ocrx_word' id='word_1_543' title='bbox 3099 2143 3443 2216; x_wconf 86' lang='lat' dir='ltr'><strong>longiorem.</strong></span> 
     </span>
    </p>
   </div>
   <div class='ocr_carea' id='block_1_81' title="bbox 2223 2260 3003 2334">
    <p class='ocr_par' dir='ltr' id='par_1_81' title="bbox 2223 2260 3003 2334">
     <span class='ocr_line' id='line_1_81' title="bbox 2223 2260 3003 2334; baseline -0.004 -17"><span class='ocrx_word' id='word_1_544' title='bbox 2223 2261 2391 2333; x_wconf 74' lang='lat' dir='ltr'><strong>Cujus</strong></span> <span class='ocrx_word' id='word_1_545' title='bbox 2420 2261 2723 2334; x_wconf 71' lang='lat' dir='ltr'><strong>affectioms</strong></span> <span class='ocrx_word' id='word_1_546' title='bbox 2756 2260 2816 2315; x_wconf 77' lang='lat' dir='ltr'><strong>in</strong></span> <span class='ocrx_word' id='word_1_547' title='bbox 2844 2261 3003 2315; x_wconf 74' lang='lat' dir='ltr'><strong>cives.</strong></span> 
     </span>
    </p>
   </div>
   <div class='ocr_carea' id='block_1_82' title="bbox 1868 2367 3446 2440">
    <p class='ocr_par' dir='ltr' id='par_1_82' title="bbox 1868 2367 3446 2440">
     <span class='ocr_line' id='line_1_82' title="bbox 1868 2367 3446 2440; baseline -0.001 -12"><span class='ocrx_word' id='word_1_548' title='bbox 1868 2373 2024 2428; x_wconf 63' lang='grc' dir='ltr'><strong>Μίνω</strong></span> <span class='ocrx_word' id='word_1_549' title='bbox 2055 2369 2377 2426; x_wconf 73' lang='lat' dir='ltr'><strong>affectionis</strong></span> <span class='ocrx_word' id='word_1_550' title='bbox 2409 2368 2466 2423; x_wconf 90' lang='lat' dir='ltr'><strong>in</strong></span> <span class='ocrx_word' id='word_1_551' title='bbox 2499 2367 2652 2423; x_wconf 89' lang='lat' dir='ltr'><strong>cives</strong></span> <span class='ocrx_word' id='word_1_552' title='bbox 2683 2384 2784 2439; x_wconf 91' lang='lat' dir='ltr'><strong>pro</strong></span> <span class='ocrx_word' id='word_1_553' title='bbox 2807 2383 3059 2439; x_wconf 86' lang='lat' dir='ltr'><strong>quorum</strong></span> <span class='ocrx_word' id='word_1_554' title='bbox 3092 2368 3446 2440; x_wconf 85' lang='lat' dir='ltr'><strong>protectione</strong></span> 
     </span>
    </p>
   </div>
   <div class='ocr_carea' id='block_1_83' title="bbox 1796 2455 3446 2535">
    <p class='ocr_par' dir='ltr' id='par_1_83' title="bbox 1796 2455 3446 2535">
     <span class='ocr_line' id='line_1_83' title="bbox 1796 2455 3446 2535; baseline -0.002 -18"><span class='ocrx_word' id='word_1_555' title='bbox 1796 2478 2000 2535; x_wconf 88' lang='lat' dir='ltr'><strong>graves</strong></span> <span class='ocrx_word' id='word_1_556' title='bbox 2034 2461 2367 2532; x_wconf 87' lang='lat' dir='ltr'><strong>frequenter</strong></span> <span class='ocrx_word' id='word_1_557' title='bbox 2394 2456 2593 2513; x_wconf 87' lang='lat' dir='ltr'><strong>Hervei</strong></span> <span class='ocrx_word' id='word_1_558' title='bbox 2628 2455 2859 2511; x_wconf 82' lang='lat' dir='ltr'><strong>comitis</strong></span> <span class='ocrx_word' id='word_1_559' title='bbox 2882 2456 3254 2515; x_wconf 72' lang='lat' dir='ltr'><strong>Nivcrnensis</strong></span> <span class='ocrx_word' id='word_1_560' title='bbox 3275 2458 3446 2515; x_wconf 86' lang='lat' dir='ltr'><strong>susti-</strong></span> 
     </span>
    </p>
   </div>
   <div class='ocr_carea' id='block_1_84' title="bbox 1797 2544 3444 2619">
    <p class='ocr_par' dir='ltr' id='par_1_84' title="bbox 1797 2544 3444 2619">
     <span class='ocr_line' id='line_1_84' title="bbox 1797 2544 3444 2619; baseline -0.002 -13"><span class='ocrx_word' id='word_1_561' title='bbox 1797 2551 1927 2606; x_wconf 90' lang='lat' dir='ltr'><strong>nuit</strong></span> <span class='ocrx_word' id='word_1_562' title='bbox 1959 2550 2291 2619; x_wconf 85' lang='lat' dir='ltr'><strong>simutates,</strong></span> <span class='ocrx_word' id='word_1_563' title='bbox 2323 2547 2465 2601; x_wconf 87' lang='lat' dir='ltr'><strong>dum</strong></span> <span class='ocrx_word' id='word_1_564' title='bbox 2514 2545 2703 2602; x_wconf 91' lang='lat' dir='ltr'><strong>eidem</strong></span> <span class='ocrx_word' id='word_1_565' title='bbox 2756 2544 3069 2614; x_wconf 89' lang='lat' dir='ltr'><strong>resisteret,</strong></span> <span class='ocrx_word' id='word_1_566' title='bbox 3120 2563 3191 2603; x_wconf 89' lang='lat' dir='ltr'><strong>ne</strong></span> <span class='ocrx_word' id='word_1_567' title='bbox 3220 2545 3444 2603; x_wconf 84' lang='lat' dir='ltr'><strong>vivente</strong></span> 
     </span>
    </p>
   </div>
   <div class='ocr_carea' id='block_1_85' title="bbox 1796 2633 3447 2709">
    <p class='ocr_par' dir='ltr' id='par_1_85' title="bbox 1796 2633 3447 2709">
     <span class='ocr_line' id='line_1_85' title="bbox 1796 2633 3447 2709; baseline -0.004 -12"><span class='ocrx_word' id='word_1_568' title='bbox 1796 2640 2009 2697; x_wconf 89' lang='lat' dir='ltr'><strong>comite</strong></span> <span class='ocrx_word' id='word_1_569' title='bbox 2041 2638 2205 2693; x_wconf 89' lang='lat' dir='ltr'><strong>Petro</strong></span> <span class='ocrx_word' id='word_1_570' title='bbox 2229 2640 2397 2709; x_wconf 85' lang='lat' dir='ltr'><strong>patre</strong></span> <span class='ocrx_word' id='word_1_571' title='bbox 2416 2633 2612 2691; x_wconf 87' lang='lat' dir='ltr'><strong>uxoris</strong></span> <span class='ocrx_word' id='word_1_572' title='bbox 2634 2652 2774 2703; x_wconf 69' lang='lat' dir='ltr'><strong>suae,</strong></span> <span class='ocrx_word' id='word_1_573' title='bbox 2800 2633 3058 2691; x_wconf 86' lang='lat' dir='ltr'><strong>Matildis</strong></span> <span class='ocrx_word' id='word_1_574' title='bbox 3077 2634 3447 2703; x_wconf 66' lang='lat' dir='ltr'><strong>videlicet,cio</strong></span> 
     </span>
    </p>
   </div>
   <div class='ocr_carea' id='block_1_86' title="bbox 1794 2723 3441 2796">
    <p class='ocr_par' dir='ltr' id='par_1_86' title="bbox 1794 2723 3441 2796">
     <span class='ocr_line' id='line_1_86' title="bbox 1794 2723 3441 2796; baseline -0.002 -12"><span class='ocrx_word' id='word_1_575' title='bbox 1794 2727 1989 2784; x_wconf 89' lang='lat' dir='ltr'><strong>vitatis</strong></span> <span class='ocrx_word' id='word_1_576' title='bbox 2005 2726 2331 2783; x_wconf 89' lang='lat' dir='ltr'><strong>dominium</strong></span> <span class='ocrx_word' id='word_1_577' title='bbox 2348 2728 2683 2795; x_wconf 88' lang='lat' dir='ltr'><strong>usurparet:</strong></span> <span class='ocrx_word' id='word_1_578' title='bbox 2700 2723 2854 2796; x_wconf 88' lang='lat' dir='ltr'><strong>quod</strong></span> <span class='ocrx_word' id='word_1_579' title='bbox 2880 2728 3039 2780; x_wconf 88' lang='lat' dir='ltr'><strong>tanto</strong></span> <span class='ocrx_word' id='word_1_580' title='bbox 3053 2724 3305 2796; x_wconf 89' lang='lat' dir='ltr'><strong>amplius</strong></span> <span class='ocrx_word' id='word_1_581' title='bbox 3319 2740 3441 2780; x_wconf 85' lang='lat' dir='ltr'><strong>am-</strong></span> 
     </span>
    </p>
   </div>
   <div class='ocr_carea' id='block_1_87' title="bbox 1796 2812 3444 2888">
    <p class='ocr_par' dir='ltr' id='par_1_87' title="bbox 1796 2812 3444 2888">
     <span class='ocr_line' id='line_1_87' title="bbox 1796 2812 3444 2888; baseline -0.003 -15"><span class='ocrx_word' id='word_1_582' title='bbox 1796 2818 2001 2884; x_wconf 88' lang='lat' dir='ltr'><strong>bierat,</strong></span> <span class='ocrx_word' id='word_1_583' title='bbox 2037 2819 2257 2888; x_wconf 88' lang='lat' dir='ltr'><strong>quanto</strong></span> <span class='ocrx_word' id='word_1_584' title='bbox 2290 2813 2339 2869; x_wconf 92' lang='lat' dir='ltr'><strong>si</strong></span> <span class='ocrx_word' id='word_1_585' title='bbox 2370 2814 2709 2886; x_wconf 84' lang='lat' dir='ltr'><strong>fungeretur</strong></span> <span class='ocrx_word' id='word_1_586' title='bbox 2737 2829 2932 2868; x_wconf 89' lang='lat' dir='ltr'><strong>comes</strong></span> <span class='ocrx_word' id='word_1_587' title='bbox 2976 2813 3312 2885; x_wconf 65' lang='lat' dir='ltr'><strong>praedictus,</strong></span> <span class='ocrx_word' id='word_1_588' title='bbox 3342 2812 3444 2885; x_wconf 92' lang='lat' dir='ltr'><strong>qui</strong></span> 
     </span>
    </p>
   </div>
   <div class='ocr_carea' id='block_1_88' title="bbox 1795 2899 3442 2975">
    <p class='ocr_par' dir='ltr' id='par_1_88' title="bbox 1795 2899 3442 2975">
     <span class='ocr_line' id='line_1_88' title="bbox 1795 2899 3442 2975; baseline -0.003 -14"><span class='ocrx_word' id='word_1_589' title='bbox 1795 2902 2362 2975; x_wconf 86' lang='lat' dir='ltr'><strong>Constantinopolim</strong></span> <span class='ocrx_word' id='word_1_590' title='bbox 2398 2902 2471 2957; x_wconf 90' lang='lat' dir='ltr'><strong>ad</strong></span> <span class='ocrx_word' id='word_1_591' title='bbox 2513 2900 2910 2972; x_wconf 89' lang='lat' dir='ltr'><strong>recipiendum</strong></span> <span class='ocrx_word' id='word_1_592' title='bbox 2941 2899 3252 2973; x_wconf 90' lang='lat' dir='ltr'><strong>imperium</strong></span> <span class='ocrx_word' id='word_1_593' title='bbox 3283 2901 3442 2972; x_wconf 91' lang='lat' dir='ltr'><strong>quod</strong></span> 
     </span>
    </p>
   </div>
   <div class='ocr_carea' id='block_1_89' title="bbox 1794 2989 3442 3064">
    <p class='ocr_par' dir='ltr' id='par_1_89' title="bbox 1794 2989 3442 3064">
     <span class='ocr_line' id='line_1_89' title="bbox 1794 2989 3442 3064; baseline -0.005 -12"><span class='ocrx_word' id='word_1_594' title='bbox 1794 2996 2131 3059; x_wconf 88' lang='lat' dir='ltr'><strong>vocabatur,</strong></span> <span class='ocrx_word' id='word_1_595' title='bbox 2175 2990 2466 3064; x_wconf 86' lang='lat' dir='ltr'><strong>profectus</strong></span> <span class='ocrx_word' id='word_1_596' title='bbox 2524 2990 2711 3045; x_wconf 90' lang='lat' dir='ltr'><strong>fuerat</strong></span> <span class='ocrx_word' id='word_1_597' title='bbox 2769 2989 3005 3045; x_wconf 88' lang='lat' dir='ltr'><strong>nomine</strong></span> <span class='ocrx_word' id='word_1_598' title='bbox 3065 2989 3264 3045; x_wconf 85' lang='lat' dir='ltr'><strong>uxoris</strong></span> <span class='ocrx_word' id='word_1_599' title='bbox 3322 3007 3442 3045; x_wconf 67' lang='lat' dir='ltr'><strong>sua:</strong></span> 
     </span>
    </p>
   </div>
   <div class='ocr_carea' id='block_1_90' title="bbox 1796 3076 3439 3157">
    <p class='ocr_par' dir='ltr' id='par_1_90' title="bbox 1796 3076 3439 3157">
     <span class='ocr_line' id='line_1_90' title="bbox 1796 3076 3439 3157; baseline -0.003 -19"><span class='ocrx_word' id='word_1_600' title='bbox 1796 3082 2080 3157; x_wconf 62' lang='lat' dir='ltr'><strong>praedicta:</strong></span> <span class='ocrx_word' id='word_1_601' title='bbox 2116 3081 2170 3135; x_wconf 91' lang='lat' dir='ltr'><strong>in</strong></span> <span class='ocrx_word' id='word_1_602' title='bbox 2203 3078 2617 3152; x_wconf 88' lang='lat' dir='ltr'><strong>proprietatem</strong></span> <span class='ocrx_word' id='word_1_603' title='bbox 2638 3095 2805 3133; x_wconf 89' lang='lat' dir='ltr'><strong>suam</strong></span> <span class='ocrx_word' id='word_1_604' title='bbox 2827 3076 2957 3151; x_wconf 90' lang='lat' dir='ltr'><strong>ipsa</strong></span> <span class='ocrx_word' id='word_1_605' title='bbox 2974 3077 3221 3133; x_wconf 88' lang='lat' dir='ltr'><strong>debebat</strong></span> <span class='ocrx_word' id='word_1_606' title='bbox 3243 3078 3439 3133; x_wconf 89' lang='lat' dir='ltr'><strong>Antis-</strong></span> 
     </span>
    </p>
   </div>
   <div class='ocr_carea' id='block_1_91' title="bbox 1798 3165 3441 3239">
    <p class='ocr_par' dir='ltr' id='par_1_91' title="bbox 1798 3165 3441 3239">
     <span class='ocr_line' id='line_1_91' title="bbox 1798 3165 3441 3239; baseline -0.005 -10"><span class='ocrx_word' id='word_1_607' title='bbox 1798 3172 2014 3229; x_wconf 89' lang='lat' dir='ltr'><strong>siodor.</strong></span> <span class='ocrx_word' id='word_1_608' title='bbox 2050 3168 2253 3225; x_wconf 89' lang='lat' dir='ltr'><strong>civitas</strong></span> <span class='ocrx_word' id='word_1_609' title='bbox 2276 3166 2563 3235; x_wconf 90' lang='lat' dir='ltr'><strong>devenire,</strong></span> <span class='ocrx_word' id='word_1_610' title='bbox 2592 3166 2693 3222; x_wconf 89' lang='lat' dir='ltr'><strong>sed</strong></span> <span class='ocrx_word' id='word_1_611' title='bbox 2723 3165 2841 3221; x_wconf 91' lang='lat' dir='ltr'><strong>voti</strong></span> <span class='ocrx_word' id='word_1_612' title='bbox 2883 3165 2975 3221; x_wconf 90' lang='lat' dir='ltr'><strong>sui</strong></span> <span class='ocrx_word' id='word_1_613' title='bbox 3034 3182 3272 3239; x_wconf 90' lang='lat' dir='ltr'><strong>compos</strong></span> <span class='ocrx_word' id='word_1_614' title='bbox 3311 3182 3441 3223; x_wconf 85' lang='lat' dir='ltr'><strong>esse</strong></span> 
     </span>
    </p>
   </div>
   <div class='ocr_carea' id='block_1_92' title="bbox 1798 3255 3441 3333">
    <p class='ocr_par' dir='ltr' id='par_1_92' title="bbox 1798 3255 3441 3333">
     <span class='ocr_line' id='line_1_92' title="bbox 1798 3255 3441 3333; baseline -0.003 -16"><span class='ocrx_word' id='word_1_615' title='bbox 1798 3279 1909 3317; x_wconf 92' lang='lat' dir='ltr'><strong>non</strong></span> <span class='ocrx_word' id='word_1_616' title='bbox 1944 3258 2129 3333; x_wconf 86' lang='lat' dir='ltr'><strong>potuit</strong></span> <span class='ocrx_word' id='word_1_617' title='bbox 2161 3258 2317 3312; x_wconf 88' lang='lat' dir='ltr'><strong>idem</strong></span> <span class='ocrx_word' id='word_1_618' title='bbox 2363 3273 2557 3312; x_wconf 90' lang='lat' dir='ltr'><strong>comes</strong></span> <span class='ocrx_word' id='word_1_619' title='bbox 2586 3256 2774 3311; x_wconf 92' lang='lat' dir='ltr'><strong>donoc</strong></span> <span class='ocrx_word' id='word_1_620' title='bbox 2830 3255 2955 3328; x_wconf 89' lang='lat' dir='ltr'><strong>ipse</strong></span> <span class='ocrx_word' id='word_1_621' title='bbox 2996 3255 3305 3327; x_wconf 89' lang='lat' dir='ltr'><strong>episcopus</strong></span> <span class='ocrx_word' id='word_1_622' title='bbox 3338 3274 3441 3312; x_wconf 86' lang='lat' dir='ltr'><strong>ur-</strong></span> 
     </span>
    </p>
   </div>
   <div class='ocr_carea' id='block_1_93' title="bbox 1794 3344 3438 3423">
    <p class='ocr_par' dir='ltr' id='par_1_93' title="bbox 1794 3344 3438 3423">
     <span class='ocr_line' id='line_1_93' title="bbox 1794 3344 3438 3423; baseline -0.003 -18"><span class='ocrx_word' id='word_1_623' title='bbox 1794 3355 1965 3423; x_wconf 89' lang='lat' dir='ltr'><strong>gente</strong></span> <span class='ocrx_word' id='word_1_624' title='bbox 1998 3349 2270 3403; x_wconf 76' lang='lat' dir='ltr'><strong>Romanae</strong></span> <span class='ocrx_word' id='word_1_625' title='bbox 2317 3345 2473 3401; x_wconf 88' lang='lat' dir='ltr'><strong>sedis</strong></span> <span class='ocrx_word' id='word_1_626' title='bbox 2523 3344 2865 3400; x_wconf 88' lang='lat' dir='ltr'><strong>auctoritate</strong></span> <span class='ocrx_word' id='word_1_627' title='bbox 2914 3344 2985 3399; x_wconf 87' lang='lat' dir='ltr'><strong>ad</strong></span> <span class='ocrx_word' id='word_1_628' title='bbox 3036 3346 3438 3416; x_wconf 86' lang='lat' dir='ltr'><strong>episcopatum</strong></span> 
     </span>
    </p>
   </div>
   <div class='ocr_carea' id='block_1_94' title="bbox 1794 3431 2692 3496">
    <p class='ocr_par' dir='ltr' id='par_1_94' title="bbox 1794 3431 2692 3496">
     <span class='ocr_line' id='line_1_94' title="bbox 1794 3431 2692 3496; baseline -0.009 -1"><span class='ocrx_word' id='word_1_629' title='bbox 1794 3438 1903 3496; x_wconf 86' lang='lat' dir='ltr'><strong>fuit</strong></span> <span class='ocrx_word' id='word_1_630' title='bbox 1931 3436 2318 3493; x_wconf 87' lang='lat' dir='ltr'><strong>Parisiensem</strong></span> <span class='ocrx_word' id='word_1_631' title='bbox 2350 3431 2692 3489; x_wconf 88' lang='lat' dir='ltr'><strong>translatus.</strong></span> 
     </span>
    </p>
   </div>
   <div class='ocr_carea' id='block_1_95' title="bbox 2277 3547 2946 3606">
    <p class='ocr_par' dir='ltr' id='par_1_95' title="bbox 2277 3547 2946 3606">
     <span class='ocr_line' id='line_1_95' title="bbox 2277 3547 2946 3606; baseline -0.004 0"><span class='ocrx_word' id='word_1_632' title='bbox 2277 3549 2662 3606; x_wconf 77' lang='lat' dir='ltr'><strong>Jurisdictioni</strong></span> <span class='ocrx_word' id='word_1_633' title='bbox 2687 3547 2946 3603; x_wconf 71' lang='lat' dir='ltr'><strong>detraxit.</strong></span> 
     </span>
    </p>
   </div>
   <div class='ocr_carea' id='block_1_96' title="bbox 1867 3654 3439 3731">
    <p class='ocr_par' dir='ltr' id='par_1_96' title="bbox 1867 3654 3439 3731">
     <span class='ocr_line' id='line_1_96' title="bbox 1867 3654 3439 3731; baseline -0.003 -15"><span class='ocrx_word' id='word_1_634' title='bbox 1867 3662 1927 3716; x_wconf 92' lang='lat' dir='ltr'><strong>In</strong></span> <span class='ocrx_word' id='word_1_635' title='bbox 1954 3659 2177 3731; x_wconf 77' lang='lat' dir='ltr'><strong>judicia</strong></span> <span class='ocrx_word' id='word_1_636' title='bbox 2209 3655 2447 3729; x_wconf 90' lang='lat' dir='ltr'><strong>proutei</strong></span> <span class='ocrx_word' id='word_1_637' title='bbox 2466 3654 2759 3710; x_wconf 88' lang='lat' dir='ltr'><strong>revelabat</strong></span> <span class='ocrx_word' id='word_1_638' title='bbox 2778 3654 3066 3711; x_wconf 78' lang='lat' dir='ltr'><strong>Dominus</strong></span> <span class='ocrx_word' id='word_1_639' title='bbox 3088 3671 3318 3728; x_wconf 88' lang='lat' dir='ltr'><strong>semper</strong></span> <span class='ocrx_word' id='word_1_640' title='bbox 3345 3655 3439 3711; x_wconf 86' lang='lat' dir='ltr'><strong>via</strong></span> 
     </span>
    </p>
   </div>
   <div class='ocr_carea' id='block_1_97' title="bbox 1795 3743 3440 3823">
    <p class='ocr_par' dir='ltr' id='par_1_97' title="bbox 1795 3743 3440 3823">
     <span class='ocr_line' id='line_1_97' title="bbox 1795 3743 3440 3823; baseline -0.004 -17"><span class='ocrx_word' id='word_1_641' title='bbox 1795 3751 1955 3823; x_wconf 88' lang='lat' dir='ltr'><strong>regia</strong></span> <span class='ocrx_word' id='word_1_642' title='bbox 1984 3747 2306 3813; x_wconf 89' lang='lat' dir='ltr'><strong>incedebat,</strong></span> <span class='ocrx_word' id='word_1_643' title='bbox 2342 3762 2446 3801; x_wconf 89' lang='lat' dir='ltr'><strong>nec</strong></span> <span class='ocrx_word' id='word_1_644' title='bbox 2475 3743 2595 3799; x_wconf 92' lang='lat' dir='ltr'><strong>ullo</strong></span> <span class='ocrx_word' id='word_1_645' title='bbox 2617 3745 2790 3799; x_wconf 89' lang='lat' dir='ltr'><strong>modo</strong></span> <span class='ocrx_word' id='word_1_646' title='bbox 2806 3747 2967 3799; x_wconf 87' lang='lat' dir='ltr'><strong>extra</strong></span> <span class='ocrx_word' id='word_1_647' title='bbox 2987 3744 3238 3799; x_wconf 90' lang='lat' dir='ltr'><strong>scienter</strong></span> <span class='ocrx_word' id='word_1_648' title='bbox 3266 3744 3440 3799; x_wconf 86' lang='lat' dir='ltr'><strong>decli-</strong></span> 
     </span>
    </p>
   </div>
   <div class='ocr_carea' id='block_1_98' title="bbox 1795 3831 3443 3901">
    <p class='ocr_par' dir='ltr' id='par_1_98' title="bbox 1795 3831 3443 3901">
     <span class='ocr_line' id='line_1_98' title="bbox 1795 3831 3443 3901; baseline -0.004 -7"><span class='ocrx_word' id='word_1_649' title='bbox 1795 3840 1972 3894; x_wconf 88' lang='lat' dir='ltr'><strong>nabat</strong></span> <span class='ocrx_word' id='word_1_650' title='bbox 2001 3837 2071 3892; x_wconf 90' lang='lat' dir='ltr'><strong>ad</strong></span> <span class='ocrx_word' id='word_1_651' title='bbox 2105 3836 2397 3891; x_wconf 88' lang='lat' dir='ltr'><strong>dexteram</strong></span> <span class='ocrx_word' id='word_1_652' title='bbox 2428 3832 2515 3888; x_wconf 91' lang='lat' dir='ltr'><strong>vel</strong></span> <span class='ocrx_word' id='word_1_653' title='bbox 2539 3832 2841 3889; x_wconf 89' lang='lat' dir='ltr'><strong>sinistram</strong></span> <span class='ocrx_word' id='word_1_654' title='bbox 2866 3850 2881 3901; x_wconf 90' lang='lat'><strong>;</strong></span> <span class='ocrx_word' id='word_1_655' title='bbox 2914 3831 3080 3889; x_wconf 88' lang='lat' dir='ltr'><strong>facile</strong></span> <span class='ocrx_word' id='word_1_656' title='bbox 3101 3837 3294 3889; x_wconf 88' lang='lat' dir='ltr'><strong>tamen</strong></span> <span class='ocrx_word' id='word_1_657' title='bbox 3319 3836 3443 3889; x_wconf 91' lang='lat' dir='ltr'><strong>erat</strong></span> 
     </span>
    </p>
   </div>
   <div class='ocr_carea' id='block_1_99' title="bbox 1795 3921 3441 4000">
    <p class='ocr_par' dir='ltr' id='par_1_99' title="bbox 1795 3921 3441 4000">
     <span class='ocr_line' id='line_1_99' title="bbox 1795 3921 3441 4000; baseline -0.004 -16"><span class='ocrx_word' id='word_1_658' title='bbox 1795 3927 1847 3984; x_wconf 91' lang='lat' dir='ltr'><strong>ei</strong></span> <span class='ocrx_word' id='word_1_659' title='bbox 1877 3927 2229 4000; x_wconf 88' lang='lat' dir='ltr'><strong>persuadere</strong></span> <span class='ocrx_word' id='word_1_660' title='bbox 2259 3922 2605 3987; x_wconf 88' lang='lat' dir='ltr'><strong>rationibus,</strong></span> <span class='ocrx_word' id='word_1_661' title='bbox 2654 3922 2701 3977; x_wconf 90' lang='lat' dir='ltr'><strong>si</strong></span> <span class='ocrx_word' id='word_1_662' title='bbox 2736 3939 2860 3994; x_wconf 65' lang='lat' dir='ltr'><strong>quae</strong></span> <span class='ocrx_word' id='word_1_663' title='bbox 2902 3921 3254 3978; x_wconf 89' lang='lat' dir='ltr'><strong>obumbrare</strong></span> <span class='ocrx_word' id='word_1_664' title='bbox 3285 3921 3441 3978; x_wconf 90' lang='lat' dir='ltr'><strong>vide-</strong></span> 
     </span>
    </p>
   </div>
   <div class='ocr_carea' id='block_1_100' title="bbox 1795 4010 3443 4086">
    <p class='ocr_par' dir='ltr' id='par_1_100' title="bbox 1795 4010 3443 4086">
     <span class='ocr_line' id='line_1_100' title="bbox 1795 4010 3443 4086; baseline -0.004 -14"><span class='ocrx_word' id='word_1_665' title='bbox 1795 4021 2018 4080; x_wconf 87' lang='lat' dir='ltr'><strong>rentur,</strong></span> <span class='ocrx_word' id='word_1_666' title='bbox 2051 4014 2203 4086; x_wconf 92' lang='lat' dir='ltr'><strong>quod</strong></span> <span class='ocrx_word' id='word_1_667' title='bbox 2238 4012 2484 4086; x_wconf 68' lang='lat' dir='ltr'><strong>propriae</strong></span> <span class='ocrx_word' id='word_1_668' title='bbox 2512 4011 2673 4067; x_wconf 91' lang='lat' dir='ltr'><strong>favor</strong></span> <span class='ocrx_word' id='word_1_669' title='bbox 2695 4011 2966 4066; x_wconf 89' lang='lat' dir='ltr'><strong>utilitatis</strong></span> <span class='ocrx_word' id='word_1_670' title='bbox 2988 4010 3267 4079; x_wconf 89' lang='lat' dir='ltr'><strong>dictabat,</strong></span> <span class='ocrx_word' id='word_1_671' title='bbox 3287 4012 3443 4067; x_wconf 88' lang='lat' dir='ltr'><strong>unde</strong></span> 
     </span>
    </p>
   </div>
   <div class='ocr_carea' id='block_1_101' title="bbox 1795 4098 3444 4172">
    <p class='ocr_par' dir='ltr' id='par_1_101' title="bbox 1795 4098 3444 4172">
     <span class='ocr_line' id='line_1_101' title="bbox 1795 4098 3444 4172; baseline -0.004 -10"><span class='ocrx_word' id='word_1_672' title='bbox 1795 4110 1852 4162; x_wconf 89' lang='lat' dir='ltr'><strong>et</strong></span> <span class='ocrx_word' id='word_1_673' title='bbox 1880 4105 2227 4160; x_wconf 88' lang='lat' dir='ltr'><strong>deeanatum</strong></span> <span class='ocrx_word' id='word_1_674' title='bbox 2259 4100 2512 4156; x_wconf 89' lang='lat' dir='ltr'><strong>multum</strong></span> <span class='ocrx_word' id='word_1_675' title='bbox 2542 4099 2853 4172; x_wconf 89' lang='lat' dir='ltr'><strong>oppressit.</strong></span> <span class='ocrx_word' id='word_1_676' title='bbox 2877 4099 3023 4154; x_wconf 89' lang='lat' dir='ltr'><strong>Nam</strong></span> <span class='ocrx_word' id='word_1_677' title='bbox 3044 4116 3176 4154; x_wconf 90' lang='lat' dir='ltr'><strong>cum</strong></span> <span class='ocrx_word' id='word_1_678' title='bbox 3208 4098 3444 4170; x_wconf 91' lang='lat' dir='ltr'><strong>publica</strong></span> 
     </span>
    </p>
   </div>
   <div class='ocr_carea' id='block_1_102' title="bbox 1796 4186 3442 4250">
    <p class='ocr_par' dir='ltr' id='par_1_102' title="bbox 1796 4186 3442 4250">
     <span class='ocr_line' id='line_1_102' title="bbox 1796 4186 3442 4250; baseline -0.005 0"><span class='ocrx_word' id='word_1_679' title='bbox 1796 4193 2036 4250; x_wconf 90' lang='lat' dir='ltr'><strong>haberet</strong></span> <span class='ocrx_word' id='word_1_680' title='bbox 2077 4190 2321 4247; x_wconf 89' lang='lat' dir='ltr'><strong>assertio</strong></span> <span class='ocrx_word' id='word_1_681' title='bbox 2366 4205 2573 4245; x_wconf 89' lang='lat' dir='ltr'><strong>causas</strong></span> <span class='ocrx_word' id='word_1_682' title='bbox 2616 4188 2867 4243; x_wconf 89' lang='lat' dir='ltr'><strong>civitatis</strong></span> <span class='ocrx_word' id='word_1_683' title='bbox 2916 4186 3442 4243; x_wconf 86' lang='lat' dir='ltr'><strong>Antissiodorensis</strong></span> 
     </span>
    </p>
   </div>
   <div class='ocr_carea' id='block_1_103' title="bbox 1796 4275 3444 4353">
    <p class='ocr_par' dir='ltr' id='par_1_103' title="bbox 1796 4275 3444 4353">
     <span class='ocr_line' id='line_1_103' title="bbox 1796 4275 3444 4353; baseline -0.006 -14"><span class='ocrx_word' id='word_1_684' title='bbox 1796 4280 2087 4339; x_wconf 81' lang='lat' dir='ltr'><strong>ordinaria</strong></span> <span class='ocrx_word' id='word_1_685' title='bbox 2112 4283 2169 4336; x_wconf 90' lang='lat' dir='ltr'><strong>et</strong></span> <span class='ocrx_word' id='word_1_686' title='bbox 2198 4278 2388 4351; x_wconf 91' lang='lat' dir='ltr'><strong>primo</strong></span> <span class='ocrx_word' id='word_1_687' title='bbox 2419 4277 2543 4333; x_wconf 93' lang='lat' dir='ltr'><strong>loco</strong></span> <span class='ocrx_word' id='word_1_688' title='bbox 2576 4276 3130 4347; x_wconf 88' lang='lat' dir='ltr'><strong>adjurisdictionem</strong></span> <span class='ocrx_word' id='word_1_689' title='bbox 3153 4275 3444 4353; x_wconf 76' lang='lat' dir='ltr'><strong>pertinere</strong></span> 
     </span>
    </p>
   </div>
   <div class='ocr_carea' id='block_1_104' title="bbox 1798 4362 3443 4437">
    <p class='ocr_par' dir='ltr' id='par_1_104' title="bbox 1798 4362 3443 4437">
     <span class='ocr_line' id='line_1_104' title="bbox 1798 4362 3443 4437; baseline -0.007 -8"><span class='ocrx_word' id='word_1_690' title='bbox 1798 4370 1999 4429; x_wconf 91' lang='lat' dir='ltr'><strong>decani</strong></span> <span class='ocrx_word' id='word_1_691' title='bbox 2033 4370 2092 4425; x_wconf 91' lang='lat' dir='ltr'><strong>in</strong></span> <span class='ocrx_word' id='word_1_692' title='bbox 2126 4372 2377 4433; x_wconf 87' lang='lat' dir='ltr'><strong>tantum,</strong></span> <span class='ocrx_word' id='word_1_693' title='bbox 2409 4366 2563 4437; x_wconf 91' lang='lat' dir='ltr'><strong>quod</strong></span> <span class='ocrx_word' id='word_1_694' title='bbox 2622 4366 2671 4421; x_wconf 92' lang='lat' dir='ltr'><strong>si</strong></span> <span class='ocrx_word' id='word_1_695' title='bbox 2703 4364 2884 4436; x_wconf 91' lang='lat' dir='ltr'><strong>aliqui</strong></span> <span class='ocrx_word' id='word_1_696' title='bbox 2924 4365 2996 4419; x_wconf 92' lang='lat' dir='ltr'><strong>de</strong></span> <span class='ocrx_word' id='word_1_697' title='bbox 3029 4362 3443 4435; x_wconf 89' lang='lat' dir='ltr'><strong>jurisdictione</strong></span> 
     </span>
    </p>
   </div>
   <div class='ocr_carea' id='block_1_105' title="bbox 1795 4451 3445 4534">
    <p class='ocr_par' dir='ltr' id='par_1_105' title="bbox 1795 4451 3445 4534">
     <span class='ocr_line' id='line_1_105' title="bbox 1795 4451 3445 4534; baseline -0.006 -18"><span class='ocrx_word' id='word_1_698' title='bbox 1795 4460 1985 4534; x_wconf 88' lang='lat' dir='ltr'><strong>ipsius</strong></span> <span class='ocrx_word' id='word_1_699' title='bbox 2017 4460 2074 4513; x_wconf 92' lang='lat' dir='ltr'><strong>in</strong></span> <span class='ocrx_word' id='word_1_700' title='bbox 2106 4457 2287 4521; x_wconf 89' lang='lat' dir='ltr'><strong>curia,</strong></span> <span class='ocrx_word' id='word_1_701' title='bbox 2321 4454 2407 4509; x_wconf 87' lang='lat' dir='ltr'><strong>vel</strong></span> <span class='ocrx_word' id='word_1_702' title='bbox 2437 4455 2497 4509; x_wconf 91' lang='lat' dir='ltr'><strong>in</strong></span> <span class='ocrx_word' id='word_1_703' title='bbox 2528 4453 2838 4526; x_wconf 80' lang='lat' dir='ltr'><strong>praesentia</strong></span> <span class='ocrx_word' id='word_1_704' title='bbox 2868 4451 3126 4524; x_wconf 87' lang='lat' dir='ltr'><strong>episcopi</strong></span> <span class='ocrx_word' id='word_1_705' title='bbox 3153 4451 3327 4522; x_wconf 90' lang='lat' dir='ltr'><strong>injus</strong></span> <span class='ocrx_word' id='word_1_706' title='bbox 3350 4466 3445 4506; x_wconf 86' lang='lat' dir='ltr'><strong>vo-</strong></span> 
     </span>
    </p>
   </div>
   <div class='ocr_carea' id='block_1_106' title="bbox 1796 4538 3442 4618">
    <p class='ocr_par' dir='ltr' id='par_1_106' title="bbox 1796 4538 3442 4618">
     <span class='ocr_line' id='line_1_106' title="bbox 1796 4538 3442 4618; baseline -0.007 -13"><span class='ocrx_word' id='word_1_707' title='bbox 1796 4552 2070 4605; x_wconf 91' lang='lat' dir='ltr'><strong>carentur</strong></span> <span class='ocrx_word' id='word_1_708' title='bbox 2088 4545 2438 4618; x_wconf 89' lang='lat' dir='ltr'><strong>quandoque</strong></span> <span class='ocrx_word' id='word_1_709' title='bbox 2461 4542 2573 4597; x_wconf 89' lang='lat' dir='ltr'><strong>nisi</strong></span> <span class='ocrx_word' id='word_1_710' title='bbox 2592 4558 2694 4613; x_wconf 89' lang='lat' dir='ltr'><strong>per</strong></span> <span class='ocrx_word' id='word_1_711' title='bbox 2715 4539 3185 4613; x_wconf 88' lang='lat' dir='ltr'><strong>appellationem,</strong></span> <span class='ocrx_word' id='word_1_712' title='bbox 3201 4538 3301 4612; x_wconf 90' lang='lat' dir='ltr'><strong>qui</strong></span> <span class='ocrx_word' id='word_1_713' title='bbox 3326 4555 3442 4595; x_wconf 90' lang='lat' dir='ltr'><strong>non</strong></span> 
     </span>
    </p>
   </div>
   <div class='ocr_carea' id='block_1_107' title="bbox 1796 4628 3445 4701">
    <p class='ocr_par' dir='ltr' id='par_1_107' title="bbox 1796 4628 3445 4701">
     <span class='ocr_line' id='line_1_107' title="bbox 1796 4628 3445 4701; baseline -0.006 -7"><span class='ocrx_word' id='word_1_714' title='bbox 1796 4638 2046 4694; x_wconf 90' lang='lat' dir='ltr'><strong>fuissent</strong></span> <span class='ocrx_word' id='word_1_715' title='bbox 2072 4634 2131 4690; x_wconf 92' lang='lat' dir='ltr'><strong>in</strong></span> <span class='ocrx_word' id='word_1_716' title='bbox 2162 4632 2325 4690; x_wconf 91' lang='lat' dir='ltr'><strong>curia</strong></span> <span class='ocrx_word' id='word_1_717' title='bbox 2349 4630 2576 4697; x_wconf 84' lang='lat' dir='ltr'><strong>decani,</strong></span> <span class='ocrx_word' id='word_1_718' title='bbox 2599 4629 2888 4701; x_wconf 89' lang='lat' dir='ltr'><strong>conventi,</strong></span> <span class='ocrx_word' id='word_1_719' title='bbox 2913 4628 3260 4701; x_wconf 89' lang='lat' dir='ltr'><strong>plerumque</strong></span> <span class='ocrx_word' id='word_1_720' title='bbox 3289 4644 3445 4684; x_wconf 90' lang='lat' dir='ltr'><strong>revo-</strong></span> 
     </span>
    </p>
   </div>
   <div class='ocr_carea' id='block_1_108' title="bbox 1799 4717 3442 4794">
    <p class='ocr_par' dir='ltr' id='par_1_108' title="bbox 1799 4717 3442 4794">
     <span class='ocr_line' id='line_1_108' title="bbox 1799 4717 3442 4794; baseline -0.005 -11"><span class='ocrx_word' id='word_1_721' title='bbox 1799 4727 2085 4783; x_wconf 90' lang='lat' dir='ltr'><strong>cabantur</strong></span> <span class='ocrx_word' id='word_1_722' title='bbox 2114 4742 2148 4778; x_wconf 91' lang='lat' dir='ltr'><strong>a</strong></span> <span class='ocrx_word' id='word_1_723' title='bbox 2178 4723 2396 4778; x_wconf 89' lang='lat' dir='ltr'><strong>decano</strong></span> <span class='ocrx_word' id='word_1_724' title='bbox 2418 4719 2803 4794; x_wconf 90' lang='lat' dir='ltr'><strong>cognoscendi</strong></span> <span class='ocrx_word' id='word_1_725' title='bbox 2828 4718 2937 4774; x_wconf 89' lang='lat' dir='ltr'><strong>sibi</strong></span> <span class='ocrx_word' id='word_1_726' title='bbox 2958 4719 3062 4790; x_wconf 89' lang='lat' dir='ltr'><strong>jus</strong></span> <span class='ocrx_word' id='word_1_727' title='bbox 3091 4717 3442 4786; x_wconf 91' lang='lat' dir='ltr'><strong>vindicante,</strong></span> 
     </span>
    </p>
   </div>
   <div class='ocr_carea' id='block_1_109' title="bbox 1800 4807 3450 4889">
    <p class='ocr_par' dir='ltr' id='par_1_109' title="bbox 1800 4807 3450 4889">
     <span class='ocr_line' id='line_1_109' title="bbox 1800 4807 3450 4889; baseline -0.005 -18"><span class='ocrx_word' id='word_1_728' title='bbox 1800 4815 2148 4889; x_wconf 90' lang='lat' dir='ltr'><strong>plerumque</strong></span> <span class='ocrx_word' id='word_1_729' title='bbox 2169 4810 2503 4883; x_wconf 90' lang='lat' dir='ltr'><strong>exceptione</strong></span> <span class='ocrx_word' id='word_1_730' title='bbox 2526 4809 2633 4865; x_wconf 90' lang='lat' dir='ltr'><strong>fori</strong></span> <span class='ocrx_word' id='word_1_731' title='bbox 2658 4808 2920 4880; x_wconf 86' lang='lat' dir='ltr'><strong>exposita</strong></span> <span class='ocrx_word' id='word_1_732' title='bbox 2954 4824 3068 4863; x_wconf 88' lang='lat' dir='ltr'><strong>non</strong></span> <span class='ocrx_word' id='word_1_733' title='bbox 3091 4807 3450 4880; x_wconf 89' lang='lat' dir='ltr'><strong>cogebantur</strong></span> 
     </span>
    </p>
   </div>
   <div class='ocr_carea' id='block_1_110' title="bbox 1800 4894 3447 4973">
    <p class='ocr_par' dir='ltr' id='par_1_110' title="bbox 1800 4894 3447 4973">
     <span class='ocr_line' id='line_1_110' title="bbox 1800 4894 3447 4973; baseline -0.005 -13"><span class='ocrx_word' id='word_1_734' title='bbox 1800 4903 2048 4960; x_wconf 90' lang='lat' dir='ltr'><strong>ulterius</strong></span> <span class='ocrx_word' id='word_1_735' title='bbox 2079 4917 2274 4958; x_wconf 90' lang='lat' dir='ltr'><strong>coram</strong></span> <span class='ocrx_word' id='word_1_736' title='bbox 2328 4899 2601 4973; x_wconf 91' lang='lat' dir='ltr'><strong>episcopo</strong></span> <span class='ocrx_word' id='word_1_737' title='bbox 2638 4896 2725 4953; x_wconf 85' lang='lat' dir='ltr'><strong>vel</strong></span> <span class='ocrx_word' id='word_1_738' title='bbox 2757 4898 2884 4969; x_wconf 89' lang='lat' dir='ltr'><strong>ejus</strong></span> <span class='ocrx_word' id='word_1_739' title='bbox 2933 4894 3168 4952; x_wconf 80' lang='lat' dir='ltr'><strong>otiiciali</strong></span> <span class='ocrx_word' id='word_1_740' title='bbox 3202 4895 3447 4952; x_wconf 89' lang='lat' dir='ltr'><strong>ulterius</strong></span> 
     </span>
    </p>
   </div>
   <div class='ocr_carea' id='block_1_111' title="bbox 1800 4985 3449 5066">
    <p class='ocr_par' dir='ltr' id='par_1_111' title="bbox 1800 4985 3449 5066">
     <span class='ocr_line' id='line_1_111' title="bbox 1800 4985 3449 5066; baseline -0.006 -16"><span class='ocrx_word' id='word_1_741' title='bbox 1800 4992 2068 5066; x_wconf 89' lang='lat' dir='ltr'><strong>experiri,</strong></span> <span class='ocrx_word' id='word_1_742' title='bbox 2101 4995 2158 5047; x_wconf 90' lang='lat' dir='ltr'><strong>et</strong></span> <span class='ocrx_word' id='word_1_743' title='bbox 2187 4991 2310 5062; x_wconf 87' lang='lat' dir='ltr'><strong>ipse</strong></span> <span class='ocrx_word' id='word_1_744' title='bbox 2342 4990 2483 5044; x_wconf 89' lang='lat' dir='ltr'><strong>dum</strong></span> <span class='ocrx_word' id='word_1_745' title='bbox 2516 4993 2670 5043; x_wconf 90' lang='lat' dir='ltr'><strong>esset</strong></span> <span class='ocrx_word' id='word_1_746' title='bbox 2717 4987 2994 5053; x_wconf 89' lang='lat' dir='ltr'><strong>decanus,</strong></span> <span class='ocrx_word' id='word_1_747' title='bbox 3041 4990 3302 5042; x_wconf 90' lang='lat' dir='ltr'><strong>uteretur</strong></span> <span class='ocrx_word' id='word_1_748' title='bbox 3338 4985 3449 5040; x_wconf 92' lang='lat' dir='ltr'><strong>hoc</strong></span> 
     </span>
    </p>
   </div>
   <div class='ocr_carea' id='block_1_112' title="bbox 1791 5075 3450 5153">
    <p class='ocr_par' dir='ltr' id='par_1_112' title="bbox 1791 5075 3450 5153">
     <span class='ocr_line' id='line_1_112' title="bbox 1791 5075 3450 5153; baseline -0.005 -15"><span class='ocrx_word' id='word_1_749' title='bbox 1791 5083 1948 5153; x_wconf 90' lang='lat' dir='ltr'><strong>jure,</strong></span> <span class='ocrx_word' id='word_1_750' title='bbox 1972 5083 2124 5136; x_wconf 85' lang='lat' dir='ltr'><strong>iactu</strong></span> <span class='ocrx_word' id='word_1_751' title='bbox 2135 5096 2278 5151; x_wconf 89' lang='lat' dir='ltr'><strong>sque</strong></span> <span class='ocrx_word' id='word_1_752' title='bbox 2299 5076 2610 5149; x_wconf 90' lang='lat' dir='ltr'><strong>episcopus</strong></span> <span class='ocrx_word' id='word_1_753' title='bbox 2628 5075 2710 5131; x_wconf 86' lang='lat' dir='ltr'><strong>uti</strong></span> <span class='ocrx_word' id='word_1_754' title='bbox 2729 5075 3059 5146; x_wconf 89' lang='lat' dir='ltr'><strong>permiserit</strong></span> <span class='ocrx_word' id='word_1_755' title='bbox 3081 5090 3450 5130; x_wconf 88' lang='lat' dir='ltr'><strong>successores</strong></span> 
     </span>
    </p>
   </div>
   <div class='ocr_carea' id='block_1_113' title="bbox 1802 5162 3448 5237">
    <p class='ocr_par' dir='ltr' id='par_1_113' title="bbox 1802 5162 3448 5237">
     <span class='ocr_line' id='line_1_113' title="bbox 1802 5162 3448 5237; baseline -0.005 -11"><span class='ocrx_word' id='word_1_756' title='bbox 1802 5187 1940 5226; x_wconf 90' lang='lat' dir='ltr'><strong>suos</strong></span> <span class='ocrx_word' id='word_1_757' title='bbox 1963 5170 2216 5224; x_wconf 88' lang='lat' dir='ltr'><strong>decanos</strong></span> <span class='ocrx_word' id='word_1_758' title='bbox 2248 5165 2611 5237; x_wconf 86' lang='lat' dir='ltr'><strong>aliquandiu,</strong></span> <span class='ocrx_word' id='word_1_759' title='bbox 2644 5165 2883 5220; x_wconf 89' lang='lat' dir='ltr'><strong>tandem</strong></span> <span class='ocrx_word' id='word_1_760' title='bbox 2918 5164 2974 5219; x_wconf 90' lang='lat' dir='ltr'><strong>in</strong></span> <span class='ocrx_word' id='word_1_761' title='bbox 3004 5163 3095 5218; x_wconf 91' lang='lat' dir='ltr'><strong>his</strong></span> <span class='ocrx_word' id='word_1_762' title='bbox 3127 5168 3183 5219; x_wconf 93' lang='lat' dir='ltr'><strong>et</strong></span> <span class='ocrx_word' id='word_1_763' title='bbox 3213 5162 3343 5218; x_wconf 90' lang='lat' dir='ltr'><strong>aliis</strong></span> <span class='ocrx_word' id='word_1_764' title='bbox 3376 5163 3448 5217; x_wconf 92' lang='lat' dir='ltr'><strong>ad</strong></span> 
     </span>
    </p>
   </div>
   <div class='ocr_carea' id='block_1_114' title="bbox 1794 5252 3453 5331">
    <p class='ocr_par' dir='ltr' id='par_1_114' title="bbox 1794 5252 3453 5331">
     <span class='ocr_line' id='line_1_114' title="bbox 1794 5252 3453 5331; baseline -0.004 -19"><span class='ocrx_word' id='word_1_765' title='bbox 1794 5257 2269 5331; x_wconf 87' lang='lat' dir='ltr'><strong>jurisdictionem</strong></span> <span class='ocrx_word' id='word_1_766' title='bbox 2302 5254 2734 5326; x_wconf 89' lang='lat' dir='ltr'><strong>pertinentibus</strong></span> <span class='ocrx_word' id='word_1_767' title='bbox 2765 5270 2941 5326; x_wconf 90' lang='lat' dir='ltr'><strong>quam</strong></span> <span class='ocrx_word' id='word_1_768' title='bbox 2974 5253 3086 5309; x_wconf 88' lang='lat' dir='ltr'><strong>sibi</strong></span> <span class='ocrx_word' id='word_1_769' title='bbox 3116 5252 3453 5308; x_wconf 88' lang='lat' dir='ltr'><strong>vindicabat</strong></span> 
     </span>
    </p>
   </div>
   <div class='ocr_carea' id='block_1_115' title="bbox 1803 5341 3454 5415">
    <p class='ocr_par' dir='ltr' id='par_1_115' title="bbox 1803 5341 3454 5415">
     <span class='ocr_line' id='line_1_115' title="bbox 1803 5341 3454 5415; baseline -0.006 -12"><span class='ocrx_word' id='word_1_770' title='bbox 1803 5348 2081 5409; x_wconf 88' lang='lat' dir='ltr'><strong>decanus,</strong></span> <span class='ocrx_word' id='word_1_771' title='bbox 2108 5345 2455 5400; x_wconf 90' lang='lat' dir='ltr'><strong>decanatum</strong></span> <span class='ocrx_word' id='word_1_772' title='bbox 2486 5342 2661 5415; x_wconf 80' lang='lat' dir='ltr'><strong>ccepit</strong></span> <span class='ocrx_word' id='word_1_773' title='bbox 2689 5341 2998 5415; x_wconf 89' lang='lat' dir='ltr'><strong>episcopus</strong></span> <span class='ocrx_word' id='word_1_774' title='bbox 3031 5343 3375 5414; x_wconf 88' lang='lat' dir='ltr'><strong>impugnare</strong></span> <span class='ocrx_word' id='word_1_775' title='bbox 3395 5343 3454 5393; x_wconf 89' lang='lat' dir='ltr'><strong>et</strong></span> 
     </span>
    </p>
   </div>
   <div class='ocr_carea' id='block_1_116' title="bbox 1805 5428 3453 5505">
    <p class='ocr_par' dir='ltr' id='par_1_116' title="bbox 1805 5428 3453 5505">
     <span class='ocr_line' id='line_1_116' title="bbox 1805 5428 3453 5505; baseline -0.007 -14"><span class='ocrx_word' id='word_1_776' title='bbox 1805 5453 1918 5491; x_wconf 88' lang='lat' dir='ltr'><strong>non</strong></span> <span class='ocrx_word' id='word_1_777' title='bbox 1951 5433 2142 5491; x_wconf 91' lang='lat' dir='ltr'><strong>solum</strong></span> <span class='ocrx_word' id='word_1_778' title='bbox 2165 5449 2267 5505; x_wconf 89' lang='lat' dir='ltr'><strong>per</strong></span> <span class='ocrx_word' id='word_1_779' title='bbox 2287 5449 2369 5497; x_wconf 91' lang='lat' dir='ltr'><strong>se,</strong></span> <span class='ocrx_word' id='word_1_780' title='bbox 2395 5431 2495 5486; x_wconf 88' lang='lat' dir='ltr'><strong>sed</strong></span> <span class='ocrx_word' id='word_1_781' title='bbox 2519 5436 2576 5487; x_wconf 90' lang='lat' dir='ltr'><strong>et</strong></span> <span class='ocrx_word' id='word_1_782' title='bbox 2595 5448 2698 5504; x_wconf 91' lang='lat' dir='ltr'><strong>per</strong></span> <span class='ocrx_word' id='word_1_783' title='bbox 2718 5430 3027 5488; x_wconf 77' lang='lat' dir='ltr'><strong>officialem</strong></span> <span class='ocrx_word' id='word_1_784' title='bbox 3050 5445 3222 5486; x_wconf 91' lang='lat' dir='ltr'><strong>suum</strong></span> <span class='ocrx_word' id='word_1_785' title='bbox 3246 5428 3453 5481; x_wconf 87' lang='lat' dir='ltr'><strong>imme-</strong></span> 
     </span>
    </p>
   </div>
   <div class='ocr_carea' id='block_1_117' title="bbox 1804 5518 3455 5595">
    <p class='ocr_par' dir='ltr' id='par_1_117' title="bbox 1804 5518 3455 5595">
     <span class='ocr_line' id='line_1_117' title="bbox 1804 5518 3455 5595; baseline -0.008 -14"><span class='ocrx_word' id='word_1_786' title='bbox 1804 5524 1960 5582; x_wconf 89' lang='lat' dir='ltr'><strong>diate</strong></span> <span class='ocrx_word' id='word_1_787' title='bbox 1991 5527 2047 5579; x_wconf 91' lang='lat' dir='ltr'><strong>et</strong></span> <span class='ocrx_word' id='word_1_788' title='bbox 2075 5522 2297 5595; x_wconf 88' lang='lat' dir='ltr'><strong>absque</strong></span> <span class='ocrx_word' id='word_1_789' title='bbox 2329 5518 2717 5593; x_wconf 88' lang='lat' dir='ltr'><strong>appellatione</strong></span> <span class='ocrx_word' id='word_1_790' title='bbox 2748 5521 2821 5576; x_wconf 88' lang='lat' dir='ltr'><strong>de</strong></span> <span class='ocrx_word' id='word_1_791' title='bbox 2869 5518 3065 5576; x_wconf 89' lang='lat' dir='ltr'><strong>causis</strong></span> <span class='ocrx_word' id='word_1_792' title='bbox 3106 5526 3455 5587; x_wconf 83' lang='lat' dir='ltr'><strong>cognoscere</strong></span> 
     </span>
    </p>
   </div>
   <div class='ocr_carea' id='block_1_118' title="bbox 1805 5600 3454 5691">
    <p class='ocr_par' dir='ltr' id='par_1_118' title="bbox 1805 5600 3454 5691">
     <span class='ocr_line' id='line_1_118' title="bbox 1805 5600 3454 5691; baseline -0.01 -16"><span class='ocrx_word' id='word_1_793' title='bbox 1805 5612 2082 5691; x_wconf 79' lang='lat' dir='ltr'><strong>civitatis,</strong></span> <span class='ocrx_word' id='word_1_794' title='bbox 2110 5611 2248 5672; x_wconf 88' lang='lat' dir='ltr'><strong>licet</strong></span> <span class='ocrx_word' id='word_1_795' title='bbox 2267 5608 2773 5687; x_wconf 81' lang='lat' dir='ltr'><strong>archlpresbyteri,</strong></span> <span class='ocrx_word' id='word_1_796' title='bbox 2800 5608 2900 5686; x_wconf 88' lang='lat' dir='ltr'><strong>qui</strong></span> <span class='ocrx_word' id='word_1_797' title='bbox 2924 5600 3454 5682; x_wconf 79' lang='lat' dir='ltr'><strong>antiquituslocum</strong></span> 
     </span>
    </p>
   </div>
  </div>
