3814 6218
319 323 427 381 331

1164 321 1505 382 APPEND.
1549 320 1651 381 AD
1698 322 1892 383 S/EC.
1937 322 2008 382 X.
2042 357 2118 365 —
2148 323 2407 384 OPERA
2453 341 2843 387 ΑΔΕΣΠΟΤΙΚΑ.

3591 321 3688 378 3ἰ2

316 450 654 507 ol'ficialium
686 450 1046 520 obtinebant,
1076 467 1182 507 nec
1215 451 1407 507 adhuc
1461 468 1809 524 cognoscere
1858 470 1953 509 va-
1985 457 2039 524 Α
2068 454 2304 510 tandem
2334 472 2403 510 ex
2427 453 2623 510 fratris
2640 452 2931 510 consertio
2959 455 3016 507 et
3034 448 3325 522 exemplo.
3359 448 3457 521 qui
3482 464 3688 520 semper

314 540 472 597 leant
503 541 574 597 de
603 539 800 597 causis
830 557 1029 596 eorum
1061 540 1159 613 qui
1181 545 1321 597 sunt
1342 542 1411 596 de
1442 541 1846 613 iurisdictione
1864 544 1962 599 de-

318 629 447 686 cani
479 634 535 686 et
562 647 678 703 praa
720 628 998 685 omnibus
1056 630 1157 701 qui
1211 634 1344 685 ante
1399 630 1595 703 ipsum
1653 632 1962 703 episcopis,

318 720 640 775 decanatus
664 717 1138 790 jurisdictionem
1172 735 1288 774 non
1320 720 1617 774 modicum
1648 720 1963 775 enervavit.

319 807 437 863 Hoc
472 809 598 880 ipso
622 807 982 881 praecipuum
1009 808 1331 879 reperimus
1363 808 1433 862 de
1481 808 1819 880 imperfecto
1852 810 1966 865 fra-

321 896 566 969 gilitatis
595 896 889 964 humanae,
921 896 1077 968 quod
1103 896 1575 967 jurisdictionem
1598 914 1765 953 suam
1788 903 1844 952 et
1864 899 1967 953 do-

320 984 584 1041 minandi
607 984 731 1056 jus,
764 988 936 1057 prout
964 988 1211 1056 poterat,
1234 986 1540 1041 extendere
1571 987 1893 1041 conabatur
1912 989 1970 1042 et

318 1072 572 1129 multum
603 1089 852 1147 praaesse
881 1072 1109 1129 volebat
1139 1091 1253 1129 non
1276 1077 1397 1129 tam
1429 1073 1487 1129 in
1518 1075 1969 1130 mansuetudine

320 1180 496 1235 quam
528 1162 584 1217 in
618 1162 799 1235 virga.
1708 1184 1711 1187 η

385 1262 462 1317 De
488 1268 683 1316 mutua
707 1260 999 1334 affectione
1026 1262 1145 1333 ejus
1176 1270 1225 1317 et
1243 1263 1441 1332 fratris
1461 1264 1551 1317 sui
1573 1262 1893 1319 Manasssaz.

388 1359 591 1415 Frater
609 1359 738 1430 ejus
765 1359 1066 1415 Manasses
1088 1358 1356 1415 videlicet
1375 1364 1661 1415 Senonen.
1686 1365 1743 1415 et
1780 1360 1971 1416 Antis-

317 1447 676 1503 siodorensis
708 1447 1157 1503 archidiaconus
1190 1449 1240 1504 ei
1272 1466 1468 1505 comes
1499 1448 1835 1505 individuus
1866 1450 1969 1505 ad-

315 1537 573 1592 haerebat
587 1540 852 1608 nutuque
873 1554 980 1592 suo
1002 1542 1059 1592 et
1075 1538 1475 1593 moderamine
1499 1538 1699 1594 omnia
1721 1540 1973 1611 ageban-

317 1630 554 1694 tur,nec
568 1625 891 1697 quidquam
909 1626 1084 1681 fiebat
1096 1626 1317 1697 grande
1340 1632 1695 1699 autparvnm
1719 1629 1871 1699 quod
1899 1629 1969 1682 de

320 1713 565 1769 consilio
588 1716 715 1785 ejus
749 1730 862 1768 non
897 1720 1195 1782 maneret;
1230 1714 1430 1785 sicque
1451 1732 1586 1770 eum
1619 1716 1728 1771 sibi
1754 1717 1972 1788 episco-

318 1819 432 1873 pus
463 1803 793 1874 przefecerat
826 1807 890 1856 ut
909 1801 1033 1858 solo
1055 1802 1289 1858 nomine
1310 1805 1498 1875 major
1529 1811 1701 1870 esset,
1726 1822 1969 1878 seseque
2002 1829 2047 1894 Β

319 1892 494 1947 ambo
525 1891 654 1962 ejus
686 1890 932 1946 consilio
962 1890 1379 1947 existimabant
1433 1892 1651 1960 felices,
1687 1895 1734 1949 si
1769 1893 1851 1949 sic
1881 1894 1966 1950 eis

315 1979 676 2035 individuam
691 1980 938 2035 retinere
950 1981 1434 2036 consuetudinem
1449 1981 1741 2038 licuisset:
1767 1985 1868 2039 sed
1887 1983 1971 2038 di-

316 2070 450 2124 vina
466 2068 923 2141 dispensationis
945 2068 1308 2141 providentia
1328 2087 1454 2141 quae
1477 2072 1587 2127 sibi
1610 2072 1971 2144 complacue-

319 2163 408 2213 rat
438 2156 493 2211 in
518 2162 784 2229 utroque,
806 2158 958 2213 sicut
969 2158 1268 2229 juniorem
1292 2161 1673 2217 Antissiodor.
1696 2161 1968 2218 Ecclesia:

320 2246 674 2318 praefecerat,
689 2246 772 2301 sic
794 2250 851 2301 et
873 2248 1175 2318 majorem,
1202 2248 1531 2304 Manassem
1554 2249 1797 2322 scilicet,
1819 2250 1973 2306 infra

320 2334 511 2390 brevis
544 2332 826 2405 temporis
856 2335 1111 2405 spatium
1144 2336 1216 2390 ad
1237 2335 1764 2394 Autissiodorensis
1783 2338 1975 2395 cathe-

320 2423 435 2477 dra:
458 2422 758 2494 fastigium
772 2422 1130 2493 sublimavit,
1149 2440 1215 2479 ac
1227 2440 1301 2479 ne
1320 2425 1733 2491 Aurelianense
1754 2427 1975 2483 territo-

320 2511 476 2566 rium
490 2511 561 2565 de
577 2511 819 2582 antiqua
832 2511 1210 2583 praerogativa
1224 2511 1467 2568 ulterius
1482 2532 1544 2569 se
1548 2516 1571 2586 j
1581 2520 1799 2571 actarct
1816 2517 1966 2587 quod

321 2600 471 2654 duos
483 2598 623 2653 olim
637 2599 843 2653 fratres
858 2615 972 2652 uno
984 2604 1180 2654 ventre
1202 2605 1257 2655 et
1272 2600 1495 2657 eisdem
1522 2602 1741 2659 lumbis
1762 2605 1970 2673 editos,

320 2686 1673 2749 alterumAustrenum.videlicetAurelianensis
1686 2693 1973 2759 Ecclesiae,

325 2773 577 2831 alterum
606 2775 954 2843 Aunarium,
974 2775 1197 2833 scilicet
1214 2778 1534 2835 Antissiod.
1568 2782 1874 2853 pontifices
1905 2783 1976 2839 de

322 2881 431 2921 suo
448 2863 669 2937 gremio
693 2863 947 2921 tulisset.
967 2866 1476 2924 Antissiodorense
1499 2886 1730 2941 quoque
1750 2872 1976 2927 territo-

334 2952 488 3009 rium
519 2954 795 3011 dominus
816 2955 1080 3026 ejusdem
1098 2955 1383 3028 privilegii
1403 2958 1527 3028 pari
1551 2957 1720 3015 latice
1751 2959 1975 3028 libavit,

334 3046 400 3098 ut
427 3043 549 3100 vice
576 3060 744 3099 versa
771 3043 918 3099 duos
950 3044 1151 3100 itidem
1186 3045 1392 3101 fratres
1422 3046 1585 3102 daret
1614 3048 1722 3103 etsi
1770 3050 1977 3105 merito

2074 543 2376 599 modestus
2408 543 2595 599 fuerat
2623 548 2682 598 et
2713 546 3001 606 maturus,
3024 539 3187 596 omni
3210 537 3438 594 levitate
3458 538 3691 610 deposita

2073 632 2252 687 etiam
2284 637 2417 688 ante
2438 632 2864 704 episcopatum,
2889 630 2972 686 sic
2994 634 3247 684 veterem
3268 626 3558 682 hominem
3576 642 3690 680 cum

2075 721 2304 776 actibus
2328 720 2455 776 suis
2471 720 2641 791 longe
2658 719 3079 792 proscripserat
3096 720 3183 783 ut,
3203 715 3490 773 sicuterat
3508 715 3696 770 ferven-

2073 809 2292 865 tissimi
2321 808 2771 879 animi,fratrem
2791 808 2987 880 ipsum
3015 806 3340 880 praecedere
3357 804 3631 860 videretur
3647 803 3693 858 in

2077 900 2327 954 novitate
2349 896 2591 970 spiritus
2613 901 2671 953 et
2683 897 2969 952 virtutum
2985 894 3255 951 exercitio
3281 892 3579 948 ardentius
3596 909 3693 947 am-

2076 986 2333 1043 bulando
2359 1004 2372 1054 ;
2409 987 2467 1042 in
2498 987 2837 1058 episcopatu
2858 1001 2991 1041 vero
3011 988 3177 1039 tanta
3199 982 3259 1038 in
3281 1000 3350 1038 eo
3364 981 3585 1054 lampas
3603 980 3693 1035 vir-

2075 1081 2268 1131 tutum
2288 1076 2525 1145 eti'ulsit,
2545 1081 2611 1131 ut
2625 1075 2685 1130 in
2708 1074 2916 1131 timore
2937 1072 3171 1130 Domini
3190 1088 3540 1145 permanens
3552 1072 3693 1143 juxta

2077 1165 2334 1238 Apostoli
2361 1166 2604 1221 verbum
2637 1165 2709 1220 ad
2735 1162 3110 1220 Timotheum
3140 1160 3476 1226 scribentis,
3507 1177 3699 1216 exerce-

2078 1258 2165 1310 ret
2194 1272 2256 1310 se
2285 1256 2357 1309 ad
2390 1255 2666 1327 pietatem
2700 1252 3007 1325 pracipue,
3043 1250 3153 1307 sibi
3185 1248 3586 1322 parcissimus,
3601 1248 3693 1303 imo

2078 1348 2136 1399 et
2165 1358 2401 1399 severus
2424 1342 2642 1415 potius,
2659 1342 2784 1397 suis
2806 1340 3028 1413 largus,
3044 1354 3371 1412 pauperum
3389 1337 3527 1393 totis
3542 1337 3694 1392 visce-

2078 1432 2264 1503 ribus,
2288 1432 2426 1488 totis
2446 1431 2669 1486 viribus
2691 1429 2933 1486 sedulus
2950 1429 3341 1500 dispensator,
3366 1429 3530 1481 tanta
3547 1423 3694 1480 avidi-

2078 1524 2197 1576 tate
2228 1526 2283 1575 et
2312 1520 2603 1577 desiderio
2633 1519 2787 1574 circa
2817 1518 3088 1574 subditos
3120 1521 3185 1571 ut
3224 1513 3480 1589 pastoris
3524 1530 3694 1569 curam

2080 1610 2302 1665 utiliter
2331 1614 2557 1681 gereret
2597 1608 2883 1663 testuabat
2914 1610 2979 1661 ut
3007 1622 3073 1661 eo
3106 1604 3391 1660 moriente
3423 1602 3700 1658 didicerint

2080 1716 2145 1754 ac
2177 1698 2515 1754 defleverint
2544 1697 2685 1768 quid
2716 1694 3064 1762 affectionis,
3103 1693 3244 1767 quid
3294 1691 3543 1760 consilii,
3584 1690 3700 1763 quid

2079 1788 2384 1844 amiserint
2412 1785 2828 1842 consolationis
2849 1784 2909 1840 in
2939 1784 3089 1856 ipso.

2081 1887 2328 1954 Qualiter
2348 1893 2537 1940 contra
2567 1899 2747 1953 regem
2775 1889 2827 1938 et
2853 1880 3286 1954 ministros_ejus
3314 1880 3451 1951 jura
3483 1877 3704 1933 Aurelia-

2503 1952 2657 2010 nens.
2686 1954 2944 2010 Ecclesia;-
2965 1952 3303 2023 defendebat.

2152 2044 2335 2101 Multa
2346 2043 2675 2100 constantia
2688 2040 3097 2114 inepiscopatu
3111 2040 3356 2097 adversa
3376 2055 3584 2113 magna
3596 2037 3706 2092 lon-

2079 2134 2420 2207 ganimitate
2436 2132 2605 2188 evicit
2629 2149 2641 2187 :
2663 2148 2799 2187 nam
2822 2136 3027 2187 contra
3046 2146 3243 2202 regem
3267 2126 3705 2201 regalesquemi-

2081 2224 2298 2278 nistros
2329 2239 2434 2293 pro
2456 2219 2863 2293 jureEcclesiaa
2895 2236 3013 2275 suae
3058 2218 3397 2290 frequenter
3424 2221 3483 2272 et
3508 2214 3706 2271 violen-

2081 2317 2170 2367 ter
2198 2310 2532 2375 decertavit,
2560 2310 2698 2381 jura
2734 2308 3089 2382 episcopalia
3144 2310 3433 2379 usurpata
3456 2307 3527 2361 ab
3577 2304 3651 2360 eis
3678 2320 3709 2358 a

2083 2402 2256 2473 longo
2268 2405 2529 2473 tempore
2545 2398 2730 2454 multo
2751 2398 2970 2463 labore,
2986 2397 3177 2469 quoad
3189 2438 3202 2464 ,
3217 2395 3409 2469 potuit
3438 2410 3710 2458 revocans,

2083 2496 2210 2546 tum
2242 2489 2431 2561 quoad
2465 2505 2705 2543 nemora
2736 2492 2948 2543 sancta:
2979 2486 3179 2543 Crucis
3209 2484 3269 2540 in
3299 2484 3514 2557 quibus
3529 2489 3713 2559 praeter

2085 2578 2199 2635 alia
2237 2577 2613 2633 carbonarios
2645 2582 2764 2632 tam
2787 2579 3123 2632 constanter
3139 2591 3315 2646 quam
3349 2572 3587 2629 viriliter
3601 2571 3714 2626 vin-

2084 2668 2318 2733 dicavit,
2344 2671 2471 2722 tum
2494 2667 2685 2738 quoad
2708 2666 2824 2721 alia
2843 2664 3243 2723 conditionem
3264 2662 3531 2719 Eéclesia:
3552 2660 3714 2717 multo

2083 2756 2340 2813 reddidit
2369 2755 2669 2811 meliorem
2684 2797 2696 2811 .

2084 2864 2158 2919 De
2196 2865 2423 2934 gemmis
2452 2863 2790 2918 annulorum
2825 2860 3240 2986 prwgecessoris
3284 2861 3377 2915 sui
3404 2876 3540 2932 quas
3577 2873 3718 2913 revo-

2703 2935 2848 2986 cavit
2876 2949 2910 2986 a
2968 2948 3083 2986 eae.

2703 2935 2848 2988 cavit
2876 2949 2910 2987 a
2939 2938 3083 3001 rege.

2098 3071 2116 3081 ρ
2160 3031 2344 3087 Multa
2374 3031 2705 3087 constantia
2735 3034 2939 3085 contra
2967 3029 3241 3085 eumdem
3259 3044 3453 3102 regem
3482 3023 3719 3083 obtinuit

330 3132 586 3203 impares
610 3148 623 3187 :
649 3148 898 3203 quorum
922 3131 1069 3187 alter
1090 3133 1390 3190 Manasses
1409 3135 1980 3205 Aurelianensi,alter
2016 3198 2047 3205 _
2088 3121 2199 3177 Sibi
2233 3137 2498 3193 εθωωειε
2526 3120 2597 3174 de
2625 3117 2861 3173 annuus
2892 3116 3332 3191 Pri“?decessoris
3354 3114 3447 3171 ευί
3474 3113 3719 3205 Rusoni?

329 3198 463 3276 vero
504 3198 851 3276 Guillelmus
909 3220 1175 3277 Ecclesia:
1232 3222 1617 3279 Autissiodor.
1679 3198 1923 3297 praeesse

2152 3210 2201 3265 bi
2227 3210 2299 3265 ab
2331 3209 2458 3282 ipso
2490 3225 2622 3281 rege
2652 3224 2861 3263 aurum
2896 3206 3008 3262 sibi
3038 3206 3321 3262 retinente
3376 3202 3618 3298 restitui,
3654 3201 3718 3256 ob

330 3312 577 3380 uterque
609 3309 680 3364 de
709 3308 1201 3366 Autissiodorensi
1233 3311 1524 3368 territorio
1554 3314 1858 3372 oriundus.

333 3407 583 3475 Qualiter
607 3408 782 3479 frater
803 3408 919 3479 ejus
957 3409 1227 3491 Manasses
1272 3410 1471 3465 electus
1496 3413 1608 3483 fuit
1636 3414 1691 3467 in
1722 3414 1976 3470 Aurelia-

873 3496 1094 3535 nensem
1113 3497 1441 3553 episcopum.

402 3568 455 3623 ls
482 3567 661 3640 igitur
690 3568 1012 3640 Manasses,
1037 3587 1173 3626 cum
1194 3569 1254 3625 in
1280 3570 1536 3642 generali
1560 3573 1779 3644 synodo
1801 3574 1976 3631 Seno-

328 3655 496 3712 nensi
526 3673 629 3728 per
657 3656 950 3713 solemnes
977 3656 1415 3715 Aurelianensis
1435 3660 1701 3717 Ecclesiae
1735 3664 1976 3720 nuntios

327 3745 387 3799 in
418 3745 757 3816 episcopum
787 3750 1102 3816 peteretur,
1125 3747 1278 3802 facta
1298 3748 1369 3802 de
1402 3749 1528 3819 ipso
1545 3748 1822 3807 electione
1843 3769 1977 3809 con-

328 3832 511 3900 cordi,
538 3836 595 3887 et
614 3832 739 3903 ipse
756 3838 1023 3888 renueret
1045 3835 1393 3901 consentire,
1419 3837 1854 3912 archiepiscopo
1879 3841 1977 3897 Pe-

326 3923 417 3975 tro
450 3919 551 3991 qui
583 3920 937 3991 praesidebat
965 3922 1023 3976 in
1048 3923 1269 3994 synodo
1289 3923 1483 3995 ipsum
1509 3932 1748 3998 urgente
1771 3930 1973 3985 eodem

328 4006 522 4063 studio
535 4007 818 4063 etintuitu
836 4025 1012 4080 quem
1034 4011 1182 4068 circa
1205 4012 1443 4068 fratrem
1462 4031 1636 4070 suum
1653 4019 1971 4075 Autissiod.

326 4095 666 4169 episcopum
679 4095 957 4154 habuisse
970 4100 1973 4168 meminimus,coactusetahductus

324 4184 384 4238 in
415 4184 655 4256 praefata
702 4184 961 4242 Ecclesia
990 4204 1141 4244 onus
1164 4187 1464 4261 regiminis
1508 4191 1859 4263 pontiﬁcalis
1880 4213 1973 4252 ac-

323 4271 497 4346 cepit,
530 4278 792 4331 revocato
825 4275 1143 4348 proposito,
1168 4278 1322 4349 quod
1338 4280 1464 4350 jam
1487 4279 1584 4335 diu
1609 4289 1970 4355 conceperat,

323 4365 387 4417 ut
427 4362 693 4419 videlicet
722 4365 1017 4438 resignato
1033 4365 1511 4424 archidiaconatu
1540 4371 1973 4430 Antissiod.Ec-

321 4450 508 4508 clesize
529 4453 655 4526 ipse
688 4457 1003 4512 contentus
1023 4460 1178 4511 esset
1207 4456 1298 4513 his
1321 4474 1447 4529 qua:
1473 4458 1529 4513 in
1551 4462 1761 4515 Senon.
1787 4462 1975 4519 Eccle-

319 4541 408 4597 sia
438 4542 760 4609 obtinebat,
794 4544 1097 4617 vitamque
1123 4544 1204 4600 ibi
1236 4546 1403 4618 quasi
1449 4547 1735 4620 privatam
1781 4556 1977 4623 ageret
2004 4560 2051 4625 Ι)

318 4628 378 4683 in
410 4630 622 4700 quiete,
657 4632 771 4687 nisi
803 4633 852 4688 si
882 4634 1118 4704 quaudo
1140 4650 1274 4689 eum
1296 4635 1494 4691 fratris
1526 4637 1618 4693 sui
1646 4639 1968 4697 Autissiod.

316 4715 573 4788 episcopi
607 4717 742 4774 inde
768 4720 1132 4778 abstraheret
1162 4722 1481 4779 necessitas
1511 4727 1615 4779 aut
1642 4725 1933 4785 voluntas.

316 4818 401 4869 De
436 4814 523 4869 his
561 4830 686 4886 quae
717 4820 879 4893 gessit
932 4818 1198 4893 Manasses
1239 4822 1299 4874 in
1326 4823 1679 4893 _episcopatu-
1717 4826 1971 4882 Aurelia-

654 4890 834 4953 nensi,
865 4897 913 4943 et
942 4892 1180 4961 qualiter
1206 4907 1263 4947 se
1292 4890 1610 4949 ibi’habuit.

390 4973 557 5029 Libet
587 4973 683 5029 hic
716 4977 953 5031 fraterni
984 4980 1174 5050 gratia
1195 4981 1469 5035 consortii
1493 4985 1551 5037 et
1581 4987 1966 5059 praerogativae

315 5060 476 5117 illius
504 5062 831 5119 dilectionis
863 5082 987 5137 quae
1020 5067 1169 5123 inter
1227 5085 1334 5124 nos
1362 5070 1541 5125 finem
1600 5072 1727 5127 vita:
1778 5091 1965 5147 usque

312 5150 545 5206 duravit
575 5152 838 5219 obtentu,
873 5154 943 5208 de
974 5155 1155 5226 gestis
1174 5155 1352 5228 hujus
1376 5159 1665 5216 Manassis
1682 5178 1869 5233 pauca
1888 5165 1959 5221 de

309 5238 514 5296 multis
546 5241 935 5314 perstringere
968 5243 1214 5299 breviter
1250 5251 1307 5300 et
1337 5249 1703 5318 summatim,
1763 5257 1828 5308 ut
1858 5255 1958 5326 qui

309 5328 381 5385 de
411 5346 528 5385 uno
558 5330 805 5384 fratrum
838 5329 1043 5403 legerit
1063 5333 1131 5387 de
1154 5332 1375 5404 reliquo
1400 5336 1632 5408 penitus
1656 5356 1770 5395 non
1794 5342 1956 5414 igno-

309 5421 415 5474 ret.
443 5419 497 5474 Is
518 5434 654 5492 ergo
667 5418 913 5491 juvenili
936 5424 1101 5476 aetate
1123 5438 1186 5475 ac
1206 5421 1435 5479 levitate
1467 5425 1735 5495 decursa,
1756 5431 1814 5485 in
1840 5449 1958 5503 qua

308 5508 450 5563 dum
465 5508 641 5564 nimis
654 5507 1131 5587 exstitithumani
1143 5512 1543 5569 causatavoris
1555 5517 1815 5587 profluas
1838 5538 1956 5576 suae

305 5597 648 5663 substantia:
674 5598 1016 5674 profligator
1044 5582 1155 5656 sibi
1189 5599 1404 5658 fecerat
1448 5582 1660 5661 nomen
1711 5610 1951 5682 grande,

2087 3298 2586 3355 conservationem
2619 3294 3056 3370 privilegiorum
3077 3294 3347 3351 Ecclesia:
3372 3311 3385 3360 ;
3409 3292 3510 3365 qui
3534 3290 3719 3363 utique

2086 3406 2184 3444 rex
2215 3387 2504 3459 quidquid
2548 3386 2608 3441 in
2663 3383 2833 3441 bonis
2890 3385 3156 3456 ejusdem
3186 3381 3449 3454 Hugonis
3478 3378 3718 3453 episcepi

2086 3478 2214 3550 ipso
2246 3476 2561 3532 decedente
2590 3473 2718 3530 auri
2749 3477 2805 3529 et
2837 3473 3061 3546 argenti
3092 3472 3412 3537 invenerat,
3456 3470 3566 3525 sibi
3597 3469 3719 3540 jure

2086 3566 2243 3640 regio
2274 3564 2624 3621 vindicabat.

2087 3656 2333 3723 Qualiter
2349 3654 2610 3709 vassallos
2640 3652 3050 3708 Aurelianensis
3078 3651 3346 3723 Ecclesia
3375 3648 3441 3703 de
3478 3649 3720 3723 servitute

2260 3726 2599 3781 exercituum
2620 3723 2898 3793 regalium
2923 3739 3025 3795 pro
3040 3721 3199 3795 parte
3221 3721 3558 3776 liberaverit.

2153 3812 2453 3870 Vassallos
2482 3812 2744 3868 Ecclesia
2774 3810 3211 3867 Aurelianensis
3240 3826 3388 3882 quos
3420 3825 3519 3864 rex
3558 3808 3616 3862 in
3644 3822 3720 3861 ex-

2085 3902 2478 3977 peditionibus
2512 3901 2637 3958 suis
2668 3900 2921 3973 proprils
2949 3916 3153 3956 eorum
3185 3897 3525 3971 sumptibus
3564 3892 3717 3969 quasi

2075 3995 2201 4064 jam
2225 4008 2329 4064 pro
2360 3990 2785 4047 consuetudine
2814 3989 2914 4045 diu
2946 3986 3450 4045 obtentamilitare
3466 3985 3712 4058 cogebat,

2084 4098 2200 4137 non
2223 4080 2444 4136 veritus
2460 4083 2695 4153 propter
2721 4078 2853 4134 illos
2876 4094 3009 4134 cum
3032 4077 3271 4133 domino
3292 4091 3427 4147 rege
3439 4075 3510 4129 de
3530 4086 3718 4129 eorum

2084 4170 2301 4242 injuria
2322 4168 2667 4240 disceptare,
2693 4166 2753 4222 in
2766 4166 2918 4223 hanc
2942 4166 3274 4222 libertatem
3296 4162 3519 4231 eduxit,
3538 4159 3719 4232 utepi-

2083 4276 2298 4331 scopus
2327 4258 2389 4313 in
2418 4256 2708 4329 ejusmodi
2739 4254 3211 4328 expeditionibus
3241 4252 3368 4308 suis
3394 4250 3612 4307 habeat
3629 4247 3720 4303 sti-

2082 4345 2310 4419 pendiis
2335 4348 2625 4417 quotquot
2645 4342 2895 4398 voluerit
2914 4342 2985 4399 de
3006 4340 3249 4406 eisdem,
3273 4338 3428 4393 unde
3450 4340 3507 4392 et
3530 4347 3715 4392 eorum

2073 4437 2287 4509 jugum
2320 4434 2632 4490 allevatum
2662 4435 2751 4487 est
2775 4430 2835 4487 in
2868 4431 3228 4487 immensum
3247 4431 3303 4484 et
3323 4426 3715 4500 episcoporum

2080 4522 2333 4579 conditio
2347 4521 2519 4595 longe
2532 4520 2741 4578 melior
2751 4537 2930 4592 quam
2944 4518 3108 4593 prius
3120 4518 3394 4574 existeret
3405 4518 3495 4572 est
3506 4514 3713 4570 effecta:

2081 4630 2217 4669 nam
2234 4616 2433 4669 vocato
2445 4611 2516 4666 ad
2539 4608 2967 4682 expeditionem
2984 4626 3019 4663 a
3029 4606 3270 4673 domino
3290 4620 3423 4678 rege
3435 4603 3712 4675 episcopo,

2081 4719 2198 4757 non
2228 4701 2542 4757 defuerunt
2571 4699 2623 4755 ei
2673 4696 2909 4755 vassalli
2942 4696 3033 4753 sui
3065 4696 3167 4769 qui
3198 4711 3260 4751 se
3290 4692 3343 4749 ei
3377 4692 3715 4748 militatum

2080 4808 2152 4847 ne
2168 4788 2640 4862 compellantura
2661 4804 2793 4860 rege
2815 4786 3078 4843 certatim
3105 4789 3162 4842 ct
3181 4799 3399 4855 magna
3413 4780 3714 4836 ambitione

2079 4880 2342 4948 offerant,
2376 4877 2477 4950 qui
2501 4876 2732 4949 magnis
2764 4876 2928 4948 prius
2949 4872 3257 4948 stipendiis
3274 4877 3331 4927 et
3360 4888 3480 4926 non
3513 4869 3637 4926 sine
3652 4865 3719 4921 fa-

2076 4968 2291 5025 cultate
2315 4965 2539 5023 solebat
2568 4966 2895 5021 conducere
2919 4962 3162 5021 alienos.

2076 5076 2325 5145 Qualiter
2344 5074 2685 5145 recuperavit
2696 5074 3054 5145 privilegium
3077 5069 3338 5145 Ecclesia?
3356 5084 3525 5145 super
3538 5078 3714 5140 procu-

2353 5140 2628 5200 ratoribus
2657 5140 2824 5215 regiis
2855 5140 2915 5199 iii
2945 5152 3091 5200 terra
3119 5140 3442 5214 episcopali.

2130 5253 2291 5309 Idem
2306 5254 2439 5324 post
2455 5250 2673 5307 multos
2693 5251 2923 5307 labores
2936 5250 3291 5323 longamque
3302 5260 3632 5303 aerumnam
3643 5257 3717 5297 ex-

2068 5342 2181 5400 silii
2195 5340 2349 5414 quod
2363 5339 2665 5396 occasione
2675 5339 3032 5395 exercituum
3047 5336 3333 5411 regalium
3347 5334 3409 5389 in
3423 5332 3639 5407 quibus
3650 5329 3716 5400 ip-

2066 5447 2129 5485 se
2160 5432 2217 5485 et
2246 5428 2422 5483 frater
2436 5426 2564 5497 ejus
2599 5426 2948 5483 Guillelmus
2974 5425 3205 5481 nullum
3238 5423 3357 5479 nisi
3385 5424 3714 5496 praesentem

2066 5535 2261 5592 regem
2278 5515 2443 5587 sequi
2456 5514 2957 5585 voluerant,ambo
2969 5511 3715 5571 sustinueruntconstanter

2066 5610 2295 5667 ruinam
2310 5605 2666 5674 Ecclesiaeﬁn
2688 5605 2798 5665 hoc
2820 5606 3099 5665 humeros
3118 5602 3367 5663 viriliter
3392 5607 3710 5679 supponen'
