3814 6218
75 330 164 399 333

939 336 1038 397 DE
1085 337 1360 399 GESTIS
1407 336 1652 397 EPISC.
1697 338 2131 399 ANTISSIUD.
2167 339 2469 401 —PARS
2515 340 2564 400 Ι.

3326 343 3445 402 334

75 476 163 526 tes:
184 467 543 542 privilegium
572 469 630 523 in
655 484 828 541 grave
852 466 1117 523 Ecclesia:
1140 486 1258 524 sua:
1281 468 1684 540 pracjudicium
1718 470 1771 536 Α
1804 470 2047 526 traxisse
2078 470 2445 543 martyrium,
2470 487 2653 525 unum
2688 471 2744 526 in
2777 488 3011 527 summa
3038 473 3227 529 dicere
3256 477 3347 528 est
3375 473 3447 528 de

74 577 150 631 per
168 556 603 630 pradecessoris
634 557 727 613 sui
757 557 1018 631 Hugonis
1050 560 1106 611 et
1136 557 1697 629 Aurelianens.capi-

70 648 151 702 tuli
169 646 652 702 renuntiationem
671 645 955 701 amissum
976 646 1085 700 sub
1108 662 1305 701 annua
1326 645 1695 719 praestatione

71 722 337 809 sexaginta
384 735 677 791 librarum
723 753 825 807 pro
874 734 1385 806 procurationibus
1430 735 1583 807 regis
1633 735 1692 790 in

70 829 194 879 terra
216 823 532 897 episcopali
565 824 676 880 sub
708 824 963 895 quodam
998 823 1160 896 pacis
1190 824 1431 880 obtentu
1480 823 1690 879 iterum

69 913 289 968 obtinuit
315 912 650 969 reformari.

70 1015 259 1083 Quanto
283 1012 529 1083 periculo
558 1010 796 1066 decimas
835 1011 1091 1066 lanarum
1140 1012 1201 1065 in
1244 1008 1693 1083 arclcidﬁioconotu

134 1082 429 1151 Sigatoniae
457 1083 781 1153 acquisierit
804 1083 1137 1154 presbyteris
1163 1082 1594 1153 parochialibus.

123 1181 175 1236 lu
194 1180 668 1236 archidiaconatu
689 1178 994 1252 Sigaloniae
1016 1180 1294 1234 adversus
1315 1178 1692 1250 conspiratio-

68 1287 174 1324 nem
203 1268 613 1340 indigenarum
656 1273 858 1324 contra
904 1284 967 1323 se
1010 1268 1221 1323 factam
1270 1271 1606 1322 constanter
1633 1270 1691 1322 et

64 1357 512 1431 insuperabiliter
565 1357 913 1424 desudavit;
974 1355 1076 1428 qui
1133 1355 1355 1411 scilicet
1400 1355 1687 1427 indigenae

64 1451 234 1501 contra
263 1463 397 1501 eum
421 1444 593 1501 exciti
616 1448 852 1518 propter
872 1444 1140 1500 lanarum
1164 1444 1422 1499 decimas
1444 1445 1515 1499 ad
1540 1461 1687 1516 quas

63 1536 165 1590 suis
180 1534 486 1591 solvendas
503 1533 854 1606 presbyteris
871 1537 1080 1606 praeter
1100 1549 1319 1587 morem
1341 1537 1507 1587 terrm
1529 1532 1687 1587 illius

64 1641 143 1680 eos
169 1618 561 1679 ecclesiastica
590 1639 840 1677 censura
869 1620 1275 1693 compellebat,
1300 1620 1359 1675 in
1391 1637 1568 1675 manu
1604 1638 1689 1676 ar-

64 1714 200 1768 mata
228 1712 397 1785 quasi
427 1711 515 1766 vir
543 1728 697 1767 unus
726 1713 1135 1777 convenerant,
1160 1713 1215 1763 et
1246 1709 1440 1782 ipsum
1471 1710 1689 1782 episco-

60 1819 177 1873 pum
206 1802 261 1857 in
294 1806 489 1856 castro
521 1800 784 1872 quodam
812 1799 869 1854 in
889 1816 1003 1871 quo
1035 1815 1096 1854 se
1127 1802 1421 1869 receperat
1451 1788 1687 1870 propter

62 1888 169 1946 illos
188 1890 538 1946 obsederant
561 1893 727 1944 nocte
748 1905 884 1955 una,
902 1887 1051 1942 nihil
1078 1892 1283 1960 praeter
1299 1888 1427 1958 ejus
1450 1888 1687 1959 sangui-

60 1996 169 2035 nem
195 1979 483 2049 sitientes,
503 1993 750 2049 quorum
776 1976 1089 2032 rebellione
1121 1974 1363 2031 feliciter
1391 1980 1683 2047 superata,

57 2069 267 2123 tandem
285 2083 422 2122 cum
444 2070 613 2139 grata
632 2065 743 2121 sibi
768 2065 1168 2121 satisfactione
1190 2064 1260 2119 de
1284 2063 1499 2135 injuria
1520 2064 1688 2137 plene

58 2156 115 2211 de
141 2155 380 2212 decimis
410 2152 669 2210 obtinuit
696 2170 801 2226 pro
832 2153 1191 2225 presbyteris
1234 2152 1390 2223 quod
1436 2151 1682 2208 volebat.

55 2263 116 2318 De
139 2263 482 2319 demolitione
508 2262 805 2333 forteriliéc
842 2259 907 2315 de
951 2261 1097 2333 Ecri,
1131 2258 1433 2333 etinsidiis
1459 2261 1687 2315 Joannis

113 2334 170 2389 de
196 2332 534 2398 Aurelianis,
566 2341 617 2388 et
663 2333 903 2404 qualiter
948 2332 1227 2387 Pithueris
1273 2333 1341 2385 ab
1382 2346 1442 2386 eo
1470 2339 1688 2402 captum

114 2408 447 2477 recuperavit
471 2420 573 2475 per
598 2420 799 2475 regem.

111 2512 360 2567 Joannes
391 2512 463 2566 de
509 2508 836 2565 Aurelianis
884 2508 1054 2564 miles
1104 2509 1258 2580 apud
1308 2507 1441 2580 Egri
1488 2507 1720 2563 villam.

53 2617 201 2656 suam
232 2599 552 2671 Estrepazio
582 2596 849 2653 videlicet
870 2596 1018 2652 villa:
1040 2596 1355 2669 episcopali
1383 2596 1689 2653 contermi-

52 2706 168 2744 nam
200 2687 546 2745 forteritiam
593 2686 872 2759 erigebat,
904 2690 1105 2741 contra
1154 2702 1328 2757 quem
1377 2686 1686 2758 episcOpus

51 2781 194 2833 tanto
224 2776 441 2833 fortius
470 2791 534 2831 se
565 2774 834 2840 accinxit,
859 2778 1078 2846 quanto
1110 2774 1261 2828 facta
1292 2774 1403 2829 sibi
1435 2775 1507 2829 ab
1538 2774 1687 2845 epis-

48 2883 173 2937 copo
200 2866 338 2922 novi
371 2864 564 2937 operis
593 2863 960 2919 nuntiatione
1007 2861 1104 2917 ille
1153 2862 1500 2918 insolentius
1530 2864 1684 2935 quod

50 2958 422 3027 proposuerat
453 2954 524 3008 ad
559 2952 881 3025 perfectum
913 2951 1229 3023 perducere
1261 2955 1465 3006 contra
1494 2950 1688 3023 prohi-

48 3040 312 3098 bitionem
331 3041 592 3113 episcopi
616 3039 937 3096 conabatur
956 3057 970 3107 ;
989 3039 1224 3093 tandem
1248 3038 1688 3111 propugnacula

47 3136 92 3183 et
112 3129 404 3204 quidquid
427 3128 675 3185 faciebat
690 3128 761 3185 ad
781 3126 1122 3183 forteritiam
1140 3127 1385 3183 invitum
1404 3127 1688 3201 compulit

45 3218 297 3275 demoliri
336 3222 473 3291 post
503 3216 722 3273 multas
747 3233 885 3272 suas
915 3220 971 3271 et
993 3232 1235 3271 suorum
1269 3233 1575 3289 perpessas
1607 3217 1688 3271 in-

40 3306 233 3375 jurias,
257 3315 318 3364 et
339 3307 699 3379 quandoque
721 3304 965 3360 insidias
989 3321 1139 3377 quas
1161 3306 1413 3376 quadam
1431 3304 1524 3360 die
1548 3306 1689 3361 dum

43 3395 138 3451 iter
162 3396 466 3452 Pitbueris
497 3395 709 3450 faceret
748 3392 859 3449 sibi
892 3392 1114 3465 positas
1138 3393 1211 3448 ab
1241 3394 1444 3449 eodem
1477 3411 1592 3449 non
1624 3411 1693 3450 ex

44 3484 466 3558 proposito,sed
487 3481 834 3538 miraculose
845 3483 1404 3554 evasit,procurante
1422 3482 1689 3552 Domino,

45 3579 95 3627 ut
120 3576 189 3630 ad
222 3572 546 3647 cujusdam
582 3570 936 3626 infirmantia
958 3569 1353 3625 visitationem
1385 3571 1694 3627 diverteret

42 3666 187 3717 extra
216 3664 405 3728 viam,
437 3660 540 3733 qui
572 3660 621 3716 si
654 3663 814 3725 tunc,
858 3663 922 3714 ut
968 3658 1396 3726 credebatur,in
1428 3660 1692 3729 ejusdem

38 3747 267 3808 Joannis
283 3750 542 3807 insidias
558 3748 886 3816 incidisset,
903 3763 1276 3819 nequaquam
1296 3747 1495 3819 procul
1514 3747 1693 3804 dubio

43 3841 232 3898 mortis
254 3838 595 3914 periculum
618 3836 916 3893 evasisset.
942 3836 1231 3891 Pitbueris
1248 3852 1481 3908 quoque
1497 3836 1694 3893 nobile

41 3933 285 3987 castrum
314 3924 763 3984 Aurelianensis
814 3924 1095 3991 ecclesiae,
1132 3924 1286 3996 quod
1332 3925 1441 3980 sub
1488 3926 1692 3980 eadem

39 4019 389 4089 tempestate
414 4015 469 4072 vi
501 4017 731 4071 armata
750 4014 876 4086 ipse
896 4013 1153 4069 Joannes
1174 4012 1487 4069 intraverat
1507 4013 1697 4086 prodi-

42 4103 170 4163 tiose
180 4112 239 4162 et
254 4109 501 4180 ceperat
515 4103 703 4162 multo
719 4102 915 4158 labore
928 4102 1287 4166 etinstantia
1301 4102 1456 4173 apud
1475 4119 1692 4175 regem,

40 4195 124 4263 qui
158 4195 215 4250 id
245 4192 641 4251 dissimulare
667 4192 993 4256 videbatur,
1024 4191 1096 4247 ab
1129 4190 1293 4247 initio
1323 4207 1473 4264 aegre
1503 4192 1697 4248 ferens

40 4285 181 4353 quod
209 4284 455 4357 quoties
487 4281 745 4337 habebat
762 4279 984 4352 aliquid
1008 4279 1289 4335 adversus
1307 4296 1463 4347 eum,
1479 4278 1697 4352 episco-

38 4388 137 4441 pus
149 4390 267 4430 non
282 4370 666 4429 verebaturei
679 4369 737 4424 in
751 4369 895 4429 facie
907 4368 1177 4425 resistere
1193 4368 1700 4430 confidenter.tan-

42 4460 161 4530 dem
182 4460 584 4535 recuperavit,
602 4460 828 4516 Joanne
847 4475 966 4516 non
986 4457 1114 4513 sine
1131 4456 1470 4513 confusione
1490 4459 1694 4529 ejecto.

1805 558 1951 631 ipso,
1978 560 2129 630 quod
2166 576 2269 631 per
2297 560 2605 615 duodecim
2628 578 2812 616 annos
2833 560 2916 614 Vel
2940 560 3447 632 ampliusquibus

1803 647 1954 702 sedit
1981 647 2039 702 in
2070 648 2409 721 episcopatu
2443 649 2737 721 praedicto,
2774 648 2906 720 plus
2934 648 3156 705 caeteris
3185 648 3448 705 moderni

1801 738 2083 809 temporis
2114 737 2399 792 laboravit
2422 742 2477 792 ct
2508 737 2640 810 plus
2671 737 2931 810 profecit.

1943 826 2017 879 De
2044 826 2253 895 palatio
2292 826 2432 897 quod
2461 825 2758 896 aediﬁcavit
2787 826 2934 898 apud
2959 827 3305 898 Magdunum.

1868 904 2035 974 Apud
2065 904 2427 977 Magdunum
2457 911 2717 961 castrum
2748 906 3077 979 episcopale
3101 906 3199 962 ubi
3232 906 3452 977 episco-

1800 1007 1911 1063 pus
1944 991 2243 1064 proprium
2277 1009 2390 1047 non
2423 992 2677 1048 habebat
2708 995 2862 1066 quod
2906 999 3243 1066 competens
3273 1000 3447 1059 esset,

1800 1080 2162 1135 domicilium
2196 1098 2421 1153 magum
2454 1080 2780 1137 nobilitatis
2826 1083 3131 1148 exstruxit,
3164 1082 3445 1154 palatium

1798 1185 1930 1223 cum
1963 1169 2227 1224 turribus
2250 1174 2306 1225 et
2327 1170 2799 1242 propugnaculis,
2821 1172 3156 1243 praesidium
3181 1170 3447 1225 videlicet

1797 1257 2101 1330 municipii
2134 1258 2579 1331 inexpugnabile
2611 1264 2668 1314 et
2697 1259 2889 1315 nobile
2918 1259 3345 1333 episcopi,cum
3370 1260 3441 1314 ad

1798 1350 2057 1402 castrum
2089 1345 2233 1401 illud
2267 1346 2615 1420 delegaverit
2646 1347 3035 1404 mansionem.

2115 1436 2191 1490 De
2215 1435 2471 1506 pontibus
2499 1436 2733 1506 Jargolii
2760 1445 2810 1492 et
2841 1437 3120 1505 Magduni.

1867 1513 2087 1568 Ibidem
2114 1519 2172 1569 et
2192 1515 2345 1585 apud
2366 1514 2689 1587 Jargolium
2717 1532 2893 1587 super
2912 1515 3159 1589 Ligerim
3184 1514 3442 1588 lapideos

1796 1606 2004 1673 pontes
2037 1602 2189 1668 fecit,
2222 1607 2278 1657 et
2323 1602 2600 1674 quoniam
2652 1606 2889 1675 pretiosa
2932 1613 3011 1659 est
3055 1606 3111 1659 in
3159 1613 3445 1675 conspectu

1795 1692 2021 1746 Domini
2063 1706 2208 1744 mors
2236 1699 2549 1746 sanctorum
2592 1692 2730 1763 ejus,
2777 1693 2847 1747 de
2896 1692 3064 1748 beato
3111 1692 3239 1763 ejus
3287 1692 3443 1747 exitu

1795 1778 2095 1851 paulisper
2123 1783 2458 1850 tangamus.
2493 1779 2639 1834 Cum
2679 1780 2804 1849 jam
2838 1780 2993 1835 haud
3026 1780 3202 1836 dubie
3232 1796 3444 1853 prope-

1796 1872 1949 1922 raret
1969 1872 2025 1921 et
2044 1866 2496 1922 irrevocabiliter
2517 1868 2587 1922 ad
2610 1867 2830 1923 exitum
2852 1869 3190 1924 admonitus
3211 1884 3246 1924 a
3265 1868 3443 1924 sociis

1795 1958 1861 2010 ut
1890 1972 1992 2026 pro
2025 1955 2201 2009 fratre
2230 1971 2337 2008 suo
2368 1953 2681 2011 Guillelmo
2711 1955 2987 2021 mitteret,
3006 1957 3202 2027 Sinite,
3225 1956 3442 2029 inquit,

1791 2045 1978 2111 sinite,
2011 2043 2155 2097 nihil
2182 2044 2327 2098 mihi
2354 2044 2483 2099 libet
2512 2046 2751 2114 amplius
2800 2046 3008 2101 intueri
3054 2062 3219 2118 quam
3263 2047 3444 2101 solum

1795 2133 2091 2189 Dominum
2115 2148 2296 2187 meum
2320 2133 2503 2187 Iesum
2533 2133 2847 2200 Christum;
2869 2133 3070 2206 sicque
3092 2151 3208 2189 non
3239 2150 3442 2190 convo-

1794 2224 1923 2276 cato
1953 2220 2129 2275 fratre
2158 2220 2230 2274 ab
2277 2219 2403 2292 ipso
2450 2220 2629 2276 vitam
2674 2221 2901 2278 ﬁnivit:
2935 2222 3037 2295 qui
3084 2226 3278 2279 tamen
3306 2222 3443 2278 licet

1792 2308 2199 2381 intempestive
2229 2309 2455 2365 excitus
2485 2327 2519 2364 a
2549 2310 2721 2366 sociis
2749 2311 2820 2365 ad
2854 2311 3164 2383 exsequias
3194 2312 3442 2368 festinus

1795 2397 2048 2463 advenit,
2078 2400 2135 2451 et
2184 2395 2317 2451 licet
2345 2400 2604 2453 astantes
2635 2397 2886 2453 ubertim
2916 2398 2976 2452 in
3007 2398 3296 2471 lacrymas
3326 2397 3441 2453 sol-

1792 2490 2085 2552 verentur,
2117 2490 2173 2540 et
2203 2501 2489 2558 pauperes
2538 2487 2826 2558 praecipue
2859 2487 3063 2543 ﬂentes
3094 2492 3151 2541 et
3180 2485 3314 2541 altis
3345 2502 3443 2541 su-

1795 2574 1995 2646 spiriis
2026 2579 2082 2630 et
2135 2573 2444 2645 questibus
2494 2574 2922 2645 proclamantes
2975 2591 3104 2631 sese
3149 2574 3277 2630 vitm
3327 2591 3445 2630 suae

1796 2662 2062 2718 subsidia
2091 2662 2382 2731 amisisse,
2398 2661 2630 2717 tunicas
2661 2667 2717 2718 et
2748 2668 2937 2719 vestes
2960 2680 3107 2735 quas
3128 2663 3213 2719 eis
3234 2664 3449 2718 fecerat

1794 2752 2191 2817 ostendentes,
2223 2751 2319 2805 ille
2350 2749 2510 2805 solus
2559 2750 2721 2805 vultu
2756 2751 2998 2808 immoto
3036 2751 3209 2808 siccis
3239 2751 3447 2818 oculis,

1794 2840 1957 2896 nulla
1985 2837 2316 2894 conturbati
2344 2838 2524 2895 animi
2555 2839 2725 2911 signa
2744 2856 2952 2911 gerens
2970 2840 3243 2909 exterius,
3264 2838 3463 2896 intue-

1794 2929 1969 2985 batur
2014 2933 2299 3000 tanquam
2347 2928 2475 2998 jam
2536 2927 2843 3002 glorificati
2904 2928 3161 2987 hominis
3217 2932 3447 2991 vultum

1795 3018 2013 3074 fratris.

1794 3109 1908 3178 Qui
1933 3108 2233 3162 casualiter
2260 3106 2621 3181 Aurelianum
2668 3116 2927 3181 venerant
2947 3109 3134 3180 pridie
3161 3126 3327 3181 quam
3354 3111 3448 3167 de-

1869 3181 2194 3255 fungeretur
2223 3194 2338 3255 non
2356 3177 2427 3233 ad
2458 3180 2637 3255 ipsum
2678 3177 3037 3250 uisitandum,
3067 3177 3300 3238 sed'suis
3328 3199 3447 3255 spe-

1870 3251 2104 3305 cialibus
2135 3250 2364 3319 negotiis
2392 3252 2614 3305 evocati.

1870 3329 2124 3384 Aderant
2153 3327 2508 3383 Senonensis
2537 3335 2594 3383 et
2622 3328 2982 3385 Turonensis
3021 3330 3443 3405 archiepiscopi

1799 3422 1857 3473 et
1885 3416 2193 3489 episcopus
2221 3415 2695 3471 Coenomanensis
2724 3432 2857 3471 cum
2879 3417 3173 3487 eodem,et
3195 3419 3446 3476 civitatis

1802 3522 1929 3578 quae
1979 3503 2117 3559 illuc
2160 3503 2517 3559 confluxerat
2545 3502 2972 3576 religiosorum,
3005 3508 3444 3578 canonicorum,

1800 3595 2048 3651 aliorum
2079 3593 2421 3648 clericorum
2449 3596 2505 3647 et
2535 3592 2815 3649 laicorum
2848 3595 3209 3667 permaxima
3238 3596 3443 3652 multi-

1798 3684 1943 3739 tudo
1974 3683 2096 3754 qui,
2146 3686 2430 3753 tanquam
2478 3680 2562 3737 eis
2601 3681 2917 3738 revelatum
2965 3688 3120 3739 esset
3161 3684 3446 3741 divinitus

1801 3772 1956 3845 quod
1966 3772 2093 3842 jam
2112 3771 2183 3826 ad
2203 3770 2496 3843 regionem
2511 3787 2899 3843 supernorum
2913 3772 3124 3828 civium
3138 3773 3445 3845 evolasset,

1800 3860 2319 3934 pedes,manus,et
2339 3858 2624 3932 quidquid
2656 3860 2727 3916 de
2756 3859 2885 3932 ipso
2913 3865 3152 3935 tangere
3180 3866 3453 3936 poterant

1802 3948 2022 4004 devotis
2054 3947 2271 4004 osculis
2301 3947 2784 4020 prolambebant;
2819 3950 3046 4007 felicem
3094 3969 3157 4008 se
3204 3954 3451 4025 putabat

1803 4037 1904 4109 qui
1932 4037 2002 4093 de
2032 4036 2160 4109 ipso
2190 4035 2409 4108 aliquid
2441 4036 2852 4110 tetigisset.Sic
2875 4041 3110 4096 tandem
3138 4041 3453 4115 archiepis-

1803 4141 2081 4198 coporum
2113 4128 2169 4179 et
2198 4123 2604 4197 episcoporum
2628 4127 2902 4183 manibus
2924 4128 3253 4186 tumulatus
3284 4131 3451 4187 beato

1805 4215 1864 4269 in
1896 4214 2143 4270 Domino
2175 4215 2289 4268 fine
2337 4213 2590 4285 quievit:
2624 4214 2697 4270 ad
2737 4217 2906 4287 cujus
2934 4216 3232 4273 tumulum
3265 4218 3454 4274 multa

1802 4303 2216 4377 languidorum
2231 4306 2286 4358 et
2302 4301 2454 4357 male
2470 4302 2812 4359 habentium
2831 4306 3111 4360 confluxit
3126 4306 3453 4378 frequentia

1805 4396 1861 4447 et
1891 4390 2305 4447 nonnullorum
2333 4390 2574 4445 confluit
2610 4408 2798 4464 usque
2829 4393 3020 4449 adhuc
3049 4394 3177 4465 ejus
3225 4396 3451 4453 meritis

1806 4478 2206 4554 prastolantes
2239 4496 2273 4534 a
2294 4479 2540 4534 Domino
2561 4478 2912 4553 languorum
2935 4499 3177 4539 suorum
3199 4484 3451 4557 recipere
3498 4470 3503 4473 η

39 4558 277 4625 Qualiter
306 4563 497 4633 ipsum
522 4559 789 4640 Joannem
805 4563 858 4613 et
873 4572 1002 4611 suo:
1024 4554 1308 4683 glaucum
1337 4570 1495 4626 agere
1518 4570 1658 4626 paena

573 4637 800 4683 tentiam
827 4644 1019 4683 comnu
1154 4669 1170 4683 .

1871 4569 2139 4635 nitatem,
2155 4568 2255 4624 sed
2274 4568 2393 4623 haec
2414 4568 2704 4641 tantisper
2722 4571 2793 4625 de
2813 4570 2940 4644 ipso
2956 4572 3112 4633 dicta
3131 4554 3449 4645 suffici—ant,

1871 4674 1959 4683 ,η
1992 4658 2060 4683 ..Δ
2106 4656 2481 4683 Πηειιηιηηην.
2543 4659 2709 4683 mg.--
2744 4659 3022 4683 -__:_---
3052 4666 3237 4683 μμ---

573 4631 800 4684 tentiam
827 4644 1019 4699 compa

96 4730 179 4784 Ad
196 4728 493 4785 ultimum
510 4725 777 4798 ejusdem
794 4727 852 4781 et
866 4740 1109 4780 suorum
1129 4722 1422 4781 infantum
1439 4721 1702 4777 edomuit

37 4819 403 4889 superbiam,
444 4832 596 4888 quos
624 4814 818 4870 taliter
843 4811 1141 4886 publicam
1181 4810 1387 4868 subire
1419 4810 1702 4885 paeniten-

35 4907 168 4962 tiam
186 4924 331 4963 cum
352 4902 1116 4978 pecuniariaemendatione
1133 4900 1339 4972 coegit,
1355 4898 1467 4956 hoc
1477 4899 1696 4965 addito,

37 4998 181 5064 quod
215 4995 340 5069 ipsi
376 4994 579 5050 sedem
630 4990 1013 5064 apostolicam
1062 5005 1165 5061 pro
1197 4987 1564 5045 absolutione
1593 5004 1701 5045 sua

35 5082 432 5140 nihilominus
476 5081 787 5149 adierunt;
838 5096 955 5151 quo
1005 5095 1121 5134 non
1170 5076 1463 5132 immerito
1509 5076 1703 5132 caeteri

33 5174 229 5230 terreri
253 5175 591 5247 potuerunt
611 5187 684 5226 ne
705 5168 923 5227 similia
943 5172 1149 5223 contra
1167 5182 1301 5221 eum
1324 5169 1695 5221 attentarent.

32 5260 89 5317 In
119 5265 476 5336 episcopatu
512 5259 610 5316 illo
631 5263 719 5315 tot
738 5275 976 5332 agones,
990 5260 1078 5312 tot
1107 5258 1523 5323 zerumnas,tot
1550 5254 1700 5326 peri-

32 5351 229 5408 culosa
259 5349 619 5409 discrimina
647 5344 1203 5413 constanterrevicit,
1256 5346 1420 5398 tanta
1463 5346 1701 5416 propter

33 5444 209 5499 Deum
222 5441 370 5499 tabe
383 5437 801 5511 corpusafl‘ecit
816 5436 972 5509 quod
985 5434 1132 5490 illud
1144 5431 1301 5505 quod
1315 5432 1384 5487 de
1396 5431 1549 5487 bono
1567 5432 1699 5488 Ger-

32 5548 203 5588 mano
216 5531 456 5587 dictum
471 5533 562 5584 est
571 5527 623 5584 ei
642 5526 828 5600 possit
839 5530 1157 5597 utrumque
1168 5538 1282 5577 non
1294 5519 1702 5578 inconvenien-

32 5624 115 5682 ter
141 5618 371 5699 aptari,
405 5616 670 5676 videlicet
700 5616 897 5694 ipsum
930 5614 1085 5674 inter
1113 5616 1199 5670 tot
1226 5625 1428 5670 cruces
1454 5607 1697 5685 longum

1805 4674 1961 4715 nunc
1990 4658 2063 4713 ad
2106 4656 2507 4724 Guillelmum,
2540 4659 2710 4730 cujus
2740 4659 3024 4731 coepimus
3051 4666 3243 4720 texere
3266 4663 3451 4721 histo-

1807 4747 1979 4814 riam,
2011 4751 2388 4803 revertamur.

1809 4842 1887 4893 Dc
1933 4835 2276 4892 ordinatione
2332 4836 2572 4893 lectoriee
2614 4846 2666 4893 et
2710 4842 3068 4898 succentoriw
3111 4845 3169 4898 in
3217 4843 3455 4901 Ecclesia

2295 4907 2499 4962 Antiss.
2530 4916 2582 4963 et
2603 4910 2963 4968 scholastriae.

1879 4986 2225 5043 Guillelmus
2241 4986 2420 5059 igitur
2436 4989 2695 5060 suscepti
2714 4990 3016 5063 regiminis
3028 5009 3230 5049 curam
3248 5012 3455 5068 gerens

1810 5080 2045 5132 strenue
2076 5075 2147 5131 ad
2179 5074 2569 5132 Ecclesiarum
2601 5082 2820 5134 statum
2853 5080 2911 5135 in
2965 5082 3176 5139 melius
3223 5101 3453 5156 promo-

1805 5167 2059 5224 vendum
2119 5166 2433 5221 efficaciter
2479 5168 2791 5225 anhelabat
2822 5187 2836 5225 :
2870 5170 2929 5225 in
2980 5173 3188 5245 majori
3238 5174 3457 5229 scilicet

1807 5253 2126 5313 cathedrali
2156 5254 2399 5311 ecclesia
2418 5261 2626 5327 praeter
2649 5258 2765 5314 alia
2790 5276 2918 5332 quae
2953 5261 3033 5316 ibi
3064 5262 3301 5334 provide
3324 5263 3458 5317 fecit

1805 5345 1893 5401 vel
1924 5343 2241 5403 liberaliter
2270 5344 2534 5414 contulit,
2568 5344 2869 5403 lectoriam
2902 5353 2958 5405 et
3002 5350 3451 5415 succentoriam,

1807 5451 1909 5507 per
1939 5449 2091 5506 quas
2114 5437 2303 5488 totum
2352 5433 2412 5489 in
2457 5433 2703 5508 legendo
2750 5439 3108 5495 cantandove
3150 5437 3452 5494 servitium

1807 5522 2204 5595 dispensatur,
2234 5537 2340 5578 nec
2369 5538 2485 5579 non
2517 5527 2574 5579 et
2621 5524 3051 5595 scholastriam,
3103 5541 3228 5598 quas
3282 5527 3452 5580 antea

1806 5610 1889 5670 ita
1918 5615 2124 5670 tenues
2149 5615 2315 5671 erant
2345 5610 2403 5669 in
2435 5613 2810 5689 proventibus
2838 5618 2895 5672 et
2925 5611 3123 5686 exiles,
3151 5613 3304 5689 quod
3335 5620 3455 5677 non

3434 5690 3615 5767 fr.
3648 5684 3719 5711 μ
