3814 6218
366 370 485 429 335

1207 366 1543 426 APPEND.
1592 366 1695 425 AD
1740 363 1931 426 ΞᾹΞΟ.
1978 363 2050 424 Χ.
2084 400 2161 408 -
2196 367 2457 427 OPERA
2501 388 2900 436 ΛΔΕΣΠΟΤΙΚΛ.

3643 373 3746 431 336

366 499 772 558 inveniebatur
800 498 899 571 qui
949 514 1100 553 onus
1144 496 1424 570 reciperet
1472 495 1599 551 sine
1646 495 1858 562 fructu,
1882 495 2017 567 jure
2045 498 2100 565 Α
2128 513 2360 554 camera
2390 516 2497 555 sua
2527 499 2834 571 superiori,
2858 499 3196 572 psalmodiis
3227 503 3285 556 et
3315 501 3558 557 orationi
3587 502 3754 559 inteno

368 587 702 644 conferendi
734 586 845 643 sibi
879 585 1118 658 suisque
1149 584 1590 641 successoribus
1616 584 1905 657 episcopis
1936 601 2022 638 re-

366 682 529 735 tento
560 678 632 734 de
662 693 909 733 assensu
941 674 1398 747 capituli,gratis
1430 672 1753 729 redditibus
1784 672 2021 745 amplia-

364 765 841 836 vit,scholastrim
872 764 1102 820 circiter
1131 764 1331 819 decem
1366 763 1671 830 librarum,
1692 762 1941 817 tectoriis
1967 766 2022 816 et

368 855 743 911 succentorize
776 858 983 927 praeter
1014 852 1258 925 antiqua
1279 851 1574 924 stipendia
1596 851 1820 906 fructus
1845 842 2027 904 unius"

368 944 690 1018 praebendas
704 960 836 1015 cum
851 942 1097 998 minutis
1109 940 1478 1014 portionibus
1492 957 1617 1012 quae
1636 938 1730 994 bis
1747 938 2022 993 omnibus

369 1033 771 1089 consentiente
798 1031 1052 1105 capitulo
1084 1030 1381 1102 deputavit
1414 1029 1743 1101 assignans.

956 1125 1032 1177 De
1055 1120 1472 1176 matriculariis.

440 1211 695 1268 Sacrista
723 1208 1023 1284 providere
1052 1213 1281 1264 tenetur
1320 1212 1377 1264 et
1428 1207 1698 1263 exhibere
1745 1205 2022 1261 clericum

370 1318 554 1357 unum
587 1298 1053 1354 matricularium
1073 1302 1128 1353 et
1150 1297 1295 1352 alios
1319 1298 1420 1369 qui
1446 1312 1763 1369 campanae
1784 1294 2024 1366 pulsare

368 1394 425 1445 et
455 1406 522 1445 ea
552 1406 677 1461 quae
710 1389 780 1443 ad
812 1388 1071 1444 officium
1098 1403 1271 1442 suum
1302 1386 1593 1459 pertinent
1616 1384 1843 1439 valeant
1870 1400 2026 1438 exer-

369 1494 515 1533 cere.
538 1477 858 1550 Episcopus
893 1481 1127 1548 propter
1157 1475 1286 1530 illos
1319 1473 1575 1529 instituit
1607 1478 1722 1528 tres
1751 1473 2025 1527 matricu-

369 1566 572 1633 larios,
605 1582 790 1621 unum
834 1564 1103 1620 videlicet
1149 1563 1449 1630 clericum,
1485 1579 1658 1634 quem
1711 1560 2026 1617 attitulavit

373 1654 574 1709 altaris
604 1659 819 1709 sanctae
851 1652 1052 1708 Crucis
1076 1653 1133 1707 in
1167 1653 1368 1708 eadem
1402 1650 1665 1718 ecclesia,
1699 1654 1764 1705 ut
1794 1650 1871 1704 ibi
1904 1667 2023 1705 ser-

372 1742 519 1798 viret
546 1743 601 1797 in
625 1743 815 1798 officio
836 1740 1175 1809 sacerdotis,
1192 1741 1563 1795 medietatem
1589 1739 1850 1794 beneficii
1875 1740 2027 1810 ejus-

375 1832 510 1887 dem
544 1831 746 1887 altaris
776 1830 855 1885 illi
908 1829 1316 1885 matriculario:
1349 1833 1627 1901 perpetuo
1648 1830 1783 1900 jure
1814 1845 2023 1884 annec-

374 1925 524 1989 tens,
557 1936 693 1976 cum
724 1924 957 1975 centum
989 1918 1193 1975 solidis
1233 1919 1290 1973 in
1324 1918 1579 1973 denariis
1613 1916 2022 1974 Pentecostali-

373 2010 484 2065 bus
520 2010 590 2064 de
618 2009 891 2064 Varziaco
940 2007 1329 2080 percipiendis
1375 2007 1721 2074 annuatim;
1772 2012 1831 2062 et
1875 2008 2023 2062 duos

367 2097 547 2153 laicos
579 2098 794 2170 quibus
826 2096 1077 2169 singulis
1121 2097 1322 2152 decem
1370 2096 1552 2152 libras
1604 2097 1665 2151 in
1697 2095 2023 2151 redditibus

366 2186 707 2258 assignavit,
739 2187 811 2242 ad
853 2202 1104 2257 quorum
1137 2185 1413 2258 praedicta
1444 2185 1738 2257 stipendia
1766 2183 2024 2240 Ecclesia

365 2276 437 2331 de
465 2276 853 2331 Vermentone
884 2274 1216 2341 duodecim,
1236 2273 1492 2330 Ecclesia
1513 2275 1583 2328 de
1605 2274 1870 2329 Berriaco
1894 2277 2021 2328 octo

362 2362 544 2420 libras
576 2364 798 2421 solvere
829 2363 1134 2419 annuatim
1168 2366 1461 2420 tenentur.

360 2455 435 2508 De
460 2453 730 2509 divisione
755 2455 1017 2524 festorum
1045 2454 1227 2508 sancti
1256 2452 1561 2507 Alexandri
1578 2460 1630 2507 et
1646 2453 1824 2508 sancti
1844 2452 2022 2507 Bricii

858 2532 909 2580 et
948 2525 1104 2593 festis
1134 2524 1519 2594 apostolorum.

434 2614 783 2669 Sanctorum
813 2610 1123 2681 Alexandri
1157 2616 1214 2668 et
1263 2611 1434 2667 Bricii
1467 2613 1614 2667 festa
1646 2629 1773 2683 quae
1805 2610 2019 2683 permi-

361 2700 503 2757 stim
550 2701 659 2757 sub
709 2701 965 2773 quadam
1012 2700 1352 2757 confusione
1403 2701 1526 2755 ﬁeri
1576 2705 2015 2766 consueverant,

363 2790 680 2864 separatim
719 2789 924 2849 statuit
969 2788 1269 2856 celebrari,
1320 2795 1377 2845 et
1425 2788 1822 2861 apostolorum
1872 2790 2020 2845 festa

362 2885 537 2954 prout
566 2880 813 2936 minoris
856 2883 1023 2935 erant
1052 2879 1431 2934 observantiae
1481 2878 1803 2934 solemnius
1843 2878 2016 2934 solito

364 2985 498 3024 cum
530 2970 822 3040 majorum
845 2984 1264 3038 campanarum
1289 2966 1617 3039 pulsatione
1641 2967 1762 3022 fieri
1788 2966 2018 3022 ordina-

362 3055 463 3111 vit.
496 3056 759 3111 Sacristzs
788 3072 892 3127 pro
927 3054 1320 3108 luminaribus
1351 3058 1409 3108 et
1440 3053 1572 3109 aliis
1599 3070 1727 3125 quea
1758 3053 2016 3127 amplius

2131 591 2245 643 tus.
2267 587 2516 643 Inferius
2539 588 2598 643 in
2623 588 2835 661 palatio
2860 589 3065 660 majori
3096 588 3179 644 illi
3207 606 3452 646 camera:
3484 590 3750 664 contigue,

2126 675 2216 730 vir
2244 675 2484 747 quidam
2517 677 2588 732 de
2620 676 2799 732 Druia
2827 681 3017 734 castro
3049 694 3184 733 cum
3217 694 3399 734 uxore
3418 696 3526 734 sua
3549 680 3618 734 ad
3646 696 3754 735 con-

2129 762 2349 819 ﬁtenda
2380 769 2617 837 peccata
2645 770 2702 820 et
2730 765 3130 839 excipiendam
3174 767 3249 822 ab
3296 767 3566 839 episcopo
3595 769 3754 840 pani-

2128 852 2371 908 tentiam
2403 855 2838 927 exspectabant.
2872 855 3220 911 lmminente
3249 856 3376 926 jam
3428 856 3568 911 hora
3612 858 3754 913 tertia

2130 942 2445 996 transitum
2476 941 2615 997 illuc
2638 942 2857 998 faciens
2877 942 3327 999 archidiaconus
3345 943 3541 999 adibat
3561 944 3752 1016 episco-

2130 1046 2293 1101 pum,
2326 1047 2544 1103 eosque
2595 1031 2705 1086 sibi
2766 1035 3145 1105 assurgentes
3194 1032 3438 1099 invenit,
3470 1036 3526 1087 et
3555 1032 3751 1106 cognito

2130 1120 2299 1189 cujus
2329 1120 2409 1175 rei
2459 1119 2646 1193 gratia
2693 1120 3108 1192 exspectabant
3152 1119 3479 1175 insinuavit
3514 1122 3749 1194 episcopo

2133 1206 2234 1280 qui
2266 1207 2463 1263 statim
2494 1225 2592 1264 eos
2643 1208 2914 1264 accersiri
2964 1209 3037 1263 ad
3087 1226 3150 1265 se
3199 1208 3534 1275 mandavit;
3575 1209 3749 1281 vixque

2131 1294 2416 1368 palatium
2446 1297 2662 1368 egressi
2716 1296 2946 1352 fuerant
3000 1313 3136 1352 cum
3182 1313 3314 1353 ecce
3348 1297 3408 1352 in
3437 1314 3504 1353 ea
3534 1302 3680 1369 parte
3704 1298 3747 1352 in

2132 1402 2247 1456 qua
2279 1388 2561 1440 steterant
2592 1386 2767 1457 pedes
2798 1402 3023 1451 eorum,
3056 1391 3277 1442 tectum
3330 1386 3529 1459 palatii
3568 1386 3747 1442 corruit

2133 1490 2333 1529 secum
2366 1474 2603 1529 trahens
2638 1473 2930 1546 lignorum
2953 1480 3010 1530 et
3035 1474 3367 1548 tegularum
3394 1475 3644 1547 ingentia
3668 1475 3750 1529 fra-

2133 1562 2333 1634 gmina
2355 1564 2412 1618 in
2436 1564 2689 1627 ruinam,
2705 1581 2836 1636 qua:
2857 1563 3204 1636 pcenitentes
3223 1564 3528 1637 przedictos
3549 1564 3749 1637 penitus

2132 1651 2538 1707 contrivissent
2592 1652 2704 1706 nisi
2754 1652 2941 1707 virtus
2986 1651 3357 1707 subvenisset
3409 1652 3617 1719 divina,
3646 1668 3748 1723 qua

2135 1742 2318 1797 donec
2364 1741 2775 1797 discessissent
2822 1741 3053 1797 ruinam
3103 1740 3415 1811 continuit,
3446 1758 3571 1812 quae
3600 1742 3673 1795 sic
3696 1740 3756 1793 de

2136 1831 2400 1902 proximo
2423 1830 2710 1903 pendebat
2729 1831 2944 1886 futura.
2964 1830 3007 1886 Ο
3031 1831 3182 1885 mira
3204 1830 3559 1903 poenitentia:
3577 1830 3753 1892 virtus,

2135 1937 2261 1991 qua:
2295 1919 2377 1975 sic
2409 1920 2666 1992 divjnam
2700 1917 3299 1990 continuitjustitiam
3325 1922 3393 1974 ut
3402 1920 3530 1990 jam
3553 1918 3758 1974 moritu-

2133 2026 2230 2064 ros
2260 2008 2384 2064 sola
2413 2007 2514 2063 Dei
2549 2007 2949 2063 misericordia
2999 2008 3070 2063 de
3098 2007 3379 2063 instantis
3411 2008 3610 2063 mortis
3635 2023 3753 2079 pre-

2131 2097 2329 2170 cipitio
2359 2097 2664 2153 liberaret!
2699 2096 2951 2173 Solvitur
2977 2096 3290 2170 episcopus
3319 2095 3381 2152 in
3412 2095 3681 2170 lacrymas
3703 2099 3755 2149 et

2131 2190 2452 2259 stuporem,
2501 2190 2559 2241 et
2606 2186 2871 2258 inspecta
2899 2186 3106 2241 mortis
3150 2185 3408 2257 imagine
3450 2202 3519 2241 ex
3558 2184 3753 2251 intimis

2131 2274 2322 2329 cordis
2354 2274 2628 2330 medullis
2659 2275 2718 2329 in
2750 2273 2852 2329 Dei
2878 2273 3084 2329 laudes
3115 2273 3466 2346 prorumpit.
3488 2274 3567 2328 Ad
3597 2273 3755 2328 ruina:

2131 2364 2419 2437 fragorem
2453 2362 2747 2418 concurrit
2778 2363 2972 2431 turba,
2988 2366 3045 2417 et
3072 2362 3144 2417 de
3175 2362 3489 2417 manifesto
3516 2358 3749 2417 miraculi

2129 2451 2459 2525 spectaculo
2487 2452 2741 2507 universi
2772 2450 3065 2507 exsultant
3117 2451 3212 2508 Dei
3244 2450 3543 2524 magnalia
3567 2449 3748 2523 praedi-

2129 2545 2347 2597 cantes.

2131 2654 2207 2704 De
2237 2650 2581 2704 institutione
2602 2647 3025 2719 praebendarum
3072 2646 3217 2719 apud
3248 2648 3634 2719 Apponiacuni,
3668 2645 3749 2698 To-

2643 2722 2859 2774 ciacum
2885 2728 2937 2774 et
2967 2718 3261 2775 Comitium.

2196 2808 2279 2863 Ad
2312 2807 2506 2863 cultus
2538 2806 2978 2879 ampliationem
3012 2806 3191 2862 divini
3227 2807 3287 2862 in
3317 2806 3528 2863 castris
3554 2805 3751 2878 episeo-

2126 2896 2360 2969 palibus
2391 2895 2725 2968 Appouiaco
2754 2896 3025 2951 videlicet
3053 2896 3300 2952 Tociaco
3332 2900 3390 2952 et
3418 2894 3637 2952 Conada
3662 2910 3746 2948 ea-

2126 2986 2365 3041 nonicos
2395 2984 2654 3039 instituit
2676 2988 2739 3039 .et
2769 2984 3132 3056 praebendas,
3164 2989 3373 3057 praeter
3401 2983 3518 3039 alia
3544 3000 3658 3056 qua:
3685 2981 3747 3036 ad

2124 3074 2232 3130 hoc
2262 3072 2529 3139 contulit,
2568 3072 2934 3145 parochiales
2966 3072 3250 3129 Ecclesias
3294 3090 3429 3129 cum
3480 3072 3599 3128 suis
3634 3087 3747 3144 pro~

363 3162 398 3200 a
428 3146 573 3199 festo
605 3143 859 3215 simplici
889 3141 1229 3213 bujusmodi
1256 3142 1405 3197 ritus
1453 3142 1886 3200 solemnitatem
1920 3160 1956 3198 et

2195 3163 2396 3218 ntibus
2417 3161 2635 3217 eisdem
2662 3162 2953 3235 deputans
2974 3166 3031 3217 et
3046 3161 3474 3235 assignans.....
3490 3159 3750 3216 Amatoris

361 3232 572 3305 Ρυεοίιν
607 3232 869 3287 redditus
909 3235 1304 3322 competentes
1353 3235 1409 3285 et
1456 3230 1565 3322 sibi
1603 3237 1815 3322 _8f‘_at09
1866 3232 2011 3322 δίδθί·
2042 3237 2086 3305 C
2127 3256 2182 3306 et
2212 3248 2509 3306 canonicis
2535 3230 2772 3321 capellas
2800 3266 2919 3305 suae
2951 3250 3024 3305 de
3052 3230 3453 3305 Trinitate..."
3478 3248 3588 3322 Ipsi
3615 3247 3748 3318 capi-

359 3336 570 3392 gnans,
606 3336 710 3375 nec
740 3336 856 3375 non
888 3323 943 3375 et
988 3319 1422 3391 proccssionem
1468 3319 1528 3373 in
1561 3319 1759 3392 vigilia
1789 3322 1850 3377 B.
1884 3321 1956 3375 St

2192 3338 2247 3395 lo
2276 3319 2893 3394 Antissiodo—rensi..."
2926 3338 3183 3394 ecclesia
3214 3338 3367 3394 beati
3406 3319 3679 3394 Amatoris
3702 3338 3749 3389 et

355 3408 535 3482 phani
558 3407 792 3465 hiemali
815 3413 948 3481 post
966 3426 1237 3481 vesperas
1263 3409 1334 3463 de
1356 3408 1668 3464 Nativitate
1694 3409 2013 3465 solemnem

355 3497 606 3571 singulis
636 3498 696 3553 in
727 3498 927 3570 cappis
968 3497 1169 3554 sericis
1199 3497 1598 3554 deferentibus
1631 3513 2012 3554 accensorum

352 3586 672 3642 luminaria
700 3603 1020 3643 cereorum.

357 3686 603 3752 Qualiter
629 3687 848 3740 ornavit
874 3687 1160 3741 ecclesiam
1192 3684 1256 3740 dc
1305 3701 1466 3741 cruce
1512 3692 1563 3740 et
1607 3687 1778 3742 calice
1822 3701 2009 3741 aureo.

426 3782 511 3836 Ad
560 3786 834 3837 ornatum
890 3782 1146 3843 ecclesiae
1202 3799 1464 3855 pannum
1518 3800 1702 3839 unum
1758 3783 2011 3839 sericum

355 3869 523 3925 valde
548 3870 768 3924 bonum
800 3874 857 3923 et
886 3886 1190 3942 magnum,
1224 3874 1282 3925 et
1330 3870 1445 3924 duo
1477 3870 1724 3939 minora,
1760 3871 2013 3943 pretiosa

358 3961 579 4025 tamen,
609 3955 855 4012 contulit
886 3959 956 4011 ad
985 3961 1256 4013 ornatum
1287 3957 1509 4023 altaris,
1537 3959 2009 4031 antiphouarium

360 4062 596 4118 quoque
627 4044 913 4116 optimum
936 4045 995 4100 in
1018 4046 1247 4100 duobus
1268 4044 1663 4101 voluminibus
1692 4047 1813 4102 fieri
1838 4047 1971 4103 fecit
1994 4065 2007 4103 :

360 4133 628 4208 Capitulo
657 4133 862 4189 itidem
886 4133 1133 4189 alterum
1156 4151 1263 4206 par
1280 4134 1328 4189 ei
1358 4134 1416 4189 in
1442 4118 1718 4191 omnibus
1741 4136 2007 4205 faciente,

359 4240 564 4280 novem
598 4222 840 4296 insuper
869 4240 1098 4278 marcas
1142 4224 1267 4278 auri
1300 4224 1372 4278 ad
1421 4240 1651 4279 crucem
1684 4228 1741 4280 et
1769 4224 2009 4281 calicem

355 4330 599 4371 aureum
632 4312 982 4382 facienda,et
1002 4311 1253 4369 annulos
1284 4330 1423 4369 suos
1452 4330 1659 4369 aureos
1691 4312 2009 4386 pretioseos

353 4404 673 4460 admodum
702 4406 759 4458 et
789 4401 1067 4458 tredecim
1109 4400 1291 4457 libras
1323 4401 1680 4457 Parisienses
1707 4420 1719 4471 ;
1754 4403 1855 4457 sed
1887 4402 2009 4459 haec

350 4493 609 4550 moriens
640 4491 702 4546 in
732 4491 1070 4564 sumptibus
1100 4491 1351 4547 contulit
1382 4490 1685 4548 faciendis.

635 4586 711 4637 De
739 4579 1113 4636 emendatione
1152 4581 1353 4648 palatii
1378 4581 1719 4652 episcopalis.

419 4671 594 4724 Tecto
625 4669 824 4740 palatii
857 4667 1211 4742 pontificalis
1232 4668 1324 4724 die
1352 4669 1498 4723 festo
1531 4669 1872 4726 Parasceves
1902 4686 2005 4742 pro

349 4761 512 4830 parte
543 4756 741 4829 aliqua
770 4757 826 4811 in
853 4775 971 4813 sua:
998 4757 1382 4829 promotionis
1401 4757 2001 4827 exordio,corruente,

350 4845 635 4917 palatium
666 4846 859 4916 ipsum
909 4845 1160 4901 multum
1192 4845 1460 4901 nobiliori
1495 4862 1673 4917 quam
1706 4851 1838 4902 ante
1870 4848 2003 4902 tecti

349 4938 646 4988 structura
674 4934 1061 5002 decoravit,et
1092 4935 1164 4988 ad
1196 4933 1696 4990 intromittendam
1730 4934 1919 4991 lucem
1945 4936 2001 4990 in

348 5020 632 5093 palatium
667 5022 949 5077 fenestras
981 5022 1277 5095 pinnaculi
1330 5040 1544 5095 magna
1572 5023 2004 5096 intercapedine

349 5108 635 5175 dilatavit,
651 5126 854 5165 arcens
888 5112 1062 5166 flatus
1087 5112 1453 5183 importunos
1476 5118 1780 5169 ventorum
1802 5114 2006 5170 vitrea-

347 5216 479 5255 rum
512 5197 944 5271 perlucidarum
978 5201 1245 5270 objectu;
1283 5201 1339 5254 in
1392 5202 1628 5273 praefata
1666 5218 1800 5257 vero
1832 5202 2003 5259 ruina

346 5286 487 5360 quid
522 5286 788 5342 miraculi
823 5288 1132 5359 contigerit
1162 5288 1404 5360 dignum
1439 5290 1713 5345 duximus
1745 5292 1816 5346 ad
1851 5291 2000 5347 noti-

342 5378 487 5434 tiam
522 5377 922 5433 transmittere
952 5380 1340 5449 posterorum,
1377 5383 1438 5432 ut
1468 5397 1571 5450 per
1600 5379 1799 5435 omnia
1827 5380 1999 5438 bene-

341 5466 477 5522 ficia
507 5465 706 5521 divina
737 5463 1011 5521 laudetur
1041 5465 1219 5520 Deus.

445 5560 529 5611 De
560 5554 719 5628 lapsu
742 5553 967 5627 palatii,
985 5561 1035 5609 et
1064 5552 1335 5609 miraculo
1364 5554 1505 5626 quod
1531 5557 1615 5612 ibi
1642 5559 1891 5627 contigit.

412 5644 517 5709 Die
559 5644 739 5722 igitur
790 5643 937 5700 festo
986 5643 1334 5700 Parasceves
1386 5648 1512 5701 erat
1559 5644 1685 5720 ipse
1732 5645 1892 5704 solus
1943 5647 2004 5704 in

2124 3425 2419 3484 canonicis
2449 3428 2558 3482 sub
2591 3425 2843 3499 regulari
2867 3427 2925 3482 S.
2949 3425 3141 3499 Satyri
3173 3424 3251 3482 ibi
3280 3426 3620 3499 degentibus
3646 3423 3745 3479 dis-

2123 3516 2361 3590 ciplina,
2382 3515 2571 3571 locum
2599 3515 2671 3570 de
2701 3515 2958 3572 Boticem
2988 3531 3193 3571 versus
3224 3520 3496 3571 sanctum
3525 3513 3745 3569 Salvato

2123 3622 2245 3662 rem
2277 3609 2336 3660 et
2365 3603 2651 3660 Ecclesias
2672 3604 2743 3660 de
2763 3604 3018 3671 Alenset,
3034 3604 3105 3660 de
3128 3602 3402 3672 Petrosio,
3420 3608 3477 3659 et
3496 3601 3744 3675 capellam

2121 3692 2193 3748 de
2223 3692 2380 3748 Mota
2409 3690 2468 3745 in
2496 3690 2774 3763 parochia
2819 3691 2889 3748 de
2934 3691 3284 3760 Chevannis,
3317 3691 3609 3748 canonicis
3633 3704 3743 3744 vero

2123 3785 2375 3852 quatuor
2395 3778 2627 3851 capella:
2650 3796 2767 3835 suae
2788 3780 3109 3836 Antissiod.
3125 3780 3348 3836 scilicet
3369 3780 3439 3835 de
3470 3778 3741 3837 Trinitate,

2121 3868 2408 3925 decimam
2442 3858 2761 3940 quamdam
2794 3868 2948 3941 apud
2981 3868 3319 3935 Tociacum,
3340 3885 3516 3941 quam
3542 3863 3743 3940 prepria

2121 3958 2205 4014 eis
2230 3956 2587 4030 comparavit
2617 3957 2884 4029 pecunia,
2918 3956 3016 4030 pia
3059 3956 3408 4014 liberalitate
3439 3955 3703 4012 concessit
3728 3969 3739 4004 :

2121 4047 2281 4103 dedit
2296 4046 2538 4119 insuper
2557 4044 2811 4118 capitulo
2831 4044 3150 4102 Antissiod.
3164 4044 3449 4118 quidquid
3475 4045 3557 4100 eis
3576 4044 3741 4099 deerat

2120 4137 2187 4192 ad
2224 4134 2457 4209 plenam
2490 4134 3034 4217 decimarum’bladi
3058 4134 3495 4208 perceptionem
3516 4134 3574 4189 in
3600 4129 3739 4187 terri-

2118 4224 2266 4280 torio
2298 4224 2367 4278 de
2396 4223 2716 4289 Crevenno,
2748 4228 2803 4277 et
2838 4222 2947 4279 hoc
2978 4223 3036 4277 in
3069 4240 3217 4295 opus
3247 4222 3599 4295 quotidiana:
3627 4235 3735 4294 par-

2117 4313 2342 4368 titionis
2372 4312 2443 4367 de
2473 4328 2622 4384 pane
2654 4328 2781 4383 quae
2814 4312 2880 4367 fit
2901 4311 2959 4367 in
2982 4311 3242 4368 Ecclesia
3260 4311 3353 4367 his
3376 4312 3474 4384 qui
3496 4308 3736 4367 interfue-
3778 4350 3779 4353 η

2119 4403 2235 4458 rint
2265 4401 2570 4457 matutinis
2600 4406 2701 4457 aut
2733 4400 2946 4469 missae,
2995 4405 3266 4474 separata
3295 4401 3369 4455 ab
3414 4399 3660 4456 Ecclesia
3681 4395 3735 4448 d6
3776 4438 3777 4443 η

2116 4490 2432 4555 Crevenno,
2447 4506 2581 4545 cum
2603 4494 2853 4556 vacaret,
2868 4490 3154 4562 portione,
3169 4506 3350 4562 quam
3370 4489 3449 4544 ibi
3474 4488 3737 4561 presbyter
3774 4530 3775 4559 1

2036 4605 2084 4670 Ι)
2114 4579 2369 4636 ecclesiae
2402 4578 2695 4651 percipere
2726 4582 3127 4648 consueverat,
3176 4582 3233 4634 et
3274 4577 3572 4635 canonicis
3614 4577 3732 4631 assi-

2115 4673 2313 4741 gnata,
2349 4668 2459 4723 sub
2501 4668 2757 4739 quadam
2787 4672 2982 4724 tamen
3012 4667 3552 4739 reconipensatione
3581 4665 3645 4720 ab
3669 4660 3733 4717 eis

2115 4759 2268 4813 facta
2297 4755 2565 4813 Ecclesia-
2593 4760 2949 4813 memoratae.

2112 4864 2367 4936 Qualiter
2394 4864 2709 4936 procuravit
2727 4864 3279 4936 recompensationem
3294 4855 3731 4936 factamgoapt‘tulo
3766 4912 3767 4936 Ε

2187 4934 2332 5006 apud
2382 4930 2636 4990 Osiacum
2679 4951 2780 5006 pro
2826 4930 3085 5006 co'quod
3130 4930 3327 4990 habeat
3374 4934 3519 5007 apud
3568 4930 3731 4991 Billia-

2184 5022 2328 5061 cum.

2185 5112 2306 5168 Sua
2334 5127 2567 5184 quoque
2596 5111 2878 5167 instantia
2906 5116 2963 5168 et
2991 5112 3204 5168 virtute
3233 5111 3459 5168 factum
3487 5101 3763 5184 est,quod17

2110 5216 2247 5257 cum
2278 5216 2475 5256 comes
2507 5200 2848 5257 Nivernens.
2876 5202 3127 5257 Herveus
3147 5200 3207 5256 in
3238 5205 3442 5257 monte
3471 5201 3544 5256 de
3573 5198 3726 5255 Mures

2111 5304 2289 5362 prope
2320 5287 2765 5362 Billiacum,qui
2792 5293 2918 5344 erat
2945 5289 3016 5345 de
3047 5288 3229 5344 fundo
3260 5281 3727 5346 Antissiodor.Ec-

2111 5378 2321 5444 clesiaz,
2354 5377 2744 5434 munitionem
2775 5377 3042 5451 erigeret,
3061 5381 3120 5434 et
3147 5378 3417 5434 canonici
3446 5368 3721 5434 Antissiod.

2110 5466 2344 5523 comitis
2375 5467 2738 5522 atrocitatem
2767 5470 3033 5523 verentes
3063 5466 3376 5523 remissius
3406 5467 3479 5524 de
3500 5468 3623 5539 jure
3646 5469 3723 5514 suo

2110 5557 2647 5627 disceptarentcum
2663 5572 2748 5625 eo,
2765 5556 3001 5612 tandem
3021 5555 3355 5612 interventu
3373 5573 3482 5614 suo
3499 5561 3559 5613 et
3574 5544 3722 5611 fratri8
3746 5582 3747 5611 ξ

2110 5645 2199 5704 sui
2217 5644 2499 5701 Manassae
2513 5643 3318 5722 Aurelianensisepiscopi,de
3332 5662 3453 5723 quo
3465 5648 3721 5722 suprawe'
3746 5672 3747 5689 ς
