3814 6218
69 401 165 463 337

937 400 1039 464 DE
1084 399 1355 464 GESTIS
1400 396 1639 460 EPISG.
1686 386 2122 479 ANTISSIOD.
2156 430 2229 443 --
2260 395 2458 460 PARS
2500 396 2549 461 Ι.

3321 394 3441 462 338

72 537 341 607 minimus,
372 554 574 596 comes
605 535 892 612 quidquid
924 536 1175 595 habebat
1216 533 1370 608 apud
1402 532 1678 591 Osiaeum
1707 530 1765 599 Α
1793 530 1960 587 feodo
1983 531 2303 589 Antissiod.
2333 530 2766 605 Ecclesia,que
2794 531 2998 590 Petrus
3028 551 3220 592 comes
3250 535 3441 593 Antis-

72 626 330 684 Canonicis
378 645 483 701 pro
532 644 601 684 eo
630 629 787 701 quod
837 628 1131 684 habebant
1171 625 1326 697 apud
1373 622 1677 680 Billiacum

1789 620 1938 677 siod.
1957 619 2017 676 in
2040 622 2143 693 jus
2174 626 2231 677 et
2255 621 2490 677 feodum
2521 622 2835 677 comitissa
2865 622 3193 696 Campania
3221 627 3279 681 in
3302 642 3441 698 pra-

70 715 433 783 commutavit,
464 716 724 788 exceptis
778 715 1042 783 decimis,
1073 731 1220 787 quas
1268 714 1347 768 ibi
1384 713 1681 768 habebant
1780 709 2075 780 judicium
2097 709 2365 767 Ecclesia
2386 711 2776 767 transcribere
2803 712 3144 779 conabatur,
3160 716 3442 771 confitens

68 805 317 873 canonici,
350 824 479 877 qua
527 805 588 861 in
628 806 1147 862 commutationem
1200 821 1316 860 non
1365 805 1681 876 potuerunt

68 894 247 960 venire,
268 896 367 950 sed
401 899 854 968 permanserunt
877 894 1120 965 eisdem,
1136 910 1252 949 non
1276 892 1507 948 modica
1520 889 1677 946 utili-

67 988 137 1039 tas
160 983 421 1040 Ecclesia
448 983 979 1040 Antissiodorensis
1000 984 1267 1039 accrevit.

178 1101 247 1155 De
272 1101 493 1156 abbatia
520 1100 587 1155 de
619 1101 806 1163 Cellis,
837 1108 888 1155 et
917 1100 1050 1171 quid
1076 1100 1250 1156 eidem
1280 1098 1520 1153 nbbatize

690 1173 1001 1228 contulerit.

122 1268 346 1325 Novella
380 1267 623 1342 plationi
655 1270 726 1325 de
757 1269 927 1325 Cellis
962 1268 1210 1325 contulit
1264 1266 1417 1323 inter
1474 1271 1680 1322 catera

69 1358 276 1413 domum
307 1359 378 1414 de
399 1359 526 1415 foro
544 1357 1041 1415 Antissiodorensi
1063 1375 1189 1430 qua
1208 1357 1315 1412 fuit
1339 1356 1491 1413 Iterii
1513 1357 1677 1413 Borni

71 1446 259 1514 militis,
275 1464 453 1519 quam
468 1448 674 1519 utique
698 1448 769 1503 de
787 1447 1020 1520 propria
1038 1446 1285 1519 pecunia
1301 1444 1677 1518 comparavit,

67 1540 111 1590 et
135 1553 302 1591 unum
317 1537 581 1592 modium
614 1536 891 1593 frumenti
923 1541 981 1592 et
1001 1537 1147 1592 duos
1164 1535 1333 1608 sigali
1366 1536 1423 1590 in
1438 1533 1684 1607 grangia

69 1630 112 1680 et
136 1626 448 1682 redditibus
479 1625 550 1682 de
580 1626 860 1682 Brenchis
875 1624 1200 1692 annuatim,
1225 1641 1401 1696 quam
1424 1642 1456 1679 a
1479 1640 1681 1679 mona-

68 1715 169 1771 chis
211 1716 280 1772 de
326 1714 625 1771 Charitate
672 1714 862 1770 multa
902 1713 1205 1786 requisivit
1235 1713 1503 1785 pecunia,
1534 1715 1591 1767 et
1621 1712 1681 1768 in

69 1823 207 1861 suam
231 1805 647 1879 proprietatem
680 1803 920 1877 redegit.

67 1906 289 1975 Qualiter
314 1904 594 1959 Branchus
609 1909 661 1975 et
675 1904 1039 1974 pertinentias
1053 1903 1170 1973 cjus
1187 1901 1416 1956 contulit
1429 1900 1691 1972 hospitali
1718 1901 1768 1967 B

606 1973 1053 2046 de'Appogniaco.

124 2075 381 2130 Eamdem
412 2072 660 2145 insuper
686 2070 885 2127 villam
917 2088 1053 2126 cum
1080 2070 1420 2126 nemoribus
1449 2074 1508 2125 et
1558 2070 1688 2126 aliis

68 2162 399 2237 appendiciis
429 2161 576 2226 suis,
611 2165 668 2216 et
696 2165 921 2232 partem
953 2176 1262 2216 nemorum
1306 2160 1378 2215 de
1408 2160 1685 2227 Courum,

68 2271 172 2326 qua
197 2254 338 2310 emit
365 2249 736 2307 aGuillelmo
767 2251 982 2306 Grosso
1042 2248 1249 2314 milite,
1283 2248 1558 2321 hospitali
1616 2249 1688 2304 de

66 2343 409 2416 Appogniaco
439 2339 501 2394 in
534 2342 874 2412 perpetuam
889 2337 1317 2409 eleemosynam
1345 2337 1684 2409 assignavit,

69 2430 202 2487 salvo
228 2447 293 2488 eo
324 2430 482 2503 quod
514 2427 595 2485 ibi
624 2426 974 2500 percipiunt,
1003 2431 1068 2481 ut
1097 2424 1375 2492 diximus,
1403 2424 1688 2482 moniales

68 2522 125 2575 de
151 2519 311 2577 Cellis
335 2537 350 2587 ;
384 2535 513 2591 qua
544 2520 742 2572 tamen
775 2515 974 2571 omnia
1003 2515 1316 2587 disposuit,
1340 2519 1406 2569 ut
1427 2515 1688 2571 Andreas

69 2607 581 2666 Autissiodurensis
609 2603 1058 2661 archidiaconus
1104 2621 1278 2675 quem
1319 2603 1608 2659 nutrierat
1656 2621 1690 2659 a

66 2699 310 2771 primaevo
344 2696 456 2753 sub
486 2711 683 2751 annuo
714 2710 934 2749 canone
962 2696 1205 2757 teneret,
1228 2692 1419 2763 quoad
1448 2693 1683 2757 viveret,

65 2788 314 2844 solvendo
326 2784 635 2842 annuatim
658 2783 889 2838 duobus
902 2781 1201 2836 canonicis
1213 2781 1525 2853 hospitalis
1544 2799 1689 2853 pra-

63 2876 201 2941 dicti,
230 2876 331 2948 qui
357 2876 416 2929 in
446 2870 692 2928 ecclesia
721 2870 791 2925 de
818 2869 1098 2925 Brenchis
1128 2868 1444 2941 parochiali
1466 2869 1690 2940 jugiter

63 2964 416 3025 deservirent,
449 2960 664 3033 quibus
694 2958 869 3013 etiam
893 2961 1100 3029 prater
1128 2974 1410 3013 canonem
1442 2957 1608 3013 illum
1631 2961 1689 3013 et

62 3053 297 3109 minutas
346 3049 626 3114 decimos,
658 3052 717 3103 et
745 3044 1091 3112 oblationes,
1124 3051 1181 3101 et
1223 3045 1527 3101 universos
1560 3063 1688 3118 pro-

59 3147 242 3197 ventus
270 3137 534 3197 ecclesia
564 3135 888 3208 assignavit
918 3138 1052 3206 post
1073 3134 1379 3191 decessum
1402 3135 1688 3191 archidia-

62 3231 169 3286 coni
197 3236 392 3287 totum
422 3227 482 3282 in
513 3224 768 3280 solidum
800 3224 1184 3296 possessuris,
1209 3226 1266 3279 et
1295 3227 1530 3295 propter
1577 3223 1687 3278 hoc

64 3320 323 3376 beneficia
356 3313 727 3389 ampliaturis
754 3329 1079 3385 pauperum
1103 3312 1613 3384 suscipiendorum
1632 3313 1691 3367 in

61 3406 315 3481 hospitali
344 3406 413 3460 dc
443 3400 817 3475 Appogniaco
847 3399 1204 3471 supradicto.

65 3514 124 3568 De
160 3515 242 3568 his
291 3525 422 3583 qua
467 3508 761 3580 acquisivit
801 3507 1139 3578 episcopatui
1205 3508 1692 3564 Ληιίεδίοᾰονεηδί.

121 3617 442 3692 Acquisivit
453 3620 646 3670 autem
670 3611 1034 3684 episcopatui
1054 3611 1112 3666 in
1135 3612 1365 3668 civitate
1377 3612 1693 3670 Antissiod.

63 3706 247 3781 ligium
278 3704 629 3777 homagium
658 3703 732 3758 de
761 3702 976 3774 Campo
1007 3701 1077 3757 de
1099 3701 1318 3757 Moreto
1347 3707 1405 3757 et
1424 3702 1698 3759 deomni-

62 3796 157 3853 hus
184 3814 309 3871 qua
333 3794 492 3867 apud
520 3790 992 3847 Antissiodorum
1026 3789 1164 3845 Milo
1187 3789 1403 3845 Filonis
1420 3791 1590 3846 miles
1612 3795 1699 3847 te-

64 3891 249 3941 nuerat
275 3885 467 3940 libere
495 3881 556 3935 in
590 3878 888 3945 alodium;
921 3879 1076 3951 apud
1108 3877 1449 3934 Varziacum
1490 3879 1699 3952 ligium

65 3972 389 4048 homagium
441 3968 712 4025 similiter
758 3966 1025 4023 omnium
1074 3984 1202 4039 qua
1252 3967 1601 4023 Guillelmus
1632 3968 1703 4024 de

64 4060 386 4117 Chanlemis
399 4056 571 4114 miles
582 4055 940 4129 possidebat,
955 4054 1175 4111 ibidem
1192 4056 1330 4111 data
1341 4055 1451 4111 sibi
1469 4061 1706 4129 propter

66 4147 157 4205 hoc
186 4168 298 4206 non
336 4146 573 4204 modica
603 4144 865 4219 pecunia
909 4145 1260 4216 quantitate,
1294 4145 1351 4199 in
1383 4162 1498 4217 quo
1544 4148 1704 4202 tanto

67 4238 248 4294 utilius
277 4234 557 4294 Ecclesia
588 4237 679 4290 est
706 4233 1027 4306 provisum,
1053 4237 1270 4304 quanto
1302 4251 1372 4289 ne
1401 4251 1470 4289 ea
1495 4234 1551 4288 in
1580 4251 1706 4290 ma-

70 4343 194 4383 num
225 4325 533 4383 fortiorem
555 4322 845 4379 conterret
865 4321 1095 4378 comitis
1112 4320 1380 4377 videlicet
1399 4323 1709 4378 Nivernen-

69 4414 253 4483 sis,vel
287 4412 551 4487 potentis
576 4410 840 4476 alterius,
860 4410 1015 4465 unde
1046 4408 1365 4482 municipio
1394 4411 1707 4476 antedicto,

70 4501 261 4576 velipsi
279 4502 565 4576 episcopo
595 4515 711 4554 non
734 4514 911 4571 parva
933 4498 1120 4570 possit
1140 4498 1280 4553 oriri
1299 4499 1578 4567 turbatio,
1595 4517 1710 4555 non

1788 799 1943 854 datis
1976 799 2111 855 inde
2140 798 2350 856 litteris
2381 800 2526 867 suis,
2546 800 2700 871 quod
2732 800 2911 856 dehis
2928 801 3117 856 eidem
3131 801 3443 858 comitissa

1788 886 2024 944 fecisset
2067 887 2430 960 bomagium,
2468 887 2674 943 multis
2725 888 3027 946 laboribus
3058 894 3117 945 et
3156 890 3443 964 impensis

1788 981 1988 1032 contra
2018 977 2292 1032 eumdem
2323 976 2599 1031 comitem
2631 976 2743 1032 sub
2766 977 3121 1049 judicibusa
3145 980 3281 1035 sede
3311 998 3443 1053 apo-

1788 1064 1993 1121 stolica
2021 1065 2302 1137 delegatis
2319 1082 2558 1121 causam
2591 1065 2857 1121 Ecclesia
2878 1071 3039 1123 tanta
3058 1073 3146 1124 est
3164 1074 3443 1125 constan-

1787 1153 1868 1208 tia
1898 1158 2260 1226 prosecutus,
2280 1154 2435 1225 quod
2466 1155 2534 1209 ad
2569 1153 2823 1210 ultinum
2857 1172 2980 1211 rem
3000 1172 3066 1211 eo
3097 1173 3283 1229 usque
3311 1176 3443 1230 per-

1787 1241 2232 1298 duxitutcomes
2243 1243 2371 1313 ejus
2384 1242 2652 1298 Ecclesia
2666 1246 3181 1315 recognoscens,de
3195 1250 3442 1318 utroque

1789 1330 2121 1404 specialiter
2150 1331 2421 1403 episcopo
2452 1331 2662 1399 faceret
2680 1331 3020 1405 homagium
3053 1334 3347 1401 manuale,
3374 1353 3441 1391 ac

1784 1421 1954 1491 juxta
1982 1424 2244 1475 tenorem
2284 1423 2579 1475 certarum
2627 1420 3049 1493 episcopalium
3094 1441 3271 1496 super
3330 1425 3440 1481 hoc

1792 1507 2192 1564 confecturum
2210 1512 2468 1563 castrum
2501 1508 2751 1565 Malliaci
2785 1511 2857 1565 ad
2877 1511 3306 1583 beneplacitum
3324 1515 3442 1588 epi-

1792 1596 1952 1668 scOpi
1983 1598 2239 1653 traderet
2270 1598 2544 1653 mandato
2558 1598 2769 1669 ipsius,
2783 1599 3291 1671 Hugonividelicet
3304 1607 3443 1659 tunc

1791 1684 2225 1752 archidiacono,
2260 1686 2359 1758 qui
2393 1686 2628 1741 nomine
2659 1687 2915 1759 episc0pi
2949 1693 3209 1745 castrum
3246 1691 3441 1763 ipsum

1791 1774 2011 1847 recepit
2043 1791 2056 1831 :
2091 1775 2361 1830 comitem
2396 1792 2630 1846 quoque
2688 1776 2972 1832 Herveum
3005 1778 3441 1849 Nivernensem,

1793 1863 1929 1919 licet
1956 1879 2069 1919 non
2101 1863 2227 1919 sine
2257 1862 2707 1930 difﬁcultate,ad
2730 1864 2838 1920 hoc
2856 1869 3051 1922 tamen
3074 1868 3195 1938 pari
3222 1869 3444 1925 ratione

1800 1953 2117 2025 prudenter
2141 1952 2410 2023 perduxit
2435 1956 2500 2007 ut
2521 1953 2624 2023 jus
2654 1953 2922 2009 Ecclesia
2967 1956 3361 2021 confiteretur,
3389 1962 3445 2012 et

1798 2042 1931 2096 inde
1944 2039 2244 2113 publicum
2259 2040 2570 2095 conficeret
2582 2041 3037 2098 instrumentum
3049 2085 3062 2111 ,
3078 2046 3231 2116 quod
3246 2046 3440 2100 Sancti

1796 2129 2128 2195 Salvatoris,
2153 2129 2342 2184 Castri
2399 2129 2530 2184 novi
2575 2133 2633 2185 et
2663 2130 2908 2185 Conada
2946 2134 3139 2187 turres
3170 2132 3441 2206 episcopo

1797 2216 2119 2273 Antissiod.
2154 2217 2385 2289 quoties
2414 2216 2589 2272 vellet
2611 2218 2781 2287 juxta
2812 2220 3446 2290 pramissarumcarta-

1798 2323 1930 2361 rum
1962 2310 2244 2370 tenorem,
2280 2323 2407 2377 qua
2450 2305 2709 2378 idipsum
2758 2307 3169 2376 determinant,
3203 2312 3444 2367 reddere

1800 2395 2356 2467 teneretur,ipsique
2378 2394 2447 2449 ad
2480 2393 2712 2451 libitum
2746 2413 2921 2451 suum
2952 2398 3023 2453 ad
3048 2398 3204 2469 juris
3227 2400 3446 2473 episco-

1797 2481 1949 2555 palis
1979 2481 2431 2537 declarationem
2465 2482 2817 2554 quandoque
2866 2485 3017 2539 tradi
3068 2486 3204 2541 fecit
3252 2491 3445 2543 turres

1797 2571 1995 2627 Sancti
2047 2570 2384 2638 Salvatoris,
2416 2577 2473 2626 et
2516 2570 2703 2626 Castri
2754 2572 2926 2628 novi:
2978 2572 3166 2630 claves
3216 2592 3446 2649 quoque

1796 2664 2098 2731 portarum
2114 2659 2307 2731 ipsum
2331 2659 2845 2731 incomparabilem
2853 2661 3008 2732 juris
3022 2663 3113 2718 sui
3130 2665 3449 2736 possessio-

1798 2764 1930 2805 nem
1962 2747 2245 2803 inducens
2275 2748 2428 2819 quod
2463 2748 2781 2819 possessori
2815 2767 2920 2805 suo
2947 2751 3132 2807 facere
3158 2770 3269 2808 non
3301 2752 3448 2809 vole-

1797 2837 1918 2892 bat.
1952 2837 2021 2891 Et
2051 2836 2152 2909 qui
2185 2836 2347 2903 vidit,
2380 2836 2677 2909 perhibuit
2705 2838 3205 2907 testimonium,et
3225 2841 3446 2897 scimus

1798 2926 2079 2999 quoniam
2110 2942 2310 2981 verum
2342 2930 2429 2981 est
2459 2925 2884 2994 testimonium,
2918 2929 3066 2999 ejus.

1794 3025 2074 3095 Qualem
2104 3025 2366 3097 religiosa
2395 3031 2575 3097 creata
2611 3032 2742 3079 sunt
2786 3025 2885 3080 sub
2932 3042 2992 3081 eo
3040 3028 3101 3081 in
3149 3027 3440 3085 Antissiod.

2499 3094 2733 3153 diwcesi.

1869 3194 2059 3264 Hujus
2089 3208 2229 3248 sane
2252 3192 2616 3264 temporibus
2640 3193 2697 3249 in
2713 3212 2823 3250 sua
2848 3195 3289 3253 dicecesicreata
3311 3200 3450 3253 sunt

1721 3265 1765 3333 C
1803 3282 1929 3338 loca
1954 3282 2248 3355 religiosa,
2277 3284 2334 3336 et
2362 3282 2435 3336 ab
2458 3281 2602 3353 ipsis
2634 3282 2968 3339 habuerunt
2998 3285 3305 3341 cunabulis
3360 3286 3449 3341 in-

1803 3375 2187 3436 crementum,
2221 3373 2278 3424 et
2308 3370 2380 3424 de
2409 3368 2606 3440 Spallo
2636 3370 2905 3427 videlicet
2935 3373 3045 3427 sub
3069 3374 3322 3446 regulari
3354 3375 3450 3430 ob-

1805 3457 2095 3516 servantia
2127 3458 2373 3513 fratrum
2399 3457 2468 3511 de
2498 3457 2659 3513 Valle
2680 3457 2950 3523 Gallium,
2967 3459 3104 3515 licet
3124 3462 3209 3516 eis
3233 3479 3347 3517 non
3374 3463 3454 3517 sit

1805 3548 2105 3616 subjectus
2135 3545 2193 3599 in
2221 3544 2419 3616 aliquo
2451 3544 2615 3600 locus
2635 3545 2821 3611 ille,et
2868 3547 2937 3602 de
2960 3546 3114 3603 Bello
3133 3549 3278 3604 Loco
3294 3551 3452 3621 quod

1806 3640 1863 3691 et
1893 3635 1963 3690 de
1991 3634 2335 3699 Beuularrz'z,
2358 3634 2512 3704 apud
2548 3649 2653 3687 nos
2686 3633 2973 3689 usitatiori
2999 3636 3277 3692 vocabule
3298 3654 3448 3693 nun-

1806 3727 2076 3795 cupatur,
2110 3721 2208 3777 ubi
2242 3720 2449 3776 fratres
2475 3721 2544 3776 de
2575 3720 2777 3777 ordine
2813 3721 3171 3779 Cartusiens.
3206 3725 3454 3781 Domino

1809 3812 2205 3879 famulantur;
2241 3827 2368 3882 qua
2400 3811 2604 3882 utique
2632 3810 2749 3865 duo
2782 3810 2908 3867 loca
2955 3811 3228 3885 religiosa
3261 3831 3456 3870 comes

1809 3898 2182 3957 Nivernensis
2212 3900 2466 3955 Herveus
2491 3915 2692 3954 eorum
2724 3900 3001 3957 fundator
3029 3902 3345 3958 contulitet
3362 3904 3461 3960 do-

1810 3987 1953 4043 tavit
2011 3986 2242 4042 :tertius
2273 4004 2505 4059 quoque
2537 3986 2699 4043 locus
2730 3988 2954 4045 novella
2995 3990 3261 4047 videlicet
3292 3990 3460 4063 plan-

1812 4076 1954 4133 tatio
1985 4076 2228 4131 abbatia
2250 4076 2319 4130 de
2350 4075 2523 4131 Cellis
2553 4093 2729 4148 prope
2749 4078 3462 4136 Antissiodorummonia-

1813 4165 1969 4220 libus
2017 4167 2088 4219 de
2138 4164 2339 4219 ordine
2388 4165 2577 4220 sancti
2632 4166 2865 4221 Antonii
2914 4167 3261 4223 Parisiensis
3292 4168 3463 4223 addi-

1816 4257 1965 4309 ctus.

1817 4353 2064 4421 Qualiter
2082 4359 2325 4424 ueterem
2361 4351 2616 4424 Ecclesiae
2662 4353 3144 4408 Antissiodorensis
3190 4354 3467 4424 fabricam

2069 4421 2326 4476 demoliri
2351 4423 2501 4491 fecit,
2535 4428 2595 4477 ut
2611 4438 2805 4477 novam
2834 4430 3179 4478 construeret.

1893 4520 2108 4575 Eodem
2139 4522 2399 4589 tempore
2426 4517 2580 4572 circa
2610 4535 2788 4574 novas
2818 4519 3195 4575 ecclesiarum
3222 4523 3475 4577 structu-

79 4590 361 4648 immerito
391 4589 735 4654 timebatur,
748 4591 1102 4659 quapropter
1127 4586 1285 4642 dedit
1316 4587 1367 4641 ei
1399 4587 1700 4643 centumii.

1881 4625 1923 4663 ιε
1954 4607 2172 4679 passim
2207 4586 2463 4661 fervebat
2494 4606 2719 4661 devotio
2744 4606 3472 4679 populorum.Vidensita-

76 4680 199 4736 braB
228 4676 710 4768 applicandaéhin
741 4676 889 4768 τεξοάί
920 4679 1389 4743 εῧοΓΘῐΠθηῗυπιζ
1423 4677 1718 4768 ειΡξλλά-ΑΙΡ
1749 4676 1794 4694 υ
1829 4714 1944 4768 que
1957 4676 2270 4765 episcopus
2286 4693 2591 4749 ecclesiam
2612 4676 2780 4750 suam
2803 4676 3473 4754 Antissiodstructura-

79 4769 442 4842 pogniacum,
478 4765 753 4822 similiter
781 4764 932 4819 inter
975 4767 1201 4831 catera,
1234 4769 1458 4836 partem
1491 4764 1700 4821 dicima

1881 4784 2081 4856 itiqua:
2116 4783 2430 4854 minusque
2458 4784 2791 4854 composita
2822 4783 3094 4856 squalore
3122 4803 3189 4841 ac
3209 4786 3370 4842 senio
3390 4786 3475 4842 la-

79 4858 208 4912 emit
233 4863 479 4913 centum
532 4854 715 4909 libras
748 4852 1152 4919 Pruvinenses,
1185 4870 1359 4924 quam
1393 4853 1605 4909 nobilis
1635 4853 1700 4908 vi]

1881 4871 2202 4940 orare,aliis
2236 4872 2692 4943 circumquaque
2725 4872 2917 4943 capita
2938 4891 3045 4929 sua
3066 4874 3479 4932 extollentibus

82 4945 424 5003 Guillelmus
473 4960 670 4999 comes
713 4942 875 4997 Sacri
925 4940 1165 4997 Casaris
1198 4942 1273 4996 ibi
1315 4942 1720 5014 participabat,

84 5050 205 5089 cum
236 5036 369 5108 ipso
392 5039 453 5090 et
472 5032 606 5088 aliis
626 5036 852 5104 partem
866 5030 1219 5086 habentibus
1234 5030 1292 5085 in
1307 5032 1507 5087 eadem
1529 5050 1542 5100 ;
1567 5032 1723 5104 apud

83 5122 453 5189 Charbuiam,
472 5121 679 5177 eodem
711 5121 883 5177 modo
906 5120 1060 5176 inter
1086 5118 1362 5191 alia,qna
1392 5120 1728 5175 memoriter

85 5228 188 5267 non
219 5216 514 5278 tenemus,
533 5214 714 5266 totam
740 5208 1368 5280 villajurisdictionem
1390 5207 1448 5263 in
1471 5208 1727 5264 solidum

87 5301 412 5374 acquisivit,
426 5301 500 5355 de
530 5316 648 5371 qua
677 5298 989 5371 episcopus
1010 5298 1181 5368 juxta
1202 5302 1473 5369 quartam
1506 5303 1728 5369 partem

85 5388 292 5446 habere
324 5388 573 5453 solebat,
606 5387 795 5443 multa
823 5385 1230 5458 acquisitionis
1261 5403 1380 5441 sua
1412 5386 1471 5441 in
1503 5386 1730 5459 episeo-

87 5482 218 5549 patu
240 5478 427 5535 aliter
445 5477 795 5533 exstiterunt
811 5493 941 5548 qua
955 5475 1245 5531 memoria
1269 5491 1382 5531 non
1395 5480 1730 5531 occurrunt.

90 5593 157 5648 De
217 5594 374 5666 [eode
436 5593 696 5661 Malliaci,
745 5600 796 5666 e_t
845 5593 1105 5666 Betriaci,
1147 5592 1491 5666 etjturribus
1549 5592 1737 5646 Sancti

313 5666 633 5733 Salvatoris,
667 5672 718 5721 et
749 5664 929 5720 Castri
953 5664 1088 5717 novi
1108 5664 1219 5717 sibi
1247 5663 1484 5717 traditis.

161 5767 236 5819 De
268 5762 537 5821 Malliaco
566 5779 800 5836 quoque
830 5765 888 5818 et
916 5759 1166 5817 Bitriaco
1196 5759 1404 5816 castris
1438 5760 1635 5832 utique
1666 5761 1739 5816 de

1833 4961 1983 5017 mira
1995 4961 2186 5032 specie
2208 4959 2686 5025 vonustatis,eam
2700 4961 2989 5032 disposuit
3004 4979 3149 5018 nova
3160 4968 3475 5022 structura.

1833 5056 1891 5107 et
1920 5051 2183 5106 studioso
2214 5049 2533 5121 peritorum
2564 5048 2624 5104 in
2655 5056 2779 5106 arte
2826 5053 3195 5107 camentaria
3233 5054 3480 5109 artificio

1838 5140 2129 5204 decorare,
2156 5154 2227 5192 ne
2258 5135 2480 5192 cateris
2511 5137 2701 5210 specie
2734 5139 2998 5196 studiove
3029 5141 3262 5212 penitus
3294 5143 3485 5216 impar

1839 5232 2014 5295 esset,
2048 5243 2301 5297 eamque
2325 5226 2460 5281 fecit
2489 5244 2523 5281 a
2553 5227 2861 5298 posteriori
2894 5233 3058 5302 parte
3091 5231 3357 5288 funditus
3380 5232 3483 5286 de-

1841 5316 2034 5373 moliri
2067 5320 2130 5370 ut
2159 5314 2445 5386 disposita
2473 5316 2838 5387 antiquitatis
2869 5321 3139 5374 veterana
3166 5319 3227 5373 in
3256 5318 3489 5390 elegan-

1842 5407 2052 5461 tiorem
2093 5405 2501 5475 juvenesceret
2549 5405 2803 5476 speciem
2858 5407 3131 5462 novitatis
3164 5424 3177 5462 :
3210 5407 3270 5460 in
3320 5405 3488 5474 cujus

1844 5492 2210 5565 sumptuosis
2260 5491 2579 5564 impendiis
2628 5498 2847 5566 quanta
2886 5494 3190 5566 largitione
3230 5491 3491 5563 profluus

1844 5582 2131 5640 exstiterit
2161 5582 2487 5637 enuntiavit
2520 5583 2737 5637 fabrica
2765 5583 2937 5653 primi
2971 5582 3130 5647 anni,
3165 5596 3291 5651 qua
3341 5576 3496 5630 ultra

1846 5676 2145 5745 speratum
2164 5670 2503 5743 promotain
2520 5671 2879 5726 immensum
2893 5667 3492 5739 extuliteaputsuum.

1847 5761 2071 5832 Quippe
2105 5760 2337 5817 circiter
2359 5760 2757 5830 septingentas
2774 5757 2955 5812 libras
2970 5755 3039 5809 de
3055 5754 3291 5829 proprio
3310 5750 3498 5823 primo
