3814 6218
56 391 143 453 349

874 389 976 453 DE
1021 390 1289 453 GESTIS
1333 389 1579 465 EPISC.
1622 390 2060 457 ANTISSIOD.
2092 427 2170 439 —
2198 394 2398 456 PARS
2443 394 2494 457 Ι.

3268 368 3388 457 330

55 525 362 598 episcopatus
389 540 566 580 onera
592 523 951 581 sufﬁcienter
980 524 1127 580 ferre
1141 540 1255 579 non
1270 522 1628 595 posset,licet
1657 527 1709 593 Α
1737 525 1989 582 ecclesia
2018 524 2513 582 Autissiodorensi
2544 525 2822 592 decanus,
2856 529 3054 599 psstea
3090 541 3193 599 per
3221 524 3388 581 illam

56 614 171 668 sicut
191 630 250 668 ex
276 612 452 685 ipsius
478 613 633 686 regis
662 629 761 668 ore
789 613 1124 685 frequenter
1147 612 1631 679 audivimus,Rex
1737 614 2036 671 electionis
2068 616 2471 686 formam,qua
2495 632 2529 670 a
2547 615 2684 685 jure
2713 614 3068 671 scrutinium
3086 632 3390 686 nuncupa-

56 700 197 756 eidem
223 700 572 771 promitteret
602 701 755 773 quod
784 700 1158 773 episcopatus
1180 701 1320 771 jura
1348 704 1629 772 tanquam
1737 708 1853 771 tur,
1886 704 1946 759 in
1981 704 2317 777 episcopum
2352 708 2693 777 promotus;
2727 705 2815 759 vir
2846 704 3084 776 quidem
3130 703 3390 776 corporis

56 790 235 861 propria
258 794 525 857 tueretur,
559 789 938 845 nihilominus
970 790 1041 844 ab
1076 790 1410 845 Innocentio
1429 791 1633 845 Roma-

57 894 117 931 na
133 878 263 933 sedis
289 877 540 933 antistite
563 878 849 933 instanter
878 877 1632 949 petiit,etcumdifﬁcultate

56 983 218 1038 magna
242 967 477 1022 obtinuit
506 971 574 1021 ut
602 967 674 1021 ab
703 982 789 1033 eo,
824 984 938 1038 quo
969 966 1224 1023 ecclesia
1265 967 1632 1023 Antissindo-

55 1054 169 1108 rensi
194 1055 447 1110 astrictus
477 1056 687 1123 fuerat,
717 1054 945 1111 vinculo
979 1054 1446 1121 solveretur.Quo
1477 1057 1631 1112 facto

54 1141 200 1197 omnis
224 1142 620 1216 temporalium
653 1142 982 1199 sollicitudo
1013 1143 1305 1215 abjicitur,
1339 1149 1395 1200 et
1442 1148 1630 1199 totum

54 1230 267 1301 spiritum
295 1232 350 1286 in
378 1231 639 1304 seipsum
680 1232 1001 1299 reflectens,
1033 1232 1216 1288 solius
1263 1233 1632 1288 conscientia

53 1335 203 1374 curam
230 1321 413 1393 gessit.
446 1320 630 1392 Cujus
669 1319 836 1393 quies
884 1320 1011 1377 sola
1059 1320 1495 1394 contemplatio,
1530 1338 1633 1377 cu-

49 1407 123 1474 jus
144 1409 496 1464 confabulatio
516 1409 685 1481 jugis
715 1409 984 1474 oratio,et
1013 1426 1147 1465 cum
1179 1408 1319 1466 viris
1356 1409 1633 1483 religione

53 1494 485 1564 lamosis,continu
496 1515 565 1553 us
579 1498 651 1553 de
662 1503 865 1553 sancta
876 1498 1314 1554 conversatione
1326 1503 1608 1555 tractatus
1618 1543 1630 1556 .

56 1583 164 1647 Quid
189 1585 377 1656 plura?
405 1585 697 1659 pradicta
730 1585 1089 1641 inﬁrmitatis
1120 1592 1294 1658 atque
1315 1587 1632 1643 senectutis

55 1671 371 1730 incommodis
400 1674 580 1730 febris
612 1674 1303 1747 adjicitur;prosternitur
1331 1692 1542 1748 corpus
1572 1677 1632 1732 in

55 1757 549 1831 lectulum;oll‘erunt
580 1763 791 1819 medici
820 1769 1042 1818 natura
1064 1767 1267 1819 contra
1283 1765 1519 1821 morbos
1545 1783 1633 1820 re-

56 1849 416 1923 media,quibus
446 1869 581 1908 raro
611 1856 669 1908 et
700 1852 903 1924 paucis
937 1852 1202 1921 utitur,et
1224 1852 1317 1907 his
1349 1853 1488 1909 solis
1511 1854 1634 1926 qui-

55 1936 134 1991 bus
157 1956 269 1994 eum
298 1941 374 1995 uti
404 1942 640 1997 Fratres
671 1941 1081 2013 pradicatores
1120 1946 1177 1997 et
1224 1941 1500 2009 minores,
1535 1944 1637 2015 qui

55 2024 336 2084 assistebant
376 2030 590 2097 eidem,
625 2045 759 2085 cum
790 2046 1007 2103 magna
1034 2029 1313 2085 violentia
1342 2047 1466 2086 com
1476 2031 1642 2104 pule-

55 2118 170 2168 runt.

103 2202 316 2260 Tandem
344 2221 475 2261 cum
500 2210 639 2279 post
668 2206 958 2278 prolixum
976 2222 1111 2262 cum
1134 2208 1487 2279 supradictis
1506 2210 1637 2264 Fra-

54 2290 193 2348 tribus
218 2294 280 2348 de
307 2299 505 2351 sancta
535 2295 819 2367 religione
855 2299 1169 2351 tractatum
1201 2296 1638 2369 aliquantulum

54 2387 383 2449 pausasset,ut
400 2401 536 2440 eum
561 2386 866 2441 crederent
877 2388 1138 2441 astantes
1150 2385 1642 2458 dormire,pretio-

54 2482 146 2522 sam
170 2469 433 2528 resolutus
461 2477 555 2528 est
590 2472 651 2528 in
684 2478 1029 2542 mortem;ea
1061 2474 1370 2530 serenitate
1392 2475 1507 2530 Deo
1525 2475 1640 2547 spi-

53 2552 184 2611 ritum
211 2560 460 2628 reddidit,
488 2567 558 2617 ut
587 2562 866 2618 omnibus
897 2562 1181 2618 membris
1212 2563 1638 2634 quietus,vultu

52 2658 222 2712 sereno,
241 2648 448 2706 nullius
479 2650 729 2706 omnino
758 2650 977 2707 doloris
1008 2651 1266 2725 insignia
1290 2651 1350 2706 in
1381 2659 1636 2709 extremo

52 2734 209 2790 mortis
234 2738 463 2795 articulo
494 2739 806 2807 indicaret,
841 2743 897 2796 et
928 2740 1031 2812 qui
1062 2740 1122 2795 in
1151 2739 1494 2797 infirmitate
1511 2759 1641 2814 spo-

51 2818 143 2876 liari
171 2834 430 2896 renuerat,
446 2833 724 2885 mortuus
753 2826 1059 2901 spoliatur;
1080 2834 1382 2885 amovetur
1408 2830 1636 2887 harens

51 2912 168 2965 carni
194 2914 623 2990 cilicium,quod
654 2921 817 2973 tanta
846 2917 1250 2989 pediculorum
1269 2919 1636 2975 acvermium

1667 1894 1713 1959 Β

51 3001 250 3057 scatebat
275 3004 453 3077 ecpia,
489 3011 555 3062 ut
604 3005 906 3062 horrorem
955 3007 1217 3079 aspectui
1268 3012 1324 3062 et
1375 3008 1634 3065 fatorem

49 3083 232 3143 olfactui
259 3091 487 3149 inferret
515 3094 902 3161 immensum,
935 3095 1106 3165 cujus
1155 3110 1287 3151 caro
1335 3095 1636 3152 vermibus

48 3188 230 3233 oorrosa
253 3181 464 3237 ossium
493 3181 741 3254 perloca
754 3183 871 3237 nud
883 3199 980 3237 um
998 3183 1292 3255 prabebat
1305 3188 1631 3255 aspectum.

48 3262 189 3331 Igitur
213 3268 637 3338 pontificalibus
663 3269 834 3343 gleba
862 3276 1065 3327 sancta
1094 3270 1381 3340 induitur,
1401 3274 1635 3330 feretro-
1664 3258 1707 3324 (ἶ

50 3366 132 3419 que
156 3351 658 3431 imponitur,atque
687 3375 723 3413 a
750 3358 1004 3431 loco,qui
1027 3359 1274 3431 pulcher
1289 3360 1533 3417 Reditus
1550 3360 1637 3416 di-

49 3438 161 3495 citur
184 3443 272 3499 ubi
299 3452 540 3504 mortem
576 3447 911 3519 perdiderat
938 3452 995 3503 et
1022 3447 1201 3503 vitam
1232 3448 1549 3518 invenerat,
1564 3450 1637 3505 ad

48 3527 293 3588 ecclesiam
320 3535 893 3593 Antissiodorensem
928 3536 1025 3591 ubi
1058 3535 1423 3609 sepulturam
1451 3537 1637 3611 elege-

47 3620 129 3684 rat,
151 3621 400 3679 defertur.
427 3624 704 3680 Occurrit
748 3624 800 3681 ei
849 3626 1092 3681 devotus
1142 3624 1396 3682 civitatis
1446 3626 1638 3682 clerus

48 3716 144 3760 cum
167 3710 508 3781 populo;ruit
538 3713 602 3768 in
634 3727 945 3769 occursum
976 3714 1105 3786 ejus
1127 3713 1636 3771 turbaindiscreta

47 3795 187 3851 etatis
210 3801 260 3853 et
285 3816 476 3869 sexus,
508 3806 571 3858 et
625 3802 893 3858 certatim
944 3802 1221 3858 feretrum
1265 3807 1504 3875 tangere
1536 3821 1637 3860 cu-

48 3879 185 3947 Piunt.
213 3887 277 3942 Se
304 3889 690 3963 prarogativa
719 3891 975 3962 quadam
998 3891 1223 3947 cateris
1252 3892 1640 3964 praferebant

47 3970 117 4036 qui
142 3989 295 4031 manu
321 3977 605 4034 feretrum
646 3977 997 4051 tetigissent,
1027 3978 1116 4035 vel
1166 3980 1371 4036 sericis
1420 3981 1637 4053 quibus

49 4058 291 4128 tegebatur
316 4066 588 4124 osculum
635 4067 954 4124 dedissent.
990 4068 1212 4124 Divinis
1262 4068 1442 4141 igitur
1487 4070 1635 4125 cele-

46 4142 185 4204 bratis
208 4156 487 4227 exsequiis
502 4155 776 4212 canonici
793 4160 850 4212 et
876 4155 1069 4213 clerici
1089 4158 1162 4213 ad
1181 4158 1376 4230 ipsum
1390 4175 1636 4214 concur-

48 4240 162 4301 rant,
190 4245 240 4295 et
265 4249 552 4317 quotquot
582 4244 830 4319 contigit
851 4245 1214 4318 praintrare,
1246 4263 1424 4303 sacra
1455 4246 1634 4321 gleba

47 4324 177 4390 pedes
200 4346 397 4389 manus
426 4338 533 4390 aut
564 4334 775 4389 faciem
804 4333 1167 4404 osculantur,
1202 4352 1307 4390 nec
1328 4336 1457 4391 ideo
1488 4341 1553 4392 ut
1574 4335 1634 4392 in

46 4407 289 4475 funeribus
315 4421 539 4477 cateris
571 4422 754 4478 moris
785 4427 893 4491 est,
921 4423 1038 4480 Deo
1071 4427 1129 4479 et
1158 4423 1379 4480 sanctis
1409 4423 1635 4497 angelis

44 4499 245 4561 animam
271 4510 767 4579 recommendant,
797 4512 896 4567 sed
930 4512 1202 4585 precibus
1232 4513 1453 4569 devotis
1476 4512 1637 4586 flagi-

46 4588 151 4689 ξξιοὶ,
178 4598 233 4689 ut
258 4599 405 4689 apud
438 4598 724 4689 divinam,
751 4599 845 4689 cui
872 4600 1073 4656 devote
1104 4599 1357 4669 servivit,
1382 4601 1632 4657 clemen-
1664 4625 1712 4689 Ι)

45 4674 241 4743 timmsis
265 4684 450 4756 ipsius
480 4688 698 4744 merita
717 4688 1424 4761 sutfragenturDormivit
1439 4695 1635 4746 autem

44 4776 139 4820 Cum
164 4773 407 4839 patribus
437 4775 567 4832 suis
618 4775 929 4848 pradictus
979 4776 1149 4833 Pater
1193 4796 1347 4834 anno
1396 4778 1628 4834 Domini

44 4848 160 4921 1244.
192 4872 375 4919 mense
422 4864 694 4937 Januar.,
728 4864 823 4920 die
866 4866 902 4920 6
951 4865 1196 4922 mensis.
1249 4866 1410 4922 Sedit
1458 4866 1630 4922 annis

44 4951 218 4999 novem.

44 5020 206 5114 Praesul
234 5036 557 5097 Bernardus
586 5040 744 5098 mala
772 5059 1003 5114 semper
1033 5043 1108 5098 ad
1139 5042 1338 5099 omnia
1368 5044 1590 5111 tardus,

44 5112 111 5168 Sic
135 5120 304 5182 vivens
332 5129 560 5185 domuit
588 5146 722 5187 cum
754 5148 928 5187 carne
963 5136 1020 5186 et
1048 5132 1309 5189 damone
1340 5134 1628 5188 mundum

44 5199 164 5261 000d
190 5215 430 5271 moriens
462 5218 677 5274 meruit
706 5219 934 5275 Christo
952 5236 1014 5276 se
1046 5220 1283 5276 reddere
1315 5222 1627 5278 mundum.

42 5288 167 5380 anno
189 5300 410 5359 milleno
441 5306 535 5360 bis
563 5311 806 5363 centeno
837 5308 1213 5380 quadrageno

44 5375 211 5440 Quarto
238 5397 570 5449 sanctorum
601 5394 875 5468 migravit
901 5394 1030 5451 luce
1060 5413 1388 5469 magorum.

170 5525 290 5585 ΟΑΡ.
323 5533 489 5590 LXII.
520 5568 585 5577 —
616 5538 692 5592 De
723 5537 1015 5607 Regnando
1045 5537 1111 5593 de
1139 5538 1463 5607 Siligniaco.

95 5643 214 5707 Huic
247 5660 521 5716 successit
566 5661 926 5735 Reginaldus
973 5663 1047 5719 de
1095 5662 1430 5736 Siligniaco,
1463 5665 1629 5737 prius

1739 798 1962 849 statura
1995 811 2288 865 procerus,
2323 794 2610 849 candidus
2649 797 2705 848 et
2751 793 3137 858 rubicundus,
3172 797 3229 848 et
3260 791 3391 864 pul-

1740 881 2068 937 chritudine
2090 881 2370 954 corporali
2404 880 2623 937 electus
2654 899 2724 938 ex
2755 881 3137 947 millibus,cui
3162 881 3392 953 generis

1741 970 2041 1026 nobilitate
2059 970 2299 1025 sublimi
2331 971 2655 1026 secundum
2683 970 3035 1043 exigentiam
3067 969 3393 1026 nobilitatis

1741 1059 1969 1132 generis
2000 1060 2203 1114 datum
2234 1064 2323 1114 est
2355 1076 2453 1114 cor
2482 1058 2735 1114 sublime
2760 1062 2817 1114 et
2848 1058 3059 1114 nobile.
3093 1058 3237 1113 Nam
3273 1057 3393 1113 cle-

1741 1146 1993 1203 ricorum
2026 1146 2334 1215 nobilium,
2369 1164 2593 1202 necnon
2625 1150 2683 1201 et
2714 1146 2969 1202 militum
3005 1146 3391 1218 frequentiam

1740 1235 2102 1309 diligebat,et
2130 1235 2291 1308 larga
2324 1252 2524 1303 manu,
2548 1239 2723 1306 prout
2751 1234 3116 1290 nobilitatem
3135 1236 3265 1306 ejus
3294 1235 3391 1290 de-
3492 1240 3499 1245 ’

1740 1325 1925 1388 cebat,
1959 1325 2042 1380 eis
2072 1324 2276 1380 exenia
2298 1322 2593 1395 erogabat.
2616 1322 2718 1377 Hic
2749 1321 3000 1378 ecclesia
3031 1322 3393 1378 Antissiodo-

1740 1412 1893 1469 rensi
1942 1429 2005 1468 se
2053 1429 2266 1484 magna
2312 1410 2695 1483 pollicebatur
2742 1411 3056 1479 facturum,
3108 1411 3209 1467 sed
3260 1413 3390 1483 ejus

1742 1501 2003 1557 felicitati
2030 1501 2164 1556 fatis
2192 1499 2770 1566 invidentibus,sicut
2793 1500 2901 1555 llos
2932 1498 3047 1555 feni
3078 1500 3193 1555 cito
3223 1500 3397 1556 decor

1741 1591 1869 1661 ejus
1900 1589 2202 1656 emarcuit,
2238 1593 2295 1644 et
2323 1590 2452 1659 ejus
2491 1588 2738 1660 gloriam
2789 1588 3037 1643 succidit
3085 1588 3393 1656 Dominus,

1742 1680 1883 1734 dum
1934 1678 2127 1734 adhuc
2175 1677 2467 1733 ordiretur
2522 1677 2667 1749 (Isai.
2703 1694 2935 1745 xxxvm,
2974 1678 3059 1748 12)
3096 1693 3108 1731 :
3145 1676 3218 1732 ab
3270 1677 3395 1749 ipso

1741 1768 1900 1823 enim
1934 1785 2054 1823 sua
2088 1765 2477 1838 promotionis
2504 1765 2596 1821 die
2628 1766 2771 1821 adeo
2803 1765 2995 1838 gravis
3026 1780 3161 1821 eum
3192 1764 3398 1821 afﬂixit

1743 1855 2077 1919 infirmitas,
2112 1857 2175 1909 ut
2207 1871 2312 1909 nec
2343 1852 2599 1909 ecclesia
2630 1871 2748 1909 sua
2780 1852 2982 1908 liceret
3009 1869 3144 1907 eum
3194 1869 3396 1909 vacare

1752 1944 2122 2011 utilitatibus,
2157 1942 2259 1999 sed
2307 1942 2391 1997 eis
2442 1941 2583 1997 solis
2632 1942 2704 1996 de
2750 1940 3111 1997 medicorum
3154 1941 3397 1998 consilio

1749 2034 1886 2089 dare
1917 2048 2151 2105 operam
2184 2029 2731 2102 oportebat,quibus
2760 2030 2888 2100 ejus
2910 2028 3224 2085 inﬁrmitas
3252 2029 3399 2085 leva-

1749 2125 1927 2177 retur.
1961 2118 2246 2175 Dormivit
2277 2122 2474 2174 autem
2502 2122 2559 2173 et
2600 2116 2905 2190 appositus
2957 2122 3048 2173 est
3079 2118 3150 2172 ad
3202 2123 3397 2190 patres

1749 2228 1890 2266 suos
1917 2210 1978 2265 in
2007 2208 2269 2265 canobio
2298 2208 2369 2264 de
2397 2206 2662 2279 Rupibus
2690 2206 3215 2263 Antissiodorensis
3253 2206 3397 2263 dia-

1749 2299 1899 2356 cesis
1929 2297 2248 2354 honoriﬁce
2270 2294 2667 2368 sepultus,ubi
2683 2312 2851 2351 suam
2866 2294 3118 2367 elegerat
3135 2295 3397 2369 sepultu-

1748 2404 1895 2444 ram.
1926 2386 2088 2443 Sedit
2117 2402 2269 2441 anno
2301 2386 2352 2451 1,
2384 2385 2689 2440 mensibus
2722 2386 2806 2452 11,
2842 2383 3050 2439 diebus
3084 2385 3170 2439 16.

1816 2492 1951 2546 CAP.
1982 2490 2174 2545 LXlll.
2205 2518 2277 2531 -
2303 2494 2431 2546 Acta
2460 2489 2672 2545 domini
2716 2489 2978 2545 Guidonis
3007 2490 3073 2545 de
3103 2492 3320 2547 Meltoto

2183 2562 2420 2633 episcopi
2448 2561 2949 2617 Antissiodorensis.

1817 2651 2161 2707 Recolenda
2189 2649 2483 2705 memoria
2516 2650 2799 2705 successit
2846 2648 3156 2722 episcopus
3210 2650 3399 2708 Guido

1746 2740 1816 2796 de
1848 2739 2280 2809 Melloto,cujus
2312 2742 2477 2811 gesta
2500 2742 2658 2793 tanto
2681 2737 3032 2794 seduliorem
3065 2737 3177 2794 sibi
3209 2739 3397 2795 vindi-

1744 2834 1880 2885 cant
1918 2828 2266 2894 auditorem,
2298 2830 2516 2899 quanto
2566 2825 2773 2882 altiora
2821 2830 2880 2882 et
2929 2830 3062 2881 actu
3113 2827 3401 2884 nobiliora

1744 2916 1925 2973 fuisse
1955 2921 2298 2971 noscuntur.
2333 2915 2463 2969 Fuit
2492 2913 2648 2969 enim
2697 2914 2768 2969 de
2819 2912 3054 2969 diacesi
3106 2914 3398 2971 Antissio-

1743 3006 1989 3063 dorense
2016 3022 2084 3061 ex
2113 3009 2366 3076 utroque
2394 3009 2633 3075 parente
2651 3019 2932 3076 generoso
2951 3002 3238 3075 sanguine
3268 3020 3398 3075 pro-

1741 3095 2166 3151 creatus.Pater
2193 3093 2322 3164 ejus
2354 3091 2464 3147 fuit
2495 3090 2842 3147 Guillelmus
2875 3092 2945 3146 de
2966 3090 3397 3159 Melloto,miles

1744 3183 2020 3238 dominus
2036 3181 2210 3237 castri
2228 3180 2413 3237 sancti
2429 3180 2610 3251 hujus
2627 3179 2808 3235 Prisci
2824 3179 3003 3251 hujus
3015 3179 3399 3247 diacesis,vir

1745 3273 1926 3328 totius
1941 3269 2287 3327 curialitatis
2300 3275 2357 3325 et
2370 3268 2655 3341 largitatis
2668 3272 2913 3335 amator,
2924 3285 3137 3324 mensa
3149 3268 3395 3341 propria

1747 3360 2211 3418 communicator
2239 3358 2462 3425 hilaris,
2495 3374 2821 3429 pauperum
2849 3356 3135 3413 nobilium
3167 3362 3396 3431 sustenf

1747 3454 1917 3518 tator,
1952 3448 2050 3521 qui
2083 3446 2281 3512 etiam,
2313 3446 2467 3502 sicut
2497 3446 2700 3513 fertur,
2734 3444 3022 3517 acquisito
3053 3446 3399 3519 cognomine

1746 3556 1815 3595 ex
1863 3537 1942 3593 rei
1995 3535 2377 3592 consonantia
2414 3538 2471 3589 et
2502 3535 2758 3605 quadam
2791 3533 3142 3607 proprietate
3172 3533 3330 3603 boni,
3366 3553 3401 3590 a

1746 3626 2039 3700 plerisque
2086 3622 2489 3694 Pacisbajulus
2522 3626 2779 3678 vocatur.
2814 3623 2960 3677 Nam
2993 3621 3218 3695 quoties
3249 3623 3401 3679 inter

1747 3714 1976 3788 aliquos
2006 3714 2264 3770 conﬁnes
2296 3729 2435 3768 suos
2468 3712 2821 3768 discordiam
2870 3716 3132 3767 exortam
3184 3728 3396 3784 cogno-

1745 3808 1928 3870 verat,
1955 3806 2076 3859 toto
2119 3801 2251 3857 nisu
2283 3801 2355 3856 ad
2385 3801 2546 3873 pacis
2568 3800 3041 3857 reformationem
3062 3800 3397 3868 intendens,

1745 3892 2006 3950 laborem
2038 3892 2407 3962 interponere
2441 3907 2554 3945 non
2579 3889 3057 3957 ccssabat,donec
3075 3888 3396 3957 discordes,

1746 3982 1796 4039 si
1827 3985 2043 4055 posset,
2076 3980 2143 4036 ad
2173 3979 2545 4035 concordiam
2579 3982 2927 4034 revocasset.
2955 3978 3140 4033 Mater
3169 3979 3297 4049 ejus
3329 3979 3401 4034 de

1744 4071 2017 4144 prosapia
2045 4067 2418 4125 dominorum
2447 4067 2662 4123 montis
2697 4067 2881 4123 sancti
2926 4066 3171 4123 Joannis
3226 4067 3401 4123 traxit

1744 4160 2030 4233 originem
2061 4162 2118 4214 et
2146 4158 2403 4229 antiqua
2436 4155 2761 4212 nobilitatis
2792 4160 3105 4212 stemmate
3138 4155 3251 4211 fuit
3281 4173 3397 4212 non

1745 4248 1984 4305 inferior
2013 4248 2134 4303 viro
2165 4264 2291 4301 suo.

1815 4337 2035 4392 Horum
2068 4334 2266 4406 itaque
2298 4337 2471 4389 natus
2518 4332 2751 4404 prasul,
2786 4334 2857 4388 de
2904 4350 3021 4404 quo
3072 4332 3393 4403 loquimur,

1744 4443 1779 4482 a
1807 4423 2057 4498 pueritia
2084 4422 2222 4477 ludo
2239 4419 2832 4477 litterarumtraditus
2855 4420 2939 4475 sic
2970 4420 3396 4492 profecit,quod

1744 4513 1933 4587 primo
1963 4512 2021 4567 in
2054 4510 2432 4565 fundamento
2462 4508 2860 4580 grammatica
2908 4508 3226 4573 radicatus,
3257 4508 3398 4563 libe-

1744 4601 1954 4658 ralium
2003 4598 2219 4655 artium
2263 4596 2373 4652 fuit
2422 4596 2654 4652 auditor
2701 4597 3017 4668 proficuus,
3070 4613 3137 4652 ac
3185 4596 3395 4653 deinde

1749 4691 2055 4761 utriusque
2070 4687 2226 4758 juris
2248 4685 2514 4742 canonici
2535 4684 2803 4741 videlicet
2823 4689 2881 4741 et
2901 4684 3086 4742 civilis
3106 4686 3396 4758 acquisita

1740 4779 1969 4846 notitia,
2002 4792 2180 4833 sacra
2210 4773 2439 4848 Pagina
2489 4775 2890 4847 postmodum,
2924 4775 3154 4847 quoties
3202 4774 3391 4842 licuit,

1738 4867 1991 4941 diligens
2019 4863 2241 4921 exstitit
2272 4862 2580 4919 revolutor.
2616 4863 2726 4919 Sed
2760 4863 2889 4935 ejus
2919 4861 3284 4935 propositum
3332 4863 3392 4919 in

1739 4956 1849 5013 hac
1879 4960 2041 5027 parte
2090 4952 2458 5025 negotiorum
2504 4951 3035 5008 ecclesiasticarum
3087 4954 3392 5025 occupatio

1738 5044 2105 5117 frequentius
2136 5038 2525 5113 impedivit,in
2553 5038 2944 5096 adolescentia
2971 5040 3188 5113 quippe
3219 5041 3393 5097 mori-

1739 5135 1851 5189 bus
1899 5138 1957 5188 et
2003 5130 2378 5203 dogmatibus
2427 5145 2489 5185 se
2538 5146 2825 5186 exornans
2874 5129 3087 5202 spretis
3114 5128 3386 5198 lasciviis,

1739 5221 2021 5279 membris
2052 5219 2310 5287 incultis,
2341 5223 2397 5273 et
2427 5217 2742 5291 incomptis
2781 5220 3064 5287 crinibus;
3100 5219 3388 5290 composi-

1738 5312 1896 5367 tione
1922 5308 2202 5382 corporis,
2238 5308 2390 5364 sicut
2439 5323 2565 5363 mos
2610 5313 2700 5364 est
2748 5307 3035 5364 nobilium
3075 5308 3385 5378 juvcnum,

1739 5417 1853 5455 non
1884 5398 2145 5455 vacabat.
2180 5396 2570 5461 Quamobrem
2601 5396 2750 5467 patri
2786 5397 2985 5452 minus
3014 5394 3389 5451 charusinter

1740 5488 1954 5545 liberos
2016 5485 2377 5552 habebatur;
2416 5485 2517 5539 sed
2557 5484 2844 5541 Altissimi
2897 5482 3224 5556 dispositio,
3286 5479 3386 5551 qui

1738 5578 1851 5634 sibi
1884 5594 2019 5632 eum
2051 5575 2383 5630 reservabat
2414 5574 2675 5629 futurum
2707 5574 3053 5639 antistitem,
3083 5568 3383 5625 decultum

1737 5668 1868 5738 ejus
1896 5666 2038 5722 adeo
2070 5679 2348 5736 processu
2380 5661 2662 5734 temporis
2693 5660 3007 5727 exornavit,
3042 5658 3197 5730 quod
3230 5654 3384 5711 {ilius

3348 5816 3601 5911 cf“
