3814 6218
405 347 524 406 355

818 483 894 534 Dc
922 486 1135 533 moneta
1166 477 1641 534 Antissiodorensi.

477 566 757 623 Similiter
790 568 860 622 ad
893 566 1336 639 intelligentiam
1372 566 1835 639 subscriptorum
1872 582 2047 639 praes-

402 656 676 712 cicndum
710 659 801 712 est
830 656 983 728 quod
1009 656 1160 727 apud
1183 655 1487 727 episcopos
1510 655 2048 711 Antissiodorenses

402 749 594 802 exstat
620 745 816 800 littera
843 744 1071 817 inclytae
1103 745 1521 800 recordationis
1563 744 1810 816 Philippi
1861 761 2048 815 quon—

403 834 541 889 dam
569 832 722 906 regis
754 834 1133 901 Francorum,
1164 851 1231 889 ex
1281 834 1451 905 cujus
1482 833 1629 889 serie
1662 832 1815 888 inter
1843 836 2050 887 caetera

402 922 860 995 deprehenditur
888 922 1360 995 evidenter,quod
1385 921 1432 976 si
1457 938 1651 978 comes
1673 920 2049 978 Nivernensis

402 1017 694 1068 monetam
727 1028 934 1066 novam
968 1012 1100 1067 cudi
1133 1011 1318 1067 facere
1347 1010 1639 1079 velit,eam
1672 1010 1876 1066 debitae
1899 1009 2049 1082 lega-

399 1100 580 1156 litatis
609 1104 667 1156 et
695 1100 968 1173 ponderis
1002 1100 1059 1155 in
1084 1101 1212 1172 jam
1243 1099 1400 1155 dicta
1427 1100 1621 1156 littera
1642 1097 2047 1171 comprehensi

399 1180 532 1244 éudi
564 1189 734 1245 faciet
758 1194 815 1244 et
840 1207 1099 1261 personas
1130 1190 1445 1245 comitatus
1475 1187 1847 1245 Nivernensis
1872 1186 2049 1244 eccle-

398 1277 644 1332 siasticae
675 1294 800 1332 eam
836 1277 1308 1349 quandocumque
1336 1276 1867 1343 voluerint,facient
1897 1292 2047 1330 com-

396 1365 915 1438 probari.Contigit
942 1375 1140 1422 autem
1172 1366 1327 1439 quod
1377 1365 1590 1422 nobilis
1618 1365 1707 1420 vir
1735 1365 1856 1420 Odo
1888 1364 2045 1419 filius

395 1454 564 1511 ducis
595 1454 1073 1527 Burgundian,qui
1106 1455 1327 1510 ratione
1355 1455 1549 1511 uxoris
1580 1452 1775 1510 suzein
1798 1453 2044 1508 comita-

393 1549 521 1599 tum
552 1548 1237 1607 successeratmcnctam
1261 1560 1468 1598 novam
1490 1542 1876 1598 Antissiodori
1901 1542 2045 1597 face-

395 1649 456 1687 re
489 1632 623 1688 cudi
656 1632 846 1703 cmpit,
881 1650 1058 1704 quam
1102 1630 1516 1687 ministeriales
1546 1633 1674 1704 ejus
1705 1631 1831 1704 ipso
1865 1630 1921 1684 in
1955 1647 2042 1685 re-

395 1721 571 1777 motis
598 1725 825 1795 agente,
859 1722 1117 1777 nondum
1150 1725 1346 1777 tamen
1380 1722 1683 1793 probatam
1715 1738 1749 1776 a
1778 1718 2042 1793 personis

1268 343 1602 405 APPEND.
1648 344 1751 404 AD
1798 343 1960 405 SEC.

2158 377 2189 385 —
2221 342 2480 404 OPERA
2540 350 2939 399 AAEZIIOTIKA.
3656 343 3755 403 356‘

2077 478 2128 545 Α
2162 477 2513 532 Francorum
2559 493 2690 549 rege
2743 493 2878 532 cum
2928 475 3126 532 nautis
3173 474 3526 532 instantibus
3568 476 3747 549 regium

2156 569 2489 622 emanasset
2507 570 2858 638 praeceptum
2877 581 3141 621 amovere
3158 569 3368 621 cuncta
3385 583 3508 638 qua:
3526 582 3616 637 per
3632 565 3748 620 lcau-

2158 671 2293 710 nam
2327 654 2570 710 ﬂuvium
2608 654 3023 727 impedimento
3072 671 3200 709 esse
3240 658 3508 726 poterant
3550 655 3746 709 nexibus

2158 744 2621 811 transvehendis,
2655 748 3022 799 exsecutores
3052 761 3228 815 super
3257 743 3366 798 hoc
3403 743 3641 815 deputati
3665 744 3748 799 alia

2157 832 2210 888 et
2242 834 2469 905 majora
2498 849 2674 904 quam
2708 831 3091 888 commissum
3124 831 3235 888 sibi
3260 832 3572 904 requireret
3588 833 3746 887 minis-

2155 922 2553 988 terium,sicut
2582 922 2640 977 in
2675 921 2968 993 plerisque
2990 920 3161 976 malis
3183 919 3365 976 moris
3385 925 3647 994 est,agerc
3662 922 3747 994 glo-

2156 1009 2730 1078 riantes,trabeculas
2761 1010 2910 1065 duas
2941 1009 3000 1064 in
3031 1007 3300 1065 Bochello
3331 1009 3541 1065 subtus
3560 1015 3744 1082 pontem

2154 1098 2561 1164 Antissiodori,
2593 1099 2747 1171 quod
2798 1098 3013 1171 proprii
3044 1097 3199 1169 juris
3228 1102 3287 1153 et
3316 1098 3662 1171 proprietatis
3684 1103 3745 1154 est

2155 1188 2737 1260 episcopatus,fundo
2768 1187 3030 1243 fluminis
3062 1187 3375 1243 inﬁxerunt
3395 1187 3529 1243 hinc
3550 1188 3661 1243 inde
3678 1189 3745 1243 ilo-

2155 1295 2248 1334 res
2276 1276 2383 1333 lilii
2415 1278 2630 1333 ferreos
2660 1277 2721 1333 in
2760 1276 2997 1350 signum
3047 1276 3261 1349 regalis
3307 1276 3548 1332 dominii
3590 1293 3743 1332 earum

2156 1366 2600 1424 summitatibus
2632 1366 3178 1439 imponentes,quas
3189 1366 3391 1421 statim
3410 1365 3595 1421 audita
3609 1381 3657 1421 re
3671 1366 3743 1420 hu-

2145 1456 2408 1527 jusmodi
2427 1454 2731 1511 animosus
2745 1454 2835 1510 vir
2849 1454 2983 1510 fecit
2999 1458 3267 1527 potenter
3281 1453 3407 1510 erui
3420 1454 3537 1509 etin
3555 1454 3743 1509 domum

2153 1543 2539 1617 episcopalem
2563 1543 2864 1599 transferri
2876 1543 3007 1599 .Sed
3026 1547 3262 1615 propter
3277 1543 3388 1599 hoc
3404 1543 3476 1598 ad
3495 1543 3630 1616 regis
3643 1560 3744 1615 prr-

2153 1634 2404 1688 sentiam
2438 1632 2890 1705 procurantibus
2920 1631 3147 1687 aemulis
3178 1636 3475 1699 evocatus,
3502 1630 3745 1703 proposuit

2152 1738 2345 1778 coram
2374 1739 2440 1777 eo
2472 1721 2627 1794 quod
2659 1738 2791 1776 cum
2826 1721 2979 1793 regis
3000 1719 3418 1776 ministeriales
3450 1720 3568 1793 ipso
3592 1720 3742 1774 minus

394 1808 983 1873 ecclesiasticis,sicut
1014 1810 1135 1865 fieri
1167 1810 1387 1879 debuit,
1416 1810 1558 1882 quin
1590 1810 1785 1882 potius
1815 1807 2038 1877 insciis,
2074 1843 2119 1907 Β
2152 1810 2432 1883 requisito
2464 1809 2744 1866 mittendo
2766 1809 3095 1865 trabeculas
3121 1808 3178 1863 in
3204 1807 3475 1864 Bochello
3497 1808 3633 1880 quod
3653 1822 3743 1879 pre

394 1903 789 1971 exposuerunt
821 1898 1051 1970 publice
1081 1898 1723 1966 cursualem,facientes
1753 1898 2042 1972 generali-

392 1991 481 2043 ter
509 1986 855 2060 proclamari
879 1988 990 2043 sub
1015 1987 1201 2044 multa
1221 1986 1571 2060 gravissima
1594 2005 1664 2043 ne
1687 1988 1821 2061 quis
1843 2003 2042 2042 mone-

392 2080 512 2131 tam
543 2075 718 2131 aliam
751 2076 1009 2131 mitteret
1038 2076 1123 2132 vel
1157 2076 1437 2149 reciperet
1467 2080 1672 2149 praeter
1704 2076 1885 2141 illam,
1909 2076 2045 2131 licet

391 2165 583 2220 adhuc
610 2166 876 2236 ejusdem
903 2170 1146 2221 monetae
1180 2166 1391 2221 raritas
1414 2170 1575 2221 tanta
1593 2170 1746 2221 esset
1763 2165 1919 2237 quod
1939 2181 2041 2236 pro

390 2254 618 2309 decima
644 2260 804 2326 parte
834 2272 948 2309 non
982 2255 1278 2310 sufficeret
1308 2254 1513 2310 usibus
1545 2255 1685 2327 reip.
1720 2258 1778 2310 et
1798 2252 2040 2327 pepula-

390 2343 555 2399 ribus
585 2341 1231 2415 a‘limentisEpiscopus
1260 2343 1741 2416 autem,capitulo
1766 2347 1825 2398 et
1842 2359 2040 2415 perso-

392 2432 483 2485 nis
514 2430 927 2487 ecclesiasticis
959 2430 1211 2485 civitatis
1242 2448 1360 2486 suze
1393 2431 1721 2486 convocatis
1745 2431 1802 2485 in
1832 2448 2037 2499 unum,

392 2521 463 2575 ad
490 2536 691 2575 eorum
723 2519 1064 2574 instantiam
1097 2519 1327 2575 monuit
1356 2518 1765 2575 ministeriales
1807 2520 2039 2576 comitis

393 2612 459 2663 ut
488 2608 643 2680 quod
675 2624 852 2679 super
881 2606 974 2662 his
996 2611 1378 2663 attentaverat
1399 2607 1458 2663 in
1481 2607 1795 2679 pristinum
1820 2611 2038 2663 statum

392 2697 733 2751 reducerent
757 2700 814 2751 et
844 2699 1137 2751 monetam
1169 2696 1356 2769 ipsam
1399 2696 1739 2752 exhiberent
1785 2696 2039 2768 proban-

390 2785 709 2857 dam,quod
734 2785 919 2841 facere
941 2784 1634 2857 recusarunt.Episcopus
1652 2789 1848 2841 autem
1870 2784 2037 2840 habi-

391 2878 450 2929 to
479 2890 616 2929 cum
648 2873 867 2929 eisdem
899 2874 1164 2946 personis
1194 2872 1603 2930 ecclesiasticis
1624 2873 1869 2929 concilio
1894 2890 2038 2946 prae-

391 2963 639 3019 sentiam
671 2962 990 3019 recolendte
1036 2962 1329 3020 memoriae
1380 2962 1653 3019 Ludovici
1703 2966 1842 3019 tunc
1886 2962 2039 3035 regis

392 3053 745 3108 Francorum
777 3051 883 3107 viri
915 3050 1399 3107 Christianissimi
1429 3068 1563 3108 cum
1584 3050 1793 3108 litteris
1816 3051 1928 3106 ﬁde
1951 3051 2036 3106 di-

389 3143 522 3214 gnis
556 3142 771 3196 factum
804 3141 1217 3196 attestantibus
1250 3140 1630 3212 personaliter
1658 3140 1913 3213 expetiit,
1944 3139 2037 3194 cui

2155 1899 2264 1971 prii
2295 1898 2538 1955 dominii
2566 1903 2621 1955 et
2643 1897 2797 1969 juris
2829 1897 3202 1970 episcopatus
3221 1897 3646 1961 existebat,cum
3670 1912 3740 1949 nec

2152 1990 2305 2040 esset
2338 1986 2394 2040 in
2428 2002 2493 2040 eo
2527 1985 2757 2057 penitus
2789 1984 3008 2056 aliquid
3061 1984 3214 2056 quod
3266 1982 3515 2040 liberum
3558 1983 3739 2038 navium

2151 2074 2465 2130 transitum
2500 2073 2831 2146 impediret,
2863 2072 3019 2129 ultra
3047 2073 3196 2129 ﬁnes
3226 2072 3488 2129 mandati
3536 2071 3739 2127 ﬁmbrias

2152 2162 2573 2229 extendissent,
2605 2180 2703 2217 eas
2728 2163 2888 2234 juste
2926 2166 3156 2217 eruerat
3187 2178 3199 2217 ε
3230 2162 3437 2233 sicque
3467 2162 3655 2217 factum
3680 2163 3741 2214 est

2152 2252 2304 2325 quod
2338 2251 2432 2307 his
2463 2255 2520 2307 et
2548 2251 2677 2307 aliis
2708 2251 3179 2323 perorationibus
3220 2250 3485 2306 confusis
3512 2254 3563 2305 et
3588 2254 3738 2321 stupe-

2151 2340 2319 2396 factis
2350 2340 2701 2396 adversariis
2730 2339 2877 2395 liber
2903 2339 3087 2395 victor
3116 2340 3391 2396 abcessit.

2542 2435 2619 2485 De
2644 2429 2900 2499 aediﬁciis
2928 2445 3051 2500 qum
3079 2431 3409 2485 construxit.

2222 2519 2466 2585 Quantis
2489 2523 2681 2574 autem
2713 2517 3091 2573 mdiﬁciorum
3114 2517 3530 2577 additamentis
3550 2517 3654 2572 loca
3672 2516 3739 2569 de

2150 2624 2379 2663 morum
2412 2606 2831 2681 episcopalium
2879 2607 3172 2663 decoravit
3220 2608 3463 2665 silentio
3506 2605 3735 2685 praeterire

2149 2696 2395 2770 dignum
2428 2715 2543 2752 non
2578 2701 2686 2752 est.
2717 2695 3106 2752 Antissiodori
3139 2713 3398 2770 namque
3410 2699 3572 2768 juxta
3588 2694 3733 2750 aulam

2148 2785 2537 2859 episcopalem
2569 2786 2873 2858 antiquam
2903 2784 3079 2840 aliam
3111 2785 3412 2859 geminam
3445 2786 3591 2843 mira
3610 2799 3737 2839 venu-

2147 2874 2317 2930 statis
2338 2874 2532 2930 aulam
2552 2891 2732 2947 supra
2748 2874 3105 2930 testudinem
3128 2873 3422 2946 lapideam
3446 2874 3501 2930 in
3522 2890 3623 2945 qua
3637 2872 3734 2929 vina

2146 2967 2567 3020 consueverant
2594 2963 2795 3035 reponi
2818 2979 2949 3019 arce
2970 2963 3342 3019 crementaria
3362 2960 3732 3036 praepollentam

2147 3053 2326 3107 erexit
2357 3051 2768 3108 fenestralibus
2798 3051 3090 3124 aperturis
3136 3053 3471 3120 exstructis,
3494 3049 3734 3120 sculptura

2146 3141 2448 3213 spectabili
2476 3140 2792 3213 vitreisque
2823 3139 3137 3213 perlucidis
3184 3139 3556 3210 illustratam,
3583 3136 3656 3192 cui
3682 3134 3731 3189 ad

391 3230 471 3286 rei
503 3231 739 3299 damna,
772 3229 981 3284 seriem
1010 3233 1068 3285 et
1098 3228 1390 3302 querelam
1426 3229 1779 3302 patefaciens
1800 3226 2038 3302 popula-
2068 3210 2109 3277 Π
2148 3210 2325 3285 divini
2360 3229 2553 3286 cultus
2582 3210 2863 3285 honorem
2895 3228 3177 3302 capellam
3200 3229 3496 3301 geminam
3516 3244 3613 3283 non
3633 3224 3734 3279 infe-

390 3335 537 3386 rem,
568 3316 820 3373 oblinuit
842 3318 913 3372 ab
939 3317 1141 3373 eodem
1164 3322 1408 3373 monetae
1435 3318 1806 3374 fabricatores
1828 3317 2035 3390 expelli

389 3411 446 3462 et
474 3423 603 3462 eam
637 3406 979 3462 auctoritate
1013 3406 1171 3479 regia
1201 3423 1303 3479 per
1332 3405 1623 3463 civitatem
1673 3406 2034 3463 Antissiodo-

387 3511 619 3551 rensem
651 3494 884 3568 publice
914 3494 1249 3551 declamari.

388 3594 638 3662 Qualiter
690 3593 951 3666 compulit
1017 3593 1343 3666 Templarios
1405 3611 1652 3666 amovere
1713 3610 2037 3666 campanam

493 3682 657 3736 quam
689 3667 745 3720 in
776 3664 932 3720 domo
961 3681 1061 3719 sua
1090 3664 1155 3719 de
1183 3665 1506 3720 Monastello
1538 3664 1925 3737 appendertint.

457 3761 607 3817 Illud
637 3761 811 3817 etiam
844 3760 1171 3816 memoriali
1205 3762 1545 3817 membrana
1572 3763 1857 3819 conscribi
1907 3762 2034 3835 dig-

388 3866 533 3905 num
564 3853 672 3917 est,
704 3850 858 3921 quod
902 3866 1036 3903 cum
1066 3848 1376 3920 Templarii
1410 3848 1568 3905 soliti
1602 3868 1721 3906 suae
1753 3850 2036 3907 terminos

387 3938 661 3994 excedere
679 3935 1052 4005 1ibertatis,et
1072 3937 1225 4008 quod
1255 3938 1326 3992 ab
1350 3938 1667 4009 apostolico
1689 3956 2033 3996 concessum

387 4031 479 4082 est
508 4024 594 4081 eis
614 4025 685 4080 ad
716 4024 1327 4096 gratiam,convertere
1350 4026 1684 4098 frequenter
1703 4030 1776 4083 ad
1800 4044 2031 4096 noxam,

388 4130 737 4186 campanam
768 4113 1086 4185 quamdam
1118 4114 1177 4167 in
1210 4113 1381 4169 domo
1421 4132 1528 4171 sua
1572 4116 1643 4171 de
1691 4115 2035 4173 Monastello

388 4201 809 4275 appendissent
829 4200 887 4255 in
911 4199 1096 4256 altum
1119 4199 1466 4274 publiceque
1487 4202 1789 4274 pulsarent
1810 4204 1880 4258 ad
1904 4220 2037 4259 con-

385 4291 712 4347 vocandum
746 4288 1029 4363 populum
1060 4306 1163 4361 pro
1194 4289 1407 4347 divinis
1440 4290 1494 4346 in
1536 4300 1737 4346 eorum
1785 4292 2035 4348 oratorio

387 4380 716 4448 audiendis,
748 4396 972 4436 necnon
1004 4379 1470 4435 benedictionem
1499 4380 1890 4452 quorumdam
1925 4398 2034 4437 nu-

387 4471 650 4527 bentium
682 4474 900 4526 temere
949 4467 1435 4525 solemnisassent
1483 4469 1700 4525 ibidem
1749 4486 1883 4525 cum
1927 4469 2037 4526 hoc

2147 3318 2318 3374 rioris
2349 3322 2769 3387 structurae,et
2797 3334 3091 3374 cameram
3131 3317 3430 3391 duplicem
3476 3315 3733 3373 efﬁcientes

2146 3406 2390 3462 inferius
2406 3411 2464 3462 et
2481 3406 2751 3479 superius
2767 3404 2957 3478 ipsam
2977 3403 3169 3459 aulam
3190 3421 3325 3460 cum
3336 3403 3596 3477 jucunda;
3611 3398 3734 3455 visio-

2147 3496 2240 3551 nis
2268 3494 2549 3551 turricula
2579 3495 2804 3551 decenti
2838 3495 3086 3551 situatas
3114 3493 3318 3550 ordine
3349 3490 3642 3564 conjunxit.
3668 3487 3732 3541 ln-

2147 3601 2325 3657 super
2352 3600 2644 3639 cameram
2676 3583 2932 3655 episcop.
2948 3599 3127 3655 supra
3155 3581 3467 3637 Pratellum
3495 3583 3729 3635 veternum

2146 3679 2203 3729 et
2216 3674 2339 3745 jam
2364 3672 2526 3728 senio
2549 3671 2935 3727 collabantem
2953 3669 3123 3743 quasi
3148 3671 3418 3727 funditus
3435 3665 3682 3742 reparavit
3694 3667 3731 3716 et

2146 3762 2205 3817 in
2239 3761 2652 3835 elegantiorem
2684 3760 2954 3816 reextulit
2983 3759 3237 3833 speciem
3268 3758 3551 3825 novitatis,
3573 3766 3730 3811 rursus

2147 3868 2281 3907 cum
2314 3851 2388 3906 ab
2418 3851 2621 3906 eodem
2652 3847 2901 3905 Pratello
2925 3865 3114 3921 usque
3144 3849 3217 3903 ad
3249 3848 3559 3920 prisionem
3586 3840 3730 3917 perde

2146 3939 2358 3995 subtus
2388 3956 2421 3994 a
2451 3942 2613 4012 parte
2644 3940 2870 3994 Icaunze
2912 3937 3147 4010 pervius
3177 3940 3234 3993 et
3263 3935 3453 3993 facilis
3496 3932 3635 3990 nulla
3668 3924 3730 3981 vel

2147 4045 2389 4101 prorsus
2417 4026 2611 4083 inutili
2642 4026 2963 4083 obsistente
2989 4023 3263 4081 clausura
3297 4026 3369 4080 ad
3402 4025 3620 4079 domum
3644 4013 3729 4088 epi-

2147 4116 2439 4189 scopalem
2471 4119 2693 4189 pateret
2722 4132 3024 4180 ascensus,
3048 4114 3234 4169 muris
3252 4112 3420 4169 novis
3448 4128 3510 4167 ac
3540 4106 3730 4165 fortibus

2147 4204 2508 4278 portelloque
2537 4209 2592 4260 et
2617 4203 3074 4277 propugnaculis
3096 4203 3290 4276 operis
3311 4196 3619 4274 sumptuosi
3638 4194 3729 4247 visu

2147 4292 2559 4367 pulcherrimis
2578 4292 2741 4349 illum
2760 4292 3048 4349 ambitum
3066 4284 3637 4360 circumcinxit.Apud
3654 4282 3731 4336 Ra-

2147 4400 2400 4457 gennam
2423 4399 2601 4455 prope
2612 4382 3035 4455 Apoigniacum
3057 4371 3731 4453 nobilisepiscopihabita-

2147 4472 2345 4529 culum
2380 4472 2551 4543 cujus
2582 4470 2870 4527 ambitum
2896 4471 3109 4526 lcauna
3136 4469 3348 4525 ﬂuvius
3367 4486 3401 4524 a
3421 4470 3571 4541 parte
3591 4462 3730 4535 post?

384 4559 469 4615 eis
499 4576 568 4614 ex
598 4558 1029 4632 privilegiorum
1058 4575 1300 4614 suorum
1332 4556 1640 4631 largitione
1662 4574 2036 4632 nequaquam
2066 4579 2113 4646 Β
2148 4560 2283 4617 riori
2304 4578 2406 4633 per
2420 4560 2602 4615 latera
2619 4558 3327 4632 circumcingit,inprimis
3344 4570 3567 4612 murum
3582 4561 3730 4623 quem-

384 4647 605 4712 liceret,
638 4663 736 4703 eos
765 4648 1042 4704 canonice
1073 4646 1300 4703 monuit
1333 4649 1398 4702 ut
1426 4652 1761 4703 amoverent
1792 4665 2034 4720 campa-

388 4751 522 4791 nam
545 4736 778 4807 etquod
802 4753 981 4809 super
1001 4735 1401 4792 benedictione
1423 4734 1765 4807 hujusmodi
1786 4735 2032 4808 nuptiali

389 4828 903 4895 praesumpserant,
933 4825 1314 4881 emendarent
1342 4824 1552 4891 eidem,
1584 4826 1741 4897 quod
1772 4825 1916 4897 ipsis
1946 4825 2035 4881 fa-

389 4927 519 4966 cere
548 4912 1217 4987 recusantibus,querela
1246 4913 1359 4969 fuit
1389 4913 1461 4968 ad
1492 4912 1851 4969 audientiam
1884 4930 2037 4969 reve-

389 5016 512 5055 ren.
533 4998 715 5070 patris
744 4999 997 5057 Simonis
1024 4998 1123 5056 Dei
1151 5002 1341 5075 gratia
1371 5000 1524 5057 tituli
1557 5006 1769 5058 sancta:
1799 5002 2033 5058 Camiliaa

390 5088 710 5162 presbyteri
744 5088 1055 5145 cardinalis
1090 5089 1388 5162 fungentis
1416 5095 1557 5147 tunc
1587 5091 1777 5147 officio
1798 5091 2034 5164 legatio-

390 5177 483 5233 nis
513 5176 573 5231 in
605 5175 869 5248 partibus
896 5175 1212 5233 Gallicanis
1244 5177 1697 5250 perlata,corum
1728 5197 1844 5253 quo
1874 5184 2035 5236 tanto

387 5265 585 5338 vigore
617 5265 915 5337 negotium
945 5269 1288 5337 prosecutus
1319 5265 1447 5333 fuit,
1483 5269 1637 5339 quod
1661 5268 1720 5324 in
1733 5269 1868 5340 jure
1889 5287 2034 5341 pra:-

387 5352 588 5410 valens
619 5353 870 5409 obtinuit
899 5369 1003 5427 per
1048 5352 1219 5427 legati
1252 5356 1601 5413 sententiam
1631 5358 2036 5414 condemnatis

388 5442 502 5498 sibi
535 5441 885 5515 Templariis
916 5459 1181 5498 amovere
1206 5449 1637 5515 campanam,ct
1657 5447 1811 5519 quod
1843 5446 1914 5503 de
1935 5448 2033 5503 be-

388 5530 717 5588 nedictione
745 5530 1094 5587 nubentium
1128 5534 1479 5587 attentatum
1502 5533 1690 5590 fuerat
1711 5535 2030 5593 emendari.

389 5620 687 5699 Regnante
720 5620 945 5699 inclytae
970 5619 1388 5678 recordationis
1412 5621 1700 5681 Ludovico
1723 5624 1823 5683 Dei
1846 5626 2037 5700 gratia

2143 4650 2279 4705 dam
2300 4648 2370 4704 ab
2391 4665 2510 4704 una
2526 4651 2691 4720 parte
2708 4647 2865 4703 fluvii
2885 4648 2954 4703 ad
2979 4646 3222 4703 alteram
3241 4644 3614 4701 includentem
3628 4650 3728 4690 con-

2142 4738 2369 4794 tinuam
2389 4741 2444 4793 et
2463 4735 2699 4809 planam
2715 4740 2881 4792 terra:
2899 4735 3390 4807 intercapedinem
3408 4733 3478 4789 ab
3499 4724 3743 4813 anteriore

2143 4831 2307 4901 parte
2334 4807 2486 4883 inter
2532 4825 2875 4881 forteritiam
2925 4828 2982 4880 et
3029 4825 3250 4881 fossata
3290 4819 3610 4881 construxit,
3640 4807 3729 4901 pri'

2146 4897 2429 4987 mumque
2461 4914 2540 4970 ibi
2572 4913 2864 4969 ordinavit
2894 4914 3223 4979 introitum,
3245 4912 3338 4968 cui
3369 4925 3530 4966 muro
3549 4897 3729 4961 stabula

2143 5007 2214 5063 ad
2232 5021 2414 5077 equos
2435 5020 2536 5076 pro
2555 5002 2742 5075 ipsius
2760 5003 2911 5058 muri
2932 5002 3296 5075 longitudine
3316 4998 3627 5056 constructa
3639 5001 3729 5077 per

2145 5074 2471 5150 inde—intus
2509 5074 2793 5163 adjunxit,
2826 5074 3055 5147 deinde
3088 5090 3418 5147 clausuram
3441 5074 3726 5143 munitionis

2144 5180 2453 5237 lateritiam
2487 5180 2786 5235 ruinosam
2811 5183 2868 5235 et
2887 5196 2991 5251 pro
3012 5184 3176 5252 parte
3196 5176 3622 5249 collapsam,nec
3643 5165 3729 5219 fere

2145 5274 2371 5343 partem
2390 5268 2697 5324 dimidiam
2722 5268 2983 5324 ambitus
3006 5259 3729 5345 accingentem,murisegwL

2144 5359 2254 5433 giis
2286 5375 2390 5431 pro
2422 5357 2651 5413 tantula
2680 5361 2844 5430 parte
2891 5356 3179 5422 lateritiis,
3212 5358 3494 5428 quantum
3540 5346 3727 5435 minos?

2144 5431 2335 5521 potuit
2364 5444 2700 5501 ministrare
2734 5445 2992 5502 maceria
3020 5449 3077 5500 et
3105 5460 3209 5517 pro
3240 5447 3359 5499 toto
3386 5436 3601 5497 residuo
3624 5431 3729 5499 lapi-

2144 5520 2270 5593 deis
2301 5532 2877 5608 propugnaculisque
2898 5539 2954 5591 et
2974 5533 3237 5590 turribus
3255 5520 3726 5608 restituitundique

2143 5606 2741 5699 circumseptis,juxta
2769 5606 2940 5701 cujus
2970 5622 3274 5681 introitum
3304 5618 3506 5677 turrim
3535 5606 3728 5689 quadrs'
