3814 6218
44 459 131 509 tam
154 453 550 509 validissimam
576 459 633 510 et
662 456 1059 528 praegrandem
1091 472 1269 528 quam
1302 455 1616 512 Portellum
1648 456 1701 523 Α

42 542 378 615 vocant,plura
401 543 791 599 continentem
822 545 1194 601 mansionum
1216 544 1534 601 interstitia
1552 561 1622 600 ex

44 632 305 688 muralibus
356 632 559 704 spissa
608 632 933 689 latitudinis
979 639 1035 690 et
1062 633 1190 689 latae
1218 633 1621 706 spissitudiuis

42 726 366 777 constructam
394 721 595 788 crexit,
623 720 780 777 intra
807 726 973 793 septa
1003 721 1290 794 praedictae
1321 721 1620 777 fortaritiaa

42 809 188 864 aulam
200 808 573 881 episcopalem
591 810 892 882 antiquam
913 811 1270 882 quibusdam
1285 810 1624 882 superaddi-

42 897 95 951 tis
119 901 163 953 et
181 896 296 953 aliis
317 898 371 953 in
395 896 608 954 melius
630 899 1061 954 transformatis
1079 898 1139 953 in
1161 902 1378 955 statum
1400 899 1625 972 redegit

41 986 170 1040 solito
182 986 575 1057 pulchriorem.
594 987 752 1043 Duas
770 1004 1003 1059 quoque
1023 991 1623 1060 cameras,utramque

41 1073 291 1145 geminam,
322 1076 695 1148 prmgrandes
725 1074 876 1132 aulae
904 1074 1210 1148 compares
1238 1081 1294 1133 et
1338 1078 1619 1147 contines,

41 1162 227 1218 alteram
267 1163 525 1219 videlicet
585 1163 888 1219 nobilioris
947 1169 1253 1220 structurae
1303 1164 1512 1236 majori
1555 1181 1623 1220 ex

40 1256 303 1307 transverso
316 1252 651 1324 posterioris
666 1251 966 1324 pinnaculi
987 1252 1373 1309 coherentem
1396 1257 1453 1308 et
1468 1252 1625 1308 vitel-

40 1339 138 1395 linis
162 1340 606 1397 fenestriunculis
636 1341 1023 1414 refulgentem
1055 1359 1123 1398 ex
1166 1341 1622 1397 commendabili

40 1427 212 1498 lapideo
224 1428 471 1485 tabulata
484 1429 1231 1502 construxit,antiquasque
1249 1429 1435 1503 logias
1448 1448 1624 1502 super

42 1519 251 1573 lcaunam
280 1523 561 1574 vetustate
592 1524 977 1592 consumptas
1006 1523 1063 1574 et
1085 1519 1265 1573 ruinae
1282 1520 1407 1591 jam
1432 1519 1622 1591 proxi-

42 1622 133 1659 mas
155 1623 210 1661 ex
236 1608 445 1680 integro
476 1612 779 1680 reparatas
802 1608 862 1662 in
887 1608 1136 1664 formam
1172 1607 1623 1663 restituitvenu-

41 1700 111 1747 ste
133 1694 554 1766 pulchritudinis
607 1702 665 1751 et
711 1695 1120 1768 pulcherrima:
1168 1696 1511 1752 venustatis.
1545 1697 1625 1751 Ex

42 1782 125 1835 alia
142 1800 251 1839 vero
280 1789 434 1856 parte
478 1784 824 1858 appenditia
869 1785 1199 1840 necessaria
1246 1784 1391 1856 ipsis
1436 1784 1624 1840 muris
1653 1827 1700 1891 Β

42 1872 313 1929 munitionis
347 1873 553 1929 alfulta
604 1878 661 1929 et
692 1873 894 1928 ordine
934 1874 1162 1929 decenti
1196 1878 1530 1929 constructa
1566 1877 1624 1929 et

38 1957 357 2033 locata.Apud
382 1962 614 2018 Bellum
649 1961 1146 2028 Reditum,locum
1178 1979 1248 2018 ex
1279 1967 1621 2034 stagnorum

41 2048 322 2106 conﬁdentia
340 2051 607 2125 piscibus
626 2051 928 2123 copiosum
952 2056 1011 2106 et
1038 2068 1107 2106 ex
1130 2067 1435 2107 nemorum
1467 2051 1625 2121 adja-

40 2137 178 2192 centia
200 2140 458 2212 temporis
489 2139 767 2196 hiemalis
796 2138 1093 2212 algoribus
1114 2138 1374 2195 levandis
1392 2156 1624 2195 accom-

41 2226 479 2296 modurn,domum
492 2229 820 2301 quamdam
832 2230 1170 2301 depressam
1189 2228 1622 2300 receptaculum

42 2315 377 2386 episcoporum
415 2316 741 2390 inglorium
762 2318 820 2371 in
842 2316 1037 2373 aulam
1060 2317 1358 2389 geminam
1383 2317 1626 2389 placida:

38 2405 844 2478 venustatis,habitaculumque
861 2406 1183 2479 gratiosum
1206 2407 1622 2479 produxitcum

38 2492 154 2544 socia
176 2509 382 2549 camera
405 2499 723 2551 structura:
744 2494 956 2550 similis
979 2495 1051 2550 ad
1083 2495 1379 2566 propriam
1405 2496 1625 2568 episco-

39 2594 190 2649 porum
204 2583 462 2654 quietem.
480 2584 811 2639 Excursum
831 2601 1066 2656 quoque
1084 2583 1260 2639 unius
1281 2588 1622 2654 stagnorum

40 2682 177 2739 usque
196 2688 378 2729 muros
404 2673 599 2745 ipsius
617 2672 763 2728 aula:
788 2673 1213 2745 pertingentem
1231 2688 1332 2744 per
1348 2672 1402 2727 in
1402 2673 1622 2742 jectam

37 2758 155 2812 terra
180 2760 367 2817 molem
397 2761 709 2835 ingentem
741 2761 908 2833 quasi
933 2777 1142 2834 aggere
1173 2761 1488 2816 constituto
1534 2778 1622 2816 re-

35 2845 153 2900 misit
173 2849 224 2903 in
244 2850 587 2907 interiorum
616 2867 902 2922 aquarum
933 2848 1282 2923 profundius
1297 2866 1624 2906 accremen-

35 2934 201 2999 tum,et
225 2938 277 2993 in
306 2938 482 3012 hujus
509 2945 683 2995 terra:
715 2956 913 2996 massa
933 2939 1196 3010 conjecta
1215 2943 1272 2994 et
1291 2938 1625 3011 planiﬁcata

34 3021 195 3079 diversi
220 3029 438 3099 generis
469 3027 755 3102 plantatis
788 3027 1119 3096 arboribus,
1149 3025 1469 3099 virgultum
1517 3045 1621 3100 pro

35 3107 113 3165 loci
137 3116 422 3187 capacitate
454 3118 595 3174 fecit
642 3133 955 3172 amoenum.
992 3116 1239 3189 Insuper
1279 3116 1622 3189 appendicia

866 323 967 385 DE
1013 322 1288 387 GESTIS
1334 320 1577 385 EPISC.
1626 320 2066 385 ANTISSIUD.
2100 358 2174 369 -
2204 326 2404 387 PARS
2452 324 2501 389 Ι.

3261 331 3380 392 358

1734 459 1919 528 coepto
1952 472 2055 527 per
2083 456 2356 511 comitem
2382 458 2515 528 jure
2548 475 2661 513 non
2692 463 2918 531 poterat
2965 461 3282 533 prohiberi,
3312 480 3381 518 cx

1732 544 2098 616 prohibentis
2128 545 2459 601 resistentia
2490 552 2835 618 provocatus
2866 554 3116 620 coeptum
3149 568 3296 623 opus
3321 550 3378 605 in

1731 632 2341 703 munitionem,aulam
2362 636 2660 707 geminam
2679 636 3038 708 etCapellam
3060 638 3382 695 nobilitatis

1730 721 2029 793 exquisita;
2061 724 2320 795 provexit
2350 723 2697 779 habitationi
2750 726 2918 797 regiae
2968 732 3377 798 congruentes,

1732 810 1926 866 nativa
1958 828 2101 883 rupe
2132 810 2591 885 circumquaque
2618 812 2970 886 excisa,quas
3002 831 3104 886 pro
3127 813 3381 870 sualau-

1731 898 1906 954 dabili
1921 899 2356 971 pulchritudine
2374 902 2727 957 intuentium
2754 908 3059 958 morantur
3074 902 3384 970 oculos,in-

1731 988 1948 1043 tuendo
1980 988 2269 1044 delectant
2298 990 2528 1045 animos
2552 995 2608 1046 et
2628 990 2984 1047 habitatores
2999 993 3268 1064 jucunda
3296 1009 3383 1047 re-

1732 1076 1939 1132 ficiunt
1961 1078 2282 1133 mansione.
2305 1080 2530 1135 Rursus
2551 1079 2760 1135 excisis
2780 1080 2839 1135 in
2864 1081 3153 1153 profundo
3184 1081 3387 1137 subter

1730 1164 1926 1221 aulam
1959 1166 2125 1222 siccae
2147 1168 2310 1239 rupis
2334 1169 2659 1225 visceribus
2681 1186 2850 1225 cavas
2873 1169 3006 1225 fecit
3025 1170 3098 1225 ad
3118 1170 3385 1225 vinorum

1731 1254 2057 1310 custodiam
2115 1273 2242 1328 quas
2294 1258 2661 1330 temporibus
2715 1257 3051 1313 ebullientis
3082 1259 3299 1315 aestatis
3329 1262 3387 1314 et

1731 1344 2034 1399 aestuantis
2064 1343 2251 1400 leonis
2283 1346 2427 1401 meri
2462 1352 2666 1418 potum
2709 1346 2983 1401 exhibent
3030 1345 3335 1420 glacialem
3367 1362 3381 1402 :

1729 1436 1893 1487 extra
1921 1432 2408 1499 forteritiam,sed
2430 1439 2623 1490 tamen
2650 1434 2802 1490 infra
2830 1435 2941 1491 loci
2964 1435 3384 1491 continentiam

1731 1520 2025 1592 depressis
2073 1522 2399 1577 muralibus
2457 1522 2935 1590 circumclusum,
2990 1522 3223 1579 stabula
3280 1541 3385 1595 pro

1732 1609 1898 1681 equis
1928 1615 1985 1664 et.
2014 1611 2318 1682 grangiam
2344 1612 2687 1683 capacitatis
2712 1612 3011 1667 immensa}
3035 1608 3382 1680 construxit,

1732 1714 1837 1752 nec
1868 1698 2065 1769 procul
2100 1699 2172 1753 ab
2204 1698 2296 1755 his
2326 1705 2488 1755 extra
2508 1700 2859 1773 proprisiam
2882 1700 3166 1773 plantavit
3185 1700 3387 1757 vineas

1731 1803 1800 1840 ex
1832 1785 2046 1857 plantis
2070 1786 2432 1843 diversorum
2459 1789 2786 1844 vinctorum
2820 1788 3174 1861 electis,quae
3198 1794 3386 1844 temu-

1733 1874 1949 1929 lentam
1983 1874 2153 1930 annis
2185 1875 2437 1948 singulis
2468 1877 2721 1932 atterunt
2752 1878 3097 1933 ubertatem.

1836 1972 2092 2042 Qualiter
2113 1975 2386 2046 profectus
2416 1980 2495 2029 est
2524 1978 2583 2028 in
2611 1974 2891 2029 auxilium
2921 1975 3108 2031 Caroli
3135 1977 3279 2045 regis

2441 2046 2679 2102 Sicilia}.

1804 2140 1881 2195 Ea
1911 2144 2256 2213 tempestate
2285 2159 2403 2214 qua
2433 2143 2719 2198 damnatae
2770 2142 3063 2199 memoriae
3112 2143 3385 2218 princeps

1733 2228 2197 2285 nefandissimus
2226 2231 2450 2303 paterni
2484 2231 2721 2287 sceleris
2752 2232 3015 2287 imitator
3045 2233 3385 2289 Mant'redus

1732 2317 1890 2373 ﬁlius
1920 2319 2202 2389 Frederici
2232 2320 2527 2391 quondam
2557 2320 2948 2392 imperatoris,
2973 2338 3152 2395 regno
3176 2322 3383 2377 Siciliae

1733 2406 1966 2478 proprio
1998 2406 2146 2462 Petri
2179 2408 2531 2479 patrimonio
2562 2413 2621 2463 et
2651 2408 2866 2464 ducatu
2899 2402 3105 2482 Capua:
3135 2427 3383 2483 occupa-

1733 2494 1928 2560 tis,res
1954 2494 2381 2551 ecclesiasticas
2402 2497 2817 2553 damnabiliter
2836 2499 3142 2564 tractabat,
3166 2506 3384 2555 everte-

1732 2583 1832 2638 bat
1861 2583 2227 2649 ecclesias,et
2260 2586 2497 2658 fugabat
2528 2585 2817 2657 praelatos.
2841 2586 3057 2643 Vocato
3088 2604 3190 2659 per
3225 2605 3386 2643 sum-

1732 2690 1893 2727 mum
1927 2673 2256 2744 pentitlcem
2285 2674 2408 2728 viro
2440 2675 2751 2747 magnifico
2783 2675 3007 2741 Carolo,
3032 2676 3184 2749 regis
3206 2677 3382 2731 Fran-

1732 2760 1831 2817 cia:
1863 2762 2002 2829 tilio,
2035 2779 2138 2834 pro
2170 2761 2545 2834 suscipiendo
2578 2779 2757 2836 regno
2788 2763 3131 2836 hujusmodi
3159 2764 3380 2821 etlibe-

1731 2851 1914 2905 rando
1944 2850 2015 2905 de
2045 2850 2319 2906 manibus
2351 2851 2515 2922 impii
2549 2852 3287 2925 memorati,concessaque
3308 2855 3380 2909 ab

1730 2936 2046 3009 apostolico
2058 2939 2333 2994 omnibus
2348 2939 2405 2993 in
2428 2940 2557 3010 ejus
2576 2939 2861 2994 auxilium
2876 2939 3380 3011 proﬁciscentibus

1730 3031 2098 3099 peccatorum
2122 3044 2363 3083 suorum
2384 3026 2751 3100 indulgentia
2769 3027 3046 3100 generali,
3065 3028 3186 3084 zelo
3216 3028 3381 3085 devo-

1729 3119 1799 3170 tae
1831 3114 2312 3189 peregrinationis
2341 3131 2622 3171 accensus
2654 3116 2899 3171 Romam
2932 3115 3077 3171 adiit
3105 3116 3164 3172 in
3189 3116 3379 3173 Caroli

34 3197 147 3255 inter
169 3203 341 3260 aulam
358 3211 413 3262 et
429 3205 720 3279 capellam
745 3204 1078 3278 hospitibus
1102 3187 1411 3260 etfamiliae
1430 3221 1622 3264 neces-
1652 3187 1693 3252 Ο
1732 3187 2084 3270 subsidium,
2117 3203 2436 3277 apostolica
2467 3209 2663 3260 tamen
2694 3204 3115 3263 interveniente
3143 3205 3380 3262 licentia

35 3288 148 3344 saria
168 3290 445 3367 logiasque
466 3312 700 3367 magna:
731 3293 1053 3349 habilitatis
1084 3293 1157 3347 ab
1188 3291 1324 3349 aula
1354 3293 1411 3348 in
1435 3291 1622 3366 capel-
1730 3294 2116 3364 profecturus.
2152 3293 2258 3348 Ubi
2286 3310 2321 3348 a
2351 3293 2725 3349 sanctissimo
2751 3298 2914 3366 patre
2954 3293 3250 3350 Clemente
3281 3295 3376 3366 ιν,

36 3372 195 3445 lam,et
219 3398 246 3436 e
265 3399 536 3439 converso
558 3381 1101 3454 ducentes,aliaque
1123 3382 1464 3437 diverticula
1484 3382 1618 3437 aedi-
1730 3380 2002 3436 Romana:
2035 3380 2296 3437 Ecclesiae
2327 3386 2466 3437 tunc
2498 3381 2864 3453 prmsidente,
2893 3386 2950 3437 et
2981 3382 3378 3439 cardinalibus

36 3462 241 3524 liciorum
271 3472 596 3528 construxit
628 3470 842 3527 ibidem
866 3476 924 3527 et
948 3470 1273 3542 majoribus
1302 3470 1446 3526 forte
1476 3470 1618 3527 locis
1728 3468 2044 3525 honorifice
2066 3476 2122 3525 et
2149 3471 2412 3541 gaudens
2462 3474 2755 3541 receptus,
2789 3469 3106 3526 commisso
3153 3471 3265 3526 sibi
3318 3471 3375 3526 in

31 3554 304 3626 ampliasset
330 3561 544 3617 aedium
578 3559 1092 3627 accrementis,sed
1123 3559 1262 3630 quia
1290 3559 1468 3614 situm
1490 3560 1619 3630 ejus
1726 3558 1856 3630 ipsa
1884 3558 2245 3630 expeditione
2277 3558 2588 3631 legationis
2618 3558 2908 3626 ofﬁcio,de
2929 3560 3204 3615 mandato
3226 3562 3379 3631 ejus-

33 3654 115 3695 non
138 3646 300 3702 multa
325 3648 697 3721 gratiﬁcabat
719 3647 1027 3703 ammnitas
1050 3647 1340 3719 variisque
1362 3648 1620 3704 abunda-

31 3724 100 3783 bat
121 3737 483 3806 proventibus,
513 3737 647 3793 ideo
670 3737 913 3791 forsitan
936 3736 1131 3808 ipsum
1155 3736 1359 3791 rariori
1383 3752 1485 3791 nec
1506 3736 1616 3791 mi-

30 3830 123 3872 nim
147 3827 590 3897 prosequebatur
621 3825 849 3881 affectu.
866 3824 1033 3897 Apud
1056 3823 1395 3881 Varziacum
1418 3823 1615 3880 aulam

27 3907 347 3982 episcopalem
378 3916 684 3989 geminam
717 3914 1118 3986 praegrandem
1147 3918 1205 3969 et
1234 3912 1404 3986 plura
1431 3913 1614 3970 conti-

28 4002 203 4054 nentem
220 4002 548 4061 habitacula
573 4004 817 4076 insuper
837 4002 1619 4059 incendioconerematama-

28 4083 120 4151 gnis
142 4091 488 4148 reaediﬁcavit
512 4092 877 4163 sumptibus,
894 4094 951 4146 et
978 4091 1036 4145 in
1057 4095 1414 4147 structuram
1446 4090 1613 4146 resti-

27 4172 107 4226 tuit
126 4176 424 4247 clariorem,
458 4197 670 4237 muros
702 4183 760 4235 et
792 4179 1231 4253 propugnacula
1268 4179 1614 4236 munitionis

27 4264 153 4318 castri
178 4264 228 4322 in
248 4268 365 4325 suis
385 4269 802 4326 cacuminibus
823 4286 928 4341 pro
950 4268 1160 4340 majori
1185 4274 1347 4341 parte
1378 4268 1615 4342 dirupta

26 4347 84 4400 vel
100 4353 320 4427 collapsa
339 4359 571 4432 egregie
615 4357 922 4430 reparavit,
948 4357 1411 4429 appendiciaque
1440 4355 1615 4430 placi-

27 4432 85 4489 de
103 4444 389 4503 mansionis
408 4452 467 4503 et
492 4451 708 4520 aperta:
730 4445 1164 4502 commoditatis
1185 4446 1469 4502 exstruxit
1489 4464 1612 4502 mu-

26 4523 81 4619 tis
95 4526 248 4619 ipsius
258 4535 606 4592 munitionis
623 4533 1007 4606 aﬂ'ulta,apud
1020 4534 1219 4590 villam
1232 4533 1418 4590 Catuli
1433 4551 1611 4607 prope
1644 4555 1687 4619 υ

25 4607 253 4676 Conﬁdam
274 4621 464 4680 locum
487 4624 549 4679 in
572 4623 810 4696 proprio
823 4623 1079 4679 ecclesiae
1097 4622 1220 4679 solo
1233 4623 1608 4693 eminentem,

24 4706 353 4782 quemLigeris
363 4712 865 4778 antecurrit,situs
878 4711 1213 4767 amoenitate
1224 4712 1609 4784 conspicuum

24 4790 63 4838 et
82 4790 459 4857 diti'undentem
491 4801 666 4874 longe
702 4799 898 4857 radios
938 4799 1184 4857 visionis
1214 4799 1407 4873 elegit,
1438 4802 1608 4873 cujus

22 4876 391 4947 oblectamentis
421 4890 671 4946 allectus
688 4874 1137 4962 receptaculum
1189 4890 1484 4962 quoddam
1534 4891 1606 4946 ad

22 4973 364 5051 ltt-‘trcationem
388 4984 612 5035 naturae
627 4983 683 5035 et
705 4978 966 5034 levamen
981 4978 1081 5035 fati
1089 4979 1306 5035 scentis
1319 4978 1608 5051 inquietu-

22 5048 150 5127 diuis,
162 5062 298 5121 sicut
321 5066 623 5125 interdum
644 5068 895 5141 expedit,
912 5067 1207 5125 inchoavit
1228 5048 1466 5124 ibidem.
1492 5069 1604 5124 Sed

22 5152 95 5227 ρει·
132 5150 429 5227 principem
488 5156 854 5224 saeuiat-em,
883 5156 1149 5213 videlicet
1205 5161 1338 5213 ante
1382 5157 1604 5213 dictum

21 5224 221 5296 0donem
248 5224 430 5302 ﬁlium
461 5247 631 5303 ducis
662 5245 1011 5318 Burgundiae
1042 5250 1182 5302 tunc
1214 5246 1484 5302 comitem
1505 5245 1603 5301 Ni-

21 5328 294 5408 Vernenscm
324 5333 435 5390 fuit
473 5335 549 5391 ab
597 5352 770 5408 opere
812 5339 998 5408 empto
1047 5334 1400 5407 prohibitus,
1433 5336 1603 5407 cujus

21 5406 405 5501 Emhibitionem
434 5422 495 5479 in
526 5406 692 5480 curia
720 5423 873 5497 regis
901 5406 1308 5480 adeoivictrice
1328 5406 1600 5481 constan-

21 5492 74 5546 tia
88 5511 394 5566 prosecutus
426 5510 558 5578 fuit,
574 5512 732 5585 quod
754 5492 990 5569 demum
1007 5511 1217 5584 injure
1239 5511 1450 5569 comite
1473 5528 1602 5568 suc-

39 5586 263 5654 umbentc
291 5601 346 5659 et
374 5600 536 5678 regia
560 5600 889 5663 declarante
918 5601 1390 5681 sentcntia,quod
1421 5602 1494 5660 ab
1516 5600 1600 5658 in-

1727 3647 1857 3702 dem
1890 3647 2107 3702 summi
2140 3647 2434 3719 pontiﬁcis
2462 3647 2520 3701 in
2553 3646 2836 3703 auxilium
2877 3648 3141 3719 ejusdem
3190 3648 3375 3704 Caroli

1723 3734 1784 3791 in
1818 3753 2011 3808 regem
2043 3735 2386 3804 consecrati,
2420 3752 2555 3792 cum
2585 3737 2789 3793 eodem
2822 3754 2954 3810 rege
2984 3741 3041 3792 et
3069 3739 3198 3809 ejus
3220 3754 3378 3794 exer-

1724 3824 1844 3879 citu
1876 3840 2144 3895 gressum
2175 3824 2404 3880 direxit.
3345 3833 3348 3837 ’

1795 3913 2059 3981 Cumque
2077 3913 2205 3984 jam
2227 3913 2735 3986 approximassent
2750 3915 3214 3971 Beneventanam
3236 3915 3374 3972 civi-

1722 4005 1924 4071 tatem,
1959 4002 2058 4057 ubi
2089 4003 2283 4058 stabat
2314 4003 2684 4060 adversarius
2735 4021 2870 4060 cum
2914 4004 3373 4061 Alamannorum

1723 4090 2099 4148 multitudine
2122 4090 2418 4160 bellicosa,
2426 4094 2797 4165 jamjamque
2817 4098 3041 4149 starent
3063 4093 3217 4149 acies
3239 4093 3375 4149 hinc

1721 4178 1857 4235 inde
1882 4185 2095 4253 parata:
2126 4180 2554 4254 congredi,ipse
2587 4185 2652 4237 ut
2682 4187 2808 4237 erat
2838 4181 3021 4237 armis
3042 4181 3203 4237 intus
3225 4181 3375 4237 divi-

1724 4269 1815 4325 nis
1836 4269 2266 4341 prmcinctus,et
2283 4270 2536 4325 exterius
2558 4269 2800 4325 indutus
2824 4269 3373 4337 militaribus,stans
3421 4283 3427 4289 ‘

1722 4373 1899 4427 super
1929 4356 2084 4429 regis
2111 4355 2449 4424 exercitum,
2485 4355 2761 4412 salutaris
2792 4356 3214 4412 exhortationis
3252 4373 3373 4412 ser-

1721 4461 1894 4501 mone
1924 4445 2226 4517 praemisso
2257 4461 2360 4515 pro
2400 4444 2545 4517 ipsis
2600 4445 2955 4513 animandis,
2990 4446 3061 4499 ad
3112 4461 3372 4517 pugnam

1718 4532 1939 4589 elevata
1969 4550 2148 4587 manu
2178 4532 2442 4601 loricata,
2457 4532 2779 4605 apostolica
2803 4533 2984 4588 fretus
3006 4532 3369 4600 auctoritate,

1722 4638 1925 4677 omnes
1955 4622 2028 4676 ab
2059 4620 2335 4677 omnibus
2384 4619 2637 4694 peccatis
2686 4620 2954 4692 absolvit,
2987 4618 3367 4677 evolationcm

1718 4709 1836 4767 illis
1881 4710 2230 4783 promittens
2273 4710 2680 4765 incunctanter
2737 4710 2808 4765 ad
2867 4710 3136 4783 patriam,
3165 4710 3215 4767 si
3267 4712 3405 4784 qui~

1719 4801 1866 4856 forte
1896 4799 2212 4856 morientes
2232 4816 2336 4871 pro
2381 4799 2606 4854 viribus
2656 4799 2912 4854 strenuis
2957 4798 3366 4857 debellassent.

1718 4889 1965 4961 Moxque
1996 4893 2061 4944 ut
2090 4887 2518 4961 praedicationis
2550 4905 2668 4944 suae
2698 4888 3047 4960 exemplaris
3089 4889 3369 4961 probare-

1716 4984 1815 5035 tur
1869 4979 2071 5034 doctor
2127 4995 2243 5033 non
2300 4977 2491 5050 sequi,
2550 4978 2650 5033 sed
2708 4978 3032 5051 praecedere
3082 4977 3245 5033 visus
3294 4980 3365 5035 ad

1714 5066 1999 5141 praelium.
2028 5068 2282 5122 Tantum
2314 5065 2707 5123 animositatis
2736 5066 2943 5122 ardore
2972 5067 3147 5122 corda
3173 5067 3368 5122 viden-

1713 5155 1863 5211 tium
1895 5154 2300 5222 inflammavit,
2334 5155 2491 5227 quod
2524 5154 2748 5227 passim
2778 5172 2883 5227 per
2910 5154 3111 5211 hostes
3155 5159 3213 5210 et
3241 5153 3363 5227 gla-

1714 5245 1843 5302 dios
1873 5245 2161 5300 irruentes
2194 5260 2309 5299 non
2342 5244 2599 5318 aggredi,
2631 5245 2731 5300 sed
2765 5244 2955 5300 furere
2992 5244 3360 5299 videbantur.

1712 5334 1775 5390 In
1806 5350 1921 5406 quo
1952 5349 2270 5405 congressu
2303 5332 2600 5390 modestiae
2622 5331 2978 5405 pontificalis
3009 5349 3123 5388 non
3155 5332 3361 5386 imme-

1711 5439 1859 5488 mor,
1887 5438 2043 5477 nunc
2077 5421 2232 5478 acies
2261 5422 2641 5494 erumpendo,
2674 5437 2831 5477 nunc
2871 5436 3053 5492 equos
3102 5418 3358 5474 hostium

1708 5509 1901 5584 gladio
1933 5510 2376 5583 prosternendo,
2399 5526 2556 5565 nunc
2587 5508 2896 5566 clamando
2941 5511 3000 5563 et
3046 5504 3356 5563 animando

1707 5604 1877 5676 gestu
1906 5604 1965 5655 et
1991 5598 2205 5674 linguae
2231 5595 2955 5674 redimebat.ot‘ticio,quod
2988 5594 3048 5652 in
3078 5606 3355 5670 personas
3394 5638 3403 5643 .

3046 5522 3356 5563 ammanao

3018 5611 3048 5652 n
3078 5606 3355 5670 personas
3394 5638 3403 5643 .
3586 5528 3710 5679 μ
