3814 6218
62 291 141 350 361

868 291 969 350 DE
1015 290 1288 352 GESTIS
1334 289 1573 350 EPISC.
1620 291 2064 354 AN'l‘lSSlOD.
2103 326 2171 336 -—
2205 294 2404 355 PARS
2448 295 2497 355 Ι.

3261 298 3380 358 362

63 423 104 475 in
128 422 346 493 proximo
373 422 853 495 consanguinitati
884 423 1123 495 gradus,
1157 427 1345 478 mater
1365 424 1493 493 ejus
1517 421 1626 477 fuit
1654 425 1700 491 A
1737 423 1827 479 sui
1860 424 2364 497 perspicacitatem
2411 431 2468 481 et
2515 428 2693 482 studii
2742 428 3104 485 vehementis
3128 427 3380 485 laborio-

62 510 334 583 Margareta,
362 528 633 584 germana
676 511 931 584 praedicti
963 511 1246 568 Guidonis
1290 512 1359 566 de
1392 509 1621 566 Melloto

63 600 428 670 predecessoris
458 598 1621 673 sui,cujusgenérisnobilitasmanifesta—

59 693 129 742 tur
163 689 277 743 dicti
328 689 570 761 episcOpi
632 688 916 745 Guidonis
962 689 1295 746 chronicam
1343 688 1616 744 intuenti.

57 775 128 831 Hic
165 777 401 844 Erardus,
451 782 673 833 statura
720 777 978 850 corporis
1031 777 1330 844 mediocri,
1388 776 1618 832 vultum

56 864 418 921 demonstrabat
467 866 795 939 angelicum
846 871 1009 922 tanta
1056 866 1360 938 perfusum
1409 864 1615 937 gratia,

54 955 165 1023 quod
199 954 532 1011 intuentibus
576 955 771 1027 ipsum
816 971 878 1011 se
927 961 1161 1027 gratum
1203 958 1260 1010 et
1307 952 1616 1009 amabilem

52 1041 305 1098 exhibebat.
340 1045 396 1098 In
434 1042 665 1115 loquela
697 1043 808 1100 fuit
835 1043 1315 1111 facundissimus,
1348 1042 1429 1098 ita
1459 1041 1613 1113 quod

53 1128 159 1185 alter
175 1130 376 1203 Ulysses
397 1133 584 1203 potuit
604 1132 812 1187 merito
834 1131 1109 1204 appellari
1134 1150 1147 1199 ;
1172 1131 1228 1187 in
1254 1130 1504 1187 melodia
1524 1147 1618 1186 vo-

52 1216 111 1271 cis
133 1235 243 1274 suos
264 1223 770 1291 contemporancos
800 1219 1136 1288 excellebat,
1162 1220 1243 1275 ita
1274 1224 1339 1275 ut
1369 1219 1427 1274 in
1460 1218 1615 1275 vocis

49 1301 185 1372 ipsius
209 1306 498 1362 emissione
527 1323 742 1363 sonora
789 1310 1017 1378 poterat
1064 1307 1274 1362 merito
1303 1307 1431 1377 ejus
1456 1305 1613 1362 vocis

49 1392 284 1449 amoenitas
310 1393 570 1450 melodiis
618 1393 1006 1466 philomelicis
1053 1396 1399 1467 comparari.
1434 1395 1505 1449 Et
1542 1394 1614 1449 li-

47 1483 109 1533 cet
130 1478 253 1536 hunc
277 1482 495 1555 generis
513 1483 795 1539 nobilitas
812 1484 1169 1556 potuissetin
1185 1484 1400 1539 fastum
1426 1483 1614 1540 extol-

47 1564 129 1621 lere
150 1570 485 1639 mundialem,
520 1587 756 1626 morum
807 1576 1001 1627 tamen
1032 1571 1318 1643 elegantia
1355 1572 1614 1644 praaemi-

44 1672 147 1711 nens
187 1656 353 1730 ipsum
410 1659 465 1715 in
524 1665 695 1716 tanta
742 1660 1079 1716 humilitate
1133 1662 1402 1728 servavit,
1453 1662 1609 1733 quod

1735 529 1858 567 sam
1893 512 2229 586 indaginem
2258 514 2472 587 egregii
2506 515 2902 587 praadicatoris
2933 533 3143 573 nomen
3166 523 3224 573 et
3254 527 3380 591 gra-

1732 598 1873 654 tiam
1934 601 2283 672 acquisivit;
2319 602 2720 658 austeritatem
2778 603 3142 659 abstinentiaa
3200 622 3383 677 quan-

1732 692 1859 743 tum
1892 690 2081 759 potuit
2110 690 2168 744 in
2202 689 2427 745 occulto
2476 690 2742 759 servavit,
2776 696 2832 747 et
2880 697 3115 763 propter
3158 694 3378 749 bonum

1732 777 2018 832 castitatis
2051 778 2259 833 subtus
2289 779 2361 834 ad
2392 795 2625 834 carnem
2659 779 2898 852 gerebat
2945 779 3222 838 cilicium.
3275 782 3380 837 Ha-

1729 865 1903 921 bebat
1932 865 2108 921 etiam
2162 871 2278 922 tres
2328 872 2562 924 catenas
2609 872 2917 941 argenteas
2960 870 3129 926 nodis
3176 870 3379 943 plenas

1727 954 1981 1026 quodam
2022 953 2272 1011 insertas
2326 956 2657 1025 manubrio,
2702 974 2771 1012 ex
2820 958 3036 1030 quibus
3086 959 3156 1015 de
3207 963 3378 1016 nocte

1728 1058 1961 1096 carnem
1994 1060 2163 1099 suam
2212 1044 2538 1116 disciplinis
2580 1046 2798 1118 pluries
2828 1047 3173 1120 castigabat,
3205 1053 3380 1120 prout

1726 1130 1845 1185 haec
1867 1147 1934 1185 ex
1965 1131 2240 1187 relatione
2270 1132 2521 1189 veridica
2552 1135 2663 1189 fide
2685 1135 2997 1208 dignorum
3019 1137 3371 1208 accepimus,

1723 1218 1824 1290 qui
1855 1220 1984 1291 ejus
2014 1226 2294 1276 secretam
2327 1222 2726 1293 paenitentiam
2759 1227 3137 1295 agnoverunt.

1796 1307 1898 1363 Hic
1947 1307 2204 1364 ecclesiae
2233 1326 2355 1364 suae
2400 1310 2869 1366 ferventissimus
2920 1328 3085 1367 amor
3131 1312 3371 1384 capituli

1724 1395 1817 1451 sui
1874 1396 2129 1452 obtinuit
2187 1397 2436 1469 gratiam
2489 1402 2546 1453 et
2602 1399 2877 1468 favorem,
2937 1404 2993 1455 et
3055 1405 3369 1473 postquam

1724 1484 1972 1556 adeptus
2005 1484 2115 1539 fuit
2142 1485 2490 1557 episcopalis
2520 1486 2741 1559 apicem
2774 1486 3095 1559 dignitatis,
3120 1504 3250 1543 raro
3280 1503 3373 1543 ac-

1722 1570 1881 1638 cidit,
1916 1572 2058 1628 dum
2116 1573 2360 1629 intraret
2415 1573 2638 1630 dictum
2688 1567 3032 1647 capitulum,
3093 1576 3234 1648 quin
3278 1592 3369 1631 ee-

1722 1658 1898 1715 clesia
1952 1661 2081 1733 ipsa
2141 1666 2198 1716 et
2255 1661 2579 1734 capitulum
2640 1662 3003 1735 perciperent
3057 1664 3117 1719 in
3176 1664 3372 1736 aliquo

46 1746 220 1802 modum
245 1754 529 1806 maturum
560 1754 620 1805 et
650 1749 991 1821 religiosum
1023 1750 1333 1821 acquirens
1355 1750 1425 1805 ab
1450 1749 1610 1806 omni
1646 1789 1689 1823 υ
1721 1749 2134 1805 exuberantem
2163 1750 2412 1823 gratiam
2444 1769 2563 1808 suae
2595 1751 2876 1823 largiﬂuaa
2907 1753 3207 1809 bonitatis.
3233 1752 3375 1809 Con-

41 1829 215 1891 lasciiia
232 1854 445 1910 semper
472 1838 701 1894 exstitit
729 1837 992 1906 alienus;
1024 1842 1080 1893 et
1112 1837 1243 1893 licet
1272 1837 1615 1910 simplicita—
1647 1829 1691 1854 υ
1724 1836 1861 1891 tulit
1892 1837 2073 1910 igitur
2102 1840 2357 1910 praefatis
2379 1840 2633 1895 ecclesia:
2663 1845 2720 1895 et
2740 1841 3164 1913 capitulo,dum
3194 1842 3371 1897 vitam

40 1924 123 1975 tam
143 1930 330 1994 gereret
364 1925 854 1995 'columbinam,in
880 1926 1116 1982 tuendis
1138 1932 1334 1982 tamen
1359 1926 1614 1983 ecclesiae
1725 1926 1961 1981 duceret
1990 1926 2049 1981 in
2083 1926 2380 1996 humanis,
2409 1931 2557 1984 duos
2606 1928 2846 2000 angelos
2875 1934 3180 2002 argenteos
3213 1929 3372 1986 mira:

40 2011 1612 2088 suejuribusmagnaminusquamplurimumhabebatur;
1722 2013 2179 2086 pulchritudinis
2223 2021 2280 2072 et
2310 2016 2563 2089 ingentis
2593 2017 2822 2085 valoris,
2843 2035 2977 2073 cum
3009 2016 3271 2090 reliquiis
3302 2019 3366 2075 Β.

38 2093 288 2169 largitatem
337 2103 391 2157 in
445 2108 681 2159 tantum
732 2103 1005 2177 diligens,
1055 2105 1210 2176 quod
1267 2103 1612 2175 plerumque
1721 2102 1911 2158 Mariae
1946 2103 2319 2175 Magdalenes
2340 2104 2577 2162 insertis
2606 2106 3012 2162 venerabiliter
3040 2106 3098 2161 in
3121 2106 3364 2175 eisdem;

38 2190 169 2241 metas
196 2192 578 2249 transcendere
618 2192 939 2248 videbatur.
975 2194 1166 2249 Inerat
1212 2193 1402 2249 eidem
1450 2196 1612 2248 tanta
1719 2190 1857 2246 item
1891 2208 2123 2247 erucem
2154 2198 2487 2265 argenteam
2510 2195 2759 2267 gemmis
2781 2194 3051 2267 pretiosis
3073 2199 3361 2263 ornatam,

36 2270 322 2334 liberalitatis
350 2286 405 2335 et
433 2281 820 2354 benignitatis
838 2284 1039 2337 innata
1062 2282 1491 2353 dulcedo,quod
1513 2299 1608 2337 ru-

35 2358 455 2423 boreverecundia:
469 2371 534 2425 af
534 2368 1319 2442 ﬁciebaturquotiescuuque
1336 2370 1606 2426 affectum

35 2450 84 2503 ab
107 2452 204 2522 ipso
228 2455 434 2528 aliquid
455 2458 626 2529 juste
658 2458 1085 2530 postulantium
1116 2460 1187 2514 ad
1207 2459 1402 2515 votivae
1431 2475 1604 2514 exau—

35 2535 210 2595 ditionis
234 2544 485 2602 effectum
516 2547 811 2603 deducere
842 2565 955 2603 non
987 2547 1233 2603 valebat.
1271 2549 1336 2601 lat
1382 2546 1515 2602 licet
1544 2547 1603 2603 in

32 2629 151 2683 annis
171 2633 466 2701 puerilibus
495 2653 567 2692 ex
600 2636 977 2708 praerogativa
997 2635 1328 2692 dilectionis
1351 2653 1384 2691 a
1406 2652 1605 2708 proge-

34 2715 250 2775 nitoribus
275 2722 389 2778 suis
422 2741 537 2796 praz
571 2722 918 2780 aliiinberis
939 2724 1062 2780 suis
1084 2726 1259 2780 fuerit
1290 2725 1346 2779 in
1379 2724 1604 2780 deliciis

32 2802 259 2877 educatus,
304 2813 652 2869 austeritate
700 2817 898 2869 tamen
956 2813 1322 2869 abstinentia:
1367 2830 1603 2869 carnem

32 2904 150 2948 suam
176 2897 243 2953 ita
267 2901 712 2974 edomuit,quod
745 2902 801 2957 in
835 2903 1056 2958 fervore
1079 2902 1265 2958 astatis
1284 2920 1401 2957 sum
1433 2902 1603 2957 casti-

31 2980 154 3037 tatem
180 2984 528 3046 laudabiliter
558 2990 961 3062 acquisivit.ln
983 2995 1151 3046 aetate
1177 2990 1459 3046 tenera.in
1478 2994 1603 3046 arte

32 3074 233 3127 cantandi
263 3076 365 3131 fuit
392 3077 904 3152 quamplurimum
925 3079 1599 3135 eruditus.Postmodum

31 3168 119 3213 vero
142 3163 322 3219 studiis
349 3165 697 3223 liberalibus
728 3168 981 3223 traditus
1014 3166 1253 3239 pollenti
1282 3168 1477 3223 floruit
1508 3168 1594 3223 in-
1628 3152 1670 3218 C

31 3248 165 3315 genio,
194 3251 243 3305 in
273 3257 490 3311 tantum
520 3256 681 3329 quod
703 3254 759 3310 in
775 3255 1203 3327 juveniliastate
1224 3257 1597 3312 commenda-

31 3328 164 3391 biliter
186 3341 314 3397 texit
342 3343 399 3399 in
430 3328 686 3413 artibus,
721 3343 925 3400 deinde
954 3344 1125 3417 legali
1149 3345 1407 3401 scientia}
1436 3346 1597 3419 inge-

31 3421 140 3479 nium
164 3444 317 3484 suum
348 3432 426 3487 ita
455 3432 926 3506 applicuit,quod
955 3433 1081 3505 ipse
1112 3432 1419 3505 acquisivit
1439 3434 1600 3489 illius

31 3507 213 3594 tutantia:
230 3521 603 3593 margaritam
631 3540 643 3591 ;
669 3522 1047 3594 postmodum
1070 3520 1147 3577 ad
1155 3522 1313 3594 juris
1334 3522 1597 3578 canonici

31 3593 282 3661 'acultatem
310 3625 370 3664 se
416 3593 802 3677 transferens,
848 3593 1217 3665 laudabiliter
1268 3611 1597 3667 licentiatus

31 3679 94 3739 ’uit
114 3688 317 3751 Parisiis
346 3697 403 3754 in
437 3698 717 3754 decretis.

62 3776 186 3835 Circa
213 3786 463 3857 tempora
495 3786 602 3842 illa
652 3787 930 3844 Gaufrido
979 3788 1198 3843 decano
1238 3788 1596 3844 Antissiodo-

31 3865 124 3949 ensi
147 3868 390 3929 Ecclesia:
422 3875 692 3931 humana
738 3881 893 3932 sorte
928 3881 1299 3949 consumpto,
1333 3876 1596 3933 canonici

31 3947 130 4007 lictaz
156 3960 390 4018 ecclesia:
420 3964 624 4037 ipsum
675 3965 961 4020 Erardum
1017 3966 1074 4020 in
1107 3947 1394 4021 decanum
1428 3966 1595 4022 dictas

32 4040 202 4131 cclesize
228 4054 588 4110 concorditer
618 4053 937 4126 elegerunt.
972 4054 1116 4110 Cum
1166 4060 1361 4109 autem
1394 4054 1453 4109 in
1485 4056 1596 4109 An-

31 4131 335 4197 ISSiodorensi
368 4142 640 4198 Ecclesia
671 4142 1045 4198 residentiam
1068 4143 1293 4199 faceret
1318 4160 1593 4215 persona-

31 4225 155 4307 quzt
172 4224 297 4294 jura
324 4229 415 4285 sui
446 4231 775 4287 decanatus
806 4235 1007 4287 contra
1052 4248 1256 4287 omnes
1286 4236 1342 4288 et
1372 4231 1594 4303 specia-

32 4306 101 4360 [ιϐι-
115 4318 291 4371 contra
309 4334 485 4374 suum
509 4318 859 4392 praedictum
882 4320 1237 4376 avunculum
1262 4321 1596 4376 defenderet

31 4392 225 4485 timeas,
250 4404 500 4464 duorum
525 4425 816 4464 annorum
834 4408 922 4464 vel
940 4408 1095 4464 circa
1121 4408 1443 4464 labentium
1468 4426 1597 4464 eur-

31 4484 138 4579 iculo
178 4493 418 4552 Ecclesia
475 4497 1012 4554 Antissiodorensis
1042 4515 1147 4569 per
1177 4501 1421 4554 mortem
1454 4499 1593 4555 dicti
1625 4520 1671 4583 Β

32 4580 199 4659 Piscopi
227 4583 511 4643 Guidonis
541 4585 817 4643 avunculi
843 4586 935 4643 sui
966 4585 1217 4659 pastoris
1257 4585 1462 4643 solatio
1494 4588 1593 4643 de-

31 4657 173 4737 mum,
225 4674 485 4731 canonici
550 4675 716 4730 dictae
783 4657 1049 4731 Ecclesiae
1114 4676 1185 4730 ad
1254 4675 1592 4731 electionem

31 4752 137 4806 ituri
161 4761 437 4826 pontiﬁcis
458 4764 846 4836 procedentes
885 4762 1081 4836 ipsum
1112 4764 1420 4831 Erardum,
1453 4765 1592 4837 dog-

31 4839 256 4903 iatizante
286 4851 625 4918 Domino,in
657 4851 996 4924 episcopum
1028 4868 1130 4923 per
1160 4852 1408 4908 formam
1431 4870 1593 4909 com-

31 4931 220 5014 romissi
237 4941 606 4996 concorditer
624 4939 1258 5013 elegerunt,factusque
1284 4942 1594 5014 episcopus

31 5011 235 5085 Jblectos
283 5043 424 5085 suos
483 5011 770 5084 consueta
811 5029 1078 5086 tractavit
1120 5011 1589 5099 mansuetudine,

32 5108 285 5170 Istruendo
339 5116 504 5190 ipsos
558 5118 733 5174 verbo
791 5117 1220 5190 praedicationis
1279 5118 1494 5191 pariter
1534 5126 1590 5176 et

31 5196 228 5268 lemplo,
255 5208 309 5260 et
339 5204 476 5262 licet
524 5209 842 5279 postquam
890 5204 1229 5263 licentiatus
1279 5208 1500 5263 exstitit
1531 5207 1589 5263 in

31 5285 211 5369 erretis,
236 5298 473 5365 propter
494 5294 907 5369 occupationes
924 5294 1299 5368 praelationis,
1317 5296 1589 5353 studendi

31 5366 298 5459 [facultate
326 5366 662 5457 theologica
689 5366 987 5440 modicum
1010 5384 1281 5440 habuerit
1310 5384 1591 5459 temporis

31 5458 325 5548 ttewallum,
381 5470 525 5528 licet
590 5472 660 5528 ad
739 5473 819 5538 id,
872 5476 938 5527 ut
1004 5474 1318 5542 credimus,
1379 5458 1588 5548 quam-

31 5540 264 5613 lurimum
293 5559 617 5630 anhelaret,
646 5565 1049 5619 verumtamen
1093 5540 1330 5639 propter
1364 5540 1587 5640 ingenii

253 5684 525 5775 Pareat.
572 5687 942 5757 CXXXVIII.

1719 2280 1902 2352 pretio
1935 2281 2388 2353 quingentarum
2420 2282 2705 2339 librarum
2731 2284 3160 2339 Turonensium
3183 2302 3196 2351 ;
3221 2284 3360 2340 item

1716 2368 1870 2424 idem
1903 2369 2160 2441 pontifex
2190 2371 2605 2443 magnanimus
2633 2376 2688 2428 et
2719 2372 3034 2427 munificus
3064 2372 3225 2428 dedit
3267 2388 3362 2429 ca-

1716 2456 1900 2528 pitulo
1934 2457 2093 2513 mille
2124 2458 2308 2515 libras
2330 2460 2701 2516 Turonenses
2730 2461 2802 2516 ad
2827 2461 3363 2534 augmentationem

1716 2546 1886 2617 panis
1928 2546 2341 2603 canonicorum
2367 2566 2380 2615 ;
2411 2547 2550 2603 item
2602 2550 2920 2621 quamdam
2962 2549 3198 2605 mitram
3232 2565 3366 2604 cum

1714 2633 2029 2705 pontificali
2066 2635 2284 2690 annulo
2304 2636 2486 2709 pretio
2502 2637 2652 2708 quad
2663 2637 3064 2709 ringentarum
3085 2637 3367 2693 librarum

1713 2723 2142 2778 Turonensium
2171 2742 2184 2790 ;
2218 2724 2357 2778 item
2408 2723 2646 2780 calicem
2696 2741 2840 2796 pure
2898 2741 3143 2781 aureum
3179 2744 3193 2793 ;
3228 2725 3367 2781 item

1713 2815 1965 2883 quatuor
2018 2812 2182 2884 paria
2230 2812 2711 2869 indumentorum
2769 2812 3217 2869 sacerdotalium
3277 2815 3364 2869 di-

1709 2916 2009 2955 versorum
2070 2899 2357 2968 colorum,
2406 2905 2528 2956 tam
2588 2901 2659 2956 dc
2717 2902 2988 2969 examito,
3052 2918 3230 2973 quam
3290 2900 3362 2957 de

1710 2987 1965 3060 diaspro,
2015 2988 2279 3043 videlicet
2334 2990 2405 3044 de
2463 3006 2837 3062 unoquoque,
2899 2989 3181 3057 tunicam,
3241 2988 3360 3044 dal-

1712 3076 1985 3132 maticam
2035 3082 2091 3131 et
2132 3076 2429 3146 casulam;
2462 3077 2600 3134 item
2650 3078 2764 3134 alia
2811 3079 2926 3135 duo
2971 3080 3135 3151 paria
3184 3078 3355 3133 indu-

1711 3169 2063 3234 mentorum,
2095 3165 2364 3222 videlicet
2394 3158 2464 3223 de
2510 3184 2884 3240 unoquoque,
2914 3168 3196 3238 tunicam,
3231 3167 3352 3223 dal-

1709 3254 1981 3309 maticam
2049 3254 2309 3310 casulam
2384 3259 2576 3326 atque.
2627 3273 2893 3328 cappam.
2953 3257 3109 3312 Fecit
3177 3254 3353 3312 etiam

1711 3341 1895 3396 multa
1954 3341 2069 3397 alia
2122 3344 2274 3398 bona
2328 3342 2710 3415 episcopatui,
2770 3344 3027 3400 ecclesiae
3083 3352 3140 3399 et
3196 3345 3353 3417 capi-

1708 3429 1830 3485 tulo
1862 3430 2253 3502 supradictis;
2288 3430 2412 3502 ipse
2461 3432 2755 3503 siquidem
2804 3431 3022 3487 servitii
3049 3431 3229 3487 divini
3260 3449 3353 3487 so-

1708 3517 2058 3574 norissimus
2106 3523 2500 3589 concrepator,
2546 3520 2927 3592 ejusdemque
2971 3524 3197 3576 amator
3236 3520 3353 3576 exi-

1707 3606 1885 3672 mius,
1919 3611 1977 3661 et
2029 3607 2474 3663 amantissimus
2506 3606 2837 3680 ampliator,
2869 3608 3124 3665 ordinari
3155 3626 3355 3681 procu-

1706 3695 1851 3751 ravit
1881 3695 1941 3749 in
1969 3695 2464 3751 Antissiodorensi
2496 3696 2773 3764 Ecclesia,
2796 3696 3117 3754 Dominicis
3147 3698 3355 3754 diebus

1704 3783 1856 3839 inter
1885 3783 2197 3838 canonicos
2238 3787 2295 3839 et
2324 3783 2565 3841 clericos
2606 3784 2772 3840 dicta:
2804 3784 3061 3842 ecclesia:
3092 3786 3352 3842 dividen-

1704 3873 1810 3929 das
1855 3872 1996 3928 Item
2041 3873 2193 3944 apud
2228 3872 2709 3930 Bellumreditum
2742 3874 2934 3931 aulam
2978 3870 3183 3932 novam
3218 3892 3354 3931 con-

1705 3961 1936 4030 struxit,
1972 3965 2027 4017 et
2057 3962 2299 4019 domum
2348 3979 2554 4019 novam
2606 3980 2783 4036 super
2831 3970 3057 4037 portam
3089 3982 3223 4021 cum
3256 3965 3355 4021 do-

1704 4050 1901 4106 mibus
1961 4051 2366 4121 adjacentibus
2424 4052 2536 4125 ipsi
2586 4057 2805 4125 portae;
2848 4054 2986 4109 item
3046 4040 3202 4126 apud
3262 4070 3353 4110 ca-

1703 4144 1892 4194 strum
1922 4138 2384 4211 Appoigniacum
2440 4158 2557 4196 suae
2589 4145 2646 4197 et
2692 4142 3184 4214 praedecessorum
3216 4158 3351 4198 suo-

1704 4244 1833 4282 rum
1892 4226 2101 4282 ditioni
2166 4228 2521 4299 subjectum,
2588 4228 2721 4284 licet
2780 4229 2982 4285 incolas
3043 4230 3179 4284 dicti
3239 4229 3350 4284 loci

1704 4315 1968 4371 servituti
2019 4332 2232 4371 manus
2288 4321 2552 4383 mortuae,
2616 4316 2807 4388 talliaa,
2867 4317 2983 4372 alto
3039 4321 3098 4372 et
3153 4318 3348 4383 basso,

1703 4405 1775 4460 ad
1835 4404 2057 4460 domini
2114 4403 2473 4460 voluntatem
2532 4409 2588 4459 et
2639 4404 2909 4476 pluribus
2967 4409 3165 4461 essent
3220 4403 3351 4460 aliis

1703 4492 2083 4549 servitutibus
2115 4492 2435 4565 subjugati,
2467 4497 2683 4549 rectam
2712 4497 2907 4549 tamen
2926 4493 3211 4549 decimam
3234 4492 3354 4549 bla-
3446 4528 3467 4539 κ

1705 4583 1783 4649 di,
1817 4581 1937 4637 vini
1968 4586 2024 4637 et
2055 4580 2301 4636 aliorum
2354 4584 2650 4638 fructuum
2694 4600 2762 4638 ex
2813 4582 3172 4655 agricultura
3218 4598 3351 4655 pro-

1703 4669 2057 4727 venientium
2091 4673 2295 4725 contra
2340 4668 2485 4743 legis
2537 4670 2742 4727 divinae
2792 4670 3111 4727 salutarem
3153 4672 3353 4727 obser-

1705 4759 1957 4815 vantiam
2016 4774 2204 4830 usque
2263 4759 2332 4814 ad
2396 4759 2496 4814 illa
2543 4763 2806 4831 tempora
2863 4776 3095 4832 semper
3133 4758 3352 4816 solvere

1704 4851 2041 4914 renuerunt,
2090 4846 2200 4902 iste
2250 4847 2539 4920 siquidem
2590 4848 2958 4905 liberalitatis
2989 4848 3099 4904 sibi
3145 4847 3350 4905 nativa:

1704 4942 1898 4993 motus
1926 4935 2207 4991 instinctu
2239 4936 2666 5008 pastoralisque
2705 4936 3117 4994 sollicitudinis
3145 4937 3351 4994 incita-

1703 5030 1901 5082 mento
1949 5024 2217 5097 pulsatus
2269 5024 2575 5080 affectabat
2619 5030 2675 5081 et
2717 5026 2876 5098 ipsos
2925 5026 3233 5082 restituere
3280 5025 3353 5081 li-

1702 5114 1911 5171 bertati
1961 5117 2019 5168 et
2058 5111 2278 5168 mederi
2322 5112 2596 5185 periculis
2647 5117 3000 5172 animarum.
3034 5116 3186 5172 Sane
3229 5115 3354 5186 ipse

1701 5221 1819 5260 suae
1879 5201 2252 5258 discretionis
2295 5200 2598 5274 vigilantia
2650 5221 2888 5277 suaeque
2935 5203 3357 5260 exhortationis

1700 5291 1905 5349 sedula
1936 5288 2198 5346 efficacia
2242 5290 2314 5345 ad
2356 5289 2467 5346 hoc
2515 5291 2748 5348 induxit
2804 5293 3029 5350 incolas
3081 5292 3220 5349 dicti
3270 5290 3359 5346 lo-

1699 5381 1772 5448 ci,
1830 5380 1987 5452 quod
2035 5379 2107 5435 ad
2146 5377 2498 5436 solutionem
2558 5385 2727 5437 recte:
2789 5382 3028 5438 decimas
3087 5379 3357 5437 omnium

1698 5471 1995 5529 fructuum
2025 5467 2434 5539 praedictorum
2480 5469 2539 5525 in
2571 5474 2917 5543 perpetuum
2957 5470 3066 5527 sub
3099 5466 3346 5524 authen-

1696 5561 1811 5620 tico
1842 5555 2227 5633 chirographo
2276 5556 2388 5615 sibi
2431 5562 2488 5618 et
2536 5559 2663 5636 ejus
2716 5558 3157 5618 successoribus
3206 5548 3357 5635 obli:

2949 5684 3026 5748 12

3066 5612 3596 6089 Γ
