3814 6218
399 324 515 383 363

1262 324 1592 384 ΑΡΡΕΝΒ.
1638 324 1741 385 ΑΙ)
1788 323 1972 387 ΞᾹΞΟ.
2020 320 2093 384 Χ.
2128 357 2203 365 --
2234 320 2491 383 OPERA
2538 318 2932 369 ΑΔΕΣΠΟΤΙΚΑ·
3646 324 3727 382 3ϋὶ

401 458 635 529 garunt,
695 458 754 510 et
812 470 915 527 pro
973 455 1103 526 ejus
1161 456 1559 513 concessionis
1616 457 1921 529 repensiva
1977 457 2049 513 de
2077 458 2131 524 Α
2164 459 2293 512 sent
2323 454 2634 523 curricula,
2670 455 2821 511 inter
2847 455 3043 527 ipsum
3075 452 3409 527 episCOpum
3431 457 3484 509 et
3507 453 3731 510 Joannem

403 561 694 603 consensu
727 544 820 599 sui
853 543 1091 615 capituli
1140 544 1476 601 servitutem
1523 563 1735 602 manus
1787 552 2050 611 mortuae,

405 634 571 690 linea
631 633 879 688 humani
940 634 1173 705 generis
1227 634 1583 699 inhumanae,
1646 636 1716 690 de
1771 635 1896 690 loco
1954 634 2053 689 illo

404 722 663 779 totaliter
710 721 1019 791 abdicavit,
1052 727 1110 778 et
1158 723 1381 779 talliam
1420 724 1755 795 praedictam
1792 724 2056 780 volunta-

407 811 558 868 riam
615 812 689 867 ad
737 810 913 868 octies
950 810 1154 884 viginti
1211 811 1392 868 libras
1448 814 1815 869 Turonenses
1873 812 2055 868 annui

408 900 672 957 redditus
730 900 1081 968 coarctavit;
1113 904 1514 956 verumtamen
1563 902 1625 956 in
1681 902 2057 957 concessione

408 989 578 1045 dictae
635 989 870 1045 decimae
923 988 1283 1061 episcopales
1338 990 1601 1045 redditus
1660 990 1718 1045 in
1780 990 2057 1046 trecentis

408 1076 578 1134 libris
607 1077 1048 1134 Turonensibus
1080 1078 1528 1143 redditualibus,
1560 1083 1617 1134 et
1641 1078 1899 1152 amplius
1921 1096 2059 1151 aug-

410 1165 712 1222 mentavit.

482 1254 622 1311 Item
650 1272 684 1311 a
731 1256 1029 1311 nobilibus
1072 1255 1211 1312 viris
1252 1255 1465 1313 Milone
1516 1258 1588 1313 de
1634 1256 2058 1324 Antissiodoro,

409 1347 469 1398 et
514 1342 739 1399 Joanne
795 1345 924 1415 ejus
982 1345 1157 1400 fratre
1217 1344 1506 1401 militibus
1564 1346 1830 1411 furnum,
1880 1345 2059 1416 justi-

410 1430 576 1498 tiam,
635 1436 691 1487 et
745 1430 944 1503 plures
1000 1449 1095 1489 res
1144 1432 1291 1489 alias
1352 1451 1500 1504 quas
1556 1432 1850 1489 habebant
1907 1435 2061 1505 apud

412 1520 759 1593 praedictum
807 1520 1293 1593 Appoigniacum,
1345 1521 1723 1593 comparavit,
1755 1525 1811 1576 et
1865 1522 1922 1576 in
1956 1521 2065 1577 hoc

415 1608 774 1680 episcopales
824 1610 1091 1665 redditus
1140 1610 1198 1664 in
1246 1615 1452 1681 quater
1497 1610 1701 1682 viginti
1751 1610 1917 1664 libris
1948 1612 2064 1666 Tu-

417 1696 770 1752 ronensibus
802 1697 1232 1752 redditualibus
1259 1697 1575 1770 ampliavit.
1600 1699 1741 1754 Item
1775 1699 1833 1753 in
1858 1699 1949 1754 sui
1978 1698 2065 1754 ul-

2163 546 2233 600 de
2257 544 2550 611 Cabilone,
2600 544 2872 600 comitem
2910 543 3490 607 Antissiodorensem.
3531 547 3637 600 orta
3673 550 3733 599 est

2162 633 2402 706 grandis
2459 633 2803 701 dissenssio,
2865 632 3268 705 proterviaque
3309 631 3529 687 comitis
3564 632 3732 687 crebre-

2164 726 2382 788 scente,
2437 722 2579 776 dum
2631 720 2822 777 dictus
2862 737 3058 777 comes
3095 722 3235 791 jura
3287 719 3734 776 Autissiodurensis

2165 809 2432 866 Ecclesiae
2485 810 2701 866 violare
2758 814 2816 865 et
2874 809 3146 865 invadere
3203 814 3520 880 conaretur,
3571 809 3734 864 dictum

2166 898 2463 968 comitem,
2516 904 2573 954 et
2628 901 2756 970 ejus
2815 915 3054 954 uxorem
3114 898 3283 955 ferire
3340 914 3592 953 mucrone
3637 914 3734 952 ana-

2170 987 2446 1043 thematis
2478 1004 2593 1043 non
2626 987 2897 1061 neglexit.
2933 988 3004 1043 Et
3032 988 3176 1043 dum
3205 1004 3399 1043 comes
3425 992 3480 1042 et
3504 988 3612 1057 ejus
3635 1003 3736 1041 uxor

2168 1076 2228 1130 in
2258 1093 2367 1132 sua
2397 1075 2621 1131 malitia
2643 1076 3115 1148 perdurarent,ut
3144 1076 3304 1147 ipsos
3336 1074 3514 1146 magis
3540 1074 3737 1130 ecclesia-

2168 1165 2317 1220 stica
2346 1165 2625 1220 severitas
2655 1168 2963 1231 coerceret,
3015 1163 3308 1220 civitatem
3350 1164 3737 1219 Autissioduren-

2171 1269 2317 1324 sem,
2351 1253 2656 1319 suburbia,
2711 1256 3012 1325 totamque
3062 1257 3301 1318 terram,
3344 1269 3515 1324 quam
3556 1251 3738 1306 habebat

2171 1342 2363 1397 dictus
2393 1358 2588 1397 comes
2616 1342 2676 1397 in
2702 1342 2987 1397 comitatu
3014 1341 3525 1407 Antissiodorensi,
3553 1338 3739 1413 generali

2173 1430 2488 1503 supposuit
2516 1429 2849 1486 interdicto.
2901 1431 2972 1486 Et
3016 1431 3158 1485 dum
3203 1430 3397 1485 dictus
3443 1444 3612 1484 comes
3651 1425 3737 1481 facti

2174 1519 2266 1575 sui
2317 1518 2602 1574 malitiam
2653 1519 2937 1574 niteretur
2985 1518 3394 1591 appellationis
3442 1517 3658 1573 remedio
3681 1532 3737 1569 co-

2176 1607 2384 1673 lorare,
2407 1607 2533 1679 ipse
2571 1606 2798 1678 jurium
2848 1607 3103 1663 ecclesiae
3151 1624 3270 1662 sum
3312 1605 3738 1679 acquisitorinde-

2178 1697 2389 1763 fessus,
2442 1713 2545 1768 pro
2596 1696 2782 1767 ipsius
2832 1696 3089 1751 ecclesia:
3137 1695 3377 1767 juribus
3423 1695 3583 1751 vitam
3624 1708 3739 1749 suam

416 1785 567 1840 tima
622 1785 921 1841 voluntate
996 1803 1172 1859 super
1236 1787 1529 1859 praedictis
1587 1787 1911 1860 acquisitis,
1943 1783 2068 1860 qua:
2106 1825 2148 1889 Β
2180 1784 2456 1857 periculis
2507 1801 2792 1857 exponere
2846 1801 2962 1840 non
3013 1784 3339 1841 formidans
3389 1802 3487 1857 pro
3522 1783 3659 1839 dictis
3674 1783 3741 1851 ju-

422 1874 638 1928 fecerat
666 1875 821 1945 apud
850 1875 1317 1947 Appoigniacum
1347 1875 1501 1930 ultra
1531 1876 1836 1948 praedictas
1867 1881 2074 1949 quater

416 1961 624 2035 viginti
658 1961 838 2018 libras
868 1961 1244 2029 reddituales,
1278 1963 1527 2019 contulit
1577 1964 1832 2020 ecclesiae
1861 1966 1919 2020 Β.
1954 1966 2073 2021 Ste-

418 2051 597 2124 phani
625 2050 829 2124 viginti
861 2049 1039 2107 libras
1069 2053 1439 2108 Turonenses
1470 2053 1652 2108 annui
1686 2054 1946 2109 redditus
1977 2053 2072 2109 dio

419 2140 510 2195 sui
541 2140 923 2197 anniversarii
954 2140 1315 2197 dividendae.
1350 2146 1493 2198 Item
1526 2142 1936 2199 scholastriam
1974 2144 2072 2197 Ec-

420 2226 607 2285 clesiae
648 2227 1174 2284 Antissiodorensis
1226 2230 1297 2284 de
1353 2231 1527 2285 rebus
1585 2230 1954 2302 episcopatus
2012 2232 2071 2286 in

420 2316 621 2373 decem
652 2316 819 2373 libris
843 2319 1287 2374 Turonensibus
1309 2318 1736 2376 redditualibus
1749 2320 2071 2392 ampliavit;

423 2403 711 2476 ampliora
741 2405 894 2461 bona
925 2406 1196 2477 sperabat
1217 2408 1441 2463 ardenti
1475 2408 1762 2464 desiderio
1794 2409 1959 2464 dictae
1988 2425 2076 2465 ec-

425 2492 613 2547 clesia:
644 2508 707 2547 se
739 2493 1050 2557 facturum,
1096 2494 1210 2549 nisi
1261 2498 1382 2550 tam
1432 2496 1589 2552 brevi
1638 2501 1899 2570 tempore
1943 2498 2073 2553 uni-

425 2597 602 2635 versa:
617 2582 810 2638 carnis
832 2581 1161 2638 inevitabile
1175 2583 1434 2638 debitum
1450 2584 2073 2641 exsolvisset.Duorum

428 2668 719 2741 siquidem
767 2686 1055 2726 annorum
1099 2671 1187 2727 vel
1239 2672 1391 2727 circa
1438 2673 1693 2729 currenti
1749 2673 2072 2744 intervallo,

428 2757 571 2812 dum
602 2759 753 2829 apud
788 2758 1145 2815 Charitatem
1178 2777 1356 2832 super
1374 2761 1622 2834 Ligerim
1641 2769 1900 2834 tempore
1921 2763 2074 2835 prio-

429 2846 510 2902 ris
543 2846 796 2915 Milonis,
824 2849 1141 2920 quamdam
1196 2849 1501 2906 mulierem
1549 2852 1906 2924 Burgensem
1937 2851 2075 2907 dicti

426 2934 637 3008 prioris
708 2941 1040 3010 suspectam
1108 2938 1178 2994 de
1236 2938 1439 2995 haeresi
1492 2939 1663 2995 vellet
1722 2940 2074 3008 examinare,

427 3028 484 3079 et
513 3024 709 3080 dictus
738 3026 897 3097 prior
936 3025 1073 3081 licet
1122 3027 1339 3097 pluries
1389 3029 1651 3084 monitus
1698 3028 1913 3085 dictam
1947 3047 2077 3085 mu-

424 3109 625 3168 lierem
659 3112 709 3168 ei
741 3114 968 3169 tradere
999 3120 1316 3181 recusaret,
1358 3116 1667 3188 episcopus
1714 3117 1930 3173 dictam
1979 3117 2080 3172 vil-

2182 1872 2345 1929 ribus
2378 1873 2759 1929 defendendis
2811 1873 2884 1928 ad
2934 1872 3260 1929 Romanam
3301 1873 3515 1928 curiam
3544 1888 3595 1927 se
3616 1876 3743 1925 trans

2182 1962 2485 2017 ferendum
2512 1960 2707 2017 studio
2756 1962 2862 2033 piae
2913 1960 3351 2017 deliberationis
3380 1961 3559 2032 elegit.
3583 1960 3636 2014 Et
3658 1958 3744 2011 licet

2181 2049 2239 2104 in
2289 2049 2563 2122 praedicto
2623 2050 2854 2121 negotio
2909 2050 3155 2106 viriliter
3210 2067 3276 2107 se
3334 2050 3575 2113 haberet,
3619 2049 3744 2102 morte

2182 2142 2377 2194 tamen
2426 2144 2751 2210 praeventus
2799 2138 2945 2194 illud
2994 2139 3156 2194 finali
3206 2139 3440 2194 effectui
3494 2136 3745 2192 nullatenus

2182 2227 2554 2299 mancipavit.
2588 2227 2760 2282 [llum
2814 2227 3127 2299 siquidem,
3160 2229 3333 2300 cujus
3374 2229 3510 2283 odor
3535 2227 3665 2281 fama
3688 2237 3742 2276 re-

2182 2316 2387 2372 dolens
2407 2317 2535 2386 jam
2566 2333 2682 2371 non
2714 2316 2906 2372 solum
2937 2317 2995 2371 in
3028 2318 3387 2374 Francorum
3418 2317 3622 2388 regione
3637 2327 3744 2367 ama-

2182 2403 2306 2471 bili,
2364 2421 2568 2460 verum
2624 2406 2803 2460 etiam
2853 2405 2913 2460 in
2972 2406 3206 2477 regione
3263 2405 3460 2461 Italica
3511 2403 3745 2473 conﬂagra-

2184 2498 2293 2563 rat,
2353 2493 2630 2549 dominus
2683 2494 2941 2550 Joannes
2994 2511 3148 2566 papa
3200 2493 3518 2569 vigesimus
3567 2492 3742 2564 primus.

2184 2586 2241 2638 et
2272 2599 2475 2638 omnes
2504 2582 2831 2638 cardinales
2861 2582 3178 2638 honorifice
3208 2586 3559 2656 receperunt.
3582 2578 3742 2635 Etdum

2184 2670 2339 2727 circa
2366 2672 2617 2727 duorum
2647 2687 2936 2726 annorum
2980 2672 3237 2743 spatium
3292 2673 3352 2727 in
3401 2672 3545 2726 dicta
3580 2668 3744 2739 regione

2185 2760 2392 2816 fuisset
2440 2759 2892 2827 mansionarius,
2933 2759 3049 2828 ille,
3111 2761 3211 2832 qui
3270 2762 3332 2816 in
3389 2759 3616 2834 regionis
3658 2751 3743 2809 Gal-

2183 2848 2385 2905 licanae
2415 2850 2693 2920 temperie
2744 2850 2934 2905 fuerat
2978 2849 3295 2917 enutritus,
3351 2848 3655 2907 ebullientes
3686 2858 3747 2897 cn-

2182 2938 2334 2994 lores
2392 2937 2550 2992 illius
2601 2938 2855 3011 regionis
2903 2940 3051 2994 ferre
3101 2955 3216 2994 non
3275 2939 3492 3002 valens,
3539 2936 3685 2991 febres
3713 2934 3749 2982 et

2186 3027 2407 3084 ﬂuxum
2466 3027 2681 3082 ventris
2719 3027 2949 3099 patiens
2997 3027 3365 3100 aegritudinis
3411 3025 3656 3082 chronica:
3692 3019 3749 3072 in-

2187 3116 2370 3171 currit
2420 3115 2810 3171 incommoda.
2874 3116 2938 3171 In
2995 3116 3232 3188 regione
3300 3121 3493 3172 tamen
3544 3113 3627 3168 illa
3668 3113 3748 3161 tam

418 3198 535 3254 lam
569 3201 826 3273 generali
857 3203 1167 3274 supposuit
1194 3204 1524 3259 interdicto.
1547 3205 1749 3261 Dictus
1778 3205 2069 3277 siquidem
2103 3189 2145 3255 C
2181 3203 2557 3260 laudabiliter
2630 3220 2693 3259 se
2768 3203 2994 3273 habuit,
3073 3206 3230 3276 quod
3297 3205 3453 3277 apud
3517 3198 3748 3258 dominum

418 3287 578 3360 prior
601 3293 658 3342 et
687 3290 816 3360 ejus
847 3291 1119 3347 monachi
1169 3291 1673 3364 inapraejudieium
1722 3294 2071 3366 episcopalis

404 3376 840 3447 jurisdictionis
870 3380 1093 3435 dictum
1143 3380 1519 3437 interdictum
1566 3381 1783 3438 violare
1832 3401 1945 3438 non
1975 3400 2069 3439 ve-

416 3469 631 3535 rentes,
684 3483 925 3540 corpora
971 3468 1376 3525 decedentium
1410 3470 1701 3527 faciebant
1750 3471 1981 3544 sepeliri
2010 3471 2070 3527 in

417 3556 764 3612 cmmeteriis
794 3557 959 3612 dictas
1007 3558 1177 3614 villas.
1206 3560 1287 3614 Ex
1316 3560 1426 3615 hoc
1475 3564 1671 3616 autem
1720 3564 2072 3633 procurante

386 3642 663 3725 ‘humani
694 3645 925 3718 generis
970 3646 1229 3712 inimico,
1264 3648 1415 3704 inter
1446 3649 1786 3721 episcopum
1821 3638 2069 3722 et'prio-

420 3748 542 3787 rem
574 3733 879 3804 praefatum
912 3751 1116 3807 graves
1145 3736 1384 3792 fuerunt
1404 3737 1707 3793 discordiae
1753 3740 2067 3795 suscitatas.

422 3819 533 3875 Sed
581 3819 837 3877 ﬁnaliter
884 3828 1236 3894 procurante
1275 3825 1429 3881 dicto
1479 3826 1770 3898 episcopo,
1814 3827 2073 3883 median-

422 3906 583 3962 tibus
631 3906 1064 3981 archiepiscopo
1096 3912 1415 3967 Seuonensi
1453 3909 1520 3969 et
1577 3914 1787 3971 abbate
1844 3915 2074 3971 Clunia-

426 3995 604 4065 censi,
636 3996 709 4052 ad
740 3997 847 4052 hoc
876 3998 1105 4054 devenit
1135 4001 1434 4072 negotium
1466 4003 1893 4074 supradictum,
1914 4006 2070 4077 quod

426 4084 582 4140 dicta
631 4083 843 4141 mulier
897 4086 1117 4143 exstitit
1164 4088 1317 4144 dicto
1367 4089 1637 4162 episcopo
1688 4091 1955 4162 liberata,
2017 4099 2074 4150 et

424 4173 580 4244 quod
615 4191 768 4230 unus
810 4176 881 4230 de
933 4176 1236 4232 monachis
1278 4179 1349 4233 de
1402 4179 1675 4250 praedicto
1715 4183 2072 4239 monasterio

422 4279 527 4334 pro
557 4263 854 4332 omnibus,
889 4263 989 4337 qui
1020 4269 1086 4320 ut
1127 4264 1504 4322 interdictum
1554 4268 1801 4324 ferretur
1841 4270 1900 4325 in
1940 4271 2076 4326 villa

419 4352 719 4423 prmdicta,
753 4355 809 4408 et
855 4352 915 4409 in
965 4352 1275 4411 violatione
1321 4356 1584 4427 ejusdem
1617 4357 1909 4414 interdicti
1949 4359 2072 4415 cul-

418 4440 642 4513 pabiles
672 4442 1042 4509 exstiterunt,
1090 4442 1394 4501 humiliter
1435 4449 1491 4500 et
1521 4446 1723 4502 devote
1774 4446 1936 4504 ﬂexis
1976 4434 2073 4520 ge;

2181 3293 2486 3349 Nicolaum
2544 3310 2758 3365 papam
2789 3293 2887 3360 ΙΙΙ,
2921 3310 3321 3350 successorem
3354 3291 3564 3367 praefati
3590 3282 3748 3343 domini

2178 3382 2447 3453 Joannis,
2481 3386 2539 3438 et
2567 3382 2723 3455 apud
2754 3382 3078 3437 cardinales
3108 3383 3239 3454 ejus
3280 3383 3483 3439 merita
3526 3387 3626 3436 tam
3649 3371 3752 3429 dilu-

2180 3471 2307 3526 cide
2339 3471 2695 3540 claruerunt,
2731 3472 2887 3542 quod
2934 3472 3006 3527 ad
3038 3472 3386 3545 dignitatem
3434 3465 3749 3551 cardinalatus

2182 3567 2526 3633 assumptus
2575 3560 2764 3616 factus
2798 3560 2907 3616 fuit
2943 3559 3338 3617 Prmnestinus
3369 3561 3647 3633 episcopus
3668 3565 3749 3607 car-

2181 3648 2414 3706 dinalis.

2253 3739 2319 3793 Et
2348 3738 2483 3794 licet
2512 3739 2570 3794 in
2621 3755 2865 3795 numero
2913 3739 3324 3811 episcoporum
3363 3735 3747 3794 Autissioduren-

2180 3826 2335 3882 sium
2385 3828 2784 3900 sexagesimus
2832 3833 3077 3900 quartus
3125 3829 3431 3894 exstiterit,
3462 3827 3654 3899 primus
3694 3823 3749 3869 ta-

2181 3932 2315 3971 men
2374 3915 2485 3971 fuit
2537 3916 2691 3972 inter
2756 3916 2936 3989 ipsos,
2996 3917 3097 3989 qui
3154 3918 3227 3973 ad
3289 3922 3462 3973 tanta:
3523 3904 3750 3985 dignitatis

2181 4005 2413 4060 culmen
2462 4005 2637 4060 fuerit
2680 4011 3008 4078 provectus.
3043 4007 3168 4062 Non
3200 4011 3336 4079 post
3378 4005 3596 4079 quidem
3621 3994 3750 4054 multa

2180 4097 2466 4166 tempora,
2514 4094 2950 4165 ingravescente
2995 4095 3053 4150 in
3100 4095 3228 4167 ipso
3279 4096 3437 4151 ﬂuxu
3468 4089 3669 4151 ventris,
3691 4080 3751 4136 ul-

2182 4183 2325 4237 timo
2375 4182 2603 4255 eloquio
2644 4201 2711 4238 ex
2744 4198 2966 4257 magnae
3017 4184 3457 4240 deliberationis
3482 4175 3752 4237 discretione

2182 4270 2436 4338 condito,
2497 4272 2638 4327 dum
2689 4272 2814 4344 ipse
2862 4272 3185 4345 perciperet
3243 4274 3399 4346 quod
3452 4272 3622 4344 ipsum
3666 4275 3751 4335 pel"

2182 4359 2453 4416 trahebat
2481 4360 2741 4416 defectus
2792 4361 3002 4416 virium
3054 4362 3126 4417 ad
3176 4378 3473 4427 occasum,
3506 4364 3755 4414 sacramen-

2182 4452 2309 4504 tum
2338 4453 2607 4504 extremze
2640 4449 2933 4505 unctionis
2965 4456 3293 4506 reverenter
3333 4447 3559 4520 recepit,
3601 4439 3753 4515 quibus

420 4529 595 4620 nibus
639 4530 793 4620 dicto
836 4532 1110 4620 episcopo
1155 4533 1525 4605 supplicavit,
1579 4540 1645 4591 ut
1692 4535 2071 4593 interdictum
2102 4557 2149 4620 Β
2183 4538 2266 4593 sic
2322 4537 2630 4609 completis
2697 4555 2849 4594 anno
2906 4538 3138 4594 Domini
3207 4540 3349 4596 1277
3412 4555 3484 4594 xv
3543 4525 3754 4589 Kalendas

419 4615 605 4672 latum
639 4618 696 4673 in
729 4619 884 4675 dicta
929 4619 1070 4675 villa
1118 4621 1419 4689 relaxaret,
1450 4627 1507 4678 et
1536 4624 1725 4680 eidem
1773 4624 2067 4698 episcopo,

420 4707 541 4758 tam
594 4722 696 4776 pro
747 4706 1076 4773 interdicto,
1129 4727 1307 4782 quam
1363 4728 1466 4783 pro
1514 4712 1825 4769 violatione
1884 4714 2072 4786 ipsius

421 4793 768 4849 emendavit.
806 4797 1172 4869 Fuerantque
1198 4799 1400 4872 viginti
1430 4817 1673 4872 corpora
1718 4806 1975 4858 extracta
2002 4804 2075 4858 de

423 4885 599 4947 terra,
633 4898 760 4952 qua:
789 4886 1017 4955 sepulta
1068 4888 1320 4953 fuerant,
1355 4889 1601 4945 durante
1649 4890 1958 4946 interdicto
1990 4892 2075 4947 di-

422 4972 536 5035 cto,
569 4968 628 5023 in
679 4975 1023 5029 ccemeteriis
1069 4977 1424 5044 memoratis,
1476 4982 1531 5032 ct
1581 4977 1950 5035 absolutione
1998 4980 2070 5035 ab

421 5055 693 5128 episcopo
719 5059 974 5127 obtenta,
1012 5064 1244 5119 fuerunt
1290 5082 1466 5136 super
1497 5071 1710 5122 terram
1755 5067 2067 5140 insepulta,

420 5162 728 5216 quousque
777 5164 968 5203 sermo
1021 5153 1306 5222 generalis
1357 5155 1542 5210 factus
1591 5155 1809 5211 fuisset.
1845 5157 1917 5212 ad
1967 5174 2067 5229 po-

417 5231 625 5306 pulum
680 5234 738 5289 in
787 5236 1034 5292 ecclesia
1089 5240 1147 5293 B.
1192 5241 1338 5296 Petri
1400 5243 1470 5297 de
1514 5244 1805 5300 Charitate
1858 5246 2063 5316 praedi-

417 5326 532 5393 cta,
591 5326 650 5378 et
706 5323 891 5380 missa
947 5342 1050 5396 pro
1121 5328 1408 5385 defunctis
1471 5332 1779 5388 celebrata.
1842 5334 2065 5398 Quibus

415 5411 501 5468 sic
532 5411 699 5481 actis,
731 5411 887 5468 dicta
908 5429 1150 5486 corpora
1171 5416 1405 5473 fuerunt
1424 5421 1827 5477 ecclesiastica
1851 5423 2067 5480 tradita

418 5500 754 5574 sepulturas.

487 5590 640 5653 Dum
668 5608 803 5651 vero
835 5597 1086 5668 quatuor
1115 5612 1401 5654 annorum
1433 5603 1489 5657 et
1527 5600 1777 5676 amplius
1809 5602 2063 5662 efﬂuxis-

2178 4625 2414 4698 Aprilis,
2448 4627 2636 4698 primo
2675 4626 2862 4683 noctis
2909 4627 3165 4695 silentio,
3215 4628 3399 4684 evasit
3443 4623 3655 4681 feliciter
3690 4627 3753 4666 ne'

2183 4716 2402 4787 quitias
2445 4715 2623 4787 hujus
2670 4716 2911 4785 mundi;
2944 4722 3002 4773 et
3048 4717 3185 4789 quia
3228 4734 3365 4773 cum
3411 4707 3660 4772 avunculo
3681 4714 3751 4757 suo

2182 4804 2454 4876 praedicto
2511 4805 2571 4859 in
2627 4805 3124 4861 Antissiodorensi
3182 4806 3428 4861 basilica
3485 4814 3628 4858 suam
3675 4790 3754 4846 ele-

2181 4896 2344 4965 gerat
2383 4892 2766 4964 sepulturam,
2817 4910 2952 4949 ossa
2999 4896 3126 4966 ejus
3173 4895 3244 4950 de
3291 4894 3517 4950 civitate
3560 4889 3753 4944 Romana

2180 4982 2251 5036 ad
2310 4981 2524 5037 dictam
2573 4982 2879 5038 basilicam
2930 4983 3251 5055 deportata,
3299 4983 3363 5038 in
3429 4981 3612 5037 eodem
3658 4980 3751 5024 cum

2179 5070 2456 5142 praedicto
2486 5070 2773 5127 avunculo
2805 5088 2912 5127 suo
2965 5072 3203 5127 fuerunt
3252 5072 3313 5127 in
3364 5088 3478 5127 uno
3525 5056 3752 5154 mausoleo

2172 5158 2488 5215 honorifice
2519 5159 2818 5216 collocata.
2852 5160 3014 5216 Sedit
3055 5160 3114 5215 in
3163 5161 3499 5233 episcopatu
3541 5151 3756 5241 Antissio-

2172 5247 2405 5304 dorensi
2463 5253 2687 5321 septem
2746 5249 2939 5316 annis,
2998 5249 3228 5306 duobus
3278 5248 3574 5305 mensibus
3609 5243 3751 5297 etei?

2173 5336 2317 5394 citer
2372 5337 2563 5393 tribus
2618 5337 3021 5407 hebdomadis,
3082 5337 3298 5395 illustri
3362 5355 3491 5412 rege
3554 5326 3753 5397 Philipp0

2173 5443 2419 5499 regnum
2448 5427 2801 5483 Francorum
2832 5428 3191 5484 moderante.
3213 5428 3497 5484 Dominus
3527 5438 3617 5498 per
3633 5423 3753 5472 suam

2173 5515 2424 5589 gratiam
2475 5519 2532 5570 et
2573 5516 3035 5575 misericordiam
3085 5516 3199 5573 sibi
3247 5517 3526 5575 concedat
3561 5504 3752 5584 requiem

2179 5605 2622 5681 sempiternam.
2650 5607 2855 5664 Amen.
