1907 3109
33 180 80 214 369
444 182 496 213 DE
519 182 655 214 GESTIS
677 181 800 213 EPISC.
824 181 1095 214 ANTISSIOD.-—
1109 181 1209 214 PARS
1229 180 1270 213 II.
1650 180 1711 214 370

33 252 84 277 tuor
107 250 257 276 conventus
282 248 430 282 ordinum,
457 249 680 280 monachorum.
696 249 827 276 videlicet
842 250 870 282 Α
886 249 1031 283 amabilis,
1049 249 1212 277 curialitate
1226 249 1342 285 plenus,
1353 247 1496 276 nobilium
1509 247 1611 277 duleas
1622 250 1711 285 atque

32 292 267 325 Carthusiensium,
284 295 312 321 et
329 293 400 320 alios
416 293 490 320 duos
506 293 642 320 ordinum
660 293 829 320 Mendican—

32 338 97 364 tium.
110 338 231 365 Tandem
243 338 278 365 ab
290 337 429 364 humanis
441 338 566 365 decessit
576 338 640 373 ejus
651 338 828 372 anima,cor-

32 390 120 418 pesque
134 382 194 417 ejus
208 382 393 417 deportatum
404 382 441 409 ad
454 382 550 409 locum
567 383 736 418 praedictum
754 383 829 410 inter

31 426 103 453 dictos
124 426 268 462 religiosos
296 426 485 453 tumulatum.
504 427 655 454 Promotus
677 427 730 454 fuit
750 436 827 454 anno

32 470 121 498 Domini
136 470 287 498 millesimo
304 471 511 498 trecentesimo
526 470 663 498 vicesimo
680 470 826 506 quinto,in

31 515 86 541 festo
98 515 219 542 omnium
233 516 420 548 Sanctorum,
437 515 473 542 ad
490 515 566 542 hanc
582 515 692 547 sedem,
707 517 734 542 et
748 516 824 543 vice—

31 559 86 586 simo
99 561 187 586 octavo
203 559 232 586 in
247 559 321 586 festo
337 559 501 586 Nativitatis
517 559 632 586 Domini
644 560 680 587 ad
694 559 825 587 cardina-

31 602 100 629 latum
115 612 121 629 :
136 603 173 631 sic
188 604 262 631 sedit
278 612 331 639 per
347 607 406 631 tres
423 612 514 631 annos
529 603 559 630 in
571 603 639 631 sede
654 604 823 639 episcopali,

30 647 83 674 obiit
95 650 181 674 autem
196 648 312 675 circiter
327 656 436 675 annum
455 648 645 675 millesimum
659 648 824 675 trecentesi—

30 699 90 718 mum
100 692 272 727 trigesimu’n
285 694 400 719 sextum
412 692 439 719 in
453 693 579 719 novitate
587 701 666 728 popm
678 693 823 720 Benedicti

29 735 170 763 duodecimi.
187 737 292 764 Fuerat
315 737 455 772 antiquus
477 737 574 764 socius
591 736 727 772 specialis
744 737 822 764 illius

31 780 104 815 magni
117 780 165 807 viri
180 789 266 816 quem
285 780 351 808 fecit
367 781 494 808 Joannes
512 789 586 816 papa
601 780 761 816 vigesimus
777 790 820 809 se-

29 825 117 852 cundus
129 825 274 858 excoriari,
292 825 425 853 videlicet
447 825 573 861 episcopi
590 825 796 861 Capturcensis
813 834 819 853 :

28 869 64 894 sed
78 869 207 904 sapienter
230 870 369 897 recedens
385 870 420 897 de
435 870 515 897 curia
531 870 566 897 ad
583 869 728 905 refugium
744 869 821 897 venit

28 911 53 938 ad
65 921 144 948 regem
160 914 285 941 Francia!
303 914 352 950 qui
377 913 475 950 ipsum
493 913 651 941 honorifice
668 914 775 949 recepit
790 914 819 941 in

28 964 134 992 magnum
155 958 353 985 consiliarium
371 961 398 985 et
415 958 601 994 postmodum
623 958 652 985 in
672 958 815 986 cancella-

27 1000 90 1033 rium,
103 1004 127 1029 et
137 1003 250 1030 tandem
267 1002 324 1030 fuit
340 1003 415 1039 regis
431 1005 635 1038 compaterzcx
651 1002 695 1030 his
706 1011 817 1039 proces-

26 1044 52 1072 sit
63 1054 105 1072 sua
118 1046 199 1083 digna
214 1047 361 1083 promotio
379 1047 525 1082 praedicta.

177 1091 243 1119 CAP.
263 1091 344 1119 LXX.
360 1107 393 1111 ——
411 1093 449 1119 De
467 1091 630 1118 Toleranda.

49 1133 202 1163 Talerandus
215 1136 297 1163 ﬁlius
307 1135 423 1163 comitis
434 1135 689 1172 Petragoricensis,
698 1135 815 1163 natione

23 1177 159 1212 Aquitania,
174 1179 378 1207 nobilissimus
397 1180 440 1207 vir
454 1180 568 1215 etjuris
584 1179 676 1207 civilis
691 1179 812 1215 peritus,

23 1222 149 1256 apostolica
162 1224 326 1260 provisione
344 1226 494 1259 promotus
519 1224 660 1251 successit
677 1224 814 1260 pra-dicto

23 1264 83 1293 Petro
93 1267 122 1294 de
133 1268 239 1296 Mortuo
254 1268 340 1295 Mari.
350 1269 411 1296 Non
428 1268 545 1295 intravit
561 1268 717 1301 civitatem,
729 1269 812 1304 quasi

21 1310 126 1338 continue
138 1312 241 1340 mansit
256 1313 404 1340 studendo
415 1313 444 1339 in
456 1313 542 1339 domo
553 1313 587 1339 de
599 1313 711 1340 Odanto
723 1321 812 1349 prope

21 1352 164 1388 Vcrziacum,
175 1365 239 1392 quae
254 1357 352 1384 fuerat
367 1356 511 1392 acquisita
527 1365 577 1392 per
588 1357 741 1384 dominum
757 1358 809 1384 Pe-

21 1398 77 1425 trum
90 1399 119 1427 de
133 1400 264 1437 Mornayo
282 1401 494 1437 supradictum,
509 1401 536 1428 in
553 1409 611 1436 qua
622 1401 717 1428 dictus
728 1401 810 1428 Tale-

22 1443 101 1470 randus
115 1446 268 1480 speciosam
287 1445 384 1473 aulam
397 1453 430 1472 ac
438 1453 584 1472 cameram
601 1446 730 1473 construi
744 1446 810 1473 fecit

21 1487 73 1513 etad
83 1496 145 1523 opus
155 1489 303 1517 studiendi
319 1498 410 1517 unum
427 1490 587 1517 claustrum
604 1491 680 1517 retro
695 1490 729 1517 ad
746 1498 809 1517 mo-

21 1528 70 1557 dum
82 1532 280 1568 religiosorum,
294 1536 322 1561 et
333 1533 371 1561 ibi
384 1534 509 1561 multum
519 1534 640 1569 profecit
652 1534 806 1561 studendo.

20 1571 112 1602 Demurn
126 1580 293 1613 assumptus
308 1577 337 1604 in
351 1577 528 1605 cardinalem
546 1580 654 1605 sancta}
671 1578 807 1605 Romanas

885 297 994 322 statum
1005 294 1130 321 multum
1143 294 1255 321 habens
1266 295 1381 330 gratum
1398 293 1515 329 pacifice
1527 293 1599 321 rexit
1610 294 1709 322 sedem

884 348 937 366 suo
946 341 1086 375 tempore,
1094 341 1212 374 excepto
1225 338 1316 374 litigio
1328 346 1433 374 magno
1446 338 1522 373 quod
1532 338 1634 365 habuit
1642 346 1708 366 cum

884 384 1028 420 religiosis
1047 385 1081 411 de
1098 384 1253 417 Charitate,
1268 383 1400 410 videlicet
1414 383 1508 418 priore
1522 383 1559 410 de
1573 382 1707 416 Boniaco,

882 437 934 464 pro
949 428 1064 455 duobus
1081 428 1194 455 clericis
1210 427 1339 463 Anglicis
1358 435 1432 462 quos
1447 426 1587 462 suspendi
1605 426 1709 454 fecerat

881 471 1054 507 praepositus
1076 472 1111 498 de
1138 471 1273 503 Boniaco,
1291 471 1367 498 unde
1391 470 1512 497 viriliter
1535 472 1708 505 prosecutus

881 516 989 543 factum
1006 516 1175 551 hujusmodi
1194 518 1311 551 propter
1334 515 1412 550 quod
1428 514 1511 542 misit
1526 514 1555 541 in
1571 514 1706 550 Angliam

880 561 954 588 duos
966 561 1101 596 providos
1113 560 1328 596 viros,quorum
1337 568 1413 586 unus
1423 558 1707 586 nominabaturBou-

880 605 995 632 tevilain
1013 605 1048 632 de
1062 604 1262 631 Antissiodoro
1285 605 1319 631 ad
1346 603 1554 639 inquirendum
1580 605 1608 630 et
1633 603 1705 630 refe-

879 650 1001 676 rendum
1012 649 1047 676 de
1064 649 1148 676 titulo
1164 648 1316 676 clericatus
1333 648 1361 675 in
1378 650 1491 675 tantum
1508 647 1584 683 quod
1602 647 1705 674 habuit

878 693 1025 729 expletum
1037 693 1170 728 justitizc,
1184 701 1234 728 per
1245 693 1355 720 curiam
1374 692 1547 719 Parlamenti
1564 692 1599 718 ad
1616 691 1703 719 hono-

878 737 1162 773 remjnrisdictionis
1174 736 1346 773 spiritualis.
1355 737 1405 763 Hic
1416 736 1595 763 consecravit
1606 736 1703 770 majus

877 782 967 810 altare
974 783 1003 810 S.
1011 781 1147 818 Stephani
1156 790 1231 809 anno
1240 781 1394 808 millesimo
1401 780 1604 807 trecentesimo
1617 779 1702 815 trige-

876 826 951 854 simo
959 829 1063 862 quarto
1074 825 1261 861 fundavitque
1270 833 1359 852 unam
1370 824 1561 860 capellaniam
1568 825 1603 851 ad
1611 824 1701 852 altare

876 871 905 898 S.
931 870 1047 898 Martini
1079 871 1107 897 in
1137 870 1245 897 Eccles.
1278 869 1386 896 Antiss.
1413 869 1448 896 de
1477 868 1579 904 viginti
1617 868 1700 896 libris

875 915 964 942 annui
981 917 1008 942 et
1024 914 1154 950 perpetui
1171 914 1302 941 redditus
1319 922 1406 948 super
1422 912 1556 948 pluribus
1572 921 1699 948 conque-

873 959 967 986 stibus
983 967 1034 995 per
1045 968 1112 986 eum
1125 959 1209 986 factis
1221 958 1249 985 in
1261 957 1467 993 Appoigniaco.
1481 957 1551 984 Item
1569 956 1700 984 fundavit

873 1003 1103 1030 anniversarium
1121 1011 1207 1030 suum
1224 1002 1259 1029 de
1268 1002 1369 1037 viginti
1384 1001 1466 1028 libris
1481 1000 1699 1028 Turonensibus

871 1048 960 1075 annui
973 1052 999 1075 et
1015 1047 1145 1083 perpetui
1164 1047 1295 1074 redditus
1310 1046 1420 1073 ibidem
1433 1044 1698 1080 percipiendis;hic

871 1093 984 1129 primus
994 1092 1156 1120 construxit
1167 1091 1294 1127 claperia
1306 1090 1508 1118 cuniculorum
1516 1089 1697 1124 Regcnnisin

870 1138 1013 1165 Garenna.
1026 1136 1199 1164 Translatus
1210 1135 1264 1163 fuit
1275 1135 1311 1162 ad
1323 1135 1422 1162 sedem
1431 1133 1696 1169 Rothomagensem

870 1190 946 1209 anno
962 1183 1015 1214 38;
1032 1181 1073 1209 sic
1089 1181 1162 1208 rexit
1177 1189 1229 1216 per
1243 1181 1306 1207 octo
1323 1187 1425 1206 annos.

1010 1226 1077 1253 Car.
1094 1224 1197 1252 LXXII.
1214 1240 1248 1244 —
1264 1227 1302 1252 De
1315 1225 1418 1252 Joanne
1433 1223 1550 1258 Blangy.

902 1271 1029 1298 Joannes
1045 1270 1080 1296 de
1096 1269 1260 1305 Rlangeriis
1285 1267 1520 1303 septuagesimus
1545 1266 1692 1294 secundus

866 1315 1031 1351 episcopus,
1044 1313 1160 1341 natione
1170 1313 1280 1347 Gallus,
1288 1311 1594 1348 patriaNormannica,
1604 1311 1693 1338 famo-

866 1367 917 1386 sus
924 1358 1064 1394 magister
1074 1357 1102 1385 in
1114 1357 1259 1392 theologia
1274 1357 1394 1384 studens
1406 1364 1439 1383 ac
1449 1356 1549 1391 legens
1560 1355 1688 1387 Parisiis,

865 1403 976 1430 domini
994 1402 1138 1430 Benedicti
1157 1410 1237 1437 papae
1252 1400 1417 1428 duodecimi
1434 1402 1512 1427 motu
1530 1399 1647 1435 proprio
1658 1398 1688 1426 in

864 1446 1055 1474 translatione
1070 1446 1180 1473 domini
1198 1444 1349 1481 Aymerici,
1367 1445 1517 1479 promotus
1531 1443 1642 1470 exstitit
1652 1443 1687 1470 ad

864 1492 961 1518 sedem
973 1490 1168 1526 episcopalem
1182 1489 1374 1517 Antissiodor.
1387 1496 1463 1515 anno
1472 1487 1586 1514 Domini
1598 1486 1690 1514 mille-

863 1536 938 1563 simo
955 1534 1158 1563 trecentesimo
1181 1534 1331 1570 trigesimo
1358 1534 1467 1560 octavo.
1485 1531 1595 1559 Memor
1609 1530 1687 1558 enim

862 1580 973 1607 exstitit
988 1579 1064 1615 quod
1084 1579 1200 1606 fuerant
1215 1578 1270 1614 ipsi
1297 1577 1382 1604 ambo
1407 1575 1642 1611 contemporanei
1658 1574 1686 1602 in

20 1616 130 1651 Ecclesia,
145 1620 171 1648 in
187 1630 243 1657 quo
259 1624 340 1649 statu
355 1622 558 1650 strenuissime
574 1631 605 1649 se
619 1622 723 1650 habuit
738 1623 805 1649 fuit-
822 1616 842 1648 C
862 1623 1120 1651 studioParisiensi
1131 1622 1160 1650 in
1172 1623 1250 1649 dicta
1261 1622 1383 1649 scientia
1394 1623 1422 1648 et
1433 1621 1462 1647 in
1471 1621 1535 1655 ejus
1547 1619 1687 1647 lecturam

20 1668 59 1695 que
67 1663 94 1689 ad
106 1665 195 1693 sedem
208 1666 493 1693 Antissiodorensem
506 1668 657 1702 promotus
668 1675 744 1693 anno
756 1666 808 1693 Do-

20 1705 70 1733 mini
84 1709 142 1735 1328
155 1712 183 1737 et
196 1710 358 1738 translatus
375 1710 409 1737 ad
430 1710 644 1737 cardinalatum
670 1719 745 1738 anno
762 1719 806 1737 se-

20 1751 93 1783 quenti
107 1752 253 1788 tricesimo,
261 1756 291 1782 et
306 1754 416 1781 vacavit
431 1755 514 1782 sedes
530 1754 613 1789 quasi
630 1763 681 1790 per
695 1763 805 1782 annum

19 1797 107 1828 propter
118 1799 348 1826 contrarietatem
377 1798 580 1833 promissionis
606 1799 759 1826 durantem
775 1799 804 1826 in

19 1841 92 1865 sancto
100 1840 211 1878 collegio
221 1842 409 1878 promovendi
418 1842 569 1869 dominum
578 1843 758 1878 Stephanum
771 1843 806 1870 de

20 1879 122 1919 Mornayo
139 1886 344 1914 cancellarium
361 1887 496 1919 Franciaz,
513 1887 563 1914 sed
581 1887 688 1914 multos
704 1887 807 1914 habuit

19 1925 172 1962 adversarios,
187 1930 251 1958 ideo
275 1933 429 1966 promotus
454 1931 508 1958 fuit
532 1931 590 1964 ille,
608 1932 658 1967 qui
674 1931 806 1967 sequitur

19 1975 71 2016 anno
84 1972 219 2009 trigesimo
236 1975 332 2011 primo
349 1975 377 2001 in
396 1975 467 2002 festo
483 1975 647 2002 Nativitatis
663 1975 778 2003 Domini
797 1984 803 2002 :

19 2020 46 2038 εις
55 2016 131 2044 solum
141 2019 212 2046 sedit
224 2019 408 2046 Talerandus
419 2019 534 2047 circiter
545 2022 603 2047 tres
614 2028 716 2047 annos.
729 2020 806 2047 Obiit

19 2058 139 2089 cardinalis
146 2071 219 2090 anno
234 2063 390 2091 millesimo
401 2063 607 2091 trecentesimo
624 2064 804 2099 sexagesimo

19 2106 250 2149 ‘lllﬁrtonepultus
266 2107 417 2139 Avenioni,
434 2110 461 2134 et
484 2108 603 2135 demum
628 2108 803 2135 translatum

19 2143 98 2192 dicitur
109 2158 207 2186 corpus
221 2152 257 2179 ad
276 2154 374 2187 partes
391 2160 469 2179 suas.
487 2152 550 2187 Ipse
567 2151 671 2188 legavit
686 2161 736 2188 pro
753 2161 804 2180 an—

18 2194 139 2221 niversario
167 2204 219 2223 suo
241 2196 392 2223 fundando
408 2196 437 2223 in
459 2196 587 2224 Ecclesia
610 2196 801 2224 Antissiodor.

19 2237 105 2264 rentum
120 2239 237 2267 florenos
253 2243 283 2268 ct
299 2240 387 2267 soluti
403 2243 481 2267 sunt.

170 2283 236 2311 CAP.
255 2284 349 2312 LXXI.
366 2300 399 2304 -α
415 2285 451 2311 De
466 2285 615 2320 Aymerico.

42 2323 183 2357 Aymericus
202 2328 367 2362 Guenaudi,
384 2329 499 2356 natione
522 2329 632 2361 Gallus,
650 2329 742 2365 patria
759 2330 803 2357 Pi-

18 2367 138 2413 ‘le‘i'vensis,
153 2372 388 2409 septuagesimus
399 2373 511 2408 primus
523 2373 686 2409 episcopus,
699 2374 742 2400 vir
753 2383 803 2401 no-

19 2406 65 2436 bilis
74 2420 174 2450 genere,
192 2417 316 2445 scientia
329 2419 358 2445 et
374 2417 515 2450 moribus,
533 2406 631 2454 legum
647 2406 803 2453 professor,

18 2455 165 2497 consiliarius
186 2461 285 2497 regius
309 2461 339 2488 in
364 2461 489 2497 hospitio
515 2462 593 2497 regio
617 2463 759 2496 residens,
776 2465 804 2490 et

17 2495 115 2527 ofﬁcium
130 2495 257 2539 Magistri
272 2495 485 2540 Requestarum
503 2495 638 2532 exercens
653 2514 704 2541 per
718 2495 805 2542 longa

17 2541 126 2588 teInpora.
137 2547 261 2576 Tandem
278 2557 345 2585 rege
359 2551 387 2576 et
404 2549 503 2585 regina
515 2549 762 2577 intercedentibus
773 2541 805 2577 et

17 2589 163 2633 ﬁngetttibus
173 2593 284 2620 meritis
296 2593 358 2620 suis
369 2595 521 2629 promotus
531 2595 576 2621 est
587 2594 621 2621 ad
633 2595 731 2622 sedem
742 2595 802 2622 An-

16 2628 216 2672 tissiodorensem
238 2639 306 2672 post
327 2628 497 2672 praedictum
513 2637 708 2666 'I‘alerandum
725 2647 802 2666 anno

17 2669 105 2719 Potnim
128 2679 278 2708 millesimo
303 2681 506 2709 trecentesimo
531 2682 679 2718 trigesimo
695 2684 800 2719 primo,

16 2713 113 2763 sabbato
128 2722 153 2750 in
167 2727 291 2759 quatuor
308 2725 502 2761 Temporibus
516 2713 586 2753 ante
598 2713 704 2754 festum
720 2713 801 2755 Nati;

16 2762 97 2798 Vitatis,
120 2768 241 2804 tempore
270 2769 382 2797 domini
410 2769 531 2797 Joannis
561 2779 640 2806 papae
669 2771 800 2807 vigesimi

16 2808 118 2837 Secundi.
134 2811 181 2840 Hic
196 2813 239 2840 vir
264 2813 362 2849 magni
385 2813 504 2842 honoris
528 2815 647 2849 exstitit,
664 2816 801 2844 omnibus

862 1670 1079 1700 concurrentes,
1088 1669 1115 1694 et
1124 1667 1211 1694 etiam
1222 1666 1345 1693 licentia:
1355 1668 1382 1692 et
1390 1665 1557 1692 doctoratus
1566 1663 1686 1691 insimul

861 1712 999 1739 honorem
1017 1714 1103 1747 atque
1119 1711 1233 1738 culmen
1249 1710 1357 1745 pariter
1371 1708 1495 1736 assecuti
1510 1717 1516 1741 ;
1532 1708 1639 1735 idcirco
1650 1708 1685 1735 de

862 1756 924 1792 ipso
940 1756 1057 1791 proprio
1074 1757 1152 1782 motu
1175 1754 1300 1790 providit
1323 1753 1456 1780 Ecclesiae
1480 1751 1638 1779 Antissiod.
1655 1752 1684 1778 in

861 1809 919 1836 qua
932 1803 1028 1827 tamen
1045 1807 1148 1835 parum
1166 1798 1238 1825 rexit
1254 1806 1368 1832 semper
1391 1796 1533 1823 anhelans
1559 1795 1684 1823 Parisios

861 1844 974 1871 reverti.
992 1845 1026 1871 Et
1041 1844 1077 1871 ob
1094 1843 1148 1870 hoc
1163 1846 1292 1877 tempore
1305 1840 1416 1868 domini
1432 1840 1589 1867 Clementis
1604 1848 1684 1875 papae

860 1889 896 1915 VI
908 1888 1068 1924 supradicti
1082 1887 1228 1914 Benedicti
1247 1894 1327 1922 papa:
1344 1884 1490 1913 undecimi
1506 1884 1684 1911 successoris

860 1933 948 1960 cessit
957 1931 1136 1968 episcopatui
1148 1939 1211 1964 suo,
1224 1933 1252 1957 et
1262 1932 1339 1957 certa
1356 1929 1494 1965 pensione
1506 1936 1557 1964 pro
1569 1927 1631 1963 ipso
1648 1928 1683 1955 ad

859 1977 947 2004 vitam
957 1976 1090 2003 ordinata
1100 1984 1116 2002 ιι
1128 1975 1194 2002 sede
1206 1974 1344 2010 praedicta
1356 1981 1488 2001 reversus
1499 1971 1625 1999 Parisios
1633 1980 1684 2007 pro

858 2021 917 2048 vita
929 2020 1154 2056 contemplativa
1167 2019 1309 2048 ducenda.
1326 2027 1393 2045 cum
1407 2026 1458 2053 per
1472 2016 1620 2051 navigium
1636 2024 1683 2043 ve-

859 2066 976 2093 heretur
998 2065 1106 2101 frigora
1126 2073 1230 2100 passus
1246 2066 1274 2091 et
1290 2063 1422 2094 rheuma,
1437 2061 1546 2089 febrem
1562 2059 1685 2087 incurrit

859 2110 1027 2137 continuam
1044 2108 1072 2135 in
1089 2116 1148 2143 qua
1163 2107 1282 2134 intravit
1302 2106 1427 2133 Parisios
1442 2108 1470 2132 ct
1486 2104 1560 2132 infra
1575 2112 1683 2139 paucos

859 2153 921 2180 dies
946 2152 1086 2188 expiravit
1100 2153 1127 2179 et
1144 2159 1249 2186 corpus
1273 2150 1337 2185 ejus
1359 2150 1387 2176 in
1414 2147 1535 2176 ecclesia
1560 2148 1682 2174 fratrum

858 2196 1108 2224 Carthusiensium
1127 2195 1311 2222 inliumatum
1329 2195 1383 2226 est,
1395 2195 1524 2228 tempore
1540 2190 1681 2226 paschali,

858 2250 934 2269 anno
952 2240 1106 2268 millesimo
1117 2238 1321 2266 trecentesimo
1330 2236 1555 2273 quadragesimo
1567 2235 1680 2270 quinto,

858 2294 957 2313 mense
974 2284 1063 2320 Aprili
1081 2292 1087 2311 :
1105 2283 1152 2310 hic
1168 2282 1243 2310 sedit
1257 2281 1372 2309 circiter
1386 2290 1435 2308 sex
1448 2288 1550 2307 annos.

978 2329 1045 2355 (Σλῐι.
1064 2327 1181 2355 LXXIII.
1198 2342 1229 2346 —
1246 2327 1282 2353 Dc
1298 2329 1376 2353 Petro
1391 2325 1423 2352 de
1439 2324 1562 2352 Villa-nis.

895 2374 995 2400 Petrus
1010 2373 1045 2400 de
1060 2371 1184 2399 Villanis
1200 2369 1433 2406 septungesimus
1447 2368 1682 2401 tertius,natioue

859 2418 969 2451 Gallus,
982 2417 1075 2453 patria
1085 2415 1316 2447 Normanniae,cx
1327 2413 1421 2450 gratia
1432 2413 1509 2441 sedis
1518 2411 1682 2448 apostolica

859 2471 910 2499 per
923 2462 1032 2498 praefati
1050 2460 1160 2488 domini
1179 2459 1299 2487 Joannis
1315 2459 1350 2486 de
1366 2458 1475 2494 Blangy
1490 2456 1683 2484 renuntiatio-

859 2515 925 2534 ncm
939 2508 1089 2542 promotus
1102 2506 1136 2533 ad
1150 2505 1249 2532 sedem
1260 2502 1454 2539 episcopalem
1466 2501 1683 2529 exstititvirno-

859 2551 938 2584 bilis,
954 2550 1097 2578 facundus
1120 2551 1148 2576 et
1171 2551 1320 2579 strenuus,
1338 2547 1400 2575 loca
1424 2546 1628 2574 fortalitiorum
1649 2546 1684 2573 de

858 2594 1003 2630 Regennis
1014 2596 1042 2620 et
1052 2593 1127 2620 Villa
1138 2592 1230 2620 Catuli
1243 2592 1385 2628 reparavit
1396 2593 1423 2619 et
1434 2591 1462 2618 in
1480 2591 1573 2618 forma
1585 2589 1684 2617 debita

858 2638 1062 2666 fortalitiorum
1080 2637 1177 2673 posuit
1192 2639 1220 2664 ct
1236 2637 1359 2664 munivit
1376 2635 1520 2663 machinis
1536 2633 1682 2671 gallandis

857 2686 884 2711 et
901 2682 1027 2714 fossatis,
1044 2684 1071 2709 et
1087 2682 1205 2709 demum
1222 2681 1382 2709 translatus
1403 2679 1513 2707 exstitit
1529 2679 1565 2707 ad
1582 2678 1680 2706 sedem

857 2728 1043 2755 Baiocensem
1066 2726 1142 2753 unde
1158 2728 1219 2753 erat
1235 2725 1387 2752 oriundus.
1406 2725 1522 2751 Fecerat
1537 2725 1631 2749 tamen
1651 2721 1678 2746 in

857 2773 942 2799 domo
952 2771 1056 2798 Odanti
1072 2770 1213 2805 capellam
1230 2772 1257 2796 et
1270 2777 1415 2797 cameram
1430 2776 1514 2804 opere
1530 2765 1614 2800 regali
1629 2772 1678 2789 no-

856 2815 1011 2844 bilissimo.
1030 2815 1080 2842 Hic
1096 2814 1228 2846 libertate
1248 2813 1365 2841 donavit
1380 2811 1514 2839 homines
1529 2811 1557 2837 ct
1572 2811 1677 2835 terram

1857 2768 1894 2779 ρ...
