3814 6218
408 316 524 382 371

1257 320 1588 382 APPEND.
1634 321 1738 381 AD
1786 319 1975 381 SzEc.
2022 317 2100 380 Χ.
2133 352 2211 361 ——
2244 317 2503 380 OPERA
2552 333 2949 383 ΑΔΕΣΠΟΤῙΚΛ.

3637 316 3721 381 3Ἶῆ

410 455 481 511 de
504 454 748 521 Odanto,
773 453 1068 510 mediante
1100 471 1293 510 annuo
1314 453 1537 509 redditu
1559 452 1713 507 bladi
1735 457 1781 508 et
1811 451 2058 507 aliorum
2090 455 2141 520 Α
2175 450 2348 523 logia,
2382 451 2546 522 prius
2578 451 2833 505 decanus
2866 447 3232 515 Parisiensis,
3253 448 3458 527 deinde
3491 448 3724 521 episcopus

409 560 514 617 per
543 542 808 617 singulas
840 543 1097 599 familias
1127 546 1185 600 et
1205 544 1432 608 domes,
1452 544 1552 598 sed
1588 558 1889 598 successor
1910 540 2062 596 infra

410 632 665 705 scriptus
697 648 759 688 se
789 631 1013 688 fortiter
1049 631 1321 703 opposuit
1351 630 1488 686 huic
1518 630 1878 687 concessioni
1911 634 1967 685 et
1995 647 2063 685 ex

412 721 771 777 causa.Cum
801 737 935 776 vero
960 720 1067 775 fuit
1089 720 1147 775 in
1171 721 1368 777 sedem
1403 719 1776 775 Baiocensem
1808 718 2061 774 transla-

412 812 532 878 tus,
559 813 800 881 urgente
820 825 1164 881 guerrarum
1188 809 1376 881 rigore
1399 807 1667 880 paenituit
1685 825 1747 863 se
1765 807 2063 863 dimisisse

414 897 665 971 primam
690 896 1234 965 sedem,translatus
1255 901 1449 953 autem
1472 896 1691 952 exstitit
1703 897 1773 951 de
1784 896 2063 951 Antissio-

414 985 647 1041 dorensi
669 986 740 1041 ad
768 985 1136 1042 Baiocensem
1170 985 1482 1041 Ecclesiam
1515 986 1671 1041 circa
1701 1001 1923 1040 annum
1955 985 2064 1039 Do-

415 1074 559 1130 mini
591 1074 968 1130 millesimum
1016 1075 1488 1131 trecentesimum
1543 1073 2062 1148 quadragesimum

414 1161 729 1234 septimum
757 1180 769 1217 :
808 1163 901 1218 hic
934 1163 1083 1219 sedit
1110 1163 1339 1219 circiter
1370 1168 1486 1219 tres
1513 1180 1698 1218 annos
1724 1180 1857 1218 cum
1890 1162 2063 1218 dimi-

413 1250 530 1306 dio.
565 1250 668 1306 Hic
698 1268 801 1324 per
830 1251 1100 1308 comitem
1148 1251 1720 1308 Antissiodorensem
1751 1251 1943 1307 solum
1976 1253 2062 1306 in-

411 1355 651 1411 gressus
708 1340 819 1396 fuit
867 1340 1158 1395 civitatem
1218 1340 1364 1395 hora
1411 1341 1738 1412 vespertina
1788 1340 2059 1396 Sabbato.

414 1428 477 1483 In
509 1428 765 1485 crastino
812 1432 1010 1485 tamen
1061 1429 1196 1485 fecit
1243 1428 1571 1485 convivium
1603 1428 1735 1485 aliis
1768 1428 2063 1485 nobilibus

414 1515 658 1573 minime
690 1516 988 1589 requisitis
1016 1523 1073 1573 et
1103 1517 1323 1573 insciis.
1360 1517 1492 1573 Fuit
1530 1517 1712 1591 igitur
1758 1522 2063 1590 promotus

414 1605 485 1660 ad
511 1606 710 1663 sedem
730 1606 882 1662 hanc
901 1606 1468 1663 Antissiodorensem
1487 1623 1590 1679 per
1611 1606 2062 1679 resignationem

416 1709 597 1765 supra
624 1695 887 1766 proxime
917 1695 1197 1768 scriptam
1226 1695 1470 1751 Joannis
1500 1696 1571 1751 de
1602 1695 1933 1768 Blangiaco,
1965 1712 2063 1751 an-

416 1798 491 1837 no
531 1782 763 1838 Domini
812 1783 1124 1839 millesimo
1154 1784 1561 1840 trecentesimo
1611 1784 2061 1856 quadragesimo
2095 1822 2141 1887 Β

415 1875 644 1942 quarto,
670 1889 828 1927 more
850 1872 1146 1929 Gallicano
1168 1872 1226 1927 in
1250 1872 1489 1928 hiemali
1508 1877 1768 1945 tempore
1797 1872 2065 1928 videlicet

413 1963 547 2030 post
577 1959 793 2016 festum
824 1961 1152 2017 Nativitatis
1184 1960 1435 2017 Domini.
1462 1962 1555 2017 Sic
1584 1962 1736 2018 sedit
1756 1962 1947 2017 tribus
1969 1979 2066 2016 an-

413 2046 505 2103 nis
527 2064 661 2103 cum
676 2048 951 2118 dimidio;
974 2049 1238 2122 sepultus
1261 2054 1349 2106 est
1371 2050 1619 2117 Baiocis,
1644 2050 1768 2106 dies
1786 2051 1940 2122 apud
1957 2067 2064 2106 nos

413 2152 529 2191 non
553 2140 642 2192 est
670 2141 844 2194 certa.

662 2226 797 2282 CAP.
830 2227 1061 2284 LXXIV.
1094 2260 1159 2268 —
1193 2233 1275 2284 De
1308 2229 1584 2285 Bernardo
1614 2230 1809 2285 Bruni.

481 2314 813 2370 Bernardus
842 2315 1020 2370 Bruni
1052 2317 1522 2389 septuagesimus
1553 2321 1798 2389 quartus
1837 2318 2058 2389 episco-

382 2402 757 2473 pus,natione
768 2403 2061 2477 Gallus,patriaLemovica,deepiscopatuMo-

410 2490 633 2546 rinensi
653 2490 977 2547 translatus
995 2492 1217 2548 exstitit
1252 2494 1322 2548 ad
1347 2494 1545 2549 sedem
1588 2493 2056 2552 Antissiodoren-

410 2593 533 2634 sem
547 2578 746 2634 statim
759 2584 891 2651 post
903 2579 1343 2637 translationem
1359 2583 1614 2654 proxime
1628 2583 1945 2655 supradicti
1960 2583 2058 2638 Pe-

407 2666 563 2721 tride
578 2667 1073 2725 Antissiodorensi
1099 2670 1234 2726 sede
1264 2672 1332 2726 ad
1361 2670 1920 2739 Baiocensem,anno
1942 2672 2054 2728 Do-

407 2754 555 2810 mini
576 2755 887 2814 millesimo
910 2758 1315 2816 trecentesimo
1337 2759 1786 2832 quadragesimo
1807 2760 2054 2832 septimo

404 2843 463 2898 in
478 2844 943 2903 Pentecoste.Hic
954 2847 1004 2902 vi
1012 2839 1502 2921 rantiquissimus
1514 2852 1571 2903 et
1582 2848 2053 2920 sapientissimus

403 2936 579 3005 atque
599 2934 931 2992 ditissimus
953 2935 1108 2992 ultra
1127 2954 1332 2993 omnes
1355 2937 1624 3009 praelatos
1650 2942 2051 3010 contempora-

401 3039 563 3088 neos,
589 3023 1036 3080 strenuissimus
1057 3025 1285 3097 jurium
1307 3025 1574 3082 Ecclesiae
1604 3030 1803 3082 custos
1831 3032 1889 3083 et
1917 3044 2049 3100 pro-

398 3116 650 3179 secutor,
680 3128 795 3168 non
852 3112 1091 3168 intravit
1135 3113 1426 3170 civitatem
1457 3132 1645 3170 suam.
1681 3115 1784 3170 Hic
1816 3115 2052 3187 incmpit

398 3198 698 3256 inﬁrmare
728 3199 1058 3257 libertatem
1089 3219 1267 3274 quam
1297 3203 1624 3259 contulerat
1651 3220 1797 3260 suus
1828 3205 2048 3275 praede-
2079 3188 2122 3254 (ἶ

397 3304 595 3344 cessor
622 3288 962 3346 hominibus
992 3295 1157 3346 terrae
1188 3292 1259 3347 de
1288 3291 1537 3363 Odanto,
1560 3295 1617 3347 et
1637 3293 1774 3365 quia
1802 3292 2047 3348 infirmi-

399 3379 515 3432 tate
546 3381 841 3453 gravatus,
875 3379 947 3434 de
977 3396 1093 3451 qua
1122 3380 1288 3448 obiit,
1321 3380 1601 3453 nequibat
1648 3387 1908 3454 tempore
1938 3399 2044 3438 suo

396 3464 614 3521 dictam
645 3465 808 3523 litem
838 3468 1154 3540 perducere
1184 3470 1255 3526 ad
1282 3474 1546 3542 optatum
1579 3470 1779 3541 ﬁnem,
1811 3470 2048 3543 reliquit

392 3553 451 3608 in
483 3572 589 3611 suo
622 3558 969 3613 testamento
1009 3557 1268 3631 legatum
1322 3558 1481 3615 mille
1529 3560 1882 3615 ﬂorenorum
1915 3560 2044 3616 auri

392 3643 717 3698 successori
740 3661 847 3699 suo
868 3644 1022 3699 infra
1042 3646 1258 3717 scripto
1292 3646 1349 3701 in
1377 3648 1844 3718 prosecutionem
1874 3647 2044 3704 dictae

393 3728 517 3784 litis
539 3735 741 3786 contra
761 3731 946 3787 dictos
971 3733 1238 3789 homines
1259 3739 1315 3789 et
1335 3740 1537 3790 contra
1558 3737 2041 3807 prmdecessorem

395 3833 571 3871 suum
603 3818 886 3874 duntaxat
915 3822 1352 3877 convertendos.
1387 3822 1534 3877 Huic
1573 3819 1697 3879 erat
1718 3826 1930 3881 modus
1954 3826 2042 3881 vi-

392 3905 562 3960 vendi
587 3905 721 3962 talis
750 3907 980 3978 quodin
1011 3913 1141 3963 ortu
1173 3909 1313 3965 solis
1345 3912 1685 3982 prandebat,
1710 3916 1766 3968 ct
1788 3918 1921 3969 ante
1939 3914 2041 3970 ho-

395 4009 523 4047 ram
571 4010 736 4048 nonae
780 3996 1064 4062 cmuabat,
1098 4014 1273 4069 quem
1321 3999 1561 4053 modum
1607 4017 1641 4055 a
1685 4001 2042 4057 nutrimento

384 4081 716 4153 juventutis
763 4087 972 4139 tenerae
1030 4085 1333 4141 dicebatur
1389 4088 1682 4159 accepisse
1721 4106 1755 4144 a
1787 4090 2041 4160 quodam

393 4170 678 4227 avunculo
701 4189 808 4228 suo
838 4172 1118 4230 cardinali
1150 4175 1250 4247 qui
1281 4176 1363 4230 sic
1393 4175 1638 4232 vivebat.
1672 4177 1827 4233 Obiit
1846 4183 2040 4234 autem

392 4259 452 4314 in
474 4264 664 4316 castro
695 4262 766 4317 de
783 4261 933 4317 Villa
957 4263 1163 4332 Catuli,
1179 4280 1333 4319 anno
1356 4264 1585 4320 Domini
1604 4264 1916 4322 millesimo
1932 4271 2042 4323 tre—

388 4349 706 4406 centesimo
728 4352 1178 4425 quadragesimo
1201 4352 1517 4409 nonocirca
1538 4354 1751 4410 festum
1776 4357 2039 4411 omnium

389 4438 757 4507 Sanctorum,
777 4444 834 4495 et
865 4440 973 4496 fuit
997 4458 1209 4513 corpus
1241 4458 1417 4497 suum
1449 4442 1523 4497 ad
1555 4443 1890 4500 Lemovices
1914 4461 2041 4516 por-

2171 539 2896 606 Silvauectensis,demum
2923 539 2994 594 ad
3027 539 3226 594 sedem
3251 538 3722 594 Antissiodorensem

2170 627 2491 684 translatus
2523 646 2556 683 a
2585 628 2824 683 domino
2856 626 3150 683 Clemente
3181 644 3327 700 papa
3354 627 3423 682 VI
3444 643 3532 699 per
3556 627 3720 682 obitum

2172 733 2350 789 supra
2378 716 2640 788 proxime
2672 715 2811 771 dicti
2845 716 3141 772 Bernardi.
3170 717 3409 771 Fuerant
3428 715 3563 770 enim
3588 715 3724 770 dictus

2171 804 2447 860 dominus
2494 822 2644 877 papa
2700 808 2757 860 et
2816 804 2940 877 ipse
2985 805 3443 876 contemporanei
3492 803 3543 858 in
3587 805 3724 859 studio

2171 892 2416 965 legendo
2448 898 2505 949 et
2534 894 2807 967 regendo,
2843 897 3125 965 erantque
3156 893 3543 966 compatriote.
3570 892 3649 947 Hic
3668 893 3725 947 vir

2172 1000 2291 1038 una
2321 999 2455 1038 cum
2488 981 2739 1038 scientias
2771 981 3109 1038 excellentia
3137 982 3325 1054 gratia
3352 982 3577 1037 maxime
3598 980 3726 1052 polle-

2172 1072 2273 1127 bat
2296 1071 2351 1126 in
2376 1070 2608 1143 loquela
2623 1071 2903 1143 omnique
2926 1074 3096 1143 gestu
3129 1069 3379 1125 multum
3403 1068 3630 1125 amabilis
3642 1068 3726 1122 uni-

2171 1160 2353 1216 versis
2385 1160 2760 1232 prudensque
2790 1164 2847 1215 et
2875 1158 3123 1215 callidus
3153 1158 3211 1213 in
3246 1157 3493 1231 agendis.
3522 1156 3604 1212 Hic
3627 1173 3728 1211 rece-

2173 1249 2287 1321 ptis
2302 1248 2458 1305 mille
2481 1249 2716 1305 ﬂorenis
2739 1266 2918 1321 supra
2940 1248 3201 1320 proxime
3220 1248 3389 1303 dictis
3408 1264 3499 1320 pro
3518 1245 3726 1318 litigando

2171 1342 2371 1393 contra
2409 1337 2678 1393 homines
2708 1338 2778 1392 de
2809 1337 3032 1393 Odanto
3081 1335 3317 1408 inccepit
3363 1350 3668 1409 perseverare
3689 1334 3726 1386 in

2173 1427 2327 1483 dicta
2349 1425 2467 1482 lite.
2488 1427 2751 1483 Tandem
2781 1425 3114 1481 amabiliter
3141 1428 3450 1481 tractatum
3479 1426 3528 1479 et
3552 1439 3724 1478 concor-

2170 1517 2372 1571 datum
2404 1515 2624 1571 exstitit
2644 1516 2797 1588 quod
2820 1533 3047 1572 annuos
3078 1514 3340 1570 redditus
3367 1513 3484 1570 loco
3510 1510 3728 1569 servitutis

2171 1609 2475 1661 creverunt
2495 1621 2671 1677 super
2700 1604 2960 1676 quolibet
2980 1604 3050 1659 de
3071 1603 3269 1676 aliqua
3289 1603 3548 1676 portione,
3570 1600 3634 1655 sic
3656 1598 3727 1653 fuit

2170 1692 2243 1749 lis
2254 1694 2525 1765 sopita,et
2539 1693 2734 1749 statim
2750 1697 3095 1765 assumptus
3106 1691 3325 1748 exstitit
3338 1688 3637 1756 cardinalis;
3654 1702 3727 1741 non

2172 1781 2405 1837 intravit
2435 1782 2748 1851 civitatem,
2776 1783 2877 1838 sed
2902 1782 2959 1837 in
2985 1799 3091 1839 suo
3123 1786 3355 1837 recessu
3386 1777 3729 1852 appropinqua-

2169 1870 2253 1925 vit
2275 1872 2541 1927 eamdem
2565 1872 2622 1925 in
2648 1871 2829 1943 pratis
2860 1888 3040 1944 prope
3064 1871 3281 1926 fontem
3304 1869 3481 1926 sancti
3497 1865 3728 1929 Amatoris,

2172 1965 2230 2015 et
2252 1959 2328 2015 ibi
2354 1960 2581 2034 egregie
2604 1958 2936 2032 praedicavit
2958 1964 3015 2014 et
3038 1977 3072 2015 a
3092 1959 3244 2016 clero
3262 1963 3321 2015 et
3349 1956 3544 2032 populo
3561 1956 3731 2011 honeste

2174 2048 2396 2121 accepit
2425 2052 2838 2105 commeatum.
2869 2048 3029 2104 Sedit
3070 2066 3174 2121 per
3216 2065 3435 2104 annum
3466 2061 3619 2101 unum
3642 2056 3731 2096 cum

2172 2137 2414 2194 dimidio
2442 2136 2666 2209 fuitque
2717 2144 3060 2211 assumptus
3101 2136 3414 2193 cardinalis
3443 2136 3496 2191 in
3523 2129 3730 2206 principio

2172 2226 2310 2282 anni
2341 2227 2812 2299 quinquagesimi
2844 2227 3015 2299 primi
3050 2226 3204 2282 circa
3248 2226 3458 2281 festum
3484 2217 3730 2279 Nativitatis

2170 2315 2399 2371 Domini
2427 2333 2440 2382 ;
2473 2315 2618 2370 obiit
2661 2320 2854 2371 autem
2902 2314 3219 2371 cardinalis
3252 2314 3313 2370 in
3344 2314 3496 2370 curia
3523 2313 3727 2369 Romana,

2168 2402 2435 2460 videlicet
2475 2403 2785 2470 Avenione,
2816 2420 3015 2459 mense
3065 2404 3413 2475 Septembri,
3444 2417 3577 2458 anno
3601 2395 3728 2453 mille-

2169 2492 2320 2547 simo
2372 2492 2778 2548 trecentesimo
2828 2491 3189 2564 sexagesimo
3239 2492 3446 2564 primo.
3476 2488 3565 2545 llic
3582 2482 3729 2558 legavit

2169 2596 2442 2653 magnam
2474 2598 2767 2637 summam
2803 2581 3153 2637 ﬂorenorum
3177 2580 3444 2637 Ecclesiae
3458 2572 3729 2634 Antissiodo-

2166 2670 2321 2725 rensi
2363 2687 2464 2741 pro
2522 2686 2627 2726 suo
2684 2669 3104 2737 anniversario,
3135 2670 3235 2726 sed
3269 2670 3644 2726 testamentum
3663 2661 3729 2715 ab-

2165 2757 2495 2813 sconditum
2529 2762 2616 2814 est
2632 2761 2689 2814 et
2713 2775 2829 2814 non
2861 2758 3055 2815 adhuc
3086 2758 3279 2831 potuit
3307 2758 3507 2814 veritas
3532 2747 3727 2809 inveniri.

2162 2846 2461 2918 Sepultum
2505 2851 2594 2903 est
2640 2864 2853 2920 corpus
2883 2847 2943 2903 in
2975 2846 3220 2904 ecclesia
3254 2848 3495 2903 fratrum
3523 2841 3730 2899 Praedica-

2162 2938 2377 2990 torum.

2524 3024 2655 3081 CAP.
2685 3025 2921 3081 LXXVI.
2952 3057 3021 3066 —
3055 3031 3133 3081 De
3161 3025 3443 3099 Audoyno.

2227 3114 2549 3185 Audoynus
2571 3114 3043 3187 septuagesimus
3074 3118 3298 3183 sextus,
3325 3114 3544 3169 natione
3569 3105 3730 3169 Gallus.

2160 3202 2350 3274 patria
2381 3203 2701 3272 Lemovica,
2735 3208 2907 3259 antea
2953 3203 3379 3270 Noviomensis,
3418 3206 3596 3276 postea
3619 3192 3734 3252 Pari-

2155 3290 2367 3347 siensis
2396 3291 2725 3364 episcOpus,
2752 3292 2990 3347 demum
3022 3292 3347 3349 translatus
3378 3293 3445 3347 ad
3478 3289 3642 3345 sedem
3658 3286 3733 3337 An~

2156 3378 2633 3436 tissiodorensem
2669 3380 2725 3435 in
2761 3380 3144 3437 translatione
3203 3380 3346 3436 dicti
3393 3377 3533 3437 Petri
3573 3372 3732 3449 prede-

2156 3468 2405 3524 cessoris
2426 3469 2497 3524 ad
2518 3468 2967 3536 cardinalatum,
2989 3468 3262 3525 videlicet
3285 3470 3343 3525 in
3366 3465 3619 3542 principio
3636 3457 3729 3516 anni

2154 3555 2366 3613 milles.
2398 3556 2790 3613 trecentesimi
2816 3556 3291 3630 quinquagesimi
3315 3556 3482 3631 primi
3509 3555 3561 3611 in
3577 3545 3732 3608 Nativi-

2153 3648 2270 3700 tate
2301 3645 2554 3700 Domini.
2590 3644 2692 3700 Hic
2721 3645 2809 3701 vir
2827 3651 2952 3702 erat
2984 3645 3208 3718 peritus
3232 3646 3293 3701 in
3317 3650 3549 3717 utroque
3568 3644 3673 3712 jure
3694 3637 3733 3689 et

2154 3733 2669 3802 consultissimus;
2705 3735 3051 3791 arbitratum
3110 3741 3313 3791 autem
3372 3732 3578 3791 exstitit
3610 3727 3666 3784 ab
3688 3738 3732 3779 eo

2154 3839 2286 3878 cum
2321 3839 2609 3879 consensu
2641 3823 2840 3879 decani
2893 3827 2951 3879 et
2997 3823 3238 3896 capituli
3296 3820 3595 3879 Antissiod.
3621 3811 3731 3887 quod

2153 3911 2379 3967 inutilis
2437 3915 2493 3966 et
2546 3912 2833 3968 damnosa
2889 3916 3014 3967 erat
3071 3913 3286 3968 domus
3344 3913 3414 3968 de
3456 3902 3731 3967 Belloreditu

2152 4004 2386 4073 propter
2433 4017 2677 4074 magnas
2727 4000 3159 4073 reparationum
3214 4001 3540 4065 missiones,
3569 3995 3733 4052 attenta

2152 4087 2485 4161 pluralitate
2533 4088 2841 4145 domorum
2891 4088 3317 4162 episcopalium
3350 4089 3504 4156 alibi,
3533 4091 3581 4143 et
3605 4092 3732 4156 prope

2150 4177 2557 4244 existentium;
2582 4177 2914 4233 ordinatum
2938 4183 3131 4234 tamen
3155 4178 3267 4233 fuit
3300 4179 3526 4235 retineri
3547 4176 3595 4229 in
3622 4172 3730 4227 statu

2152 4264 2383 4320 stabula
2411 4265 2583 4338 longa
2608 4265 2884 4338 duplicia.
2912 4266 3069 4321 Intra
3089 4258 3284 4322 aream
3313 4266 3476 4323 dictae
3504 4265 3731 4319 domusat

2150 4370 2432 4426 magnum
2481 4353 2784 4427 altumque
2834 4353 3054 4427 portale
3084 4353 3143 4408 in
3179 4353 3426 4411 introitu
3472 4355 3733 4410 domus,ac

2150 4458 2384 4514 parvam
2410 4443 2648 4497 domum
2667 4443 2820 4498 dicto
2842 4441 3048 4513 portali
3073 4442 3415 4516 contiguam
3431 4442 3499 4498 ad
3522 4434 3734 4508 recipien-

389 4530 577 4583 tatum
602 4531 660 4583 et
682 4527 1064 4585 tumulatum.
1091 4531 1252 4586 Sedit
1283 4548 1384 4602 per
1413 4530 1562 4586 duos
1594 4549 1779 4588 annos
1807 4536 1864 4587 et
1895 4550 2037 4604 qua-
2069 4550 2115 4614 D
2147 4531 2288 4586 dum
2336 4535 2539 4603 gentes
2593 4530 2848 4603 episcOpi
2910 4529 3048 4586 illuc
3083 4548 3184 4603 pro
3215 4532 3484 4588 venando
3512 4527 3589 4584 vel
3614 4523 3735 4614 aliter

388 4619 522 4668 tuor
552 4628 803 4671 menses.
840 4617 940 4672 Hic
973 4618 1226 4674 multum
1258 4618 1535 4691 diligebat
1567 4621 1934 4676 mansionem
1965 4621 2036 4676 de
2069 4611 2104 4614 ⁷
2147 4618 2508 4686 accedentes,
2542 4618 2680 4674 item
2732 4620 2971 4674 furnum
3003 4620 3076 4674 ab
3108 4618 3224 4674 alia
3251 4624 3419 4692 parte
3448 4613 3671 4692 portalis,
3695 4611 3733 4661 8i

389 4701 613 4757 Odanto
634 4707 690 4759 et
718 4704 1122 4761 circumcinxit
1150 4706 1343 4762 locum
1366 4711 1423 4763 et
1443 4708 1683 4764 domum
1707 4708 1957 4782 palliciis
1987 4714 2044 4765 et
2151 4707 2273 4762 hmo
2294 4707 2415 4763 visa
2436 4712 2576 4763 sunt
2597 4708 2864 4763 sufficere
2884 4724 2987 4780 pro
3008 4707 3212 4764 colono
3234 4713 3291 4763 et
3317 4707 3531 4765 familia
3549 4704 3611 4760 ad
3629 4712 3734 4771 opus

389 4790 621 4861 magnis
650 4792 911 4849 turribus
942 4799 998 4851 et
1027 4795 1289 4851 construi
1317 4795 1451 4850 fecit
1474 4796 1690 4853 ibidem
1711 4804 1830 4854 tres
1851 4802 2041 4854 turres
2150 4794 2495 4851 nutrimenti
2513 4794 3031 4867 pecorum,ibidem
3052 4794 3483 4853 collocandisin
3507 4795 3731 4849 futurum-

389 4877 740 4949 quadratas:
766 4898 880 4937 non
912 4883 1218 4939 deﬁciebat
1250 4884 1362 4940 nisi
1397 4901 1514 4939 una
1543 4885 1683 4957 quin
1719 4886 1926 4942 fuisset
1956 4885 2037 4941 ibi
2149 4881 2491 4938 Translatus
2527 4881 2633 4937 fuit
2654 4883 2726 4937 ad
2749 4882 3177 4938 cardinalatum
3211 4902 3318 4956 per
3348 4884 3503 4940 hunc
3530 4876 3733 4937 modum.

390 4963 728 5022 fortalilium
759 4971 1110 5040 quadratum
1140 4973 1326 5028 muris
1357 4974 1943 5045 correspondentibus
1966 4977 2039 5032 de
2147 4971 2285 5042 quia
2317 4969 2414 5025 illo
2445 4974 2703 5042 tempore
2732 4975 2899 5026 erant
2949 4972 3063 5027 duo
3102 4971 3436 5029 cardinales
3465 4970 3566 5027 sub
3595 4960 3735 5021 nomi-

390 5058 551 5108 turre
576 5055 646 5109 ad
682 5058 910 5123 turrim,
946 5060 1045 5114 se]
1096 5065 1283 5116 totum
1333 5060 1442 5117 hoc
1489 5062 1602 5118 fuit
1631 5068 1763 5135 post
1794 5064 2033 5120 modum
2146 5058 2378 5116 natione
2396 5058 2910 5125 Antissiodorensi,
2934 5059 3200 5116 videlicet
3220 5059 3578 5117 Talerandus
3594 5054 3737 5110 Petra-

388 5142 753 5199 destructum
800 5149 1058 5218 tempore
1105 5165 1447 5220 guerrarum
1497 5150 1735 5207 domino
1784 5151 1953 5207 Iterio
1980 5152 2036 5208 la
2142 5147 2462 5222 goricensis
2491 5152 2547 5202 et
2573 5147 2775 5202 Petrus
2808 5148 2878 5202 de
2900 5150 3093 5204 Croso.
3117 5148 3468 5205 Translatus
3490 5135 3735 5202 exstititad

387 5229 628 5285 Jarossa
681 5231 962 5291 existente
1018 5252 1311 5307 episcopo,
1362 5241 1427 5292 ut
1477 5237 1722 5295 inferius
1775 5241 2033 5297 contine-
2144 5238 2341 5294 sedem
2374 5234 2867 5309 Magalonensem,
2892 5252 3043 5291 anno
3077 5236 3564 5310 quinquagesimo
3590 5226 3737 5287 ter‘LiO.

389 5321 507 5374 tl"-
2146 5342 2305 5382 more
2361 5323 2532 5380 curia
2585 5325 2857 5379 Romanae
2899 5323 2957 5379 in
2990 5325 3298 5381 Nativitate
3353 5322 3596 5387 Domini,
3619 5328 3737 5373 mor?

2145 5419 2339 5471 autem
2373 5412 2667 5470 Gallicana
2699 5430 2852 5469 anno
2881 5413 3377 5487 quinquagesimo
3423 5409 3672 5471 secundo,
3696 5402 3736 5455 in

2146 5505 2291 5560 festo
2333 5501 2760 5558 Puriﬁcationis
2805 5503 2986 5559 beatae
3037 5502 3250 5569 Mariis,
3285 5501 3552 5576 sequenti
3596 5499 3737 5553 factus

2145 5589 2460 5649 cardinalis
2490 5595 2546 5646 et
2575 5590 2657 5646 sic
2689 5591 3022 5647 nominatus
3054 5592 3166 5647 fuit
3195 5590 3514 5649 cardinalis
3543 5581 3738 5659 Magaw“

682 5407 811 5465 CAP.
845 5410 1052 5466 LXXV.
1086 5444 1154 5452 —-
1181 5414 1255 5468 De
1284 5415 1437 5470 Petro
1468 5415 1533 5471 de
1562 5418 1741 5472 Croso.

463 5498 661 5555 Petrus
692 5499 764 5555 de
792 5498 969 5555 Croso
1000 5501 1469 5572 septuagesimus
1499 5504 1764 5577 quintus,
1802 5508 2038 5563 natione

389 5585 610 5658 Gallus,
636 5587 821 5659 patria
843 5588 1164 5657 Lemovica,
1187 5589 1471 5647 excellens
1501 5591 1781 5665 magister
1800 5594 1855 5650 in
1876 5595 2034 5651 theo-
