3810 6214
59 388 157 451 377

903 380 1005 444 DE
1050 364 1323 443 GESTlS
1368 380 1612 442 ιειηεσ.
1662 381 2197 447 ANTISSIOD.-—
2226 385 2428 449 rans
2469 384 2546 449 ιι.

3248 346 3279 372 δ

3312 383 3432 447 3‘18

64 516 872 592 dictusepiscopusorationem
886 514 1150 573 altavoce
1171 513 1672 587 protulit.Sicpos-
1698 519 1753 584 Α
1784 515 1840 570 in
1866 521 2055 573 castro
2087 535 2194 575 suo
2216 519 2375 574 Villze
2406 519 2616 587 Catuli,
2647 522 2703 576 et
2732 519 2843 575 fuit
2874 519 3193 576 adductum
3216 536 3429 593 corpus

64 610 342 668 sessionem
386 624 489 681 per
528 608 815 661 decanum
847 610 1173 672 assecutus,
1199 604 1282 659 sic
1306 608 1674 659 recesserunt

63 700 285 766 ambo,et
314 698 633 753 comitatus
665 712 856 768 regem
885 696 959 751 ad
992 694 1183 749 locum
1215 710 1331 765 quo
1348 693 1671 765 hospitatu-

64 808 141 845 rus
167 794 294 853 erat,
319 786 571 843 accessit
590 785 898 858 episcopus
920 785 989 839 ad
1015 785 1253 839 domum
1280 780 1669 853 episcopalem

61 879 105 933 in
121 877 388 950 proposito
406 874 743 931 celebrandi
769 874 1001 928 ordines
1025 873 1082 927 in
1105 870 1671 928 crastino.Prmdieta

62 967 184 1022 enim
213 966 354 1021 facta
384 966 628 1021 fuerunt
656 964 747 1019 die
774 962 1015 1018 Veneris
1049 966 1178 1035 post
1224 963 1435 1016 festum
1487 960 1667 1014 beatae

62 1054 241 1119 Lucias;
267 1054 361 1109 sed
392 1051 452 1106 in
480 1053 739 1107 crastino
766 1068 898 1124 rege
945 1049 1299 1107 accolerante
1349 1065 1668 1115 recessum,

61 1160 167 1198 cum
194 1143 368 1215 patria
398 1145 455 1197 et
486 1140 791 1213 potissime
822 1140 1026 1194 civitas
1058 1140 1246 1194 multa
1274 1138 1458 1193 ardua
1489 1137 1668 1193 habe-

63 1236 163 1286 rent
187 1248 341 1303 agere
373 1246 515 1301 erga
549 1228 972 1300 regem,dictus
1004 1227 1313 1299 episcopus
1347 1227 1406 1280 in
1438 1226 1548 1280 hoc
1569 1242 1665 1279 va-

62 1319 180 1373 cavit
204 1325 253 1373 et
280 1319 349 1374 ob
379 1318 435 1372 id
469 1316 790 1389 impeditus
811 1317 1047 1371 ordines
1071 1315 1312 1370 minime
1334 1314 1664 1381 celebravit,

63 1409 139 1462 sed
165 1408 420 1461 comitate
446 1424 584 1477 rege
607 1423 794 1477 usque
815 1406 885 1459 ad
912 1408 1179 1460 sanctum
1207 1402 1669 1473 Priscum,rediit

64 1496 192 1551 tarde
216 1496 266 1550 in
299 1496 642 1567 prandio,et
671 1498 803 1565 post
832 1492 989 1549 misit
1020 1494 1091 1549 ad
1126 1497 1394 1548 sanctum
1427 1493 1666 1547 Germa-

63 1600 172 1637 num
192 1601 282 1654 pro
308 1584 597 1639 habendis
614 1583 880 1655 pastibus
900 1582 1322 1649 eonsuetis,sed
1346 1581 1417 1635 ad
1441 1579 1667 1653 religio-

63 1671 791 1745 sorumrequestam,posuit
811 1688 908 1726 eos
923 1672 980 1725 in
996 1669 1333 1725 suffercntia
1355 1674 1410 1724 et
1426 1669 1664 1725 demum

62 1762 397 1832 compositum
432 1760 662 1816 exstitit
691 1760 843 1814 inter
872 1760 1053 1832 ipsos.
1091 1763 1156 1813 In
1190 1757 1445 1814 crastino
1469 1761 1663 1812 autem

62 1847 349 1920 hujusmodi
367 1850 463 1905 die
484 1849 765 1905 introitus
787 1849 879 1904 sui
902 1847 1159 1919 praedicti
1179 1846 1664 1902 venitot‘ticiarius

61 1938 403 1993 archidiaconi
438 1956 580 1993 cum
614 1955 731 1992 uno
764 1930 1041 1992 canonico
1073 1936 1391 1991 Senonensi
1436 1940 1492 1989 et
1532 1935 1665 1989 fecit

62 2027 438 2096 querimoniam
469 2028 544 2083 de
577 2026 1065 2081 inthronizatione
1106 2024 1360 2095 praedicti
1409 2022 1663 2095 episcopi

62 2131 198 2183 quam
228 2118 520 2172 asserebat
540 2120 804 2187 spectare
827 2115 1016 2170 solum
1050 2115 1121 2169 ad
1154 2113 1459 2168 dominum
1487 2129 1661 2168 suum

61 2201 508 2269 archidiaconum,
542 2204 668 2268 Quo
698 2202 1359 2271 audito,consultatione
1392 2203 1543 2257 facta
1564 2217 1660 2254 su-

61 2307 138 2360 per
160 2292 274 2358 hoc,
305 2294 556 2349 accessit
598 2293 773 2347 tertia
800 2293 893 2348 die
926 2309 1096 2347 mane
1145 2291 1214 2346 ad
1244 2290 1571 2356 ecclesiam,
1607 2293 1663 2343 et

61 2394 139 2449 pro
155 2381 273 2449 jure
292 2380 693 2437 archidiaconi
714 2381 1108 2436 conservando
1132 2380 1324 2434 dictus
1345 2377 1661 2433 ofﬁciarius

60 2473 101 2520 et
120 2469 343 2526 vicarius
373 2469 776 2526 archidiaconi
805 2469 1000 2541 posuit
1028 2468 1221 2540 ipsum
1245 2467 1582 2539 episcopum
1600 2465 1660 2519 in

60 2556 286 2612 cathedra
312 2558 566 2631 lapidea,
603 2576 732 2630 qua:
762 2563 851 2613 est
899 2574 934 2612 a
980 2561 1143 2628 parte
1192 2556 1393 2610 dextra
1437 2553 1656 2622 altaris,

60 2648 381 2713 postmodum
402 2648 576 2720 petiit
592 2663 772 2701 unam
795 2645 1092 2701 marcham
1113 2645 1237 2700 auri
1263 2661 1364 2716 pro
1385 2643 1660 2716 praedicto

60 2733 414 2791 archidiacono
465 2754 537 2792 ex
590 2752 769 2790 causa
817 2732 1323 2789 inthronizationis
1353 2731 1656 2804 prmdictze.

60 2819 168 2876 Item
190 2841 282 2895 pro
311 2825 436 2897 ipso
467 2824 668 2880 officio
700 2823 998 2879 merebam
1031 2821 1339 2896 argenti,et
1358 2821 1550 2876 dictus
1571 2837 1662 2875 ca-

59 2910 257 2968 nonicus
284 2914 525 2969 totidem
558 2930 632 2969 ex
655 2912 1078 2969 consuetudine
1108 2911 1379 2981 antiqua;
1404 2927 1530 2981 quae
1556 2926 1658 2981 pe-

61 2997 153 3054 titio
182 3000 277 3056 fuit
303 3001 495 3074 posita
524 3003 586 3057 in
619 3000 1033 3056 deliberatione
1064 3008 1115 3055 el
1154 2999 1426 3072 promisit
1474 2999 1660 3052 facere

62 3088 177 3156 quod
206 3094 347 3145 esset
366 3090 641 3146 rationis.
657 3088 959 3145 Dominica
978 3104 1111 3143 vero
1139 3084 1402 3158 sequenti
1425 3101 1532 3140 suo
1550 3082 1661 3139 col-

58 3172 173 3246 legio
194 3176 314 3233 fecit
342 3178 698 3243 convivium,
713 3182 768 3231 et
789 3178 879 3232 die
900 3176 1051 3232 lunze
1072 3179 1310 3231 secutus
1334 3174 1443 3229 fuit
1464 3189 1657 3245 regem

1781 607 1910 675 ejus
1930 606 2398 663 Antissiodorum
2422 614 2479 664 et
2507 607 2825 665 honorifice
2855 609 3151 680 sepultum
3176 610 3235 665 in
3253 609 3428 666 choro

1780 711 1813 749 ιι
1844 699 2005 766 parte
2031 696 2231 751 dextra
2261 714 2436 769 prope
2467 698 2636 752 sedes
2667 698 2848 753 chori.
2873 696 3067 752 Prima
3095 702 3186 752 est
3206 714 3314 752 sua
3335 714 3428 752 se-

1780 782 2017 855 pultura
2035 801 2067 838 a
2088 790 2247 856 parte
2265 785 2634 856 superiori,et
2649 802 2782 841 eum
2798 788 3102 858 promotus
3120 786 3188 839 ad
3205 785 3424 841 dictam

1780 871 1976 925 sedem
2009 872 2234 937 fuisset,
2267 890 2419 929 anno
2452 873 2798 945 praecedenti
2820 872 2974 928 circa
3003 873 3221 928 festum
3274 872 3427 928 beati

1776 959 2020 1016 Joannis
2051 961 2343 1032 Baptistae,
2376 963 2641 1035 sequitur
2670 963 2825 1034 quod
2875 962 3027 1017 sedit
3075 960 3269 1016 solum
3326 978 3429 1033 per

1778 1066 1961 1103 unum
1993 1066 2213 1105 annum
2246 1056 2302 1105 et
2331 1050 2559 1106 circiter
2590 1052 2737 1107 duos
2769 1068 3019 1106 menses.
3054 1049 3157 1105 Hic
3188 1049 3429 1122 reliquit

1777 1154 1880 1210 pro
1911 1155 2016 1194 suo
2046 1138 2442 1195 anniversario
2474 1139 2737 1195 Ecclesiae
2768 1139 3086 1195 Antissiod.
3122 1140 3321 1194 decem
3355 1137 3425 1193 li-

1777 1226 1911 1282 bras
1945 1228 2125 1282 annui
2155 1229 2437 1285 redditus.

2060 1318 2191 1373 CAP.
2226 1319 2426 1373 LXXX.
2459 1350 2526 1359 —-
2561 1323 2636 1374 Dc
2666 1320 2819 1374 Petro
2852 1320 3137 1390 dymomls.

1848 1406 2051 1459 Petrus
2081 1407 2359 1478 Aymonis
2390 1407 2824 1477 octuagesimus
2851 1405 3423 1478 episcopus,natione

1774 1493 1993 1562 Gallus,
2028 1496 2099 1549 de
2134 1495 2404 1550 Alvcrniaa
2437 1496 2702 1567 partibus
2732 1495 3212 1564 oriundus,juris
3234 1493 3422 1549 civilis

1773 1583 1975 1637 doctor
2004 1588 2057 1637 et
2088 1584 2157 1638 de
2187 1584 2380 1639 ofﬁcio
2401 1585 2861 1640 subdiaconatus
2883 1583 3103 1639 domini
3134 1600 3293 1655 papa
3316 1583 3421 1638 Ur-

1775 1671 1908 1726 bani
1933 1672 2123 1743 quinti
2147 1678 2441 1745 sumptus,
2459 1677 2760 1745 promotus
2782 1672 2892 1727 fuit
2913 1673 2983 1727 ad
3018 1670 3418 1743 episcopatum

1773 1760 2116 1831 hujusmodi
2164 1779 2267 1834 per
2315 1763 2654 1834 praedictum
2705 1762 3145 1817 sanctissimum
3191 1759 3420 1814 Patrem

1773 1849 2075 1905 dominum
2096 1850 2395 1905 Urbanum
2416 1850 2687 1922 quintum
2721 1851 2777 1905 in
2810 1866 2919 1906 sua
2940 1865 3088 1905 nova
3108 1847 3418 1914 creatione,

1773 1955 1926 1993 anno
1959 1939 2185 1993 Domini
2228 1938 2538 1995 millesimo
2582 1938 3009 1994 trecentissimo
3057 1936 3419 2009 sexagesimo

1772 2027 2049 2091 secundo,
2083 2027 2313 2081 circiter
2360 2027 2571 2083 festum
2620 2026 2895 2083 Omnium
2948 2027 3318 2091 Sanctorum,
3364 2029 3422 2080 et

1772 2115 1885 2170 fult
1914 2114 2008 2169 hic
2042 2115 2245 2171 Petrus
2277 2115 2467 2187 prima
2496 2132 2744 2186 persona
2765 2131 2939 2186 quem
2973 2112 3259 2186 promovit
3292 2113 3417 2184 ipse

1770 2220 1921 2275 papa
1940 2202 1996 2257 in
2016 2202 2438 2275 episcopatum.
2458 2204 2561 2259 Hic
2587 2203 2695 2258 fuit
2714 2202 3159 2268 honorabilis,et
3178 2201 3418 2256 cerimo-

1771 2291 1942 2346 nialis
1973 2292 2033 2346 in
2064 2291 2189 2347 suis
2216 2292 2385 2347 factis
2417 2296 2535 2347 tam
2568 2291 2979 2348 ecclesiasticis
3008 2307 3185 2363 quam
3240 2306 3417 2344 mun-

1771 2380 2198 2445 danis,morum
2230 2380 2608 2436 honestorum
2642 2385 2698 2435 et
2728 2379 2992 2452 dapsilis,
3026 2377 3412 2450 aﬂ'abilisque.

1768 2467 1990 2541 Quippe
2013 2469 2270 2524 nutritus
2291 2474 2415 2524 erat
2434 2468 2493 2523 in
2518 2470 2680 2524 curia
2703 2470 2965 2523 Romana
2988 2472 3107 2522 tam
3125 2466 3280 2522 circa
3297 2483 3417 2521 car-

1768 2557 1996 2613 dinales
2027 2575 2205 2629 quam
2237 2558 2389 2613 circa
2420 2575 2686 2614 summos
2719 2556 3276 2630 pontitlces,quibus
3307 2555 3417 2610 vir-

1768 2646 1994 2700 tutibus
2026 2647 2319 2718 praedictis
2350 2647 2733 2705 invitantibus
2761 2647 2980 2702 electus
3011 2644 3414 2718 quampluries

1767 2733 1989 2789 exstitit
2018 2734 2077 2788 in
2098 2734 2263 2790 factis
2286 2736 2560 2791 maximis
2584 2735 2745 2808 regni
2775 2736 3153 2804 ambasiator,
3182 2749 3286 2790 seu
3322 2748 3413 2787 so-

1767 2821 1981 2877 lemnis
1998 2822 2326 2889 nuntius,et
2343 2841 2493 2895 sazpe
2515 2823 2676 2880 solus
2698 2823 2823 2879 sine
2845 2822 3000 2879 socio
3020 2839 3160 2894 erga
3179 2837 3411 2893 papam,

1767 2912 2200 2984 imperatorem,
2233 2929 2428 2985 regem
2458 2912 2679 2985 Angliaa
2726 2927 3040 2984 regemque
3082 2909 3410 2982 Hungariaa,

1767 2999 1825 3054 in
1859 3001 2076 3072 quibus
2106 3002 2335 3056 actibus
2366 3001 2584 3072 pleries
2615 3006 2671 3054 et
2693 2999 3098 3071 multipliciter
3124 3001 3412 3064 versatus,

1765 3088 1825 3143 in
1857 3094 2075 3144 secreto
2108 3088 2326 3145 domini
2360 3090 2540 3145 nostri
2574 3088 2725 3163 regis
2756 3088 3000 3145 consilio
3047 3086 3270 3144 exstitit
3308 3084 3410 3140 ho-

1767 3175 2003 3235 norifice
2034 3176 2370 3233 collocatus.

59 3261 101 3315 in
126 3264 498 3338 Burgundiam
533 3271 596 3323 et
625 3265 705 3321 ibi
736 3283 838 3337 pro
860 3282 993 3338 rege
1022 3264 1169 3319 rexit
1199 3280 1332 3319 cum
1365 3262 1493 3317 aliis
1535 3278 1658 3316 ma-
1689 3249 1732 3315 C
1841 3264 2026 3335 Hujus
2056 3270 2315 3337 tempore
2342 3282 2573 3338 semper
2601 3267 2838 3321 fuerunt
2866 3270 3109 3339 guerraa,
3140 3261 3413 3318 viriliter-

58 3350 351 3415 gistratibus
380 3357 670 3411 ducatum
704 3371 890 3426 usque
921 3355 991 3409 ad
1027 3369 1279 3425 sequens
1324 3350 1661 3406 immediate

58 3437 229 3496 festum
275 3443 745 3500 Resurrectionis
788 3442 1121 3506 Dominicis,
1156 3440 1467 3513 incipiente
1506 3456 1659 3494 anno

57 3525 242 3586 Domini
259 3533 574 3589 millesimo
584 3531 990 3596 trecentesimo
1003 3530 1364 3603 sexagesimo
1379 3528 1656 3595 secundo;

57 3631 274 3675 reversus
301 3623 501 3677 dictus
530 3621 842 3693 episcopus
872 3621 942 3675 de
973 3618 1314 3692 Burgundia
1352 3616 1570 3673 mansit
1596 3616 1656 3671 in

53 3704 336 3779 episcopatu
364 3710 592 3765 faciens
612 3708 847 3763 ordines
876 3710 931 3762 et
951 3706 1067 3762 alia
1087 3704 1414 3761 ministeria
1433 3704 1654 3776 episco-

54 3792 452 3859 palia,culturas
484 3797 756 3852 reﬁciens
786 3795 843 3849 in
866 3794 1037 3851 terris
1067 3798 1125 3849 et
1153 3793 1357 3861 vineis,
1378 3792 1657 3849 fortalitia

53 3882 95 3931 et
115 3881 211 3937 alia
236 3886 475 3941 mdiﬁciu
502 3883 949 3957 diligentissime
972 3900 1248 3957 reparans
1269 3900 1336 3937 ac
1357 3881 1650 3936 muniens:

51 3969 93 4018 et
114 3966 239 4025 inter
260 3976 461 4028 cetera
485 3972 782 4027 redimens
804 3974 1062 4026 castrum
1087 3986 1262 4026 suum
1284 3968 1446 4023 Villae
1467 3967 1652 4023 Catuli

53 4052 103 4107 de
123 4059 370 4116 manibus
399 4061 643 4116 illorum
670 4060 769 4134 qui
800 4060 944 4115 illud
975 4060 1250 4114 tenebant
1279 4059 1352 4113 de
1390 4061 1652 4128 tempore

51 4144 496 4207 Pwdecessorum
530 4152 590 4204 et
607 4148 849 4203 reddere
880 4146 1332 4226 renuebant,.eis
1363 4145 1534 4201 solvit
1564 4161 1654 4200 oc-

53 4227 266 4302 tingenta
293 4242 459 4292 scuta
492 4236 642 4301 auri,
675 4251 781 4291 nec
813 4252 927 4292 non
958 4252 1061 4308 pro
1093 4240 1247 4291 terra
1275 4251 1383 4289 sua
1426 4234 1497 4289 de
1534 4234 1648 4289 To-

53 4315 176 4375 ciaoo
202 4323 361 4380 solvit
407 4324 749 4381 tenentibus
794 4323 1004 4379 turrim
1054 4322 1193 4378 dicti
1232 4322 1341 4378 loci
1373 4339 1649 4395 magnam

56 4400 355 4469 ﬂorenorum
384 4428 711 4469 summam.

105 4496 297 4559 Quibus
317 4502 465 4557 actis
489 4500 747 4556 existens
768 4499 824 4555 in
851 4504 1043 4559 castro
1065 4516 1170 4555 suo
1189 4500 1464 4571 praedicto
1484 4499 1647 4555 Villae

1768 3368 1881 3424 que
1911 3357 1967 3407 et
1996 3370 2129 3407 cum
2161 3355 2393 3427 magnis
2424 3354 2806 3410 missionibus
2839 3352 3116 3409 custodiri
3150 3351 3284 3407 fecit
3305 3367 3413 3406 sua

1767 3440 2376 3511 fortalitia,potissime
2405 3459 2538 3497 vero
2553 3443 2957 3513 Regennarum
2980 3444 3037 3497 et
3056 3439 3216 3494 Villae
3238 3437 3411 3494 Catu-

1766 3527 1890 3595 li,et
1916 3529 2169 3599 reparari
2198 3528 2519 3600 hospitium
2552 3528 2879 3601 episcopale
2907 3527 3411 3584 Antissiodorense

1765 3620 1822 3670 et
1849 3615 2119 3671 similiter
2139 3617 2378 3671 domum
2404 3634 2572 3673 suam
2596 3616 2986 3689 episcopalem
3003 3614 3409 3680 Parisiensem,

1764 3703 2016 3759 multum
2046 3704 2315 3760 amabilis
2345 3710 2520 3777 atque
2551 3704 2738 3762 dulcis
2787 3706 2983 3776 ipsum
3033 3702 3406 3767 adeuntibus,

1764 3792 1909 3848 nihil
1934 3798 2126 3848 tamen
2146 3793 2217 3849 de
2240 3794 2488 3867 negotiis
2509 3794 2704 3867 ipsum
2724 3793 3104 3862 tangentibus
3137 3790 3408 3847 habenti-

1764 3880 1874 3937 bus
1890 3897 2058 3953 agere
2077 3898 2211 3936 cum
2228 3881 2709 3939 eodem.Multum
2729 3881 3192 3955 praesumebatur
3212 3879 3407 3951 ipsum

1761 3968 2108 4025 cardinalari
2140 3970 2265 4027 suis
2288 3970 2513 4029 meritis
2543 3974 2598 4026 et
2618 3969 3137 4026 intercessionibus
3162 3966 3410 4039 impera-

1762 4057 1904 4112 toris
1939 4064 1996 4112 et
2026 4074 2229 4129 regum
2262 4059 2795 4132 suprascriptorum
2826 4062 2885 4113 et
2912 4058 3103 4115 favore
3146 4054 3406 4128 plurium

1760 4146 2144 4201 cardinalium
2179 4164 2429 4219 quorum
2462 4147 2520 4202 in
2570 4146 2787 4204 scholis
2838 4146 3030 4202 socius
3072 4144 3403 4210 exstiterat;

1760 4234 1859 4289 sed
1892 4234 2113 4289 hecticu
2145 4236 2348 4291 morbo
2377 4236 2675 4306 disjuncta
2705 4235 2814 4291 fuit
2843 4235 2902 4289 in
2934 4250 3001 4288 eo
3049 4232 3309 4303 corporis
3350 4235 3408 4286 et

1758 4322 1965 4377 animae
1996 4323 2264 4386 societas,
2297 4340 2451 4379 anno
2482 4323 2714 4378 Domini
2760 4321 3073 4377 millesimo
3120 4323 3406 4375 trecente-

1759 4410 1909 4465 simo
1958 4411 2392 4483 septuagesimo
2447 4412 2636 4477 tertio,
2671 4427 2872 4466 mense
2930 4406 3276 4479 Septembri,
3311 4407 3404 4462 die

1758 4499 2015 4553 secunda
2042 4500 2101 4553 in
2132 4500 2306 4554 domo
2328 4497 2643 4571 episcOpali
2666 4496 3061 4565 Antissiod.,ej
3071 4512 3258 4567 usque
3276 4511 3403 4549 cor-

54 4576 350 4673 Catuli,cum
370 4589 598 4662 vigeret
617 4586 894 4660 epidimia
922 4588 980 4642 in
1000 4588 1268 4660 partibus
1290 4587 1648 4643 Antissiodo-
1678 4610 1725 4673 D
1757 4603 1869 4657 pus
1898 4586 2124 4640 decenti
2150 4585 2431 4642 traditum
2462 4586 2777 4658 sepulturae
2805 4586 2862 4639 iu
2896 4585 3071 4640 choro
3108 4588 3247 4639 ante
3276 4599 3403 4639 sca-

55 4670 295 4741 reuslbus,
322 4681 527 4732 tumor
556 4676 667 4731 sub
697 4675 929 4732 ascellis
959 4676 1153 4748 ipsum
1184 4676 1433 4750 arripuit
1461 4676 1560 4748 qui
1586 4677 1643 4731 in

54 4751 174 4813 δαενὶ
196 4764 372 4837 coegit
397 4765 663 4820 animam
692 4765 820 4835 ejus
849 4781 884 4819 a
913 4780 1151 4835 corpore
1198 4764 1476 4837 separari,
1509 4782 1645 4819 cum

54 4856 222 4918 magna
247 4851 547 4910 devotione
575 4857 632 4909 et
662 4853 1046 4909 sacramentis
1074 4853 1364 4920 Ecclesiae,
1385 4853 1646 4909 euchari-

53 4932 147 4987 stiae
173 4939 380 4997 scilicet
408 4946 467 4997 et
498 4940 791 4997 unctionis
821 4946 1087 4998 extremae
1119 4943 1498 5015 perceptis,et
1526 4946 1644 4997 tes-

52 5021 265 5081 tamento
300 5029 571 5099 perfecto,
605 5033 664 5083 et
693 5028 968 5084 omnibus
999 5033 1154 5084 recte
1184 5028 1503 5100 dispositis.
1540 5028 1643 5084 Hic

52 5108 121 5162 ευὶ
147 5115 429 5187 regiminis
459 5120 740 5189 tempore,
765 5117 882 5172 imo
905 5117 1089 5173 solius
1118 5116 1256 5172 anni
1286 5117 1474 5191 spatio
1505 5134 1645 5173 con-

52 5194 155 5252 tulit
178 5202 361 5260 decem
388 5206 770 5261 canonicatus
799 5210 857 5261 et
901 5206 1242 5277 praebendas
1287 5204 1647 5263 Antissiodo-

54 5295 386 5363 muses,quod
398 5295 470 5350 de
493 5294 652 5350 nullo
678 5310 783 5349 suo
804 5295 1222 5365 prmdecessore
1244 5295 1511 5350 auditum
1526 5298 1641 5351 est:

56 5368 144 5427 illis
169 5382 350 5436 tamen
381 5400 663 5455 personas
683 5382 866 5437 bonas
886 5382 1433 5455 assignavit,omnes
1458 5384 1528 5439 de
1551 5401 1647 5455 pa-

55 5459 139 5516 tria
164 5466 461 5526 Antissiod.
491 5470 577 5527 vel
607 5470 927 5525 Senonensi
957 5471 1258 5526 oriundas.
1277 5471 1432 5527 Obiit
1451 5478 1645 5527 autem

55 5544 99 5633 in
122 5551 296 5633 vigilia
316 5559 443 5615 festi
461 5559 794 5615 Nativitatis
816 5560 996 5614 beatae
1014 5558 1207 5613 Mariae
1229 5559 1471 5633 virginis
1494 5577 1648 5616 anno

57 5630 242 5697 Domini
257 5643 558 5705 millesimo
570 5646 977 5705 trecentesimo
995 5630 1356 5719 sexagesimo
1369 5650 1646 5717 secundo,

1754 4674 1870 4730 lam
1901 4674 2084 4745 partis
2111 4673 2361 4730 sinistras
2384 4675 2554 4746 juxta
2582 4674 2943 4746 sepulturam
2975 4673 3139 4728 bonae
3182 4688 3403 4729 memo-

1756 4763 1854 4817 riae
1887 4762 2111 4818 domini
2143 4762 2389 4819 Joannis
2419 4765 2490 4819 de
2518 4763 2896 4834 Auxeio,quaa
2917 4762 3191 4835 jungitur
3217 4760 3405 4832 sepul-

1753 4854 1896 4906 tura:
1928 4851 2090 4906 bona:
2123 4854 2416 4907 memorias
2447 4850 2669 4908 domini
2717 4850 3001 4908 Guidonis
3049 4850 3119 4905 de
3169 4848 3402 4905 Melloto

1754 4940 2051 5013 quondam
2083 4940 2340 5013 episcopi
2373 4940 2898 4996 Antissiodorensis
2927 4944 2986 4995 et
3014 4940 3141 5011 ejus
3172 4938 3402 5011 nepotis

1753 5028 1978 5083 domini
2008 5028 2201 5083 Eraldi
2252 5029 2324 5083 de
2370 5028 2644 5101 Lisiguiis
2696 5028 2964 5085 similiter
2991 5028 3266 5101 episcopi,
3302 5027 3401 5100 qui

1754 5118 1924 5172 ambo
1955 5116 2267 5188 quiescunt
2298 5116 2355 5171 in
2387 5118 2590 5173 eodem
2638 5118 2997 5190 sarcOphago
3046 5134 3112 5173 ac
3151 5116 3398 5185 tumulo,

1753 5204 1855 5277 qui
1885 5203 2132 5260 Eraldus
2167 5204 2273 5258 fuit
2299 5204 2524 5276 primus
2555 5206 2864 5279 episcopus
2895 5207 2967 5262 de
2998 5205 3400 5261 Antissiodoro

1754 5294 1943 5349 factus
1975 5291 2308 5348 cardinalis.
2328 5292 2409 5351 De
2439 5295 2600 5349 obitu
2633 5294 2761 5365 ejus
2794 5295 3010 5360 Romm,
3033 5299 3090 5350 et
3111 5293 3401 5366 quomodo

1755 5384 1883 5453 ejus
1914 5398 2047 5438 ossa
2069 5385 2358 5452 reportata
2390 5385 2625 5439 fuerunt
2644 5383 2703 5437 in
2725 5382 2877 5439 hanc
2906 5383 3213 5439 ecclesiam
3233 5397 3401 5436 suam

1760 5471 1987 5542 plenius
2018 5469 2351 5525 continetur
2379 5473 2649 5544 superius
2670 5472 2729 5526 in
2751 5471 2933 5545 gestis
2951 5467 3398 5542 ejusdem,vide-

1758 5559 1891 5613 licet
1922 5559 1979 5612 in
2012 5557 2159 5612 libro
2192 5558 2380 5629 primo
2407 5561 2713 5617 Gestorum
2746 5559 3087 5632 pontificum
3132 5552 3399 5612 Ecclesia:

1760 5647 2301 5704 Antissiodorensis.
2338 5653 2466 5721 Ipse
2498 5650 2701 5706 Petrus
2724 5649 3025 5718 ingressus
3056 5643 3164 5699 fuit
3201 5639 3398 5697 civita-
