3810 6214
356 355 473 419 383

1208 356 1542 420 APPEND.
1590 357 1690 418 AD
1736 357 1920 419 SEC.
1968 356 2040 417 X.
2075 392 2149 401 --
2182 356 2446 419 OPERA
2491 374 2887 422 ΑΔεΣιιοτιιζΛ.

3642 306 3738 418 384

356 489 585 557 alienis,
617 492 745 547 tum
777 489 953 547 etiam
976 490 1364 563 precibusque
1394 496 1449 546 ct
1488 490 1870 563 eleemosynis
1904 509 2009 563 pu-
2046 493 2089 557 Α
2125 491 2197 545 ab
2230 490 2391 545 omni
2422 489 2741 545 ambitione
2769 488 3019 557 alienus,
3053 487 3354 560 respondit
3387 503 3401 543 :
3449 487 3589 555 Huc,
3626 488 3736 545 bea-

355 579 909 652 blicis,privatisque
939 581 1011 635 ad
1045 580 1407 652 implendum
1443 598 1676 654 quoque
1698 586 2006 637 testamen-

356 668 618 737 tum,cui
676 673 863 724 erata
910 674 1117 741 patruo
1158 670 1331 725 datus
1381 676 1684 725 exsecutor
1731 670 2006 742 praefatus

356 758 701 813 Franciscus
732 775 931 830 nepos,
973 762 1193 830 quanta
1234 758 1445 830 potuit,
1492 757 1796 830 diligentia
1843 776 2007 813 cura-

355 846 456 902 vit.
504 846 883 902 Successione
930 848 1166 902 demum
1224 846 1506 918 temporis
1558 846 1749 902 nobile
1798 852 2004 918 patruo

356 935 723 991 mausoleum
786 952 1110 990 marmorea
1163 937 1290 1007 ejus
1348 935 1538 1007 effigie
1591 940 2001 1002 venustatum;

356 1040 573 1094 magna
617 1023 879 1078 omnium
931 1024 1314 1080 admiratione
1357 1023 1567 1096 sculpi,
1615 1025 1780 1096 fingi,
1841 1024 2002 1097 pingi

347 1111 531 1182 jussit
564 1129 576 1166 :

509 1209 784 1265 Nobilitas,
813 1210 981 1259 virtus
1010 1215 1062 1259 et
1091 1210 1484 1269 magnificentia
1514 1215 1710 1266 tecum.

511 1273 621 1329 Hic,
643 1272 1147 1335 Fraucisce,jacent,
1166 1274 1279 1322 haec
1299 1274 1433 1322 caelo
1456 1274 1637 1321 munia
1656 1273 2004 1335 digna...15t8

423 1375 558 1425 CAP.
590 1371 775 1426 XCIII.
801 1371 872 1425 De
900 1373 1185 1427 Francisco
1216 1389 1250 1426 a
1278 1372 1581 1426 Dintavilla
1607 1371 1857 1425 secundo.

424 1472 487 1523 In
522 1469 775 1523 defuncti
816 1469 1003 1537 patrui
1028 1468 1220 1524 locum
1246 1470 1526 1524 suffectus
1553 1475 1641 1523 est
1662 1469 2004 1524 Francissus

353 1572 553 1625 nepos,
590 1555 806 1610 Calteri
835 1576 868 1611 ει
902 1556 1618 1611 DintavillaTricatiorum
1652 1556 1916 1628 praesidis
1947 1562 2005 1612 et

351 1644 529 1699 Anna:
562 1662 596 1700 a
618 1644 850 1700 Placida
871 1645 1016 1700 Sede
1036 1645 1202 1700 dictas
1228 1644 1515 1708 filius.Qui
1540 1644 1790 1700 tenellus
1812 1645 2002 1700 adhuc

353 1748 517 1803 puer,
564 1732 754 1804 prima
792 1733 1184 1804 grammatica:
1235 1735 1567 1789 rudimenta
1614 1734 1812 1789 Trecis
1863 1734 2003 1789 hau-

2113 579 2341 635 tissime
2389 582 2574 652 pater,
2632 579 2768 646 huc,
2818 596 2932 633 non
2984 595 3134 643 mea,
3170 580 3266 634 sed
3321 578 3600 650 principis
3644 579 3736 634 mei

2112 686 2292 725 causa
2322 669 2565 734 accessi,
2603 670 2735 739 ejus
2782 667 3101 738 negotium,
3137 684 3251 722 non
3298 682 3502 721 meum
3548 683 3732 739 gerere,

2115 758 2266 813 sicut
2298 764 2497 814 teneor
2525 762 2585 812 et
2616 758 2909 820 debeo,ita
2940 761 2999 810 et
3041 755 3168 811 volo
3217 755 3549 827 cupioque;
3581 756 3735 828 publi-

2114 864 2243 902 cam
2277 866 2391 903 non
2422 847 2709 919 privatam
2737 862 3042 917 personam
3067 850 3202 917 agat
3218 845 3495 916 quisquis
3511 845 3613 900 hoc
3628 862 3730 899 mu-

2115 954 2250 992 nere
2282 936 2546 1009 fungitur
2576 940 2631 989 et
2661 934 2972 990 honestum
2997 939 3052 989 et
3072 950 3381 990 necessum
3404 933 3730 1000 est;honores

2114 1029 2309 1079 autem
2343 1025 2523 1096 ipsos,
2557 1024 2674 1079 imo
2703 1040 2836 1078 vero
2868 1040 3044 1078 onera
3074 1023 3208 1088 ista,
3239 1027 3306 1077 ut
3357 1022 3505 1077 nihil
3550 1040 3728 1086 moror,

2114 1114 2197 1168 sic
2230 1130 2334 1169 nec
2362 1130 2559 1181 venor,
2594 1129 2697 1167 nec
2732 1111 3273 1183 ambio.Legatione
3305 1110 3557 1166 fideliter
3583 1111 3727 1174 obita,

2114 1202 2172 1257 in
2205 1201 2453 1258 Galliam
2487 1217 2811 1272 regressus,
2845 1200 3128 1254 creditum
3164 1199 3274 1255 sibi
3326 1215 3561 1271 gregem
3590 1201 3729 1271 ccepit

2111 1296 2311 1361 pastor
2338 1288 2830 1361 viligantissimus
2872 1288 3077 1343 sedulo
3106 1304 3326 1359 regere,
3362 1288 3728 1358 mederarique

2112 1380 2283 1433 editis
2316 1384 2620 1452 propterea
2654 1376 3198 1442 constitutionibus,
3220 1393 3353 1448 quae
3384 1376 3458 1430 ad
3488 1393 3662 1430 mores
3686 1383 3729 1430 et

2112 1467 2504 1523 Christianam
2541 1467 2814 1539 pietatem
2848 1468 3126 1522 facerent.
3162 1464 3488 1520 Moliuntur
3534 1463 3725 1519 interim

2112 1555 2333 1611 homini
2368 1555 2511 1611 nihil
2546 1555 2659 1610 tale
2694 1554 2975 1611 metuenti
3008 1553 3446 1625 insidiae,atque
3468 1553 3538 1608 ab
3558 1552 3725 1608 aulicis

2111 1649 2168 1700 et
2200 1645 2575 1717 magnatibus
2606 1644 2987 1717 quibusdam,
3020 1660 3269 1715 quorum
3306 1642 3612 1698 malevolos
3629 1640 3724 1695 ani-

2111 1751 2239 1789 mos
2269 1735 2341 1789 ob
2376 1734 2659 1789 feliciores
2689 1732 2794 1788 viri
2826 1730 3388 1789 succeesusinvidize
3408 1731 3564 1786 labes
3582 1729 3723 1785 altius

354 1820 533 1886 riens,
568 1820 683 1877 huc
717 1821 1006 1877 Lutetiam
1035 1840 1069 1878 a
1098 1823 1449 1893 parentibus
1473 1823 1692 1878 missus
1723 1824 1876 1894 apud
1909 1840 1999 1878 re-
2030 1857 2076 1921 Β
2111 1822 2421 1890 insederat,
2458 1822 2515 1876 in
2549 1823 2704 1894 regis
2747 1820 2947 1877 odium
3001 1820 3221 1875 sensim
3275 1819 3600 1875 adducitur.
3628 1820 3721 1883 Quo

350 1908 507 1978 giam
537 1908 697 1965 illam
742 1911 1129 1967 Navarrorum
1179 1910 1461 1976 scholam,
1503 1912 1997 1967 mansuetioribus

351 1997 540 2053 musis
592 1997 1049 2071 liberalibusque
1092 2000 1420 2073 disciplinis
1452 2000 1779 2069 institutus,
1814 2001 1997 2055 Picta-

347 2102 485 2140 vum
516 2086 651 2142 dein
684 2087 1098 2162 Pataviumque
1119 2089 1601 2162 jurisprudentiaa
1628 2090 1818 2145 dicata
1837 2106 1997 2162 gym-

352 2174 519 2230 nasia
543 2174 937 2247 adiens,juris
967 2177 1271 2250 utriusque
1302 2184 1360 2234 et
1389 2178 1573 2234 civilis
1604 2184 1660 2234 et
1690 2178 1992 2249 pontificii,

348 2280 561 2320 arcana
598 2263 823 2331 didicit,
874 2270 1041 2321 tanta
1078 2284 1309 2322 morum
1354 2284 1419 2321 ac
1461 2269 1589 2323 vitae
1639 2268 1991 2340 integritate,

348 2355 413 2407 ut
441 2351 577 2408 inde
621 2369 887 2409 reversus
935 2354 995 2409 in
1040 2354 1193 2426 regis
1234 2356 1526 2411 Francisci
1574 2355 1746 2428 primi
1797 2356 1993 2411 aulam

347 2440 666 2497 accersitus
718 2441 910 2506 fuerit,
942 2442 1310 2499 thesauraria
1354 2445 1698 2511 Pictavensi,
1732 2444 1992 2517 prioratu

346 2527 648 2584 Choisiaco
678 2528 736 2584 in
759 2546 897 2602 agro
929 2529 1676 2603 Meldensi,sacerdotioque
1707 2533 1993 2604 Ryceiano

350 2615 679 2687 Lingonum
714 2616 931 2674 ﬁnibus
954 2617 1270 2690 insignitus
1293 2623 1659 2693 donatusque
1674 2622 1780 2677 hoc
1796 2622 1992 2694 ipsum

348 2708 699 2775 procurante
732 2705 891 2776 regia
936 2711 1174 2778 parente
1208 2709 1516 2776 Ludovica,
1548 2710 1643 2763 cui
1684 2713 1810 2764 tum
1843 2726 1877 2764 a
1907 2726 1995 2764 sa-

346 2792 463 2848 cris
492 2796 549 2848 et
577 2791 959 2866 eleemosynis
991 2796 1331 2852 Franciscus
1360 2797 1455 2852 hic
1488 2814 1667 2869 nepos
1694 2802 1835 2853 erat.
1869 2799 1993 2864 Quo

345 2880 407 2935 in
430 2883 841 2950 munere,dum
862 2883 1008 2940 citra
1028 2884 1210 2940 ullam
1233 2886 1400 2941 famae
1431 2902 1496 2941 ac
1512 2885 1770 2941 nominis
1793 2890 1991 2941 notam

346 2975 584 3026 strenue
614 2978 1144 3044 versatur,vacante
1172 2973 1807 3046 RegiensiEcclesia,ad
1829 2974 1991 3030 illam

346 3060 686 3117 nominante
715 3078 849 3134 rege
880 3066 1079 3133 pastor
1106 3062 1650 3121 constituitur.Eam
1673 3064 1992 3120 Ecclesiam

346 3164 480 3202 cum
513 3146 735 3219 aliquot
764 3165 868 3220 per
898 3166 1082 3205 annos
1114 3150 1486 3206 laudabiliter
1516 3151 1992 3225 rexisset.propa-

2108 1912 2327 1966 factum
2360 1915 2540 1975 est,ut
2570 1915 2796 1965 mature
2823 1910 2895 1964 ab
2927 1909 3134 1964 amicis
3166 1924 3581 1980 persuasus,ne
3600 1912 3719 1962 atro-

2105 2000 2232 2055 cius
2264 2017 2299 2055 a
2327 2000 2657 2056 furentibus
2687 1998 2915 2055 aemulis
2946 1999 3348 2070 impcteretur,
3382 1996 3623 2070 patrium
3654 2012 3723 2049 so-

2104 2089 2228 2144 lum
2259 2093 2525 2151 verteret.
2560 2105 2625 2144 ac
2670 2092 2791 2144 toto
2842 2089 3021 2143 ferme
3064 2086 3318 2143 triennio
3350 2086 3506 2158 apud
3536 2090 3718 2141 extems

2105 2177 2394 2249 primatus
2426 2182 2639 2249 ageret.
2676 2177 2739 2232 In
2774 2194 2841 2233 ea
2872 2174 3343 2249 peregrinatione
3393 2175 3623 2230 Romam
3646 2187 3715 2224 ve-

2103 2265 2333 2335 niens,a
2359 2266 2534 2321 Paulo
2562 2266 2638 2322 IlI
2671 2265 2942 2338 pontiﬁce
2975 2264 3228 2319 maximo
3255 2267 3568 2335 susceptus
3586 2263 3717 2316 estet

2102 2354 2315 2410 blande
2344 2354 2896 2426 consolatus,neque
2923 2352 3008 2407 illi
3023 2352 3208 2415 defuit
3223 2350 3609 2423 complurium
3624 2364 3717 2403 car-

2102 2442 2388 2498 dinalium
2422 2445 2600 2509 favor,
2632 2443 2774 2516 quin
2806 2447 2862 2498 et
2891 2441 3179 2497 nobilium
3209 2438 3713 2496 Venetorum.Dum

2102 2533 2257 2604 apud
2292 2549 2390 2587 eos
2421 2548 2523 2603 per
2547 2531 2605 2587 id
2634 2535 2867 2602 tempus
2899 2534 3179 2596 moratur,
3210 2530 3470 2602 gratiam
3499 2526 3599 2581 sibi
3625 2541 3712 2579 non

2103 2620 2393 2676 modicam
2427 2619 2774 2676 conciliavit.

2173 2709 2408 2765 Detecta
2437 2710 2673 2765 tandem
2706 2708 3093 2780 impostorum
3126 2707 3338 2762 fraude
3361 2707 3630 2762 insontem
3649 2701 3713 2754 in-

2102 2798 2458 2871 noxiumque
2504 2798 2755 2854 revocari
2795 2798 2967 2866 jubet
3015 2813 3132 2862 rex,
3186 2812 3470 2852 concessa
3515 2791 3588 2847 illi
3628 2789 3709 2845 ad-

2097 2905 2301 2943 versus
2332 2904 2431 2943 eos
2461 2886 2562 2959 qui
2595 2886 2856 2941 absentis
2887 2886 3085 2941 sedem
3116 2889 3173 2941 et
3201 2884 3362 2940 bona
3377 2882 3706 2954 occuparant,

2100 2975 2344 3048 legitimi
2375 2974 2715 3048 experiundi
2747 2968 3039 3039 facultate,
3071 2989 3221 3045 quos
3252 2972 3707 3045 posteajureper’

2099 3081 2350 3137 sequens
2380 3065 2453 3120 ab
2484 3063 2644 3119 illata
2672 3063 2967 3119 calumnia
2998 3078 3124 3119 sese
3146 3055 3704 3135 gravitervindicavit.

2098 3151 2460 3208 Pestliminio
2510 3169 2795 3220 reversus,
2838 3152 2981 3206 dum
3029 3149 3309 3222 pastorali
3361 3142 3707 3205 sollicitudine

345 3238 476 3290 truo
500 3235 627 3304 jam
658 3236 730 3291 ad
760 3237 990 3292 senium
1029 3244 1321 3311 vergente,
1350 3243 1409 3295 et
1435 3222 1836 3312 episcopatum
1867 3222 1985 3295 Ᾰη-
2018 3222 2060 3288 C
2099 3239 2392 3295 dioecesim
2426 3256 2595 3295 suam
2626 3239 2899 3295 circumit
2927 3242 2983 3294 et
3010 3238 3305 3306 visitat,ex
3337 3238 3536 3293 ovibus
3560 3230 3707 3288 credi-

343 3322 822 3380 tissiodorensem
870 3342 1003 3381 cum
1046 3327 1319 3383 Dervensi
1351 3329 1727 3395 monasterio,
1770 3330 1987 3402 quibus

345 3414 587 3483 praeerat
612 3412 809 3469 volens
838 3431 903 3469 ac
935 3421 1251 3487 spontanee
1280 3418 1818 3489 ejurante,dimisso
1849 3435 1989 3489 pon-

341 3499 565 3555 tificatu
595 3501 865 3574 Regiensi
911 3505 1436 3563 Antissioctorensis
1486 3506 1752 3563 Ecclesiae
1800 3524 1987 3563 coeno-

343 3586 540 3660 biique
597 3590 903 3647 Dervensis
947 3594 1215 3665 regimini
1265 3596 1679 3651 communibus
1720 3594 1986 3651 omnium

341 3676 489 3733 votis
520 3679 1002 3748 praeficiturAnte
1030 3698 1164 3736 vero
1195 3699 1371 3753 quam
1404 3682 1633 3754 publice
1675 3701 1741 3737 ac
1773 3684 1988 3739 solem-

343 3761 494 3818 niter
540 3781 643 3836 pro
692 3782 851 3823 more
881 3784 915 3822 a
946 3768 1159 3839 populo
1196 3768 1567 3841 reciperetur,
1617 3776 1673 3826 et
1702 3772 1759 3826 in
1793 3772 1985 3827 Eccle-

343 3849 492 3905 siam
521 3868 689 3907 suam
720 3853 1108 3924 plausibiliter
1137 3858 1563 3926 admitteretur,
1587 3860 1701 3914 Rex
1731 3860 1987 3917 hominis

343 3936 606 3993 animum
632 3941 790 3995 vario
812 3958 880 3996 ac
902 3943 1209 4015 multiplici
1241 3950 1366 4000 tum
1398 3947 1694 4015 doctrinae,
1726 3953 1853 4004 tum
1878 3950 1989 4004 vir-

344 4023 486 4079 tutis
517 4042 728 4098 genere
758 4033 1055 4096 ornatum,
1088 4048 1201 4086 non
1235 4032 1495 4105 ignarus,
1527 4050 1660 4088 eum
1710 4035 1780 4089 ad
1832 4052 1989 4091 sum-

344 4130 507 4168 mum
555 4115 893 4186 pontiﬁcem
924 4117 1279 4175 Clementem
1330 4121 1646 4192 septimum
1698 4128 1985 4179 oratorem

341 4200 614 4257 destinat.
636 4203 741 4259 Ubi
771 4221 948 4277 quam
980 4209 1313 4280 prudenter,
1347 4226 1524 4281 quam
1549 4215 1748 4266 sancte
1777 4227 1987 4283 quam-

341 4305 454 4360 que
483 4290 728 4348 feliciter
774 4311 896 4350 rem
935 4297 1200 4368 gesserit,
1236 4298 1550 4364 neminem,
1580 4298 1679 4370 qui
1728 4300 1814 4353 vel
1866 4317 1985 4356 me-

339 4378 614 4435 diocriter
642 4381 878 4454 publica
922 4384 1151 4456 negotia
1198 4385 1564 4457 intellexerit,
1614 4388 1839 4443 nescire
1869 4404 1988 4444 cer-

339 4471 464 4522 tum
494 4474 615 4537 est;
650 4487 786 4528 nam
828 4476 1037 4543 praeter
1085 4490 1318 4529 sacrum
1367 4474 1510 4530 illnd
1558 4492 1626 4530 ac
1673 4475 1806 4531 felix
1836 4477 1988 4532 inter

2094 3327 2172 3383 tis
2202 3346 2317 3383 non
2348 3344 2564 3399 paucas
2595 3327 2961 3399 reperit,qua3
2993 3344 3026 3381 a
3056 3325 3436 3381 clanculariis
3466 3324 3703 3378 haereseos

2096 3416 2439 3471 Lutheranaz
2453 3415 3003 3471 disseminatoribus
3024 3413 3388 3469 labefactata;
3409 3413 3465 3467 in
3486 3423 3703 3467 errorum

2095 3505 2261 3560 devia
2289 3504 2766 3559 convenientibus
2797 3501 3174 3558 mercenariis
3213 3500 3536 3573 praecipites
3578 3495 3704 3552 abie—

2097 3596 2252 3647 runt.
2288 3591 2402 3647 Has
2433 3591 2760 3664 diligenter,
2794 3597 2851 3646 et
2883 3594 2947 3645 ut
2977 3595 3266 3661 pastorem
3301 3588 3521 3645 bonum
3566 3583 3703 3639 adde-

2097 3683 2206 3743 cet,
2239 3680 2309 3734 ad
2342 3680 2473 3734 fidei
2514 3678 2734 3744 caulas,
2764 3679 2838 3733 ad
2887 3678 3034 3734 ovile
3082 3677 3325 3743 Christi,
3361 3678 3432 3732 ad
3482 3670 3703 3730 Ecclesia:

2095 3769 2385 3841 gremium
2418 3769 2689 3824 reducere
2721 3772 3014 3839 satagens,
3036 3784 3144 3822 nec
3173 3767 3558 3839 tempori,nec
3583 3758 3701 3815 vale-

2097 3857 2310 3923 tudini,
2343 3861 2445 3912 aut
2482 3856 2819 3928 sumptibus
2871 3855 3009 3910 ullis
3056 3854 3338 3927 pepercit.
3373 3855 3615 3923 Cumque
3639 3845 3701 3900 sic

2097 3962 2303 4016 agrum
2338 3945 2567 4000 Domini
2602 3962 2635 4000 a
2664 3944 2853 4000 noxiis
2882 3943 3148 4000 sentibus
3191 3958 3507 4015 repurgare
3551 3934 3700 3993 modis

2097 4034 2371 4089 omnibus
2401 4034 2722 4101 contendit,
2755 4032 3101 4106 deprehensi
3132 4032 3405 4088 nonnulli
3449 4048 3512 4087 ex
3538 4038 3699 4083 eorum

2096 4122 2304 4189 classe,
2332 4123 2547 4194 quibus
2579 4121 2963 4177 concionandi
2997 4122 3148 4177 facta
3177 4124 3442 4193 potestas
3465 4121 3579 4174 erat
3594 4128 3698 4186 pro.

2098 4215 2225 4283 pter
2253 4214 2507 4266 assertas
2534 4209 2686 4265 inter
2710 4210 3174 4266 concionandum
3219 4209 3451 4264 dudum
3486 4201 3699 4277 sepultas

2098 4316 2163 4354 ac
2204 4299 2511 4354 damnatas
2544 4298 2814 4364 haereses,
2848 4297 3160 4353 recantatis
3208 4296 3379 4370 prius
3427 4301 3620 4351 temere
3656 4292 3698 4341 et

2095 4387 2275 4461 impie
2303 4386 2496 4454 dictis,
2529 4386 2748 4441 honore
2778 4390 2836 4442 et
2866 4386 3051 4459 gradu
3094 4385 3487 4441 ecclesiastico
3532 4373 3696 4454 privati

2095 4475 2363 4532 exsilium
2396 4474 2591 4530 subire
2620 4474 2909 4547 compulsi
2942 4480 3099 4530 sunt.
3134 4475 3539 4546 Deprehensus
3561 4464 3697 4523 estet

339 4556 649 4613 Henricum
684 4562 1008 4616 secundum
1041 4561 1228 4617 filium
1266 4563 1553 4618 Francisci
1599 4564 1773 4636 regis,
1804 4570 1861 4620 ct
1890 4565 1987 4620 Ca-
2019 4584 2062 4647 D
2095 4568 2303 4637 praeter
2332 4566 2497 4637 spem
2529 4564 2800 4619 sacerdos
2822 4563 3114 4635 exoppido
3140 4562 3379 4618 Genabo
3400 4578 3498 4617 seu
3515 4558 3694 4614 Giemop

337 4643 631 4699 tharinam
663 4646 978 4706 Clementis
1007 4655 1590 4721 neptem,tractatum
1622 4657 1761 4706 tunc
1789 4654 1988 4724 conju-

338 4731 523 4802 gium,
556 4732 868 4792 innumera
906 4736 1041 4807 alia,
1063 4754 1245 4810 eaque
1295 4740 1478 4794 ardua
1509 4739 1642 4794 huic
1672 4742 1989 4797 commissa

337 4820 572 4892 negotia
602 4822 805 4877 multis
834 4840 903 4880 ex
929 4830 1061 4881 voto
1090 4842 1441 4883 successere.

408 4908 609 4979 Neque
656 4926 788 4966 vero
826 4912 1059 4969 silentio
1104 4916 1595 4987 praetereundum,
1626 4933 1756 4971 cum
1807 4917 1867 4972 in
1917 4934 1985 4974 ea

338 4994 794 5067 legatione,dum
826 5018 929 5073 pro
950 5002 1249 5059 nonnullis
1271 5009 1724 5076 purpuratorum
1746 5006 1981 5061 Patrum

337 5084 603 5139 ordinem
635 5088 1030 5146 ambientibus
1070 5092 1223 5163 apud
1270 5093 1603 5164 pontiﬁcem
1635 5095 1810 5151 verba
1840 5096 1984 5152 face-

339 5177 445 5237 ret,
475 5177 701 5229 tantam
751 5177 810 5230 in
858 5182 1086 5235 oratore
1139 5180 1495 5250 facundiam,
1530 5187 1750 5239 tantam
1798 5184 1980 5240 animi

337 5263 710 5331 modestiam,
752 5264 1261 5340 sinceritatemque
1307 5270 1629 5326 demiratus
1675 5274 1977 5344 pontifex:

338 5353 483 5416 Quid
515 5356 601 5419 tu,
635 5353 847 5425 inquit,
893 5372 997 5426 pro
1037 5357 1379 5414 absentibus
1422 5364 1478 5414 et
1524 5360 1693 5416 nobis
1742 5363 1981 5418 omnino

338 5438 753 5510 ignotis,aures
785 5446 1015 5497 nostras
1046 5444 1349 5516 compellis
1376 5463 1441 5502 ac
1471 5448 1813 5505 demulces?
1840 5451 1980 5521 quin

337 5534 399 5583 tu
434 5529 537 5583 tibi
570 5531 765 5602 potius
812 5530 1117 5587 consulis?
1138 5550 1241 5605 pro
1290 5533 1420 5590 aliis
1461 5537 1669 5592 anxius
1710 5544 1982 5595 oraturus

337 5618 571 5684 venisti,
591 5636 694 5690 pro
718 5625 771 5675 te
793 5618 1079 5676 sollicitus
1114 5621 1281 5677 nihil.
1306 5622 1410 5677 Cui
1443 5623 1538 5678 ille
1556 5625 1743 5692 fortis,
1766 5631 1831 5681 ut
1860 5633 1984 5683 erat

2096 4653 2195 4725 qui
2231 4669 2428 4707 sacros
2459 4651 2693 4707 ordines
2726 4655 3030 4722 susceptos
3064 4650 3223 4724 parvi
3255 4655 3360 4706 aut
3388 4646 3547 4705 nihili
3588 4656 3696 4714 peu-

2094 4740 2515 4812 dens,junioris
2546 4740 2856 4811 cujusdam
2889 4739 3075 4796 vidua:
3096 4738 3287 4812 specie
3308 4738 3548 4799 illectus,
3569 4729 3695 4786 illam

2093 4831 2272 4902 (quod
2304 4833 2461 4886 esset
2487 4829 2615 4900 ejus
2646 4827 2865 4899 farinae)
2878 4827 3695 4891 Conadaabduxerat,exeaque

2094 4919 2373 4974 simulato
2405 4917 2780 4974 matrimonio
2811 4917 3204 4973 adulterinam
3237 4914 3496 4971 sobolem
3534 4919 3694 4965 susce-

2092 5012 2277 5081 perat.
2312 5008 2775 5079 Deprehensum,
2808 5005 3162 5073 convictum,
3195 5003 3627 5060 condemnatum
3651 4992 3695 5044 et

2091 5096 2474 5169 degradatum
2505 5094 2772 5149 victrices
2798 5095 3048 5150 flammae
3079 5093 3319 5149 emedio
3351 5082 3693 5147 sustulerunt.

2093 5187 2156 5239 In
2188 5201 2422 5241 summa
2453 5182 2598 5238 nihil
2630 5200 2745 5237 non
2778 5182 2897 5255 egit
2927 5181 3061 5254 plus
3082 5181 3470 5252 antistes,quo
3491 5172 3694 5230 latentes

2091 5274 2202 5329 sub
2255 5273 2472 5346 agnina
2500 5271 2647 5344 pelle
2677 5270 2847 5344 lupos
2869 5271 2942 5325 ab
2973 5270 3107 5325 ovili
3124 5266 3690 5339 arceret,fugaretque;

2091 5362 2245 5433 quod
2279 5361 2392 5416 nisi
2419 5364 2747 5417 cessassent
2776 5359 2993 5431 quibus
3031 5363 3161 5413 tum
3208 5375 3244 5413 a
3293 5373 3426 5429 rege
3470 5347 3693 5419 delegata

2093 5453 2278 5506 fuerat
2325 5449 2386 5503 in
2441 5449 2798 5505 facinorosos
2856 5446 3160 5502 haereticos
3204 5441 3549 5517 jurisdictio,
3594 5437 3692 5528 tilla

2094 5541 2287 5595 forsan
2322 5538 2381 5592 in
2413 5537 2523 5592 hac
2553 5536 2788 5593 dimcesi
2819 5540 3141 5608 pacataque
3173 5535 3363 5591 forent
3392 5532 3462 5587 ab
3490 5529 3691 5583 haereSl‘

2092 5629 2204 5684 bus
2231 5626 2448 5683 omnia.
