3810 6214
64 321 156 387 385
1034 316 1306 378 GES'I‘IS
1350 315 1597 378 EPISC.
1643 318 2085 380 ANTISSIOD.
2118 353 2195 362 —
2225 320 2424 381 PARS
2471 320 2548 381 II.

3302 332 3421 397 386

121 450 268 504 Porro
296 447 715 503 monasterium
746 447 1030 503 Dervense
1071 448 1494 503 moderandum
1527 464 1660 503 cum
1694 460 1743 526 Α
1776 447 1945 503 blicis
1979 450 2215 505 Lutetia
2240 452 2606 520 juventutem
2633 457 2857 517 terunt;
2887 457 2987 509 scd
3021 456 3075 510 in
3108 458 3315 516 Cracis
3345 464 3415 517 ad

66 537 369 608 suscepisset
415 534 539 590 illic
580 534 880 607 plerosque
909 537 1229 592 canobitas
1260 553 1363 608 per
1388 535 1659 591 vitiorum

66 627 270 697 abrupta
303 628 641 696 grassantes
672 625 927 691 offendit,
981 641 1129 695 quos
1176 624 1375 679 accitis
1424 624 1663 679 aliunde

66 714 227 787 probis
254 712 557 786 religiosis,
586 713 654 767 ad
678 712 932 769 melioris
961 714 1089 768 vita
1114 714 1338 786 frugem
1366 729 1493 769 sese
1524 730 1661 768 con-

64 809 242 859 vertere
266 802 475 873 coegit;
500 802 572 856 ad
596 803 983 874 quorumdam
1008 807 1203 857 autem
1227 802 1661 875 improbitatem

66 892 142 963 qui
161 890 354 966 pingue
382 896 438 946 et
462 891 747 964 optimum
783 891 1133 946 beneficium
1165 904 1517 964 magnopere
1538 907 1671 965 ave:

64 980 173 1035 bant
197 979 329 1035 illud
359 981 596 1036 tandem
629 981 698 1035 ad
723 981 1125 1037 Aremarensis
1158 985 1215 1037 et
1243 979 1398 1035 cella
1432 980 1490 1034 in
1523 996 1661 1053 agro

65 1069 358 1125 Trecassino
402 1069 760 1125 monasteria
804 1073 1138 1140 permutare
1168 1068 1509 1141 compulsus
1549 1071 1658 1136 est,

63 1163 394 1229 posteaquam
408 1157 458 1213 ei
473 1174 576 1230 per
595 1157 943 1213 decennium
965 1161 1098 1213 eteo
1119 1157 1373 1230 amplius
1391 1157 1659 1230 prat’uis-

64 1249 146 1311 set,
157 1246 419 1302 ambobus
439 1250 633 1301 autem
647 1250 704 1301 et
720 1249 1032 1303 Aremaren
1042 1246 1088 1302 si
1103 1251 1155 1302 et
1178 1246 1343 1302 Cella
1368 1250 1659 1301 monaste-

61 1335 157 1399 riis,
186 1334 333 1405 prius
350 1334 421 1389 ad
444 1333 755 1390 charorum
778 1351 925 1407 opus
945 1334 1139 1400 cessit,
1165 1350 1341 1407 quam
1366 1352 1396 1391 e
1417 1336 1533 1390 vita
1556 1334 1661 1389 mi-

61 1427 228 1494 graret.
251 1426 575 1479 Instaurata
591 1439 749 1491 sane,
772 1427 1222 1496 constructaque
1240 1425 1311 1479 ab
1334 1440 1399 1479 eo
1419 1423 1662 1479 adiﬁcia

59 1510 414 1578 Antissiodori,
440 1513 756 1584 Regennis,
776 1512 1057 1579 Varziaci,
1077 1517 1134 1567 et
1154 1512 1507 1568 monasterio
1534 1514 1664 1567 Are-

63 1601 269 1654 marensi
293 1599 545 1655 hominis
566 1616 769 1655 curam
789 1605 846 1655 et
861 1601 1220 1674 diligentiam
1243 1601 1575 1675 mirumque
1594 1618 1659 1657 ac

58 1703 198 1759 prope
216 1690 563 1762 stupendum
588 1690 889 1771 ingenium
904 1694 1212 1746 testantur.
1230 1690 1493 1763 Ingentia
1511 1695 1657 1745 tem-

59 1774 146 1846 plis
158 1777 399 1848 donaria,
418 1778 496 1850 pii
518 1777 773 1850 bonique
792 1779 1043 1850 pastoris
1061 1779 1464 1835 liberalitatem
1483 1780 1658 1835 etfan-

59 1868 147 1927 tur,
167 1864 215 1919 in
230 1865 345 1921 dies
367 1871 614 1940 erogata
636 1867 1032 1935 xenodochiis,
1059 1868 1458 1933 conventibus,
1483 1866 1655 1923 colle-

54 1951 140 2022 giis
156 1958 203 2007 et
215 1954 597 2027 hospitalibus
612 1954 989 2028 eleemosyna
1008 1961 1210 2029 pectus
1233 1973 1360 2011 vere
1379 1956 1657 2011 Christia-

53 2056 162 2095 num
180 2041 231 2097 in
259 2059 322 2098 eo
345 2043 527 2099 fuisse
549 2048 1000 2112 commonstrat;
1025 2045 1191 2100 cibus
1223 2062 1454 2117 parcus,
1481 2048 1654 2117 potus

52 2145 200 2193 rarus,
228 2132 491 2188 modicus
523 2149 791 2203 somnus,
823 2132 1138 2190 continuus
1168 2133 1353 2200 labor,
1386 2133 1655 2205 pertinax

52 2222 91 2271 et
117 2220 447 2276 indefessum
480 2221 767 2285 studium,
807 2222 989 2277 vitam
1034 2221 1381 2294 philosopho
1414 2223 1652 2296 dignam

51 2306 315 2365 declarant.
346 2310 495 2365 Nam
528 2314 737 2382 prater
778 2309 1109 2366 liberalium
1143 2311 1355 2366 artium
1391 2311 1653 2384 discipli-

52 2410 154 2451 nam
179 2398 534 2455 mechanicas
564 2400 889 2454 etiamnum
913 2403 1087 2472 (quas
1109 2402 1334 2473 vocant)
1360 2405 1513 2456 artes
1543 2400 1651 2455 mi-

53 2500 150 2539 rum
167 2486 216 2540 in
230 2488 461 2544 modum
479 2487 743 2543 callebat.
764 2488 1153 2543 Pictoriavero
1167 2506 1540 2561 summopere
1554 2491 1650 2545 de-

51 2570 286 2630 lectabatu
296 2594 338 2641 r,
359 2578 490 2647 ejus
503 2576 647 2632 artis
658 2577 876 2648 peritos
889 2577 1047 2632 domi
1061 2595 1292 2651 semper
1312 2577 1495 2647 alens;
1512 2583 1653 2659 tem-

49 2665 172 2730 poris
191 2664 588 2734 parcissimus,
609 2668 775 2720 vetus
806 2664 949 2719 illud
971 2665 1273 2738 Apelleum
1306 2666 1652 2738 sapinsculo

50 2749 343 2821 adducebat,
374 2758 439 2808 ut
471 2752 635 2808 nulla
664 2752 787 2809 dies
818 2753 944 2809 sine
972 2753 1127 2810 linea
1156 2755 1362 2810 abiret.
1395 2755 1469 2810 Ut
1494 2755 1649 2810 enim

49 2836 225 2907 doctos,
256 2841 534 2908 eruditos,
577 2842 893 2910 studiosos,
927 2859 1163 2917 gnaros,
1196 2843 1458 2913 solertcs,
1489 2844 1651 2917 inge-

48 2924 205 2982 niosos
245 2934 297 2985 et
340 2930 659 3004 vigilantes
714 2930 1093 3003 suscipiebat,
1152 2933 1539 2988 venerabatur
1586 2949 1651 2987 ac

47 3013 246 3083 fovebat,
267 3018 347 3074 ita
366 3018 705 3089 desidiosis,
735 3021 1098 3086 socordibus,
1123 3019 1366 3094 ignavis,
1399 3022 1649 3077 oscitan-

46 3101 166 3159 tibus
200 3112 253 3161 et
296 3108 606 3178 inertibus,
641 3108 853 3181 oppido
902 3109 1153 3165 infestus
1191 3115 1334 3166 erat.
1367 3112 1649 3165 Caterum

1686 1824 1734 1889 B

1774 538 1964 608 prima
1995 540 2121 609 ejus
2170 539 2382 611 lingua
2429 539 2719 596 elementa
2748 558 2878 614 qua
2907 543 3072 600 valde
3120 548 3322 619 paucis
3355 564 3423 604 ea

1770 630 2115 698 tempestate
2144 633 2310 683 erant
2351 628 2679 693 familiaria,
2725 631 2982 704 primum
3031 636 3249 692 Joanne
3280 640 3419 693 Eva-

1772 715 1895 787 grio
1940 716 2228 782 Remensi,
2275 716 2372 788 qui
2407 717 2465 772 in
2514 717 2753 791 collegio
2794 720 3159 779 cardinalitio
3192 731 3421 793 novo,et

1771 802 1904 857 aliis
1938 804 2218 860 inusitato
2251 821 2410 859 more
2432 804 2680 861 classem
2704 808 2941 881 regebat
2971 810 3042 865 ab
3069 811 3200 867 aliis
3227 831 3417 888 segre-

1771 896 1988 963 gatam,
2020 909 2146 964 qua
2198 893 2528 949 Gracorum
2578 894 2900 966 dicebatur,
2952 899 3229 970 quoniam
3262 902 3321 957 in
3353 920 3422 958 ea

1771 978 1917 1034 nihil
1950 980 2061 1035 nisi
2093 981 2356 1037 Graeum
2391 980 2692 1055 legebatur
2722 989 2777 1039 et
2806 985 3138 1043 docebatur.
3176 990 3285 1045 Sed
3319 990 3419 1047 ubi

1771 1067 1912 1139 regii
1946 1067 2189 1125 lectores
2220 1069 2292 1125 ab
2325 1075 2585 1143 augusta
2619 1074 2913 1130 memoria
2949 1076 3255 1134 Francisco
3286 1096 3419 1153 rege

1770 1156 1959 1234 primo
1989 1156 2241 1212 instituti
2274 1164 2434 1225 sunt,
2464 1160 2664 1215 Jacobi
2697 1162 2915 1217 Tusani
2948 1163 3007 1218 in
3030 1166 3238 1237 poetis,
3264 1168 3417 1223 Petri

1770 1244 2002 1300 Danesii
2021 1245 2080 1300 in
2109 1247 2438 1303 oratoribus
2460 1252 2517 1304 et
2538 1247 2867 1323 philosophi
2891 1252 3165 1310 assiduus
3187 1255 3420 1311 auditor

1770 1350 1873 1405 per
1902 1333 2127 1405 aliquot
2166 1352 2350 1391 annos
2400 1336 2527 1403 fuit,
2561 1341 2617 1392 et
2654 1338 2942 1394 Ciceronis
2990 1341 3280 1398 orationes
3312 1344 3418 1400 ali-

1771 1427 1913 1494 quot
1960 1424 2189 1478 Latinas
2238 1440 2303 1479 eo
2353 1424 2675 1481 disserente
2725 1443 2939 1499 magna
2984 1445 3117 1484 cum
3151 1432 3415 1489 omnium

1771 1510 2072 1567 doctorum
2119 1513 2506 1569 admiratione
2555 1514 2777 1570 didicit.
2822 1516 3247 1575 Mathematicis
3276 1520 3414 1576 item

1770 1598 2097 1673 disciplinis
2118 1602 2227 1656 sub
2246 1602 2480 1657 Orontio
2503 1603 2691 1658 Finao
2714 1604 3038 1675 professore
3060 1607 3218 1681 regio
3249 1610 3418 1665 sedu-

1768 1687 1885 1743 lam
1919 1690 2149 1743 navavit
2195 1706 2450 1761 operam.
2486 1691 2577 1745 Sic
2625 1690 2958 1764 linguarum
3000 1698 3057 1749 et
3086 1694 3415 1752 liberalium

1769 1778 1983 1831 artium
2017 1777 2344 1849 cognitione
2374 1779 2694 1835 instructus
2715 1780 3033 1837 Bituricum
3058 1788 3258 1855 postea
3288 1802 3416 1858 per-

1764 1864 1910 1921 rexit
1961 1883 2095 1921 cum
2128 1867 2196 1920 V.
2231 1867 2291 1921 C.
2335 1867 2584 1940 Canayo.
2646 1869 2745 1940 qui
2802 1869 3046 1927 celebris
3103 1888 3412 1929 causarum

1763 1956 2043 2024 patronus
2093 1954 2150 2008 in
2202 1959 2409 2010 senatu
2469 1956 2784 2013 Parisiensi
2848 1958 2974 2028 fuit,
3010 1963 3073 2015 ut
3110 1961 3232 2032 juri
3263 1962 3415 2017 civili

1763 2058 1996 2112 operam
2030 2042 2214 2098 daret.

1836 2130 1917 2184 Ibi
1952 2132 2300 2186 reverendus
2328 2133 2508 2188 abbas
2531 2134 2776 2190 canobii
2803 2134 2916 2189 divi
2940 2137 3227 2192 Ambrosii
3263 2138 3416 2193 Bitu-

1762 2217 2005 2274 ricensis
2038 2219 2102 2273 D.
2137 2219 2392 2285 Colinus,
2428 2222 2527 2293 qui
2562 2226 2704 2277 tunc
2734 2222 2916 2278 lector
2945 2230 3296 2297 anagnostes
3327 2244 3415 2281 or-

1763 2306 2026 2361 dinarius
2058 2311 2114 2361 et
2141 2307 2533 2364 cubicularius
2556 2315 2678 2364 erat
2699 2311 2895 2383 magni
2923 2313 3211 2369 Francisci
3236 2315 3412 2387 regis,

1760 2394 1918 2450 illius
1941 2395 2262 2467 disciplina
2285 2403 2525 2469 nepotes
2545 2415 2684 2454 suos
2698 2400 3014 2467 commisit,
3031 2402 3414 2475 ejusdemque

1761 2483 2062 2549 beneficio,
2080 2489 2137 2539 et
2159 2484 2392 2540 hortatu
2410 2488 2673 2558 Angusta
2696 2488 3052 2561 Marguarita
3077 2491 3231 2563 regis
3254 2508 3417 2546 soror

1762 2572 1956 2640 unica,
2007 2573 2428 2628 Navarreorum
2475 2576 2696 2647 regina,
2739 2582 2794 2631 et
2826 2564 3151 2651 Biturigum
3185 2580 3417 2635 ductrix

1761 2666 1818 2716 et
1849 2662 2222 2731 moderatrix,
2263 2663 2391 2718 avia
2423 2668 2689 2719 materna
2729 2665 2921 2738 Magni
2962 2667 3187 2722 ﬂenrici
3221 2668 3415 2740 quarti

1761 2749 1944 2805 felicis
1993 2751 2307 2815 memoria,
2358 2753 2670 2824 Amyotum
2723 2754 3109 2825 professorem
3158 2755 3418 2812 instituit

1761 2837 2087 2894 litterarum
2118 2841 2447 2895 Cracarum
2481 2845 2537 2896 et
2560 2842 2900 2896 Latinarum
2926 2841 2983 2897 in
3019 2843 3179 2915 regia
3200 2845 3414 2919 Bituri-

1760 2944 1922 2999 gum,
1973 2926 2235 2983 honestis
2272 2929 2339 2982 ad
2375 2928 2431 2982 id
2473 2929 2781 3000 stipendiis
2814 2931 3027 2987 annuis
3058 2932 3412 2990 constitutis.

1760 3019 1883 3083 Quo
1906 3033 2147 3071 munere
2170 3022 2227 3073 et
2255 3017 2614 3088 professione
2638 3035 2740 3090 per
2763 3019 3067 3075 duodecim
3093 3021 3208 3075 fere
3230 3038 3413 3077 annos

1760 3110 1923 3161 tanta
1973 3123 2044 3161 cu
2081 3123 2133 3171 a,
2168 3110 2224 3161 et
2273 3106 2603 3175 sedulitate,
2637 3112 2693 3162 et
2723 3108 2989 3164 doctrina
3033 3109 3271 3165 functus
3303 3115 3414 3179 est,

43 3204 145 3246 cum
175 3194 307 3249 nihil
333 3197 412 3251 sit
444 3197 518 3252 ab
551 3197 711 3252 omni
744 3201 907 3270 parte
938 3198 1195 3262 beatum,
1227 3199 1315 3253 vir
1354 3203 1556 3253 tantus
1588 3216 1652 3253 ac
1685 3188 1726 3252 C
1761 3198 1825 3249 ut
1873 3211 2148 3267 magnam
2195 3194 2330 3250 inde
2378 3194 2724 3250 eruditionis
2759 3213 2824 3251 ac
2853 3197 3162 3269 probitatis
3193 3197 3411 3254 famam

44 3279 163 3347 talis,
192 3283 360 3352 febre,
383 3285 636 3352 calculo,
669 3286 1022 3359 dysenteria,
1047 3287 1323 3360 podagra,
1357 3287 1653 3360 variisque

42 3370 328 3428 morborum
348 3375 688 3448 generibus,
707 3380 771 3429 ut
788 3373 1106 3448 plurimum
1122 3375 1444 3443 laborabat,
1464 3393 1653 3449 neque

42 3456 106 3510 sic
131 3460 371 3531 affectus,
406 3462 503 3519 sui
536 3480 800 3536 unquam
832 3462 1312 3532 obliviscebatur;
1347 3465 1447 3520 sed
1481 3481 1650 3520 suam

42 3551 142 3613 post
160 3548 443 3607 Christum
464 3568 700 3607 crucem
726 3552 997 3624 bajulans
1015 3568 1148 3606 cum
1172 3552 1444 3625 Apostolo
1466 3553 1649 3608 Deum

41 3631 84 3685 in
112 3635 531 3697 infirmitatibus
553 3639 914 3713 'gloriflcans,
940 3640 1108 3697 laetus
1130 3646 1180 3695 et
1203 3642 1464 3714 gaudens
1486 3641 1653 3696 calo-

44 3737 142 3778 rum
163 3743 393 3801 regnum
416 3746 488 3785 ea
510 3744 571 3784 se
586 3728 678 3784 via
700 3729 1053 3784 intraturum
1074 3730 1364 3802 sperabat.
1390 3730 1650 3785 Circum-

43 3813 155 3867 actis
184 3815 354 3888 igitur
380 3818 441 3873 in
475 3818 815 3891 episcopatu
848 3823 1100 3891 quatuor
1129 3822 1183 3874 et
1221 3818 1425 3890 viginti
1457 3819 1651 3889 annis,

42 3906 375 3977 posteaquam
429 3912 662 3962 mature
708 3907 778 3961 de
819 3907 942 3963 suis
990 3907 1165 3963 rebus
1196 3907 1546 3978 ordinasset,
1580 3909 1650 3962 ad

43 3993 209 4047 mortis
254 3994 569 4067 imperium
605 3994 715 4067 (cui
760 4013 959 4067 parere
1007 4013 1242 4052 necesse
1272 3998 1380 4067 est)
1432 4000 1652 4052 natura

42 4077 281 4137 tributum
302 4086 569 4140 nondum
588 4085 1000 4157 sexagenarius
1017 4085 1276 4152 exsolvit,
1297 4102 1450 4140 anno
1469 4085 1655 4140 incar-

42 4169 131 4221 nati
175 4169 337 4228 Verbi
393 4173 888 4247 quinquagesimo
943 4179 1170 4246 quarto,
1224 4192 1405 4247 supra
1456 4174 1651 4247 sesqui

42 4254 396 4331 millesimum,
431 4262 641 4335 quinto
676 4262 965 4319 Kalendas
995 4263 1281 4319 Octobris.

39 4368 142 4427 CAP.
179 4374 357 4433 XCIV.
388 4379 468 4433 De
506 4379 736 4434 Roberto
787 4378 851 4434 de
901 4380 1250 4435 Lenoncourl.
1290 4411 1347 4420 ——
1377 4379 1534 4434 XCV.
1575 4384 1655 4435 De

92 4444 328 4520 Philippo
353 4450 421 4505 de
450 4450 811 4505 Lenoncourt.
846 4481 913 4491 -—-
944 4450 1128 4506 XCVI.
1153 4453 1226 4506 De
1255 4451 1559 4507 Philiberto
1590 4450 1654 4507 de

92 4513 135 4568 la
161 4513 558 4581 Bédrdaisiére.
595 4552 664 4560 —
692 4520 897 4576 XCVII.
932 4525 1010 4577 De
1037 4523 1230 4578 Iacobo
1260 4523 1469 4594 Amyot.

1762 3284 2132 3355 compararit.
2167 3283 2288 3346 Quo
2317 3300 2549 3339 rumore
2574 3285 3102 3356 percrebrescente,
3126 3285 3416 3358 amplissi-

1761 3389 1895 3428 mus
1924 3373 2010 3427 vir
2049 3371 2112 3427 D.
2168 3371 2575 3436 Morvillerius,
2621 3377 2760 3427 tunc
2810 3376 3224 3445 proprafectus
3283 3375 3413 3429 urbi

1763 3461 2113 3534 Biturigum,
2132 3460 2455 3515 eruditione
2468 3478 2534 3515 ac
2551 3461 2839 3533 probitate
2850 3462 3078 3534 Amyoti
3096 3462 3410 3534 impulsus,

1762 3554 2000 3621 nepotes
2034 3566 2102 3603 ex
2134 3566 2328 3604 sorore
2358 3553 2414 3603 et
2461 3548 2819 3604 ornatissimi
2852 3549 2959 3603 viri
2996 3549 3269 3605 Bucetelli
3302 3551 3412 3605 To-

1762 3638 1990 3710 parcha
2011 3637 2081 3693 de
2112 3639 2277 3710 Sacy,
2302 3636 2641 3705 consiliarii,
2673 3643 2728 3693 et
2754 3655 2787 3694 a
2809 3638 3047 3695 secretis
3069 3643 3125 3694 et
3152 3638 3415 3712 epistolis

1762 3727 1936 3800 regis,
1971 3743 2123 3782 cura
2163 3743 2229 3782 ac
2274 3726 2657 3782 moderationi
2714 3727 2956 3782 tradidit
3002 3726 3410 3784 instituendos.

1761 3816 1883 3880 Quo
1898 3814 2283 3871 institutionis
2298 3819 2557 3888 tempore
2573 3815 2733 3870 horis
2749 3815 3092 3871 successivis
3114 3816 3413 3890 tragadiis

1761 3905 2115 3977 quibusdam
2160 3905 2373 3959 Gracis
2421 3902 2638 3959 Gallico
2684 3904 2955 3979 rhythmo
2997 3905 3411 3977 exprimendis,

1760 3993 2009 4065 aliisque
2031 3992 2243 4049 Gracis
2260 3992 2560 4065 epusculis
2577 3992 2793 4049 Gallice
2813 3994 3106 4049 vertendis
3124 3993 3411 4050 Heliodori

1762 4083 2007 4138 historia
2048 4082 2120 4137 de
2151 4081 2458 4155 Theagcne
2497 4087 2553 4137 et
2582 4081 2896 4151 Chariclea,
2928 4081 3186 4154 itemque
3235 4083 3412 4155 Longi

1762 4171 1940 4227 Graci
2001 4170 2264 4225 bucolico
2319 4172 2584 4226 dramate
2643 4171 2907 4244 prosaico
2967 4172 3037 4226 de
3083 4171 3323 4243 Daphne
3356 4177 3414 4227 ct

1761 4259 1934 4315 Chloe
1965 4276 2199 4331 operam
2233 4259 2414 4327 dedit,
2443 4263 2499 4314 et
2519 4258 2811 4314 versiones
2832 4276 2970 4314 suas
2991 4259 3145 4331 typis
3167 4262 3413 4315 manda-

1759 4348 1858 4416 vit,
1892 4348 2125 4403 tametsi
2158 4346 2217 4401 in
2249 4347 2443 4403 codice
2465 4348 2658 4403 Graec
2685 4347 2754 4402 de
2776 4346 3101 4420 Theagene,
3137 4365 3250 4421 quo
3283 4348 3411 4420 qui-

1761 4438 1893 4492 dem
1926 4453 2069 4491 usus
2117 4439 2243 4490 tum
2286 4435 2495 4504 fuerat,
2530 4434 2782 4490 auctoris
2814 4451 3026 4489 nomen
3060 4434 3409 4505 inscriptum

1681 4554 1728 4618 D
1762 4541 2055 4597 nusquam
2088 4527 2259 4590 esset,
2297 4528 2359 4577 ut
2388 4527 2686 4595 parentem
2711 4523 2910 4595 scripti
2944 4522 3104 4578 illius
3126 4523 3411 4618 interpres

91 4609 317 4672 Jacobus
363 4620 654 4691 Amyotus
702 4617 1020 4686 Meloduni,
1054 4619 1208 4691 quod
1250 4620 1533 4692 Oppidum
1564 4624 1652 4676 est
1681 4609 1722 4618 ”
1761 4616 2077 4688 ignoraret,
2110 4612 2291 4666 donec
2326 4611 2568 4666 Romam
2602 4612 2894 4683 profectus
2928 4611 2985 4666 in
3014 4611 3295 4667 Vaticana
3323 4610 3409 4667 bi-

40 4697 260 4759 millibus
287 4705 496 4779 viginti
529 4723 709 4778 supra
728 4707 1019 4763 Lutetiam
1045 4708 1116 4764 ad
1149 4708 1479 4779 Sequanam
1503 4709 1655 4781 posi-

40 4786 154 4852 lum,
199 4799 367 4851 natus
398 4799 491 4852 est
519 4813 581 4852 ιιι
617 4795 854 4851 Kalend.
887 4796 1251 4863 Novembris,
1287 4797 1424 4852 anni
1458 4797 1651 4853 mille-

39 4873 141 4931 simi
155 4881 605 4956 quingentesimi
623 4883 1021 4953 decimitertii,
1038 4885 1379 4958 parentibus
1391 4885 1651 4943 honestis

38 4964 194 5049 potius
211 4977 386 5043 quam
408 4973 663 5046 copiosis
682 4973 919 5030 Nicolao
940 4978 1185 5046 Amyoto
1206 4978 1262 5030 et
1287 4975 1654 5049 Marguareta

37 5046 90 5103 de
111 5055 430 5119 Amoribus.
462 5061 721 5124 Quorum
762 5060 974 5133 opibus
1007 5060 1260 5116 tenuiter
1288 5046 1651 5118 sustentatus

34 5151 246 5214 θροεῖ-ο,
265 5148 522 5219 primum
541 5148 858 5214 Meloduni,
880 5149 1088 5205 deinde
1110 5149 1350 5205 Lutetia
1369 5150 1426 5204 in
1450 5150 1648 5206 studio

34 5222 281 5290 bonarum
315 5236 646 5295 litterarum
679 5243 737 5293 et
777 5236 1159 5311 pbiIOSOphia
1190 5237 1539 5295 rudimentis
1569 5239 1651 5295 ita

33 5318 256 5401 profecit,
283 5329 347 5380 ut
369 5326 522 5384 circa
543 5344 766 5384 annum
791 5327 1289 5382 undevicesimum
1314 5327 1650 5401 magisterio

34 5399 309 5468 Facultatis
362 5417 612 5484 Artium,
665 5419 731 5471 ut
786 5419 1012 5483 vocant,
1047 5399 1548 5487 cohonestaretur,
1595 5419 1652 5471 et

33 5496 317 5562 equalibus
345 5502 470 5558 suis
493 5504 659 5560 facile
680 5503 1040 5576 praluceret.
1064 5503 1216 5559 Usus
1238 5508 1327 5561 est
1346 5505 1404 5559 in
1431 5505 1651 5561 Latinis

32 5580 339 5659 Vulgaribus
368 5584 671 5673 magistris
712 5591 918 5670 quales
948 5592 1065 5652 fere
1096 5592 1156 5651 in
1187 5594 1510 5672 gymnasiis
1542 5611 1649 5672 pu-

1760 4702 2050 4759 bliotheca
2080 4698 2411 4772 exemplum
2444 4716 2621 4754 manu
2655 4705 2951 4755 exaratum
2977 4699 3133 4756 illius
3155 4699 3409 4757 historia

1759 4790 2000 4857 invenit,
2034 4790 2094 4844 in
2126 4804 2239 4860 quo
2272 4787 2559 4843 Heliodori
2584 4804 2795 4844 nomen
2825 4788 3145 4862 ascriptum
3178 4794 3321 4855 erat,
3348 4795 3411 4844 ut

1759 4882 1913 4937 idem
1947 4879 2005 4933 in
2031 4876 2203 4933 tertia
2233 4875 2484 4932 editione
2515 4875 2739 4933 Gallica
2766 4876 3098 4932 declaravit.

1831 4967 2010 5024 Paulo
2032 4970 2164 5038 post
2182 4965 2509 5021 versionem
2535 4964 2813 5022 Gallicam
2838 4965 3256 5022 nonnullarum
3280 4966 3409 5022 Plu-

1759 5057 1945 5114 tarchi
1969 5054 2262 5113 Charonei
2279 5053 2544 5108 Vitarum
2568 5052 2886 5109 illustrium
2909 5054 3164 5111 virorum
3180 5072 3410 5129 aggres-

1757 5165 1861 5204 sus
1891 5149 2000 5215 est,
2026 5160 2201 5215 quam
2236 5142 2540 5198 Francisco
2563 5143 2771 5216 primo,
2794 5144 2913 5217 regi
2938 5161 3171 5218 magno,
3197 5145 3409 5201 obtulit

1757 5241 1814 5292 et
1871 5231 2249 5298 consecravit,
2309 5249 2343 5285 a
2386 5248 2501 5304 quo
2557 5236 2678 5287 tam
2738 5232 3045 5305 splendida
3100 5233 3406 5290 translatio

1756 5328 2057 5395 tantopere
2073 5320 2317 5393 probata
2336 5324 2444 5388 est,
2470 5324 2533 5375 ut
2539 5320 2789 5392 jusserit
2812 5323 3047 5395 Amyoto
3070 5321 3403 5377 inchoatam

1756 5409 2201 5470 translationem
2250 5408 2542 5482 prosequi,
2595 5414 2652 5466 et
2681 5410 2753 5465 ad
2797 5410 3142 5467 umbilicum
3173 5410 3402 5477 ducere,

1758 5504 1927 5574 eique
1958 5498 2100 5555 tanti
2154 5496 2373 5553 laboris
2431 5515 2496 5553 ac
2549 5498 2740 5572 cperis
2795 5498 3018 5554 ratione
3072 5497 3271 5552 habita
3300 5512 3404 5567 pro

1759 5586 2226 5651 remuneratione
2246 5585 2541 5646 abbatiam
2563 5584 3075 5656 Bellozaniensem,
3110 5601 3237 5667 qua
3260 5583 3404 5647 forte

3338 5814 3607 5919 Γ
