3810 6214
381 376 501 437 387

1238 368 1578 430 APPEND.
1624 366 1726 427 AD
1772 367 1962 428 SEC.
2009 367 2082 426 Χ.
2116 401 2191 410 —
2225 367 2486 428 OPERA
2536 386 2742 432 ΑΔΕΣΠι

2234 367 2486 428 DPERA
2536 386 2929 433 ΑΔΕΣΙΙΟΤΙΚΑ.
3654 369 3738 433 388

387 513 515 563 tum
546 508 868 570 vacaverat,
913 502 1073 576 regia
1122 500 1466 557 liberalitate
1512 498 1819 568 concessit,
1864 498 2041 570 idque
2070 500 2123 567 Α
2153 498 2281 554 ideo
2323 499 2673 573 magistrum
2718 516 2892 555 suum
2931 515 3163 572 semper
3185 499 3518 571 nominavit)
3540 518 3637 556 non
3666 502 3738 557 im.

388 601 752 669 postremum
782 591 1177 647 sacerdotium
1206 590 1335 655 fuit,
1360 589 1515 661 quod
1538 606 1637 645 rex
1656 588 1752 643 ille
1775 586 2042 654 contulit,

389 682 531 755 quia
560 698 676 737 non
700 679 885 735 multo
916 682 1048 750 post
1075 678 1252 732 vitam
1280 693 1413 731 cum
1438 680 1622 731 morte
1643 673 2041 731 commutavit.

389 772 752 841 Quapropter
769 769 1051 839 Amyotus
1074 766 1365 821 fortunam
1390 765 1671 835 majorem
1695 763 1789 817 vix
1809 780 2040 834 respou-

390 874 591 913 suram
615 856 800 912 labori
823 855 975 926 apud
1015 853 1211 910 Gallos
1232 858 1415 920 ratus,
1450 869 1555 907 nec
1581 852 1653 907 ad
1687 851 1830 907 alios
1860 850 2042 907 hono-

390 962 522 1001 rum
553 945 769 1017 gradus
802 947 1136 1015 provectum
1166 941 1260 1009 iri,
1293 940 1625 996 instituitin
1658 939 1887 995 Italiam
1912 957 2042 1012 pro-

389 1033 596 1102 ﬁcisci,
629 1036 693 1087 ut
724 1031 842 1087 illic
871 1032 1046 1086 vitam
1096 1030 1206 1085 hoc
1236 1028 1515 1084 mediocri
1547 1045 1725 1084 censu
1775 1028 2040 1100 agitaret,

386 1120 769 1176 bibliothecas
802 1118 1032 1175 Italicas
1062 1117 1407 1174 consulendi
1439 1117 1659 1182 animo,
1691 1121 1748 1171 et
1782 1117 2041 1171 codicem

388 1208 681 1263 Plutarchi
705 1208 982 1263 mendose
1002 1224 1283 1263 excusum
1308 1223 1443 1261 cum
1473 1205 1892 1276 manuscriptis
1914 1222 2046 1259 con-

383 1297 627 1363 ferendi,
645 1301 861 1352 etcum
876 1296 1125 1351 eruditis
1144 1296 1306 1361 viris,
1322 1311 1469 1367 quos
1490 1294 1567 1348 ibi
1585 1293 2041 1359 nancisceretur,

384 1375 686 1440 sermones
713 1401 781 1439 ea
810 1385 880 1439 de
903 1401 963 1439 re
986 1383 1135 1439 ultro
1163 1384 1425 1455 citroque
1452 1382 1727 1437 habendi.
1750 1381 1897 1436 Dum
1921 1381 2043 1436 hac

384 1490 520 1528 cum
551 1473 750 1529 animo
784 1472 1083 1543 cogitaret,
1119 1470 1331 1526 obtulit
1359 1471 1410 1525 ei
1435 1488 1496 1525 se
1518 1469 1829 1524 commoda
1849 1469 2044 1524 admo.

382 1562 525 1616 dum
540 1562 767 1616 occasio
779 1562 828 1631 ej
841 1561 1069 1614 usmodi
1082 1576 1236 1614 anno
1251 1558 1562 1613 millesimo
1575 1557 2043 1629 quingentesimo

383 1650 839 1721 quadragesimo
873 1654 1053 1703 sexto.
1090 1649 1246 1703 Idem
1279 1646 1666 1702 Morvillerius
1688 1647 1760 1701 ab
1795 1646 2044 1701 Henrico

383 1737 427 1792 ll
460 1754 593 1810 rege
638 1737 859 1792 missus
891 1738 962 1792 ad
994 1737 1246 1792 Venetos
1277 1735 1525 1807 legatus,
1566 1738 1881 1806 Amyotum
1934 1734 2043 1803 sibi

384 1827 654 1898 adjunxit
685 1825 913 1881 itineris
943 1824 1238 1893 comitem,
1274 1824 1373 1896 qui
1402 1829 1526 1879 tum
1560 1822 1927 1878 tricesimum
1961 1838 2046 1877 se-

384 1916 645 1970 cundum
677 1914 864 1969 atatis
897 1931 1118 1969 annum
1151 1914 1447 1985 attigerat,
1481 1929 1616 1967 cum
1650 1911 1822 1984 paulo
1854 1912 2042 1982 major

384 2007 523 2060 natu
558 2003 942 2059 Morvillerius
990 2006 1162 2058 esset.
1198 2007 1305 2058 Per
1333 2002 1391 2056 id
1441 1999 1753 2074 legationis
1805 2004 2039 2070 tempus

379 2092 607 2166 legatus
628 2093 819 2165 regius
841 2096 999 2147 tanto
1020 2108 1155 2146 cum
1174 2108 1238 2146 eo
1258 2089 1525 2145 amicitia
1544 2095 1600 2144 et
1622 2087 2040 2143 familiaritatis

379 2181 612 2236 vinculo
636 2182 910 2236 astrictus
949 2186 1056 2245 est,
1093 2184 1157 2234 ut
1188 2180 1307 2252 pati
1342 2197 1455 2235 non
1486 2177 1738 2250 potuerit
1776 2176 1973 2249 ipsum
2005 2194 2037 2231 a

381 2287 443 2327 se
476 2270 794 2336 discedere,
846 2269 1075 2325 etiamsi
1123 2267 1451 2323 incredibili
1505 2266 1793 2322 desiderio
1826 2264 2036 2321 biblio-

381 2359 580 2415 thecas
626 2358 874 2412 aliarum
922 2358 1225 2411 civitatum
1282 2356 1459 2410 Italia
1506 2355 1731 2409 visendi
1792 2354 2037 2427 ﬂagrare

380 2447 575 2503 sciret.
609 2446 739 2501 Jam
774 2445 1154 2517 perscrutatis
1175 2444 1450 2499 omnibus
1472 2442 1674 2498 sedulo
1704 2443 1912 2498 loculis
1932 2442 2036 2497 Ve-

381 2540 528 2589 neta
550 2533 917 2589 bibliotheca
937 2531 1407 2604 locupletissima
1430 2532 1498 2586 ad
1521 2530 1861 2586 institutum
1887 2548 2035 2603 opus

380 2621 676 2677 Plutarchi
708 2621 925 2692 scripta
954 2619 1308 2687 conferendi,
1332 2619 1703 2685 emendandi,
1728 2625 1783 2674 et
1809 2618 2035 2691 elegan-

380 2711 501 2765 tius
529 2709 743 2764 Gallice
773 2708 1055 2776 vertendi,
1108 2707 1332 2765 Venetis
1379 2708 1623 2763 Romam
1673 2724 1734 2762 se
1764 2706 2028 2763 contulit.

382 2798 488 2855 Ubi
520 2796 961 2871 perhumaniter
982 2801 1254 2868 acceptus
1285 2800 1375 2853 est
1405 2797 1475 2852 ab
1498 2796 1769 2868 episcopo
1802 2795 2032 2868 Mirapi-

379 2888 562 2954 censi,
596 2887 694 2959 qui
730 2886 885 2942 domi
912 2903 1031 2942 sua
1053 2903 1185 2941 eum
1218 2885 1477 2953 retinuit,
1506 2889 1563 2940 et
1591 2903 1695 2957 per
1725 2885 2028 2940 biennium

379 2978 559 3032 ferme
590 2976 978 3031 convictorem
1010 2974 1236 3043 habuit,
1270 2992 1403 3030 cum
1435 2991 1550 3046 quo
1582 2973 1735 3029 ultro
1767 2973 2029 3044 citroque

344 3081 681 3131 sermones
731 3064 988 3131 haberet,
1028 3064 1101 3119 de
1131 3063 1339 3118 litteris
1382 3079 1447 3117 ac
1494 3061 1825 3135 disciplinis
1854 3061 2029 3117 verba

378 3155 614 3208 faceret.

2155 603 2400 652 memor,
2435 605 2716 659 magnum
2750 587 3003 643 Francia
3036 586 3549 661 eleemosynarium
3574 592 3740 645 consti-

2158 674 2287 742 tuit,
2321 680 2378 730 et
2400 694 2441 739 ,a
2480 675 2758 731 sanctiori
2789 680 2846 731 et
2883 675 3209 749 augustiori
3242 675 3482 732 consilio
3525 677 3624 733 sibi
3647 695 3739 733 esse

2151 763 2357 831 voluit,
2390 781 2456 819 ac
2490 764 2662 837 paulo
2694 769 2827 836 post
2854 764 3090 820 abbatis
3119 765 3379 837 Rupium
3409 765 3680 828 decoravit,
3702 773 3741 821 et

2154 869 2290 908 mox
2319 852 2452 917 alia,
2490 868 2700 925 nempe
2731 854 2916 909 sancti
2944 853 3193 910 Cornelii
3213 854 3663 926 Compendiensis
3678 872 3740 909 va

2154 940 2329 1009 canti,
2362 941 2515 997 ultro
2546 958 2612 997 ac
2637 946 2843 1014 sponte
2872 959 2981 997 sua
3009 958 3143 997 eum
3177 942 3418 999 minime
3448 942 3739 999 ambientem

2154 1029 2470 1084 exornavit.
2523 1030 2581 1085 S.
2617 1029 2685 1085 R.
2737 1031 2800 1086 E.
2848 1030 3130 1087 cardinali
3181 1031 3253 1086 de
3302 1031 3359 1087 la
3405 1019 3739 1087 Bourdaisiére

2157 1117 2353 1172 Roma
2402 1118 2698 1186 defuncto,
2751 1119 2887 1174 Pius
2916 1118 2964 1171 V
2992 1118 3225 1192 Amyoti
3271 1121 3568 1188 virtutum,
3596 1119 3738 1175 erudi-

2153 1206 2353 1271 tionis,
2389 1207 2623 1279 pietatis
2657 1225 2723 1263 ac
2757 1208 2959 1263 fervidi
3008 1209 3253 1265 affectus
3302 1226 3442 1283 erga
3486 1209 3740 1264 Ecclesiam

2153 1295 2500 1351 catholicam
2515 1296 2895 1369 apostolicam
2914 1302 2972 1351 et
2984 1297 3306 1353 Romanam
3322 1295 3739 1375 famaimpulsus,

2154 1385 2426 1439 eumdem
2475 1385 2838 1456 episcopatui
2866 1386 3185 1441 Antissiod.
3239 1387 3513 1459 praefecit,
3544 1386 3668 1459 quod
3692 1385 3739 1439 li-

2154 1473 2359 1528 benter
2388 1490 2422 1529 a
2452 1490 2583 1546 rege
2606 1490 2953 1530 concessum
2980 1480 3088 1542 est,
3122 1475 3222 1547 qui
3254 1474 3404 1530 nihil
3428 1475 3598 1547 magis
3620 1491 3740 1545 expe

2154 1563 2313 1617 tebat
2344 1579 2523 1633 quam
2556 1566 2620 1618 ut
2647 1580 2783 1618 eum
2814 1564 2886 1618 ad
2916 1580 3179 1619 summos
3202 1563 3455 1619 honores
3483 1569 3537 1619 et
3552 1563 3740 1635 dignita-

2153 1654 2241 1704 tes
2268 1649 2629 1721 proveberet,
2662 1656 2729 1705 ut
2752 1650 2943 1723 reipsa
2969 1652 3325 1722 ostenderat,
3357 1669 3423 1707 ac
3453 1650 3739 1725 primoribus

2154 1736 2361 1792 aulicis
2379 1754 2445 1792 ac
2463 1737 2830 1810 principibus
2852 1740 3257 1810 patefaciebat.
3279 1740 3467 1812 Hujus
3482 1756 3597 1796 vero
3618 1740 3738 1811 regis

2155 1824 2213 1879 in
2247 1842 2308 1880 se
2359 1826 2794 1893 benevolentia,
2848 1828 3230 1901 benignitatis
3278 1847 3348 1884 ac
3398 1828 3738 1885 beneﬁcientir

2151 1930 2272 1968 sem
2282 1930 2384 1985 per
2394 1919 2561 1985 gratu
2572 1932 2626 1969 m
2646 1920 2703 1970 et
2716 1932 3036 1971 memorem
3049 1934 3111 1972 se
3130 1916 3420 1989 praestitit,
3446 1934 3552 1973 non
3565 1922 3737 1972 tantum

2151 2003 2463 2074 superstite
2491 2003 2772 2076 principe,
2795 2006 2897 2060 sed
2921 2006 3097 2061 etiam
3123 2010 3253 2077 post
3269 2006 3494 2062 obitum
3516 2005 3736 2077 ejusdem,

2148 2091 2323 2163 qucin
2344 2109 2576 2163 semper
2597 2091 2870 2148 laudibus
2888 2093 2947 2147 in
2970 2091 3180 2148 calum
3205 2093 3531 2160 extollebat,
3548 2108 3739 2165 quarum

2148 2195 2346 2234 revera
2405 2179 2621 2252 dignus
2676 2184 2820 2247 erat,
2874 2181 3219 2254 felicemque
3270 2184 3405 2254 ejus
3462 2180 3737 2237 memoriam

2146 2266 2373 2322 colebat
2402 2273 2457 2322 et
2490 2268 2602 2341 piis
2636 2269 2909 2324 manibus
2940 2286 3172 2342 semper
3201 2272 3627 2343 apprecabatur.

2216 2360 2391 2411 Porro
2423 2374 2558 2412 cum
2591 2375 2690 2414 rex
2724 2358 3004 2414 Henricus
3038 2359 3132 2425 IlI,
3179 2376 3450 2416 reversus
3479 2376 3511 2414 a
3535 2356 3732 2413 Polonia.

2146 2461 2248 2516 per
2269 2445 2623 2501 Sabaudiam
2645 2445 3023 2519 Allobrogum
3046 2447 3346 2512 transiret,
3373 2445 3585 2503 ductrix
3602 2443 3734 2500 amita

2145 2531 2297 2605 regis
2327 2534 2377 2588 ei
2399 2536 2709 2606 Amyotum
2733 2539 3034 2606 tantopere
3055 2536 3504 2602 commendavit,
3536 2538 3591 2589 ut
3608 2533 3648 2588 ei
3668 2548 3733 2585 rex

2143 2622 2440 2693 pollicitus
2473 2623 2646 2678 fuerit
2666 2624 2938 2679 eumdem
2961 2628 3272 2696 Amyotum
3294 2624 3358 2679 in
3381 2641 3484 2679 suo
3499 2622 3653 2696 gradu
3670 2620 3730 2673 di-

2141 2710 2383 2783 gnitatis
2401 2717 2455 2767 et
2477 2712 2650 2768 officii
2675 2711 3113 2785 eleemosynarii
3139 2714 3341 2786 magni
3363 2711 3597 2769 Francia
3618 2707 3730 2780 apud

2140 2813 2203 2852 se
2216 2814 2690 2869 permansurum,
2707 2804 2905 2871 utpote
2918 2815 3091 2871 quem
3109 2800 3371 2872 primum
3386 2803 3732 2872 praceptorem

2139 2884 2442 2955 habuerat,
2471 2887 2716 2959 ideoque
2748 2905 2881 2942 eum
2917 2894 2979 2943 se
3004 2905 3108 2959 per
3136 2893 3326 2944 totam
3361 2891 3529 2944 vitam
3557 2901 3735 2956 semper

2139 2975 2488 3047 magistrum
2504 2993 2677 3031 suum
2700 2975 3133 3048 appellaturum
3149 2994 3275 3032 esse
3294 2996 3309 3047 ;
3327 2978 3502 3049 hujus
3518 2973 3734 3050 promissi

2138 3063 2381 3118 nuntius
2433 3082 2530 3119 rex
2573 3065 2698 3139 ipse
2738 3065 2847 3120 fuit
2894 3067 3077 3121 redux
3100 3068 3354 3138 Amyoto
3385 3073 3440 3122 et
3469 3056 3543 3121 aii
3577 3063 3731 3119 eodem

2136 3150 2394 3208 vicissim
2428 3153 2594 3224 petiit
2625 3159 2688 3208 ut
2720 3171 3073 3226 propensam
3102 3171 3241 3227 erga
3261 3172 3328 3211 se
3357 3155 3676 3211 voluntatem
3690 3153 3732 3203 et

450 3241 663 3296 Eodem
695 3241 875 3296 ferme
907 3244 1167 3313 tempore
1195 3240 1253 3295 iu
1285 3239 1672 3296 illustrissimi
1713 3238 2028 3294 cardinalis
2060 3230 2102 3295 (ἶ
2142 3241 2326 3296 fidum
2358 3241 2851 3315 obsequium,quo
2873 3243 3155 3299 hactenus
3177 3260 3327 3299 usus
3348 3245 3547 3308 fuerat,
3569 3243 3618 3295 in
3637 3256 3734 3294 mu-

377 3329 661 3385 Turnouii
712 3328 1030 3385 amicitiam
1080 3346 1142 3384 se
1200 3328 1536 3397 insinuavit,
1572 3328 1670 3400 qui
1710 3345 1744 3382 a
1792 3344 1926 3399 rege
1957 3328 2028 3382 ad

375 3417 574 3475 aulam
607 3423 926 3486 revocatus,
961 3436 1094 3473 cum
1139 3418 1212 3474 ob
1244 3417 1507 3491 egregias
1539 3417 1721 3472 animi
1754 3417 1939 3483 dotes,
1974 3419 2029 3471 et

372 3508 657 3563 virtutum
689 3512 1122 3576 ornamentum,
1156 3513 1282 3562 tum
1313 3508 1386 3563 ob
1435 3524 1629 3563 rerum
1660 3505 1939 3573 civilium,
1975 3510 2031 3560 et

374 3597 537 3670 regni
570 3598 938 3670 negotiorum
970 3601 1301 3653 accuratam
1335 3596 1728 3668 cognitionem
1761 3599 1817 3651 et
1853 3612 2028 3667 expe-

374 3686 668 3753 rientiam,
701 3686 974 3741 eumdem
1023 3688 1335 3757 Amyotum
1369 3684 1596 3740 itineris
1625 3684 1899 3740 comitem
1935 3700 2029 3739 as-

375 3774 633 3845 sumpsit
662 3790 794 3829 cum
828 3773 1102 3846 Dionysio
1133 3773 1435 3843 Lambino,
1466 3774 1588 3827 viro
1619 3773 1949 3829 clarissimo
1972 3777 2031 3828 et

379 3861 683 3934 utriusque
741 3861 953 3933 lingua
1012 3861 1387 3933 peritissimo,
1440 3862 1540 3932 qui
1592 3866 1793 3933 postea
1832 3861 2030 3935 regius

375 3950 709 4006 Gracarum
748 3948 1077 4004 litterarum
1128 3950 1422 4021 professor
1452 3950 1688 4004 Lutetiae
1721 3950 1848 4004 fuit.
1883 3950 2029 4005 Cum

374 4040 425 4093 is
476 4037 794 4093 cardinalis
844 4039 915 4094 ad
949 4036 1145 4093 aulam
1178 4055 1239 4092 se
1288 4037 1631 4094 contulisset
1660 4042 1717 4093 et
1768 4039 2032 4095 audisset

376 4143 574 4200 regem
622 4128 975 4199 quibusdam
1022 4127 1389 4182 antistitibus
1440 4144 1506 4182 ac
1548 4128 1884 4199 proceribus
1915 4127 2028 4183 sibi

372 4216 729 4288 gratissimis
760 4216 910 4272 hanc
942 4216 1298 4288 provinciam
1331 4216 1582 4284 dedisse,
1617 4221 1682 4271 ut
1711 4216 2028 4273 accuratis-

372 4304 520 4362 sime
541 4309 825 4378 tanquam
850 4306 921 4360 de
944 4322 1002 4361 re
1026 4304 1265 4360 maximi
1289 4305 1567 4360 momenti
1586 4304 2030 4362 sciscitarentur

371 4412 438 4450 ac
460 4399 941 4467 percontarentur
961 4396 1033 4451 de
1058 4395 1260 4467 probo,
1287 4394 1514 4450 erudito
1537 4412 1603 4450 ac
1622 4395 1756 4450 cord
1766 4399 1860 4450 ato
1882 4395 2024 4464 viro,

371 4500 403 4538 a
433 4500 549 4555 quo
598 4483 766 4540 liberi
817 4485 958 4557 regii
1007 4481 1443 4539 Aurelianensis
1490 4488 1548 4539 et
1590 4484 2028 4556 Andegavensis

372 4573 571 4639 duces,
599 4574 725 4644 jam
756 4578 883 4628 tum
906 4572 1154 4645 imperio
1178 4571 1472 4643 destinati,
1497 4573 1699 4628 sedulo
1720 4573 1947 4629 institui
1970 4578 2027 4630 et
2056 4596 2103 4660 Ι)

372 4661 566 4715 doceri
600 4668 857 4731 possent,
894 4662 1014 4735 regi
1044 4663 1379 4733 Amyotum,
1411 4662 1583 4732 cujus
1612 4679 1825 4731 mores,
1860 4662 2025 4736 inge-

372 4748 558 4815 nium,
593 4750 941 4817 doctrinam,
992 4750 1256 4821 aliasque
1287 4750 1468 4805 animi
1498 4751 1665 4806 dotes
1695 4755 2029 4824 perspectas

372 4841 431 4891 et
451 4836 777 4908 exploratas
799 4837 1071 4905 habebat,
1102 4839 1335 4895 obtulit.
1363 4839 1611 4895 Proinde
1634 4856 1664 4895 e
1680 4840 1924 4913 vestigio
1956 4841 2027 4896 ad

374 4925 485 4980 hoc
516 4925 1028 4997 praeclarissimum
1053 4932 1109 4982 et
1131 4926 1546 5000 gravissimum
1570 4945 1788 4983 munus
1817 4931 2029 5002 Amyo-

372 5018 469 5068 tus
498 5030 653 5068 unus
681 5031 749 5069 ex
782 5018 863 5069 tot
882 5016 1179 5088 tantisque
1208 5017 1347 5072 viris
1367 5016 1582 5088 quibus
1604 5016 1711 5072 hoc
1732 5018 2026 5073 eruditum

371 5101 652 5158 saculum
702 5102 959 5171 florebat,
1014 5105 1237 5160 ascitus
1273 5111 1393 5174 est;
1427 5105 1485 5159 in
1536 5122 1650 5178 quo
1682 5106 1763 5162 ita
1795 5111 2029 5163 strenue

373 5208 438 5246 ac
469 5190 717 5245 fideliter
745 5192 927 5263 gessit
956 5194 1027 5248 ad
1061 5193 1225 5266 regni
1255 5194 1609 5251 Francorum
1648 5197 2024 5253 commodum

370 5283 427 5336 et
458 5284 893 5346 ornamentum,
934 5285 999 5336 ut
1042 5281 1161 5354 regi
1217 5282 1544 5356 reginaque
1588 5289 1792 5356 gratus
1840 5290 1896 5341 et
1925 5304 2024 5343 ac-

370 5372 576 5442 ceptus
599 5366 791 5435 fuerit,
816 5367 995 5441 idque
1014 5368 1187 5443 longo
1207 5387 1493 5428 annorum
1515 5372 1817 5431 intervallo
1842 5392 2027 5449 usque

370 5457 442 5512 ad
478 5455 771 5513 Francisci
806 5456 849 5512 ll
888 5456 1133 5513 obitum.

440 5546 563 5612 Quo
594 5549 854 5617 tempore
885 5545 1124 5603 Carolus
1158 5548 1228 5603 ΙΧ
1276 5549 1627 5605 Francorum
1663 5569 1841 5625 regno
1872 5554 2026 5627 poti-

366 5634 487 5709 tus,
519 5634 847 5696 officiorum
878 5638 936 5695 et
956 5635 1299 5697 meritorum
1320 5639 1691 5713 praeceptoris
1712 5640 1803 5699 sui
1826 5645 2026 5720 (quem

2142 3346 2276 3385 nere
2298 3330 2455 3403 regio
2477 3330 2747 3387 exhibere
2764 3336 3056 3405 pergeret:
3084 3331 3374 3405 singulari
3392 3336 3538 3388 certe
3557 3346 3613 3386 ac
3630 3341 3735 3382 novo

2138 3418 2401 3491 exemplo
2423 3418 2531 3476 hoc
2552 3420 2899 3476 beneficium
2919 3420 2977 3476 in
2999 3421 3316 3494 Amyotum
3338 3422 3411 3478 ab
3433 3421 3735 3493 optimomge

2139 3506 2485 3564 collocatum
2520 3509 2701 3564 videri
2728 3512 2939 3581 potest,
2974 3513 3040 3564 ut
3071 3510 3325 3565 duorum
3361 3505 3734 3567 succedentium

2141 3614 2296 3652 unus
2318 3596 2593 3669 idemque
2624 3614 2876 3670 magnus
2906 3596 3406 3668 eleemusynarius
3436 3597 3611 3662 fuerit,
3637 3608 3734 3648 cum

2140 3685 2456 3741 obtinuerit
2468 3687 2621 3757 apud
2636 3686 2930 3758 principes
2942 3687 3013 3742 ad
3029 3703 3272 3759 regnum
3289 3685 3632 3744 hareditario
3638 3684 3736 3752 jure

2139 3775 2482 3830 accedentes
2515 3775 2708 3830 ofﬁcia
2738 3792 2974 3831 summa
3004 3776 3348 3848 primasque
3380 3775 3663 3849 dignitates
3684 3766 3734 3824 ad

2139 3879 2237 3917 eos
2268 3862 2511 3931 deferre,
2546 3880 2694 3935 quos
2726 3863 2784 3918 in
2806 3864 3086 3919 comitatu
3119 3869 3177 3919 et
3196 3864 3480 3937 obsequio
3499 3878 3593 3919 suo
3618 3862 3734 3915 ante-

2140 3968 2317 4022 quam
2332 3969 2462 4006 reru
2472 3968 2528 4006 m
2552 3952 2878 4024 potirentur
2893 3952 3188 4009 chariores
3200 3956 3257 4009 et
3268 3952 3549 4026 gratiores
3558 3947 3683 4022 apud
3695 3959 3735 3999 se

2139 4039 2450 4096 habebant.
2475 4041 2505 4096 J
2512 4058 2607 4096 am
2624 4058 2755 4097 vero
2768 4042 2923 4097 idem
2946 4059 3045 4097 rex
3064 4042 3592 4098 Christianissimus
3609 4032 3736 4109 paulo

2140 4134 2274 4200 post
2304 4129 2560 4184 reditum
2582 4147 2616 4184 a
2637 4129 2896 4193 Polonia,
2920 4147 3053 4185 cum
3078 4130 3349 4202 equitum
3368 4131 3734 4201 Torquatorum

2138 4234 2204 4273 ac
2219 4218 2351 4274 mod
2360 4224 2650 4274 eratorum
2667 4236 2769 4275 seu
2783 4220 3087 4274 commend
3096 4224 3328 4275 atorum
3344 4218 3526 4275 sancti
3538 4213 3738 4287 Spiritus

2139 4306 2406 4362 ordinem
2438 4307 2792 4374 institueret,
2817 4307 3041 4379 Amyoti
3065 4307 3156 4363 sui
3180 4307 3428 4363 minime
3450 4310 3533 4363 est
3550 4301 3735 4361 oblitus,

2138 4394 2256 4450 imo
2289 4395 2546 4467 primum
2578 4397 2706 4467 ejus
2755 4395 2979 4451 ordinis
3019 4396 3322 4468 Equestris
3374 4396 3735 4452 moderatorem

2137 4484 2420 4556 prafecit;
2442 4485 2582 4556 quin
2615 4485 2790 4540 etiam
2814 4484 2874 4539 in
2897 4485 3159 4556 ejusdem
3178 4486 3435 4557 gratiam
3456 4491 3512 4541 et
3537 4483 3736 4538 favorem

2136 4571 2359 4628 ordinis
2381 4573 2900 4628 constitutionibus
2922 4589 2986 4628 ac
3018 4573 3228 4646 typicis
3260 4571 3473 4630 litteris
3492 4569 3646 4627 inseri
3666 4580 3734 4619 vo-

2138 4660 2416 4717 luithunc
2430 4661 2636 4734 capitis
2650 4660 2981 4717 articulum:
2998 4662 3273 4734 Quisquis
3288 4678 3536 4736 magnus
3551 4658 3738 4715 eleemo-

2138 4750 2412 4823 synarius
2441 4750 2632 4819 fuerit,
2653 4751 2808 4806 idem
2839 4750 3014 4807 etiam
3037 4750 3177 4806 dicti
3208 4752 3436 4808 ordinis
3466 4749 3739 4805 moderator

2138 4856 2240 4895 seu
2261 4840 2701 4895 commendator
2715 4840 2825 4894 erit
2845 4856 3029 4912 eaque
3047 4839 3191 4913 lege,
3210 4844 3273 4895 ut
3290 4837 3599 4896 nobilitatis
3613 4844 3740 4906 gene-

2139 4928 2220 4983 ris
2234 4928 2324 4984 sui
2341 4929 2557 4984 indicia
2569 4945 2635 4983 ac
2648 4928 2983 4984 testimonia
2994 4929 3132 4985 dare
3154 4946 3270 4985 non
3284 4930 3580 5002 adigatur,
3599 4928 3739 4977 utca-

2137 5018 2248 5073 teri
2285 5034 2489 5073 omnes
2519 5017 2858 5090 adiguntur.
2884 5017 2995 5074 Sed
3029 5036 3144 5090 qua
3159 5018 3374 5091 pietate
3394 5015 3739 5089 episcopatum

2138 5106 2479 5177 auspicatus
2492 5106 2668 5162 fuerit
2687 5124 2756 5163 ex
2768 5123 2833 5163 eo
2847 5111 3074 5163 constat
3100 5107 3253 5180 quod
3267 5106 3451 5163 simul
3463 5109 3623 5176 atque
3631 5113 3738 5171 pon-

2134 5196 2346 5251 tiﬁcias
2358 5195 2553 5252 bullas
2569 5195 2908 5268 accepisset,
2924 5213 3029 5269 per
3047 5201 3485 5268 procuratorem
3510 5183 3740 5265 possesio-

2136 5302 2271 5341 nem
2295 5284 2458 5354 adiit,
2486 5286 2628 5341 dum
2657 5285 2894 5341 Lutetia
2919 5285 3376 5341 consecrationis
3407 5297 3612 5340 munus
3637 5290 3739 5333 con-

2136 5377 2479 5446 sequeretur
2496 5378 2562 5429 ut
2583 5374 2950 5430 commodius
2972 5378 3191 5447 postea,
3216 5372 3388 5429 venia
3403 5390 3437 5430 a
3457 5384 3581 5443 rege
3599 5366 3739 5433 impe-

2136 5468 2309 5531 trata,
2325 5463 2573 5536 ipsemet
2595 5462 2672 5518 rei
2682 5480 2787 5535 psa
2808 5464 2880 5519 ad
2901 5463 3330 5535 possessionem
3353 5453 3739 5533 adipiscendam

2136 5553 2434 5609 accederet
2453 5556 2510 5608 et
2532 5569 2772 5608 munere
2791 5551 3105 5625 episcopali
3124 5553 3495 5625 fungeretur;
3514 5560 3635 5604 cum
3648 5536 3740 5595 reli-

2136 5642 2294 5722 gioni
2341 5641 2585 5701 haberet
2632 5641 2942 5701 sacerdotii
2971 5641 3153 5724 opimi
3191 5640 3385 5707 reditu
3413 5637 3549 5714 frui,
3575 5634 3631 5698 in
3653 5639 3739 5708 quo
