3810 6214
48 319 144 377 393
1041 315 1140 375 DE
1186 314 1404 378 MONA
1417 315 1700 377 STElllO
1754 314 2339 377 GEMMETICENSI
2353 360 2367 374 .

3286 320 3406 380 3³31

99 448 311 505 Iacobus
353 448 605 518 Amyotus
650 449 929 520 episcopus
985 448 1469 503 Antissiodorensis
1518 448 1647 502 huic
1675 459 1725 526 Α
1759 446 2132 518 pmnitentize,
2167 446 2843 513 eucharistia,extremaa
2878 448 3193 517 unctionis,
3216 455 3408 523 utpar

100 537 383 609 gymnasio,
416 535 553 607 quod
580 536 966 592 exstruendum
994 538 1386 603 curavit,lmnc
1417 539 1649 608 inscrip-

101 628 276 681 tionem
304 626 508 696 apponi
535 626 722 681 voluit.

97 714 167 770 Ad
186 717 500 769 extremum
522 713 616 769 hic
638 713 888 771 antistes
911 717 1222 787 postquam
1252 714 1568 770 factionum
1592 719 1650 770 et

42 802 287 857 bellorum
316 800 576 858 civilium
608 807 868 876 tempore
896 802 1256 871 calamitosa,
1280 802 1466 858 multa
1487 804 1647 858 dictu

43 890 221 963 gravia,
242 895 545 963 perspecta
577 908 803 962 aspera,
829 895 894 946 ut
916 899 1086 963 poeta
1113 890 1371 963 tragicus
1402 892 1501 958 ait,
1522 908 1646 946 car-

42 996 150 1051 pore
176 980 457 1035 exautlata
498 985 674 1051 atque
722 979 917 1035 animo
965 980 1321 1052 pertulisset,
1359 983 1646 1052 quantum

44 1072 213 1123 natura
239 1068 497 1123 humana
547 1070 887 1124 constanter
919 1068 1066 1124 ferre
1095 1071 1304 1141 potest,
1338 1068 1650 1123 succubuit

40 1157 239 1213 tandem
266 1160 349 1212 tot
378 1156 657 1213 arumnis
686 1173 1024 1229 oppressus,
1054 1160 1112 1213 et
1138 1156 1457 1213 exstinctus
1486 1156 1648 1229 vigor

40 1243 115 1299 ille
130 1245 367 1317 corporis
397 1245 613 1317 optime
645 1245 969 1312 constituti,
997 1251 1056 1300 et
1084 1245 1317 1318 frigoris
1347 1250 1403 1300 et
1433 1243 1644 1300 caloris

38 1333 426 1405 patientissimi,
461 1338 585 1388 tum
630 1333 787 1389 lenta
836 1334 993 1390 febre
1044 1338 1345 1406 correptus
1376 1337 1484 1400 est,
1519 1350 1645 1405 quas

38 1422 246 1493 graviter
264 1439 478 1495 urgens
495 1421 842 1494 pulmonum
866 1421 1403 1494 hausitspiritus,et
1425 1420 1645 1477 sensim

39 1511 93 1564 ad
113 1516 341 1567 mortem
358 1510 665 1583 compulit,
690 1528 807 1583 qua
834 1509 1429 1582 undenonagenarius
1460 1510 1519 1564 in
1542 1510 1647 1565 Do-

40 1599 183 1667 mino,
213 1604 273 1655 ut
305 1599 646 1672 episcopum
676 1604 838 1655 tanta
883 1600 1120 1656 nomine
1149 1600 1395 1671 dignum
1428 1599 1643 1666 decuit,

40 1688 306 1744 obdormiit
322 1689 473 1745 Non.
492 1689 657 1745 Febr.
682 1706 835 1745 anno
861 1688 1069 1745 salutis
1092 1689 1248 1755 1593,
1264 1686 1646 1744 sacramentis

1762 537 1889 604 fuit,
1913 536 2196 603 munitus,
2213 535 2569 602 domesticis,
2597 535 2927 603 clientibus,
2951 538 3313 609 graviSSimis
3333 540 3413 596 vi-

1759 625 1861 691 ris,
1895 626 2167 698 Dionysio
2210 624 2532 680 Peranneta
2564 626 2800 680 doctore
2833 624 3103 697 theologa
3132 627 3411 700 eloquen-

1758 713 2365 779 tissimo,ecclesiasta
2395 712 2826 785 pmnitentiaria
2858 713 3215 770 cathedralis
3235 716 3414 772 eccle-

1757 800 1875 868 siae,
1911 801 2168 857 Gilberto
2198 801 2250 857 le
2280 802 2503 867 Canite,
2532 801 2852 874 Reginaldo
2886 802 3158 870 Martina,
3180 802 3412 861 Victore

1757 890 1971 945 Camus
1993 890 2317 945 cultoribus
2338 894 2396 945 et
2411 890 2710 946 canonicis
2722 891 3160 957 assistentibus,
3176 906 3413 948 monen-

1756 978 1935 1043 tibus,
1969 977 2429 1045 consolantibus,
2464 995 2637 1035 omue
2662 979 2825 1051 pium
2858 980 3206 1051 obsequium
3228 986 3288 1038 et
3317 998 3410 1038 sa-

1754 1066 1944 1123 lutare
1975 1071 2032 1122 et
2061 1067 2447 1123 novissimum
2481 1068 2875 1124 ministerium
2907 1074 3239 1126 constanter
3254 1070 3412 1126 exhi-

1756 1154 2050 1210 bentibus.

1826 1244 1975 1311 ("me
2028 1243 2212 1298 subita
2265 1243 2499 1299 dictione
2554 1260 2699 1301 anno
2724 1243 2865 1301 4612
2893 1261 2928 1301 α
2961 1244 3152 1303 Feder.
3186 1246 3406 1306 Morello

1753 1334 2033 1400 regiorum
2057 1333 2425 1404 professorum
2446 1333 2650 1389 decano
2682 1335 2871 1390 Latine
2898 1344 3125 1391 exarata
3153 1344 3305 1404 sunt,
3336 1353 3408 1394 ex

1754 1423 1828 1476 iis
1856 1428 2128 1491 excerpta,
2161 1436 2287 1492 quae
2317 1421 2382 1475 Μ.
2416 1422 2753 1489 Reginatdus
2780 1423 3049 1480 Martinus
3084 1427 3409 1481 secretaria:

1753 1509 1992 1581 ejusdem
2017 1511 2235 1581 Amyoti
2263 1510 2749 1566 Antissiodorensis
2774 1514 3014 1585 episcopi
3045 1512 3248 1570 Gallice
3275 1515 3411 1571 scri-

1748 1606 1934 1670 pserat
1953 1598 2017 1654 de
2055 1600 2171 1654 Vita
2200 1599 2393 1670 optimi
2418 1601 2507 1655 sui
2532 1601 2797 1672 patroni.)

482 1983 954 2096 CARMEN
1023 1984 1173 2093 DE
1243 1978 1981 2094 MONASTERIO
2049 1981 2913 2105 GEMMETICENSI

1144 2179 1416 2254 (Neustria
1442 2180 1561 2251 pia,
1595 2194 1768 2252 pagg.
1799 2179 1928 2247 263,
1959 2181 2087 2247 264,
2119 2181 2251 2250 etc.)

1488 2338 1887 2352 __—

548 2421 1063 2519 ARGUMENTUM
1175 2452 1186 2458 ’

83 2575 205 2631 Siste
218 2577 465 2649 gradum
488 2575 754 2631 stabilem
775 2578 1034 2649 prudens
1068 2576 1406 2648 quicunque
1427 2575 1633 2643 viator,

29 2663 192 2735 Aspice
219 2683 339 2737 quae
369 2664 672 2738 graphicis
703 2671 841 2721 sunt
872 2665 965 2721 his
997 2666 1227 2737 depicta
1257 2664 1485 2720 tabellis
1514 2682 1527 2719 :

30 2751 90 2805 En
114 2754 201 2807 tibi
231 2753 382 2810 clara
412 2758 639 2826 patent,
674 2753 825 2809 sicut
854 2754 1172 2827 spectantis
1200 2754 1257 2808 in
1293 2754 1472 2820 unda,

32 2840 114 2895 Seu
142 2841 236 2899 levi
265 2844 321 2899 in
352 2842 596 2916 speculo
627 2842 774 2899 solet
803 2859 1082 2916 apparere
1114 2844 1322 2916 ﬁgura,

32 2930 132 2992 Qua
159 2931 362 2987 fuerint
392 2932 579 3003 hujus
610 2930 797 2986 rutilae
829 2930 1149 3004 primordia
1179 2948 1442 3003 gemmae.

33 3018 424 3083 [Gemmeticum
453 3020 532 3095 [1]
557 3020 847 3092 siquidem
872 3038 905 3076 a
926 3037 1161 3094 gemma
1182 3021 1375 3076 dixere
1391 3021 1635 3093 priores,

30 3104 153 3166 Quod
181 3108 414 3182 reliquis
440 3126 690 3182 gemmae
723 3108 1075 3181 praecelleret
1105 3109 1294 3165 instar
1322 3109 1496 3182 Eam.)

30 3193 133 3251 Inde
160 3198 298 3254 scies
329 3199 582 3271 quinam
614 3196 879 3253 dederint
910 3214 1214 3270 regesque,
1246 3198 1565 3270 duetsquc,

29 3282 109 3338 Tot
134 3286 287 3349 bona,
320 3291 408 3343 tot
433 3291 646 3354 terras,
681 3291 737 3340 et
777 3302 936 3358 opes,
972 3290 1056 3341 tot
1103 3287 1338 3358 praedia,
1375 3303 1586 3341 census
1622 3303 1634 3341 :

28 3369 152 3428 Unde
171 3375 587 3449 monoptalemi
620 3366 920 3448 nangenti,
954 3374 1183 3431 caelitus
1215 3375 1350 3441 acti,

26 3459 250 3520 Strictius
281 3465 578 3522 inclusam
608 3468 850 3537 possent
880 3463 974 3519 hic
1005 3463 1217 3519 ducere
1246 3464 1423 3519 vitam
1461 3481 1474 3518 :

25 3547 145 3611 Quas
170 3552 364 3610 itidem
411 3552 690 3626 Lelegum
739 3557 944 3607 turmae
975 3552 1257 3624 Dacisque
1292 3552 1637 3625 phalanges,

29 3636 291 3697 lntulerint
319 3642 562 3709 clades;
596 3641 695 3714 qui
728 3641 959 3697 tandem
993 3658 1027 3697 a
1059 3641 1299 3696 sedibus
1330 3641 1487 3708 imis,

30 3724 128 3784 Haec
153 3729 269 3787 loca
296 3730 613 3788 sarcierint
640 3730 849 3804 priscis
880 3729 1159 3786 convulsa
1190 3729 1399 3795 ruinis,

29 3815 233 3888 Expedio
260 3820 542 3877 brevibus
572 3818 940 3890 complexeus
971 3823 1136 3891 gesta
1161 3819 1460 3874 camenis.

138 3952 345 4009 PRIMA
386 3950 753 4010 FUNDATIO
792 3951 985 4007 DICTI
1026 3951 1494 4007 MONASTERII.

30 4058 209 4115 Saenia
235 4077 334 4117 sex
362 4059 624 4116 Phaabus
655 4074 789 4113 cum
819 4056 1021 4113 lustris
1049 4056 1305 4112 volverat
1336 4062 1464 4114 octo

27 4144 240 4219 Virginis
265 4167 299 4205 a
328 4154 533 4223 partu,
565 4148 707 4203 dum
739 4153 978 4202 sanctus
1009 4147 1096 4201 vir
1126 4146 1501 4214 Philibertus,

27 4232 197 4292 Celtica
223 4254 398 4310 quem
432 4236 645 4311 genuit
673 4235 830 4291 claro
863 4231 1203 4307 Burgundia
1235 4240 1426 4309 partu,

26 4321 113 4378 Hos
138 4327 292 4399 petiit
320 4328 497 4394 ﬁnes,
530 4330 695 4381 tanta
723 4323 976 4395 stipante
1007 4328 1237 4380 caterva
1484 4396 1491 4402 ο

24 4410 211 4473 Quanta
234 4416 416 4472 Jacab
449 4416 673 4472 Gessen
707 4414 897 4486 ipsam
929 4414 1196 4469 culturus
1226 4429 1486 4469 ercmum

24 4500 128 4564 Qus:
154 4504 280 4561 licet
307 4504 433 4562 haec
468 4504 770 4576 quondam
801 4501 1057 4576 spinosis
1088 4502 1325 4557 horrida
1350 4503 1533 4569 silvis,

26 4586 252 4665 Undique
279 4594 520 4650 diversa
543 4596 893 4665 restagnans
924 4591 1115 4647 cincta
1140 4590 1373 4663 palude,

25 4677 171 4737 (lente
198 4684 358 4755 prius
392 4682 582 4751 nulla,
616 4680 795 4737 nullis
827 4681 903 4737 sit
933 4680 1090 4737 culta
1119 4679 1359 4749 colonis,

26 4765 115 4822 Nec
134 4771 308 4828 Cereri
340 4771 605 4844 penitus,
640 4787 747 4826 nec
776 4769 932 4825 dulci
965 4774 1104 4825 nota
1135 4770 1322 4842 Lyaeo,

27 4853 166 4914 Nulla
191 4864 385 4922 tamen
415 4865 542 4917 tota
574 4858 882 4915 fecundior
909 4858 1130 4914 exstitit
1168 4859 1325 4925 orbe,

28 4942 107 4999 Ille
134 4955 284 5019 pater
312 4955 637 5023 postquam
670 4947 977 5021 Dagaberti
1008 4963 1249 5003 munere
1276 4947 1427 5020 regis

29 5030 189 5092 Prima
215 5039 395 5113 hujus
429 5038 584 5095 sacri
616 5038 823 5093 statuit
844 5036 1188 5093 fundamina
1221 5035 1421 5107 templi
1454 5052 1467 5090 ε

28 5120 135 5179 Max
151 5128 361 5201 quippe
387 5127 699 5200 antiquam
733 5129 1039 5182 mutarunt
1067 5128 1265 5181 omnia
1295 5125 1567 5180 formam.

83 5210 171 5269 Hic
198 5216 293 5272 ubi
326 5216 712 5290 capripedum
743 5214 1056 5271 latitabant
1086 5218 1256 5270 antra
1286 5214 1530 5269 deorum

28 5298 274 5377 Salivagis
302 5306 576 5362 habitata
605 5304 765 5372 feris,
798 5318 954 5360 nunc
986 5303 1183 5376 pervia
1213 5303 1455 5369 sanctis,

28 5388 186 5447 Aurea
209 5394 433 5468 templa
465 5394 677 5460 nitent,
708 5393 895 5450 instar
926 5392 1205 5450 stillantis
1236 5390 1465 5465 Olympi
1493 5409 1506 5460 ;

29 5474 177 5537 Nocte
199 5482 410 5557 dieque
440 5499 648 5558 preces
678 5482 1009 5553 eﬂ‘undunt,
1043 5480 1263 5556 inclyta
1294 5481 1491 5537 divum

88 5586 155 5660 (l)
180 5588 499 5665 Jumiéges.

313 5719 590 5799 Pierson,
632 5717 1012 5783 CXXXVIII.

1664 2466 1711 2530 B
1742 2463 1979 2520 Cantica
2011 2481 2165 2520 nunc
2198 2469 2493 2533 resonant,
2528 2482 2683 2519 nunc
2715 2482 2881 2521 sacra
2907 2466 3178 2534 Tonanti,

1750 2553 2002 2626 Agmina
2033 2552 2369 2626 persolvunt
2399 2553 2823 2610 monachorum
2852 2554 3056 2610 munia
3085 2554 3354 2626 laudum,

1748 2642 2057 2715 Angelicos
2087 2641 2317 2698 imitata
2350 2642 2578 2710 charos,
2616 2642 2714 2698 ubi
2746 2648 3013 2699 monstra
3042 2643 3297 2701 ferarum

1750 2730 2081 2787 llorrisonis
2112 2748 2325 2787 vacuas
2356 2731 2729 2803 complebant
2757 2732 2998 2788 vocibus
3025 2751 3222 2791 auras.

1819 2819 1951 2883 Quae
1985 2819 2151 2892 prius
2182 2836 2461 2875 exsuccos
2495 2819 2743 2876 silvestri
2774 2820 3039 2892 germine
3069 2821 3224 2877 fetus

1748 2906 1958 2965 Tristis
1990 2908 2183 2965 alebat
2215 2909 2456 2977 humus,
2492 2908 2801 2964 condensis
2830 2909 3021 2965 obsita
3050 2909 3271 2977 dumis,

1748 2996 1978 3052 Fertilis
2011 2996 2338 3053 ambrosias
2364 2997 2538 3069 cmpit
2570 2997 2891 3069 producere
2920 2997 3166 3054 fructus.

1748 3086 1942 3141 Taxus
1973 3086 2157 3155 olens,
2190 3086 2328 3141 tiliae
2362 3085 2589 3151 molles,
2629 3085 2879 3155 aconita,
2912 3086 3117 3143 cicuta:

1746 3174 1970 3230 Alcinoi
2000 3174 2161 3230 silvis
2191 3175 2445 3243 cedunt;
2480 3175 2647 3248 nigra
2678 3175 2857 3231 bacca
2885 3176 3151 3245 racemis,

1748 3267 2059 3335 Purpurea:
2090 3263 2346 3336 gravidis
2378 3268 2617 3336 turgent
2648 3264 2705 3320 in
2736 3264 2952 3322 vitibus
2986 3283 3126 3333 uvae,

1748 3354 1816 3407 Et
1846 3359 2155 3409 renovatus
2187 3369 2324 3424 ager
2356 3352 2556 3408 dulces
2588 3354 2857 3425 producit
2886 3354 3115 3410 aristas.

1751 3440 1850 3497 llic
1885 3441 1983 3496 ubi
2016 3443 2356 3497 crescebant
2386 3440 2593 3498 calami
2617 3442 2904 3513 juncique
2933 3440 3239 3511 lacustres,

1751 3530 2074 3586 Luxuriant
2100 3530 2261 3585 vario
2293 3530 2653 3604 gemmantia
2684 3535 2851 3602 prata
2880 3530 3069 3587 colore
3103 3549 3115 3585 ε

1750 3619 1945 3689 Deque
1977 3617 2349 3691 paludigenis
2379 3634 2535 3673 nunc
2567 3622 2821 3691 surgunt
2851 3619 3096 3692 pinguia
3125 3619 3331 3676 cannis

1752 3707 1995 3775 Pascua,
2031 3712 2088 3762 et
2120 3708 2384 3779 ingentes
2412 3706 2693 3762 labuntur
2724 3707 2795 3763 ab
2816 3725 3047 3780 aequare
3076 3708 3271 3781 pisces

1675 3833 1714 3870 η
1756 3795 2055 3852 Fluctibus
2086 3794 2346 3867 impulsi,
2382 3795 2610 3868 quaties
2644 3797 2838 3853 Latois
2873 3796 3146 3870 utrinque

1752 3884 1956 3957 Jungit
1985 3884 2267 3940 harizonti
2303 3902 2499 3940 roseos
2528 3884 2761 3941 Titania
2790 3902 3019 3954 currus,

1749 3974 1828 4028 Ac
1860 3972 2119 4046 rapidus,
2153 3976 2420 4047 turgente
2451 3973 2596 4042 salo,
2631 3973 2948 4030 reflectitur
2978 3975 3208 4045 amnis;

1751 4060 1825 4116 Ut
1855 4060 2104 4117 relluant
2138 4078 2239 4133 per
2268 4079 2459 4135 agros,
2492 4078 2593 4134 per
2622 4066 2789 4134 prata
2818 4062 3065 4119 virentia
3096 4065 3226 4132 rivi,

1752 4150 1860 4215 Qui
1891 4150 2139 4205 fecunda
2171 4150 2296 4205 suis
2326 4150 2577 4206 irrorent
2606 4150 2879 4223 frugibus
2911 4168 3068 4218 arva,

1754 4238 1825 4293 Ut
1854 4238 2005 4310 rigat
2037 4240 2343 4312 Egyptum
2377 4242 2617 4311 septena
2648 4239 2879 4311 gurgite
2908 4239 3093 4295 Nilus.

1824 4327 1953 4383 Ηωο
1984 4327 2144 4383 dedit
2174 4326 2270 4383 ille
2301 4327 2469 4382 Sator
2496 4344 2712 4394 rerum,
2748 4327 2847 4398 qui
2876 4327 3147 4383 terminat
3184 4328 3406 4397 orbem,

1756 4417 2007 4472 Maxima
2042 4417 2142 4488 qui
2177 4415 2427 4471 solidam
2458 4415 2666 4471 statuit
2697 4432 2873 4487 super
2902 4433 3136 4488 aequora
3166 4421 3408 4485 terram,

1756 4505 1924 4560 Sistit
1960 4509 2016 4560 et
2046 4505 2365 4559 immensos
2398 4504 2756 4576 prmscriptis
2788 4503 3006 4560 finibus
3033 4521 3257 4571 amnes,

1755 4592 1833 4648 Ne
1865 4591 2071 4665 Cybele
2105 4592 2347 4647 tumidis
2378 4592 2660 4647 obruatur
2690 4592 2929 4648 Thetios
2960 4591 3138 4648 undis
3174 4608 3186 4648 :

1758 4681 2052 4737 Imbribus
2082 4685 2138 4737 et
2167 4684 2396 4736 montes
2426 4679 2772 4752 sterilesque
2801 4680 3105 4738 humectat
3135 4696 3365 4750 arenas,

1759 4770 1831 4826 Ut
1860 4787 1968 4826 sua
1995 4770 2408 4842 cunctiparens
2440 4770 2719 4825 concedat
2750 4787 2995 4826 munera
3022 4768 3221 4839 tellus,

1759 4859 1920 4915 Unde
1951 4858 2186 4913 trahant
2215 4859 2393 4914 vitam
2427 4875 2793 4932 quaecunque
2824 4859 3042 4915 cibaria
3069 4865 3339 4932 poscunt,

1760 4950 1889 5003 Sive
1919 4966 2021 5020 per
2052 4947 2306 5004 incultos
2336 4953 2529 5003 errent
2561 4948 2840 5004 animalia
2869 4965 3129 5021 campos,

1760 5038 1888 5093 Sive
1919 5041 2117 5092 secent
2148 5036 2441 5108 liquidum
2476 5037 2863 5094 stridentibus
2894 5055 3029 5094 aera
3058 5038 3288 5111 pennis,

1765 5126 1859 5182 Vel
1895 5143 2021 5198 qua:
2058 5129 2324 5181 monstra
2354 5130 2560 5181 natant
2589 5125 2767 5182 variis
2799 5126 3078 5183 distincta
3108 5128 3315 5201 figuris
3348 5145 3361 5184 :

1681 5202 1729 5266 D
1767 5215 2064 5286 Quidquid
2096 5219 2153 5270 et
2178 5214 2426 5269 zetherea
2456 5215 2731 5287 spirando
2762 5216 3018 5272 vescitur
3048 5233 3211 5283 aura,

1771 5304 2065 5371 Confovet,
2099 5308 2157 5359 et
2185 5303 2421 5376 propria
2442 5303 2762 5376 unicuique
2792 5304 3070 5361 alimenta
3099 5292 3414 5360 ministrat.

1838 5393 2106 5465 Denique
2139 5392 2237 5465 qui
2259 5392 2557 5464 quandam
2588 5392 2759 5449 siccis
2789 5393 2860 5449 de
2889 5393 3135 5467 rupibus
3159 5390 3350 5449 undas

1762 5480 1961 5551 Duxit,
1992 5485 2049 5539 et
2079 5498 2148 5539 ex
2177 5478 2292 5540 alto
2324 5480 2560 5539 demisit
2588 5482 2799 5540 vertice
2830 5498 3033 5540 carnes

3026 5609 3604 6093 7.

3028 5714 3105 5799 ιθ
