3810 6214
399 343 519 404 395

1246 338 1585 400 APPEND.
1630 337 1733 398 AD
1779 334 1971 399 SEC.
2016 337 2093 397 Χ.
2126 370 2205 379 -
2234 335 2493 397 OPERA
2539 355 2931 402 ΑΔΕΣΠΟΤΙΚΛ.

3666 337 3758 397 396

398 474 729 548 Mannaque
761 492 774 531 :
811 491 913 531 seu
943 472 1137 547 pluvio
1169 473 1498 528 funduntur
1526 473 1597 527 ab
1617 470 1828 527 aethere
1860 469 2042 526 nimbi
2072 470 2127 538 Α
2156 469 2225 524 Et
2254 486 2541 526 concussa
2569 470 2769 526 tremit
2795 474 2916 525 tam
2947 472 3108 525 vasto
3140 467 3399 541 pondere
3430 466 3615 524 tellus.

397 564 471 621 Ut
499 563 807 638 populum,
840 562 1088 619 mirante
1111 561 1264 634 polo,
1292 560 1542 617 nutriret
1576 561 1897 627 Hebraeum,

394 655 501 711 Per
531 653 757 710 steriles
787 668 1024 725 campos
1054 652 1398 723 desertaque
1425 667 1563 706 rura
1591 653 1920 723 vagantem.

394 743 491 799 Sic
522 759 631 800 sua
660 740 1035 798 Gemmeticis
1064 738 1313 813 largitus
1340 741 1495 795 dona
1526 738 1747 794 colonis

397 830 573 903 Fecit,
605 835 671 886 ut
697 829 893 887 invitis
926 834 1142 886 naturae
1174 828 1402 902 legibus
1432 827 1570 883 olim

390 922 613 994 Aspera
634 937 759 993 quze
788 919 998 988 fuerat,
1030 919 1192 974 ﬁeret
1223 917 1552 973 cultissima
1582 932 1813 972 eremus
1840 932 1853 970 :

393 1011 578 1076 Quam
613 1008 983 1066 circumﬂexo
1009 1007 1314 1081 praecingit
1342 1007 1614 1078 Sequana
1646 1005 1829 1072 ﬂuxu,

393 1097 558 1155 Haud
591 1114 760 1154 secus
789 1113 855 1153 ac
885 1098 1096 1153 Arcton
1127 1095 1351 1152 sinuosi
1382 1094 1569 1151 cauda
1600 1093 1892 1150 draconis.

554 1240 1009 1297 DESTRUCTIO
1051 1238 1376 1295 EJUSDEM
1417 1236 1883 1293 MONASTERII.

469 1366 682 1421 Lustra
710 1369 838 1421 octo
871 1364 1113 1419 totidem
1143 1360 1400 1418 labentia
1430 1360 1642 1416 saecula
1674 1377 1849 1415 cursu

394 1440 567 1508 Astra
597 1454 978 1525 penetrarunt
1006 1455 1141 1523 post
1167 1448 1526 1505 incunabula
1553 1447 1765 1503 Christi
1800 1465 1813 1502 :

396 1540 627 1613 Belgica
656 1542 799 1595 dum
829 1538 1028 1595 Getico
1059 1540 1413 1594 Francorum
1448 1537 1642 1593 littora
1673 1536 1845 1601 bello,

395 1631 684 1686 Barbarus
714 1629 1055 1701 Hastingus,
1091 1628 1258 1683 Dacis
1288 1643 1559 1699 egressus
1592 1627 1663 1681 ab
1695 1625 1832 1693 oris,

398 1718 585 1789 (Haud
620 1734 789 1774 secus
819 1722 991 1791 atque
1013 1717 1099 1773 leo
1119 1718 1321 1789 praeda:
1342 1715 1680 1771 sitibundus
1698 1715 1768 1771 ab
1787 1716 1974 1782 antro)

396 1806 673 1878 Impetiit,
696 1805 949 1879 gelidam
974 1823 1089 1878 qua
1119 1805 1362 1861 Francia
1394 1804 1630 1877 respicit
1657 1807 1890 1869 Arcton,

396 1894 819 1966 Finitimasque
848 1895 1021 1950 urbes
1052 1898 1109 1950 et
1139 1894 1394 1967 plurima
1419 1897 1613 1949 castra
1643 1892 1893 1965 subegit.

398 1983 546 2040 Proh
568 1982 1113 2040 sceluslAltithroni
1136 1981 1513 2038 celeberrima
1543 1981 1764 2054 templa
1794 1980 2050 2037 tonantis

397 2072 609 2138 Diruit,
641 2071 851 2127 infesto
881 2075 1213 2145 pervertens
1245 2070 1441 2127 omnia
1473 2072 1673 2126 Marte.
1746 2056 1753 2065 ⁸

469 2160 766 2217 Classibus
798 2161 1103 2216 instructis
1134 2161 1391 2228 tandem,
1426 2165 1721 2232 Boreaque
1771 2159 2047 2225 secundo,

398 2251 761 2323 Sequanicos
792 2250 971 2305 intrat
992 2254 1195 2321 portus
1229 2266 1242 2304 :
1277 2249 1390 2304 cito
1416 2249 1572 2303 fama
1601 2266 1704 2321 per
1735 2249 1910 2304 urbes

400 2338 665 2395 Pervolat
696 2338 997 2404 attonitas,
1030 2342 1206 2393 tantae
1238 2338 1569 2409 praenuntia
1597 2336 1802 2393 cladis.

398 2427 670 2499 Undique
698 2431 838 2482 tunc
870 2425 1083 2482 misero
1116 2426 1399 2481 miscetur
1429 2426 1695 2482 Neustria
1719 2426 1879 2481 luctu
1911 2443 1924 2480 :

399 2515 667 2587 Undique
687 2513 840 2570 bella
862 2518 1156 2586 premunt,
1176 2514 1373 2569 hostes
1391 2518 1755 2587 grassantur,
1773 2520 1829 2571 et
1850 2515 2056 2570 horror

401 2604 631 2677 Ingruit
662 2619 984 2673 armorum,
1018 2602 1243 2675 fulgent
1266 2602 1474 2658 vexilla
1503 2602 1750 2659 Gradivi.

401 2693 547 2748 Hinc
560 2690 761 2765 procul
775 2691 1089 2765 aufugiunt
1111 2690 1380 2747 monachi
1399 2708 1410 2745 :
1431 2691 1631 2764 procul
1644 2693 1843 2749 abdita
1856 2693 2055 2766 Mystm

401 2781 848 2853 Hanspreadum
886 2781 1117 2838 deserta
1143 2784 1369 2853 petunt,
1403 2780 1503 2836 ubi
1533 2780 1788 2837 claustra
1825 2782 2060 2837 domus-

400 2871 596 2927 Nostri
610 2869 766 2942 juris
786 2873 951 2926 erant
974 2887 986 2925 :
1013 2887 1084 2926 ne
1106 2887 1338 2925 sacrum
1358 2868 1579 2925 solvere
1601 2875 1821 2938 votum,
1899 2872 2055 2944 [que,

401 2961 515 3015 Aut
544 2959 741 3016 efﬂare
766 2959 1023 3015 animam
1047 2964 1415 3032 urgerentur,
1449 2963 1504 3014 et
1533 2960 1743 3017 obruta
1772 2959 1916 3017 diris

404 3048 658 3122 Corpora
685 3048 995 3105 tormentis
1028 3048 1238 3121 Stygiae
1263 3047 1557 3105 dimittere
1588 3050 1779 3105 morti.

474 3138 613 3195 Pars
644 3142 840 3194 tamen
873 3137 967 3193 hic
994 3137 1213 3192 sistunt
1243 3137 1444 3206 armis,
1470 3142 1527 3192 et
1547 3137 1731 3194 milite
1761 3138 2059 3210 complent

399 3228 532 3285 Hac
563 3227 708 3295 loca,
741 3244 857 3300 quo
882 3231 1121 3299 possent
1148 3226 1345 3283 hostes
1375 3244 1568 3283 arcere
1601 3227 1856 3284 minaces
1890 3246 1901 3283 :

403 3317 706 3374 Duxerunt
736 3316 921 3373 satius
950 3315 1081 3372 forti
1114 3317 1496 3371 succumbere
1528 3316 1684 3374 letho

403 3409 588 3473 Quam
619 3423 785 3463 sacra
813 3406 1128 3462 barbariem
1161 3406 1492 3478 spurcanda
1521 3406 1848 3479 relinquere
1869 3408 2049 3481 genti.

2080 3212 2123 3279 (ἶ

474 3495 756 3553 Nauticus
783 3494 1004 3552 interea
1033 3495 1304 3568 expansis
1335 3495 1620 3551 exercitus
1651 3495 1760 3551 alis

402 3584 768 3659 Fluctivagas
799 3584 983 3657 refugi
1018 3582 1299 3640 sulcando
1331 3583 1594 3640 ﬂuminis
1629 3586 1838 3651 undas,

400 3674 445 3731 Ο
474 3675 709 3731 funesta
736 3673 897 3729 dies!
934 3672 1079 3746 ipsis
1112 3671 1385 3728 allabitur
1416 3672 1553 3729 oris.

400 3763 473 3818 Ut
505 3761 764 3834 primum
797 3760 1006 3816 armati
1038 3761 1364 3816 funduntur
1394 3761 1641 3817 navibus
1671 3760 1890 3829 hostes,

397 3850 716 3907 Obsidione
748 3852 1023 3921 premunt
1052 3848 1231 3921 hujus
1263 3849 1539 3905 sublimia
1568 3850 1787 3905 circum

395 3938 608 3994 Mania
635 3935 1280 4010 cmnobii,glomeratis
1312 3937 1517 3993 ordine
1549 3938 1764 3994 turmis
1797 3956 1810 3993 :

392 4027 704 4099 Primoque
734 4041 1039 4098 aggressu,
1070 4028 1299 4081 tentant
1325 4042 1428 4097 per
1458 4026 1593 4093 tela,
1624 4044 1728 4099 per
1756 4027 1941 4099 ignes,

392 4116 652 4173 Pandere
681 4114 736 4170 vi
769 4118 990 4187 portas,
1019 4114 1311 4187 scalisque
1342 4116 1656 4171 ascendere
1687 4133 1906 4172 muros.

393 4204 676 4262 Custodes
707 4207 909 4260 contra
939 4202 1147 4277 rigidis
1178 4204 1482 4259 extrudere
1512 4205 1720 4274 contis,

393 4294 724 4367 Crebraque
752 4309 855 4366 per
883 4292 1114 4367 patulas
1143 4291 1257 4348 tela
1286 4293 1624 4365 intorquere
1652 4295 1936 4352 fenestras

464 4386 569 4440 Ast
599 4383 699 4447 ubi
730 4381 1054 4439 suﬂ‘odiunt
1083 4386 1211 4438 acta
1242 4382 1539 4439 testudine
1572 4382 1727 4451 Daci,

394 4473 683 4545 Tortaque
716 4471 910 4546 pulsat
941 4489 1090 4528 onus
1119 4471 1326 4528 validis
1358 4471 1569 4527 balista
1598 4470 1829 4529 lacertis
1863 4490 1877 4540 ;

394 4560 524 4618 Jam
554 4561 792 4631 vallum,
828 4578 930 4617 nec
970 4565 1125 4618 terra
1173 4565 1432 4627 tumens,
1468 4577 1571 4617 nec
1628 4560 1909 4631 claustra,
1942 4579 2048 4619 nec
2079 4582 2127 4648 Β

1842 4651 1977 4723 [ipsi

397 4737 681 4794 Custodes
710 4739 977 4794 sufficere
1007 4737 1221 4806 valent,
1251 4738 1331 4794 nil
1366 4739 1579 4795 muenia
1610 4745 1856 4812 prosunt
1889 4758 1901 4795 :

397 4825 547 4880 Dant
594 4825 670 4879 ibi
723 4843 860 4882 saxa
918 4826 1132 4895 locum,
1176 4827 1479 4899 portisque
1539 4828 1863 4900 ruentibus,
1899 4829 2049 4886 imas

396 4913 685 4969 Invadunt
716 4931 875 4969 arces
911 4932 922 4969 :
960 4933 1093 4987 pars
1124 4915 1292 4970 obvia
1321 4932 1561 4987 corpora
1599 4933 1844 4989 quaeque

396 5001 656 5056 Infausta
686 5006 971 5075 sternunt,
1006 5004 1167 5058 nullo
1202 5004 1560 5072 discrimine,
1594 5006 1748 5063 crede
1782 5024 1795 5061 :

395 5088 703 5146 Semirutis
727 5090 821 5145 alii
857 5092 1105 5147 miscent
1138 5092 1398 5147 incencia
1431 5093 1617 5149 tectis.

467 5177 685 5251 Inclyta
724 5178 1092 5252 Christiparce
1145 5185 1435 5236 eamerato
1484 5182 1739 5239 culmine
1769 5185 1840 5240 ad
1873 5203 2047 5243 auras

392 5266 684 5323 Etherias
714 5284 962 5340 surgens
991 5269 1256 5325 exstabat
1283 5269 1543 5343 Virginis
1573 5272 1744 5329 aedes.

393 5356 579 5422 Quam
611 5355 760 5412 ferro
792 5355 1045 5412 accisam
1073 5358 1367 5429 quatiunt,
1402 5364 1459 5413 et
1487 5362 1723 5417 verbere
1754 5362 1956 5419 crebro

395 5444 799 5501 Fundamenta
829 5450 1035 5500 cavant
1070 5463 1081 5500 :
1110 5448 1200 5502 ast
1229 5445 1466 5501 vulnere
1496 5447 1647 5504 victa
1680 5467 1954 5522 supremo

395 5534 707 5608 Ingemuit,
738 5533 1030 5606 traxitque
1053 5535 1199 5607 jugo
1231 5534 1507 5591 convulsa
1539 5538 1790 5594 ruinam.

391 5622 646 5704 Tollitur
672 5624 736 5683 in
766 5622 979 5682 coelum
1010 5623 1251 5681 densato
1282 5621 1517 5700 pulvere
1547 5610 1731 5685 nubes

2225 560 2389 614 Tunc
2410 559 2635 614 aditum
2658 560 2913 615 subeunt
2932 558 3149 631 perfusi
3174 556 3443 613 membra
3474 573 3677 627 cruore,

2156 647 2481 721 Praedaaque
2512 647 2758 705 accincti
2789 663 3092 704 sacrorum
3123 645 3368 714 fercula,
3399 662 3588 719 gazas,

2155 738 2446 810 Quotquot
2460 737 2946 806 erant,adimunt;
2962 754 3066 793 nec
3080 737 3153 793 ab
3167 735 3288 792 ulla
3299 734 3469 792 clade
3479 733 3755 807 quiescunt,

2153 829 2345 882 Donec
2376 825 2652 893 claustra,
2690 827 2917 894 domos,
2950 841 3263 898 sacrasque
3293 843 3330 881 a
3361 825 3593 880 sedibus
3614 824 3733 879 aedes

2155 916 2397 971 Eversas
2424 915 2659 971 videant
2688 915 2911 972 medios
2940 914 3243 970 considere
3272 913 3335 968 in
3366 912 3550 986 ignes.

2421 1057 2512 1113 DE
2552 1056 2876 1113 EJUSDEM
2919 1053 3544 1113 RESTAURATIONE.

2228 1182 2454 1238 Interea
2484 1187 2721 1238 centum
2752 1181 2978 1237 vicibus
3010 1180 3096 1236 sol
3128 1180 3381 1253 contigit
3410 1180 3599 1236 orbem

2158 1269 2428 1344 Lanigeri
2460 1275 2517 1325 et
2546 1270 2726 1326 Librae
2760 1287 2773 1326 :
2802 1270 3040 1326 tandem
3072 1268 3421 1325 cedentibus
3450 1267 3635 1331 armis,

2159 1360 2323 1415 Pacis
2355 1359 2597 1415 alumna
2626 1360 2796 1415 Ceres
2826 1358 3030 1414 Martis
3060 1356 3429 1430 compescuit
3460 1357 3589 1412 iras.

2158 1448 2427 1505 Protinus
2459 1448 2679 1523 refugis
2710 1449 2824 1505 duo
2855 1448 3051 1504 Patres
3081 1446 3344 1503 claustra
3374 1445 3683 1517 relinquunt

2157 1538 2558 1611 Haspreadum
2611 1541 2999 1610 repetuntque
3047 1553 3223 1591 suum
3277 1535 3513 1608 pietatis
3542 1532 3752 1606 asylum!

2157 1626 2262 1693 Qui
2296 1644 2430 1681 cum
2464 1631 2844 1699 speetassent,
2875 1625 3183 1682 horrendis
3212 1624 3413 1680 obsita
3442 1622 3641 1691 dumis,

2158 1715 2335 1787 Inque
2370 1733 2573 1788 vepres
2604 1714 2807 1788 redigi,
2840 1713 3250 1787 latebrosaque
3280 1712 3473 1768 lustra
3494 1712 3722 1773 ferarum,

2157 1807 2408 1877 Quaeque
2435 1803 2817 1876 panomphaao
2847 1804 3079 1859 fuerant
3102 1807 3337 1859 sacrata
3366 1800 3625 1864 Tonanti,

2160 1893 2222 1948 In
2256 1893 2511 1966 gemitus
2543 1892 2645 1948 toti
2679 1900 2730 1948 et
2761 1892 3052 1965 lacrymas
3083 1890 3399 1947 solvuntur
3424 1905 3653 1957 amaras,

2159 1982 2551 2055 Singultuque
2579 1982 2737 2054 gravi
2769 1986 3003 2038 vertunt
3033 1982 3105 2038 ad
3137 1981 3336 2037 sidera
3365 1979 3575 2036 vultus:

2161 2093 2189 2120 ‹‹
2224 2071 2266 2127 Ο
2299 2072 2484 2140 Pater,
2511 2088 2543 2127 ο
2567 2071 2825 2139 Bonitas,
2860 2072 3044 2140 aiunt,
3079 2087 3213 2143 spes
3244 2070 3426 2126 unica
3460 2085 3650 2135 rerum,

2160 2160 2267 2226 Qui
2298 2159 2411 2216 sibi
2447 2160 2700 2216 confisos
2730 2177 3026 2233 nusquam
3056 2160 3310 2215 dimittis
3346 2160 3563 2224 inanes,

2161 2248 2345 2304 Cerne
2376 2254 2518 2320 quot
2547 2248 2769 2304 excidia
2799 2253 2856 2304 et
2887 2248 3104 2315 clades,
3135 2253 3281 2321 quot
3313 2248 3519 2304 funera
3545 2261 3701 2309 casus,

2162 2338 2311 2402 Quot
2341 2337 2496 2393 mala
2526 2338 2907 2410 perpetimur,
2937 2339 3276 2410 nostrisque
3319 2337 3547 2393 medere
3574 2332 3748 2390 minis:

2161 2427 2291 2481 Jam
2321 2443 2611 2483 memores
2644 2428 2873 2500 proavis
2905 2428 3060 2499 quod
3093 2426 3315 2484 nostris
3347 2426 3530 2482 fmdus
3558 2420 3702 2487 inisti,

2164 2514 2237 2571 Ut
2266 2515 2418 2571 sicut
2449 2515 2753 2589 Solymum
2784 2516 3081 2589 quondam
3125 2514 3460 2572 venerabile
3506 2510 3747 2583 templum,

2165 2604 2257 2660 Sic
2285 2621 2351 2659 ea
2382 2604 2665 2677 sacrilega
2695 2610 2988 2661 restaures
3017 2604 3213 2661 diruta
3243 2609 3440 2679 gente,

2165 2695 2298 2759 Quae
2327 2692 2435 2748 tibi
2466 2697 2584 2748 tam
2617 2693 2829 2749 celebri
2861 2697 3000 2750 sunt
3029 2697 3257 2749 structa
3286 2693 3503 2767 palatia
3528 2690 3659 2747 cultu
3686 2704 3695 2743 :

2166 2782 2239 2839 Ut
2269 2782 2375 2837 tibi
2400 2786 2532 2837 vota
2561 2799 2727 2838 sacro
2757 2782 3178 2839 monachorum
3211 2783 3391 2839 turba
3421 2778 3650 2855 perenni,

2167 2871 2367 2927 Munia
2397 2870 2590 2927 laudis
2621 2879 2756 2945 agat
2787 2871 3151 2928 solemnibus
3184 2877 3360 2928 aucta
3390 2868 3682 2941 triumphis,

2152 2960 2480 3033 ,Priscaque
2498 2961 2627 3033 jam
2658 2961 2850 3034 vigeat
2879 2960 3085 3033 pietas,
3120 2960 3447 3017 reverentia
3474 2957 3657 3015 cultus.

2166 3047 2330 3106 Talia
2360 3050 2700 3122 perstabant
2730 3049 3039 3106 fundentes
3068 3054 3201 3106 vota
3230 3065 3558 3122 precesque,

2167 3138 2404 3195 Thetios
2437 3138 2738 3206 uberibus,
2772 3138 3013 3212 soloque
3043 3138 3343 3212 legumine
3374 3136 3518 3193 freti.

2232 3227 2345 3283 Nec
2360 3244 2542 3284 mora:
2561 3228 2709 3283 mitti
2721 3233 2741 3283 t
2753 3244 2922 3301 opem
2939 3244 3173 3283 summo
3187 3226 3286 3300 qui
3308 3229 3526 3300 spectat
3546 3222 3744 3295 013mm.

2162 3315 2657 3389 Guillelmumque
2690 3317 2924 3383 ducem,
2957 3315 3224 3372 Rollonis
3256 3314 3537 3387 sanguine
3562 3314 3745 3370 cretum.

2161 3404 2401 3461 Coelitus
2431 3404 2547 3462 huc
2577 3405 2739 3461 afﬂat
2768 3405 3035 3461 venando
3067 3404 3298 3461 ﬂectere
3329 3419 3576 3469 cursum,

2162 3494 2269 3560 Qui
2300 3493 2619 3550 monachos
2649 3497 2861 3550 nactus
2888 3493 3087 3550 scitari
3120 3492 3296 3565 capit
3326 3493 3399 3548 ab
3430 3491 3558 3556 illis,

2161 3582 2300 3647 Quis
2328 3586 2449 3638 tam
2474 3582 2799 3655 decrepitos
2828 3580 2959 3638 istis
2987 3599 3091 3638 vos
3121 3581 3354 3654 appulit
3383 3579 3538 3637 oris?

2162 3674 2438 3738 Quaenam
2474 3670 2719 3745 relligio,
2751 3676 2854 3727 aut
2881 3671 3058 3728 vestri
3090 3669 3311 3727 fiducia
3338 3669 3499 3726 voti?

2162 3761 2295 3825 Quae
2326 3763 2631 3815 structurze
2664 3759 2894 3816 inerant
2923 3764 3043 3816 tam
3076 3759 3259 3815 vastis
3300 3758 3537 3815 condita:
3565 3748 3740 3812 creatis.

2161 3848 2324 3904 Unde
2356 3853 2559 3921 patent
2587 3848 2790 3922 priscae
2821 3848 3067 3922 vestigia
3097 3851 3263 3903 tanta
3294 3847 3507 3904 ruinae!

2232 3937 2494 4009 Cumque
2525 3937 2606 3994 rei
2639 3938 2873 4006 seriem,
2905 3955 2939 3993 a
2966 3936 3174 4010 primis
3205 3936 3519 3993 annalibus
3545 3931 3657 3991 orsi.

2161 4026 2377 4083 Ordine
2411 4030 2768 4095 narrassent,
2798 4044 2866 4083 ex
2897 4043 3057 4082 more
3078 4025 3300 4082 cibaria
3331 4026 3589 4099 praestant
3615 4036 3625 4074 :

2161 4104 2410 4188 Perrigit
2434 4114 2711 4171 alteruter
2740 4132 2974 4189 panem,
3006 4114 3351 4171 sitientibus
3381 4114 3535 4170 oﬂ‘ert

2159 4202 2319 4259 Alter
2347 4221 2564 4276 aquam
2598 4220 2611 4259 :
2646 4203 2938 4277 siquidem
2968 4203 3263 4259 ducebant
3291 4202 3504 4259 talibus
3529 4208 3689 4254 avum.

2160 4298 2286 4348 Dux
2308 4310 2441 4349 vero
2472 4293 2752 4349 adversus
2783 4298 2902 4349 tam
2932 4291 3071 4348 vilia
3101 4290 3341 4361 fercula,
3375 4291 3519 4347 cedit

2159 4382 2432 4439 Protinus
2463 4381 2623 4438 hisce
2652 4381 2797 4438 locis
2826 4386 2985 4438 totus
3014 4382 3297 4454 profusus
3328 4382 3386 4437 in
3417 4380 3542 4436 iras.

2161 4472 2269 4537 Qui
2300 4470 2393 4526 vix
2424 4471 2726 4544 ingressus
2758 4471 2952 4528 densae
2981 4470 3309 4544 penetralia
3341 4469 3503 4543 sylva:

2158 4559 2430 4615 Numinis
2460 4559 2721 4631 impulsu
2755 4559 3024 4632 Stygium
3054 4558 3419 4615 nanciscitur
3447 4567 3624 4628 aprum
3650 4564 3661 4601 :

2157 4648 2266 4714 Qui
2299 4648 2501 4721 rapido
2533 4665 2730 4716 cursu,
2764 4664 2941 4704 rauco
2972 4647 3296 4705 bacchatus
3326 4648 3507 4711 hiatu,

2155 4737 2429 4794 Vulneris
2458 4737 2785 4810 intrepidus
2811 4738 3026 4794 transit
3052 4736 3365 4805 venabula,
3398 4748 3595 4796 casses,

2158 4826 2691 4900 Semianimemque
2722 4827 2934 4889 ducem
2968 4826 3181 4883 culmis
3210 4823 3514 4898 prostravit
3537 4812 3697 4874 acutis.

2155 4918 2227 4972 At
2256 4933 2481 4972 memor
2512 4916 2745 4972 offensae
2779 4933 2913 4972 mox
2940 4916 3164 4972 viribus
3196 4915 3323 4988 ipse
3352 4905 3649 4981 resumptis,

2157 5006 2273 5061 Hos
2304 5004 2513 5078 repetit
2545 5005 2761 5069 Patres,
2795 5004 3031 5061 sceleris
3063 5021 3167 5076 pro
3199 5002 3330 5059 labe
3358 4999 3556 5074 pianda
3583 5010 3595 5047 :

2157 5074 2631 5167 Sumpturusque
2690 5093 2909 5160 cibum,
2969 5074 3144 5165 quem
3200 5093 3509 5165 spreverat,
3550 5074 3733 5167 necubi!t

2154 5165 2413 5240 Cmnobii
2444 5165 2626 5255 hujus
2656 5181 2951 5255 pollicitus
2983 5182 3199 5238 sarcire
3233 5181 3450 5245 ruinas,
3559 5165 3729 5243 [ἰὶεάθω

2155 5274 2317 5328 Tune
2348 5272 2471 5328 fieri
2504 5271 2747 5327 delubra
2770 5272 2959 5344 jubet,
2996 5270 3292 5343 cellasque
3322 5269 3642 5334 domosque;

2156 5360 2456 5433 Multaque
2485 5361 2757 5427 restituit,
2791 5360 3000 5434 priscis
3031 5360 3312 5417 subversa
3341 5354 3535 5422 ruinis,

2156 5449 2395 5519 Prazdia,
2425 5448 2656 5506 divitias
2688 5466 2803 5521 quo
2837 5453 3075 5522 possent
3104 5446 3423 5521 quaestibus
3451 5441 3654 5509 absque,
3766 5514 3767 5521 γ

2154 5539 2379 5611 Quique
2411 5537 2830 5611 monoptolemi
2861 5537 3154 5595 seclusam
3185 5537 3394 5592 ducere
3422 5531 3598 5587 vitam.

2227 5627 2503 5684 Protinus
2534 5627 2788 5686 artiticas
2819 5643 3037 5707 sponsa
3060 5625 3324 5685 mercede
3351 5617 3526 5680 labori
