3810 6214
55 344 138 401 397
1078 336 1333 398 CANON
1344 336 1455 398 UM
1502 336 1777 397 PRISCA
1822 336 2272 397 COLLEC'I‘IO.

1648 468 1701 534 Α
1733 464 1865 529 Qum
1898 464 2036 523 olim
2069 465 2675 539 Christiparm,rursus
2706 477 3014 528 sacrantur
3036 473 3244 529 cidem.

55 471 327 526 Structuras
357 484 620 523 renovare
651 472 859 540 parant
888 468 1164 523 arclando
1197 466 1409 523 minori

53 560 313 624 Schemate,
344 557 643 624 limitibus,
678 557 1079 628 domuumque
1111 555 1339 628 locique
1386 560 1587 610 tenore

50 648 371 720 Archetypum
400 664 411 701 :
444 644 680 702 tandem
710 644 1014 702 fabrefacti
1044 644 1304 701 enccenia
1352 644 1582 717 templi,

3255 345 3372 404 398

1732 555 1865 619 Quae
1897 555 2090 627 gregis
2124 556 2302 627 hujus
2333 559 2450 615 eris
2482 576 2688 633 perpes
2717 564 3032 634 custosque
3078 562 3377 634 salusque.

558 908 661 969 DE
704 907 1120 978 SEQUENTE
1164 906 1704 967 COLLECTIONE
1745 907 2140 969 CANONICA
2184 907 2353 968 MAII
2396 909 2791 973 MONITUM.

980 1037 1359 1111 (Spicilegium
1389 1039 1715 1107 Romanum,
1749 1041 1891 1095 tom.
1924 1037 2016 1106 VI,
2051 1055 2182 1113 pag.
2215 1040 2366 1109 397.)

99 1232 109 1243 .
136 1232 146 1243 .
175 1232 186 1245 .
215 1233 226 1245 .
254 1192 391 1246 Nunc
417 1192 468 1264 si
497 1191 835 1247 bibliothecae
858 1191 1189 1264 pontiﬁcalis
1220 1191 1277 1243 in
1299 1191 1571 1264 canonica
1603 1206 1660 1244 re
1689 1189 1913 1264 divitias
1939 1190 2244 1261 patefacere
2274 1191 2454 1264 velim,
2490 1194 2640 1264 longi
2668 1195 2838 1249 nimis
2857 1197 3122 1250 sermonis
3146 1197 3374 1251 initium

44 1262 212 1332 faciam.
241 1265 380 1319 Certe
405 1262 469 1318 de
496 1260 872 1318 nobilissimis
891 1262 1099 1387 alipuot
1130 1260 1333 1317 Graecis
1362 1260 1637 1316 codicibus
1665 1262 1779 1316 alio
1809 1262 1922 1315 loco
1942 1260 2003 1316 et
2028 1269 2261 1332 tempore
2289 1262 2506 1329 dicam,-
2533 1260 2734 1319 etknim
2760 1267 3015 1321 canonici
3062 1266 3375 1323 Graecorum

46 1332 146 1387 iuris
172 1334 351 1387 insiani
375 1335 561 1387 aliauo
588 1350 746 1387 onere
773 1349 946 1387 auaen
991 1335 1029 1387 i.
1059 1332 1362 1387 cunidilate
1390 1348 1501 1387 non
1530 1349 1674 1387 vana
1701 1331 1909 1387 iamdiu
1940 1334 2193 1387 incensus
2221 1336 2521 1387 sum.Unus
2550 1352 2697 1387 nunc
2725 1338 2954 1387 Latinus
2996 1352 3115 1387 orm
3157 1340 3374 1387 ueteris

40 1334 146 1401 juris
172 1334 351 1402 insigni
375 1335 561 1404 aliqua
588 1350 746 1404 opere
773 1349 946 1403 augen

991 1335 1029 1397 i,
1059 1332 1362 1403 cupiditate
1390 1348 1501 1387 non
1530 1349 1674 1387 vana
1692 1331 1909 1408 jamdiu
1940 1331 2193 1408 incensas
2221 1336 2521 1408 sun_z.Unus
2550 1352 2697 1390 nunc
2725 1338 2954 1392 Latinus
2991 1352 3115 1408 prae
3157 1340 3374 1394 cateris

46 1419 106 1480 ne
126 1407 261 1460 mit
282 1402 582 1480 codexl’at.
614 1402 771 1480 1349,
804 1402 964 1480 quem
988 1402 1252 1480 nemo.__ut
1277 1411 1428 1480 puto,
1460 1411 1664 1474 pra’ter
1692 1402 2028 1480 B‘allerinios
2054 1402 2271 1480 dissert.
2304 1405 2380 1480 _De
2412 1406 2618 1461 collect.
2659 1422 2814 1480 rcan.,
2843 1402 3098 1478 partfiv,
3129 1425 3249 1480 cap.
3282 1411 3369 1474 18,

43 1475 80 1537 6,
102 1478 505 1551 commemoravit,
535 1478 636 1547 qui
662 1473 919 1551 temporis
948 1476 1239 1551 angustiis,
1266 1482 1331 1551 ut
1360 1473 1537 1541 aiunt,
1567 1475 1745 1551 pressi
1772 1482 1823 1551 e_t
1852 1473 2178 1551 difﬁcultate
2200 1476 2489 1547 scriptura:
2530 1479 2738 1551 territi,
2762 1473 3021 1534 vetustam
3069 1473 3212 1534 hanc
3253 1473 3375 1551 prae

45 1549 204 1599 caeteris
224 1545 577 1602 collectionem
605 1545 1013 1618 expendendam
1037 1548 1169 1600 aliis
1198 1546 1557 1618 reliquerunt.
1587 1548 1693 1618 Ego
1724 1546 2048 1618 igitur,_hoc
2073 1545 2366 1613 diligenter
2391 1563 2614 1602 excusso
2643 1549 2962 1616 codice,rem
2992 1545 3377 1606 utiliorenime

42 1619 257 1694 [acturum
278 1620 482 1694 putavi,
499 1620 570 1694 si
595 1616 720 1694 ejus
737 1619 1072 1694 singillatim
1094 1616 1365 1694 __capitula
1408 1633 1505 1671 seu
1557 1617 1763 1681 titulos,
1797 1624 1857 1671 ut
1902 1616 1967 1671 de
1998 1618 2263 1694 _Anselnio
2291 1619 2432 1694 feci,_
2450 1620 2756 1694 recitarem,
2778 1637 2944 1694 quam
2970 1622 3022 1675 si
3048 1622 3247 1677 multos
3274 1638 3374 1678 no-

43 1690 151 1762 mine
178 1688 309 1762 tenus
331 1689 614 1761 pradictze
643 1689 983 1762 bibliotheca:
1008 1688 1214 1762 codicys
1246 1704 1596 1762 recenserem,
1626 1703 1859 1762 quorum
1888 1688 2047 1762 nuda
2075 1689 2278 1743 notitia
2318 1688 2811 1762 bibliographicarh
2858 1692 3084 1747 classem
3131 1701 3375 1762 augeret,

45 1759 421 1833 “mmmam
449 1761 709 1815 canonici
735 1776 840 1815 non
860 1761 1099 1833 juvarct.
1133 1759 1224 1814 Est
1256 1760 1303 1814 is
1331 1759 1499 1833 codex
1526 1760 1905 1833 membraneus
1931 1759 2193 1829 [oliorum
2228 1760 2497 1833 majorum
2520 1759 2672 1833 225,
2706 1763 2905 1817 litteris
2950 1759 3376 1833 Langobardicis

44 1828 392 1903 raweimplexzs
416 1839 695 1898 exoratus,
730 1828 910 1887 titulis
940 1831 1257 1896 rubricatis,
1288 1830 1485 1886 εαξεωί
1512 1846 1545 1883 x
1578 1831 1893 1902 incipientis
1922 1828 2137 1885 a’tatem
2176 1828 2434 1901 referens,
2473 1832 2694 1904 ideoque
2743 1835 2972 1889 Lucensi
3012 1828 3261 1891 Anselmo
3291 1851 3376 1892 ve-

42 1904 198 1956 tutior.

353 2174 1152 2309 CANONUM
1248 2175 1818 2307 PBISCA
1913 2162 2965 2311 COLLECTIO‘”

1456 2405 1881 2419 ———-———-

88 2531 256 2607 Incipit
279 2536 620 2609 gratissima
648 2551 938 2592 canonum
969 2534 1384 2606 collectio,quai
1417 2535 1615 2606 Scrip-
1642 2537 1689 2603 Β
1788 2535 1841 2589 9.
1877 2534 2039 2601 Quod
2071 2551 2188 2589 non
2221 2534 2393 2589 debet
2423 2540 2694 2608 appetere
2715 2536 3109 2610 principatum
3134 2538 3246 2594 nisi
3270 2539 3372 2611 qui

36 2622 235 2679 tux-arum
263 2624 621 2682 testimoniis
661 2629 718 2682 et
767 2628 1101 2680 sanctorum
1152 2623 1323 2679 dictis
1346 2624 1617 2679 roborata

34 2702 228 2782 legentes
247 2713 526 2782 laetificat;
562 2713 664 2769 ubi
689 2714 738 2771 si
761 2711 1064 2787 quippiam
1096 2712 1428 2768 discordare
1456 2712 1613 2767 vide-

31 2800 114 2864 tnr,
137 2800 256 2857 illud
285 2802 625 2877 eligendum
657 2807 744 2859 est
777 2802 932 2875 quod
968 2800 1208 2873 majoris
1252 2799 1615 2857 auctoritatis

34 2900 124 2942 esse
146 2890 464 2950 decernitur.

220 3044 225 3047 λ
587 2980 981 3037 ΡΗᾸΞΡΑΤΙΟ.

81 3066 447 3138 Synodicorum
480 3069 910 3142 exemplarium
945 3068 1423 3125 numerositatem
1450 3067 1610 3141 [cod.,

30 3150 527 3233 innumerositatem]
562 3157 958 3231 conspiciens,
991 3174 1056 3213 ac
1105 3156 1494 3229 plurimorum
1546 3174 1615 3212 ex

31 3239 135 3311 ipsis
160 3247 553 3307 obscuritatem
591 3247 841 3303 rudibus
869 3245 1139 3301 inutilem
1172 3245 1615 3317 providens,nec

29 3344 107 3386 non
131 3340 425 3394 ceterorum
459 3336 866 3395 diversitatem
896 3335 1276 3391 inconsonam
1307 3335 1613 3391 destruen-

29 3420 204 3494 lemque
231 3429 409 3501 magis
439 3443 628 3500 quam
662 3425 1047 3482 mdilicantem
1080 3422 1458 3496 perspiciens,
1483 3423 1613 3479 bre-

29 3519 193 3569 νεωαο
219 3532 531 3574 consonam
578 3532 650 3571 ex
700 3513 923 3587 ingenti
976 3513 1122 3569 silva
1171 3511 1521 3584 scriptorum
1553 3512 1613 3569 in

29 3597 151 3655 unius
173 3603 468 3661 voluminis
500 3608 735 3661 textum
757 3603 1177 3675 expositionem
1202 3601 1436 3674 digessi,
1446 3600 1616 3673 plura

29 3685 189 3748 Iddens
206 3698 262 3748 ut
282 3693 450 3767 plura
473 3689 1349 3763 describerentur,singulorum
1373 3689 1616 3745 nomina

29 3772 210 3848 lingulis
225 3784 578 3840 testimoniis
597 3780 938 3854 praescripta
955 3778 1358 3851 eomposui,ne
1375 3778 1508 3851 quis
1522 3795 1614 3834 ve-

29 3857 85 3918 lut
106 3866 352 3929 incertum
386 3872 532 3947 quid
568 3888 679 3945 pro
711 3886 825 3942 quo
856 3869 1117 3937 dicat,ut
1147 3884 1281 3923 cum
1313 3867 1612 3940 generales

29 3950 171 4012 titulos
181 3976 312 4031 quos
329 3959 671 4018 necessario
690 3956 1108 4031 proposuimus
1125 3959 1613 4022 recurrat,nume-

29 4052 92 4097 tos
113 4045 386 4123 diligenter
415 4052 693 4107 observet
716 4066 729 4116 ;
756 4047 972 4119 quibus
996 4042 1615 4116 observatis,quzestio-

29 4144 119 4187 nem
142 4152 297 4208 quam
324 4140 586 4197 voluerit
618 4138 746 4194 sine
774 4135 894 4192 ulla
913 4134 1285 4191 cunctatione
1306 4132 1615 4206 repperiet.

480 4276 749 4320 EXPLICI'I‘
787 4277 1094 4318 PREFATIO.

178 4369 537 4428 INCIPIUNT
581 4368 936 4425 CAPITULA
974 4367 1166 4424 LIBRI
1205 4366 1411 4422 PRIMI

318 4488 387 4526 DE
427 4484 823 4526 ORDINATIONB
863 4482 1229 4523 CLERICORUM
1238 4505 1250 4518 .

81 4580 118 4631 1.
143 4579 211 4637 De
237 4584 471 4640 nomine
502 4581 792 4656 episcopi.

69 4668 109 4721 2.
134 4670 200 4727 De
224 4672 313 4729 bis
341 4674 444 4746 qui
478 4687 701 4728 nomen
731 4669 988 4743 episcopi
1024 4668 1263 4740 indigne
1309 4671 1617 4740 usurpant.

76 4754 117 4809 3.
141 4757 209 4815 De
234 4761 394 4818 initio
415 4759 800 4819 sacerdotum
832 4758 890 4813 in
922 4761 1170 4830 utraque
1191 4757 1335 4829 lege.

77 4843 116 4899 4.
142 4846 208 4905 De
235 4850 471 4907 nomine
502 4847 797 4923 principis
826 4847 902 4921 (2)

70 4933 110 4986 5.
138 4935 203 4992 De
228 4939 560 4997 ordinando
591 4935 855 5011 principe
886 4953 1019 4993 cum
1055 4941 1229 4993 sorte.

67 5020 109 5076 6-
136 5022 202 5082 De
230 5032 483 5100 quatuor
512 5024 832 5100 generibus
865 5026 1271 5082 ordinationis.

68 5110 111 5174 7,
132 5111 200 5169 De
218 5115 381 5173 bonis
401 5115 779 5190 principibus
797 5115 1139 5171 ordinandis
1155 5114 1435 5187 pastorali
1458 5130 1618 5169 cura.

70 5199 110 5254 8.
137 5200 206 5260 De
230 5205 398 5262 malis
430 5204 808 5280 principibus
830 5203 1025 5277 potius
1049 5203 1420 5275 increpandis
1441 5218 1619 5276 quam

29 5287 327 5352 )rdinandis.

272 5475 471 5557 operis
504 5472 718 5557 titulus
746 5478 812 5557 et
830 5473 1112 5557 prologus
1143 5470 1419 5557 scribitur
1438 5473 1497 5529 in
1524 5490 1620 5528 co-

29 5532 287 5600 lice'initio
309 5532 450 5602 libri
492 5544 680 5609 sexti;
715 5532 855 5603 mihi
905 5532 1107 5602 tanien
1155 5545 1226 5600 ad
1280 5545 1620 5605 universum

29 5623 128 5682 Ῥιιε
152 5617 431 5688 pertinere
461 5616 577 5675 visi
609 5624 767 5675 sunt.

1725 2622 1889 2694 prius
1919 2624 2221 2694 subjectus
2255 2622 2450 2678 fuerit.

1798 2713 1882 2766 10.
1916 2711 1995 2765 De
2027 2710 2156 2765 aliis
2187 2712 2657 2769 desiderantibus
2688 2713 3081 2786 principatum
3116 2715 3372 2788 indigne.

1794 2799 1882 2855 ll.
1917 2800 2078 2863 Quod
2112 2799 2415 2855 homicidas
2447 2818 2562 2856 non
2594 2802 2845 2858 debeant
2894 2802 3156 2876 accipere
3186 2809 3376 2876 pasto-

1724 2889 1844 2945 rale
1874 2888 2290 2944 ministerium.

1797 2979 1883 3033 12.
1915 2977 2077 3041 Quod
2106 2976 2331 3050 indigni
2363 2978 2481 3034 sint
2502 2978 2833 3051 principatu
2854 2980 3111 3037 ecclesiae
3134 2982 3233 3054 qui
3254 2998 3370 3039 non

1723 3067 1870 3123 bene
1901 3070 2111 3139 regunt
2139 3067 2346 3123 domos
2377 3084 2536 3124 suas.

1797 3157 1882 3211 13.
1917 3155 1997 3210 De
2028 3155 2358 3228 principatu
2393 3173 2505 3212 non
2540 3158 2882 3213 recusando.

1797 3245 1880 3300 14.
1916 3244 1995 3299 De
2025 3244 2357 3317 principatu
2388 3262 2503 3301 non
2537 3246 2651 3302 cito
2682 3248 2953 3303 tenendo.

1796 3334 1881 3389 15.
1918 3333 1997 3389 De
2028 3332 2200 3388 malis
2230 3334 2625 3407 principatum
2658 3336 3076 3393 mercantibus.

1796 3423 1882 3477 16.
1916 3423 2079 3487 Quod
2112 3438 2229 3477 non
2258 3438 2446 3494 genus
2477 3438 2581 3477 nec
2611 3421 2774 3479 locus
2805 3424 2905 3479 sed
2951 3441 3144 3481 mores
3193 3428 3371 3483 aedifi-

1723 3515 1858 3567 cant
1886 3510 2233 3583 principem.

1795 3602 1880 3655 17.
1914 3605 1992 3655 De
2017 3600 2389 3672 praecavendo
2423 3600 2682 3673 principe
2714 3602 2811 3673 (3).

1795 3690 1880 3743 18.
1911 3689 1991 3744 De
2013 3687 2387 3761 impositione
2418 3706 2701 3745 manuum
2733 3690 3044 3764 episcopis,
3068 3708 3171 3748 seu
3194 3692 3266 3748 de
3286 3710 3375 3749 or-

1721 3777 2039 3833 dinatione.

1796 3868 1881 3921 19.
1911 3866 2072 3933 Quod
2104 3883 2219 3921 non
2250 3884 2405 3923 unus
2437 3884 2622 3923 unum
2654 3868 2901 3925 ordinet.

1794 3957 1881 4010 20.
1918 3960 1995 4011 De
2025 3953 2231 4011 baculo
2261 3956 2521 4031 etanulo
2553 3956 2832 4029 episcopi.

1792 4046 1884 4099 21.
1916 4043 2022 4108 Qui
2053 4043 2418 4099 ordinandus
2448 4045 2526 4101 sit
2557 4045 2893 4118 episcopus.

1794 4135 1884 4188 22.
1917 4133 1996 4188 De
2027 4133 2290 4189 moribus
2319 4133 2598 4206 episcopi.

1794 4222 1885 4277 23.
1918 4226 1997 4277 De
2027 4222 2297 4278 etatibus
2328 4225 2387 4277 et
2418 4222 2643 4278 meritis
2676 4224 2891 4295 quibus
2940 4226 3176 4297 provehi
3209 4227 3384 4284 debet

1727 4311 1800 4366 ad
1832 4311 2257 4383 episcoyatum.

1796 4401 1886 4455 24.
1919 4400 2081 4463 Quod
2116 4415 2231 4455 non
2261 4400 2332 4455 de
2362 4399 2476 4455 alia
2496 4400 2741 4457 ecclesia
2759 4402 3002 4458 vocandi
3024 4402 3143 4459 sint
3164 4402 3265 4474 qui
3287 4420 3379 4460 or-

1730 4488 2151 4556 dinantur,nisi
2181 4488 2240 4543 in
2270 4489 2636 4545 necessitate.

1798 4580 1887 4634 25.
1922 4577 2002 4633 De
2031 4577 2398 4633 ordinatione
2427 4577 2858 4651 episcoporum.

1798 4667 1889 4723 26.
1920 4665 2305 4739 Episcopatus
2357 4666 2591 4723 nonnisi
2644 4668 2868 4725 meritis
2916 4668 3380 4743 praecedentibus

1729 4758 1918 4814 detur.

1797 4846 1886 4901 27.
1921 4846 2083 4912 Quod
2116 4850 2276 4901 extra
2313 4846 2729 4902 conscientiam
2782 4846 3213 4920 metropolitani
3263 4865 3381 4906 non

1730 4934 2030 4991 ordinetur
2059 4934 2388 5007 episcopus.

1797 5025 1888 5079 28.
1917 5022 2079 5086 Quod
2106 5022 2441 5080 nolentibus
2472 5022 2698 5080 clericis
2716 5023 2801 5080 vel
2827 5024 3060 5098 populis
3081 5041 3254 5084 nemo
3275 5026 3383 5084 de-

1730 5113 1864 5168 beat
1891 5110 2200 5184 episcopus
2229 5111 2505 5167 ordinari.

1800 5202 1890 5256 29.
1923 5200 2086 5267 Quod
2118 5217 2231 5256 non
2260 5201 2547 5258 habeatur
2575 5202 2887 5275 episcopus
2918 5220 3092 5276 quem
3124 5221 3230 5262 nec
3267 5201 3382 5259 cle-

1649 5278 1695 5343 D
1726 5307 1828 5347 rus
1856 5288 2116 5362 elegerit,
2149 5305 2254 5345 nec
2286 5290 2538 5363 populus
2567 5291 2965 5364 exquisiverit.

1802 5468 2627 5549 (“alatellisitqrepiscqpuso
2703 5541 2740 5549 ..
2880 5541 2896 5549 _
3062 5539 3074 5549 .
3160 5537 3171 5549 .

1802 5539 1913 5626 (33)
1945 5539 2169 5617 Nempe
2202 5541 2273 5599 de
2303 5539 2530 5599 cautela
2559 5544 2619 5601 in
2668 5541 2939 5619 eligendo
2987 5539 3248 5615 principe
3279 5547 3382 5589 seu

1731 5630 2026 5692 θριεοορο.

3422 5642 3718 5727 ,πη
