3810 6214
458 386 576 446 399

528 520 616 574 30.
652 519 725 576 Ut
754 519 955 577 nullus
984 519 1181 578 invitis
1210 523 1514 579 ordinetur
1543 523 1804 581 antistes.

1298 391 1636 452 APPEND.
1682 392 1786 452 AD
1832 391 2019 452 SzEC.
2066 390 2138 450 Χ.
2173 424 2250 433 --
2289 389 2549 451 ()PERA
2594 410 2997 457 ωεεηοτικλ.

2132 524 2189 592 Α
2286 524 2377 577 64.
2411 524 2574 589 Quod
2604 529 2736 597 post
2763 529 3013 581 mortem
3045 521 3263 596 prioris
3293 521 3471 578 debet
3498 518 3810 594 princepset

3762 387 3810 446 10

522 608 613 664 31.
645 608 879 667 Judicio
920 610 1319 668 multitudinis
1364 613 1764 670 ordinationes
1815 614 1939 670 ﬁeri
1991 631 2106 670 non
2217 612 2428 669 dinari.

452 697 687 754 debere.

520 788 613 844 32.
647 788 729 845 De
760 788 1193 864 episcopalibus
1224 791 1713 849 ordinationibus.

524 876 615 931 33.
649 877 730 932 De
760 878 1039 936 electione
1065 880 1343 953 episcopi.

523 966 614 1021 34.
648 971 727 1022 De
756 967 850 1024 his
878 968 978 1040 qui
1011 970 1082 1025 ad
1114 970 1519 1042 episcopatum
1549 970 1607 1025 in
1638 968 1950 1043 provinciis
1982 986 2109 1043 pro-

454 1053 766 1113 vehuntur.

524 1146 613 1199 35.
647 1147 810 1212 Quod
832 1147 968 1203 addi
992 1149 1239 1204 debeant
1260 1149 1517 1222 episcopi
1543 1166 1785 1205 numero
1812 1147 2106 1203 ordinato-

455 1250 585 1288 rum
603 1234 752 1306 (4),si
766 1235 835 1290 de
847 1235 1171 1292 ordinando
1183 1238 1456 1311 episcopo
1469 1237 2104 1294 fueritcontradictum.

525 1324 615 1377 36.
649 1323 910 1387 Qualiter
930 1327 1001 1380 ad
1037 1343 1270 1381 sacrum
1303 1328 1566 1383 ordinem
1594 1327 1668 1382 sit
1690 1327 2106 1381 accedendum.

525 1412 615 1467 37.
650 1413 772 1468 Non
805 1414 1211 1486 accipiendum
1247 1417 1555 1490 prmmium
1591 1433 1693 1488 pro
1737 1414 2109 1487 episcopatus

455 1501 699 1558 honore.

524 1592 614 1647 38.
642 1592 804 1655 Quod
839 1610 953 1649 non
988 1599 1250 1666 oporteat
1280 1596 1624 1667 episcopum
1656 1598 1757 1649 aut
1789 1594 2111 1666 quemlibet

455 1696 524 1734 ex
556 1679 710 1736 clero
739 1697 842 1753 per
863 1683 1143 1755 pecunias
1175 1684 1455 1739 ordinari.

525 1769 615 1824 39.
651 1768 729 1826 De
748 1771 1182 1844 episcopalibus
1204 1773 1264 1828 in
1283 1773 1597 1846 provinciis
1621 1772 2109 1828 ordinationibus.

2285 703 2375 757 65.
2410 701 2490 756 De
2519 718 2811 759 consensu
2842 701 3045 775 populi
3068 718 3202 758 cum
3226 699 3500 774 principe
3522 700 3581 755 in
3603 697 3810 755 ordinat

2219 791 2292 846 do
2324 806 2684 847 successore.

2284 881 2374 935 66.
2409 880 2569 945 Quod
2601 881 2875 953 princeps
2905 879 3069 937 solus
3099 879 3339 937 ordinat
3378 894 3780 935 successorem.

2285 970 2375 1023 67.
2410 968 2639 1041 digroto
2670 969 2944 1042 episcopo
2972 968 3233 1025 ordinari
3263 985 3579 1024 successor
3597 971 3784 1039 potest.

2285 1060 2375 1113 68.
2409 1057 2488 1113 De
2510 1062 2827 1130 aegrotante
2846 1057 3118 1131 episcopo
3142 1058 3245 1130 qui
3266 1057 3457 1113 voluit
3477 1072 3810 1113 successore:

2218 1146 2495 1201 ordinari.

2287 1235 2378 1290 69.
2412 1234 2485 1291 Ut
2505 1234 2680 1308 eligat
2703 1235 3012 1309 cpiscopus
3037 1251 3445 1293 successorem
3470 1252 3531 1291 se
3555 1235 3810 1303 viventeii

2286 1326 2375 1379 70.
2409 1324 2571 1387 Quod
2603 1325 2811 1380 debeat
2838 1324 3038 1380 electio
3061 1326 3352 1380 bonorum
3377 1324 3670 1379 observari
3692 1324 3743 1377 in
3765 1321 3810 1377 el

2219 1414 2409 1486 gendo
2440 1430 2797 1471 successore.

2286 1503 2377 1556 71.
2411 1502 2484 1557 Ut
2514 1519 2713 1575 supra.

2288 1592 2379 1646 72.
2408 1590 2479 1646 Ut
2511 1590 2710 1647 nullus
2740 1592 2812 1647 ad
2844 1592 3249 1665 episcopatum
3282 1609 3389 1665 pro
3443 1608 3507 1648 se
3560 1588 3810 1646 constitu:

2221 1696 2640 1736 SUCCCSSOPBH].

2262 1770 2379 1843 ‘73.
2409 1769 2487 1824 De
2520 1769 2887 1825 ordinatione
2920 1769 3177 1842 episcopi
3209 1770 3310 1842 qui
3344 1769 3741 1843 impetraverit
3771 1784 3810 1840 p1

528 1860 616 1913 40.
650 1858 721 1915 Ut
750 1859 1007 1934 episcopi
1039 1862 1139 1935 qui
1172 1862 1538 1933 ordinantur,
1573 1863 1645 1919 ab
1672 1861 2109 1919 ordinatoribus
2140 1897 2187 1961 Β
2223 1859 2416 1927 cunia,
2448 1857 2534 1914 vel
2555 1860 2670 1961 ‘qui
2704 1875 3105 1959 successorem
3138 1858 3361 1961 faciunt
3390 1875 3462 1915 ex
3513 1857 3805 1961 parentibu

455 1947 583 2003 suis
613 1948 891 2019 epistolas
912 1950 1357 2023 accipiantque:
1380 1952 1534 2008 diem
1561 1956 1616 2007 et
1637 1951 1937 2007 consulem
1962 1968 2108 2023 pra:-

456 2036 665 2091 ferant.

526 2126 615 2181 41.
648 2125 811 2190 Quod
845 2145 959 2183 non
992 2133 1255 2201 oporteat
1277 2129 1675 2185 ordinationes
1696 2128 2105 2201 episcoporum

456 2213 558 2269 diu
583 2214 835 2271 differre.

527 2304 615 2358 42.
647 2303 859 2368 Quales
888 2305 974 2361 vel
1009 2323 1188 2377 quam
1220 2307 1373 2363 docti
1406 2308 1656 2363 debeant
1694 2306 1951 2362 ordinari
1982 2305 2107 2378 cpi-

455 2392 636 2464 scopi.

525 2480 613 2534 43.
648 2481 905 2546 Qualiter
933 2489 1347 2540 consecrentur
1374 2484 1652 2557 episcopi.

525 2569 614 2623 44.
649 2568 722 2625 Ut
754 2570 1009 2643 episcopi
1040 2590 1294 2629 canones
1325 2578 1646 2645 agnoscant
1678 2577 1992 2645 antequam
2015 2589 2105 2628 or-

455 2656 755 2713 dinentur.

526 2746 614 2802 45.
648 2746 729 2803 De
761 2745 928 2804 laicis
960 2766 1075 2805 non
1108 2754 1325 2807 temere
1354 2749 1633 2807 faciendis
1654 2750 1961 2823 episcopis.

526 2835 615 2890 46.
650 2835 723 2891 Ut
751 2839 1223 2912 metropolitanis
1253 2857 1363 2895 sua
1384 2840 1526 2912 jura
1555 2844 1880 2895 serventur.

526 2926 613 2980 47.
647 2924 922 2983 Veterum
954 2932 1177 2985 statuta
1207 2929 1490 2986 servanda
1522 2932 1663 2985 sunt
1692 2928 1750 2983 in
1783 2927 2105 2985 ordinatio-

458 3029 529 3071 ne
559 3013 836 3088 episcopi.
1736 3018 1746 3028 '

528 3105 615 3158 48.
650 3107 863 3161 Contra
894 3106 1129 3162 Patrum
1162 3113 1451 3181 praecepta
1482 3108 1681 3164 nullus
1713 3111 1956 3180 usurpet
1986 3106 2105 3180 epi-

455 3208 671 3264 scopus
692 3193 973 3250 ordinari.

526 3280 615 3337 49.
648 3280 721 3337 Ut
751 3282 1026 3356 neophyti
1058 3302 1171 3339 non
1203 3285 1567 3341 ordinentur.

521 3369 612 3425 50.
636 3369 741 3434 Qui
766 3372 1116 3444 praepositus
1134 3371 1220 3429 vel
1244 3373 1554 3446 episcopus
1576 3372 1797 3445 indiget
1818 3373 2099 3440 ordinari,

450 3458 522 3515 ab
554 3458 800 3517 ecclesia
827 3460 1177 3534 postuletur.

516 3547 608 3604 5|.
640 3548 803 3613 Quod
836 3566 950 3606 non
981 3550 1230 3607 debeant
1260 3552 1454 3608 ofﬁcia
1484 3550 1879 3609 ecclesiastica
1926 3569 2099 3625 pecu-

449 3636 563 3692 niis
595 3637 871 3695 obtineri.

520 3728 609 3782 52.
646 3726 859 3783 Prester
889 3728 1241 3785 sententiam
1272 3730 1706 3802 metropolitani
1739 3748 1854 3786 non
1876 3731 2104 3787 ordine-

449 3816 547 3867 tur
575 3813 908 3886 episcopus.

522 3902 616 3956 53.
649 3902 730 3960 De
760 3904 1103 3962 ordinandis
1134 3906 1423 3980 episcopis
1448 3924 1552 3980 per
1579 3908 1737 3965 vicos
1767 3913 1824 3965 et
1845 3909 2103 3966 modicas

456 3988 738 4047 civitates.

526 4081 617 4135 54.
651 4080 732 4137 De
765 4084 1026 4155 tempore
1056 4083 1462 4141 ordinationis.

524 4170 614 4225 55.
648 4171 810 4237 Quod
838 4188 953 4228 non
975 4172 1655 4246 conveniat,contemptis
1677 4174 1903 4234 clericis
1923 4177 2100 4235 eccle-

452 4258 697 4329 siarum,
729 4260 801 4316 de
831 4259 996 4318 laicis
1025 4261 1329 4335 episcopos
1358 4262 1637 4319 ordinari.

519 4349 609 4404 56.
626 4349 706 4405 De
722 4348 996 4422 plebibus
1016 4368 1145 4423 quae
1163 4368 1489 4424 numquam
1505 4351 1812 4424 episcopos
1822 4351 2096 4411 habuere.

516 4440 608 4495 57.
642 4438 716 4495 Ut
743 4440 1055 4513 episcopus
1088 4457 1203 4497 non
1235 4442 1538 4497 ordinetur
1578 4441 1636 4497 in
1687 4442 1920 4500 dioecesi
1970 4460 2100 4516 quae

446 4528 787 4602 episcopum
820 4546 1147 4602 numquam
1197 4530 1424 4600 habuit,
1458 4530 1570 4586 nisi
1620 4548 1757 4587 cum
1806 4532 2100 4589 voluntate

445 4617 702 4690 episcopi
734 4620 806 4675 ad
836 4636 1011 4691 quem
1042 4619 1172 4692 ipsa
1199 4620 1464 4677 dicecesis
1496 4621 1767 4692 pertinet.

514 4706 607 4760 58.
638 4705 745 4769 Qui
776 4708 1166 4764 concubinam
1195 4708 1422 4781 habuit,
1454 4708 1525 4763 ad
1559 4725 1792 4765 sacrum
1834 4710 2098 4766 ordinem

356 4862 361 4869 Α
447 4809 563 4848 non
594 4795 849 4851 accedat.

513 4880 604 4935 59.
638 4881 717 4937 De
746 4885 1035 4956 cupiendo
1066 4886 1152 4942 vel
1185 4887 1465 4959 fugiendo
1496 4886 1733 4942 honore.

512 4970 603 5023 60.
632 4970 838 5029 Laicus
871 4992 987 5030 non
1019 4981 1254 5047 repente
1284 4980 1657 5031 consecretur
1687 4977 2017 5049 episcopus.

509 5058 601 5112 61.
636 5058 715 5114 De
745 5060 837 5116 his
870 5062 967 5134 qui
1001 5064 1070 5119 de
1101 5068 1382 5135 potestate
1406 5064 1666 5121 szrculari
1690 5066 1759 5121 ad
1787 5065 2091 5140 episcopa-

438 5150 566 5200 tum
598 5157 1032 5218 promoventur.

2132 3268 2175 3334 C

2130 4642 2177 4707 D

509 5237 598 5290 62.
633 5235 795 5301 Quod
824 5238 1030 5299 debeat.
1060 5240 1331 5314 princeps
1358 5245 1545 5299 facere
1577 5242 1850 5300 heredem
1882 5243 1940 5299 in
1972 5246 2090 5301 vita
2197 5260 2352 5301 rum.

438 5340 565 5380 sua.

503 5414 592 5469 63.
627 5414 709 5471 De
740 5416 1003 5472 moribus
1033 5416 1201 5475 electi
1233 5420 1469 5476 heredis
1501 5422 1832 5480 ordinandi.

505 5539 580 5683 £4)
610 5540 831 5622 Nempe
861 5541 1260 5599 ordinantium
1284 5549 1459 5617 atque
1482 5546 1746 5602 scrutinii
1764 5546 2079 5619 judicium.

526 5614 584 5681 5)
613 5612 733 5668 Ηοο
764 5612 1059 5683 interdum
1091 5615 1353 5671 evenisse
1392 5618 1608 5672 dicitur
1654 5618 1712 5673 in
1762 5623 1944 5683 textu.
1978 5621 2079 5677 sed

2203 4993 2322 5043 cos,
2358 4975 2551 5031 clerici
2584 4976 2987 5031 nominantur.

2196 5421 2312 5479 Deo
2342 5439 2405 5479 se
2434 5438 2641 5478 veveru
2651 5425 2732 5477 nt.

2286 1949 2377 2002 74.
2412 1948 2573 2014 Quod
2596 1947 2923 2021 alienigena
2943 1948 3253 2021 episcopus
3274 1948 3599 2020 aliquando
3619 1946 3810 2019 eligitu.

2287 2038 2379 2091 75.
2415 2037 2575 2102 Quod
2608 2036 2917 2109 episcopus
2946 2037 3276 2093 consecrari
3328 2054 3448 2092 non
3501 2037 3725 2102 debeat,
3755 2033 3805 2089 ni

2217 2124 2355 2180 cleri
2388 2129 2444 2180 et
2474 2124 2674 2196 pepuli
2706 2125 2884 2180 fuerit
2905 2124 3229 2197 postulatu.

2285 2215 2380 2268 76.
2415 2213 2615 2278 Qualis
2647 2214 2853 2270 debeat
2881 2230 3009 2271 esse
3036 2213 3137 2286 qui
3160 2214 3477 2287 episcopus
3499 2219 3589 2269 est
3609 2213 3810 2270 ordinat

2216 2301 2637 2374 dus,expositio
2661 2301 2996 2375 Hieronymi
3012 2303 3070 2357 in
3089 2301 3398 2375 epistolam
3420 2302 3587 2358 Pauli
3607 2301 3810 2376 apostol

2284 2393 2375 2446 77.
2405 2390 2604 2455 Qualis
2638 2391 2844 2447 debeat
2873 2407 3002 2448 esse
3032 2391 3133 2464 qui
3164 2392 3481 2464 episcopus
3513 2390 3761 2466 eligitur.

2285 2482 2377 2535 78.
2405 2484 2481 2535 De
2507 2479 2797 2552 episcopis
2820 2480 2919 2551 qui
2943 2484 3077 2553 post
3100 2479 3539 2537 ordinationem
3565 2481 3807 2538 sacerdol

2219 2585 2466 2624 munera
2494 2567 2742 2625 libenter
2773 2568 3089 2642 accipiunt.

2285 2658 2378 2711 79.
2411 2657 2487 2713 Ut
2510 2674 2626 2713 non
2650 2656 2941 2732 accipiant
2962 2656 3184 2729 aliquid
3207 2658 3479 2715 muneris
3500 2663 3731 2733 propter
3750 2672 3810 2712 In:

2218 2763 2331 2802 nus
2364 2745 2824 2818 impositionem.

2286 2837 2376 2890 80.
2409 2836 2488 2891 De
2520 2852 2585 2891 eo
2618 2836 2720 2909 qui
2752 2835 2958 2910 recipit
2986 2834 3298 2909 pecuniam
3338 2837 3413 2893 de
3453 2854 3629 2917 ‘sacm
3676 2836 3810 2893 ordia

2216 2926 2329 2981 sub
2359 2925 2601 2981 obtentu
2634 2924 3033 2998 eleemosynae.

2284 3015 2373 3069 81.
2407 3014 2568 3080 Quod
2589 3031 2755 3069 sacra
2776 3012 3063 3070 ordinatio
3088 3013 3436 3073 nullatenus
3458 3016 3628 3073 vendi
3650 3016 3810 3071 debeat

2286 3106 2374 3160 82.
2416 3104 2491 3159 De
2520 3103 2888 3159 ordinatione
2919 3103 3424 3177 patriarcharum.

2283 3192 2372 3247 83.
2407 3191 2485 3247 De
2515 3191 2608 3248 his
2638 3191 2737 3265 qui
2770 3193 2842 3248 ad
2870 3193 3128 3266 regimen
3154 3193 3422 3250 ecclesiae
3456 3199 3595 3251 sunt
3643 3209 3806 3267 prome

2214 3280 2405 3336 vendi.

2281 3372 2370 3425 84.
2405 3369 2485 3426 De
2518 3370 2757 3428 nomine
2787 3371 3129 3445 presbyteri.

2280 3460 2368 3515 85.
2403 3458 2484 3516 De
2513 3461 2747 3517 exordio
2778 3460 3126 3534 presbyteri.

2282 3551 2371 3606 86.
2404 3549 2483 3607 De
2511 3551 2776 3607 moribus
2805 3550 3150 3624 presbyteri.

2282 3641 2370 3695 87.
2408 3638 2486 3695 De
2519 3640 2755 3696 nomine
2788 3639 3038 3697 diaconi.

2282 3731 2371 3784 88.
2407 3729 2483 3785 De
2515 3729 2750 3786 exordio
2781 3729 3011 3785 diaconi
3037 3728 3097 3783 in
3118 3731 3380 3802 utraque
3409 3730 3559 3805 lege.

2281 3817 2371 3873 89.
2406 3818 2486 3873 De
2516 3817 2822 3891 diligentia
2849 3817 3099 3874 diaconi.

2281 3907 2371 3961 90.
2405 3906 2486 3963 De
2516 3907 2756 3963 nomine
2785 3906 3152 3964 subdiaconi.

2282 3996 2372 4052 91.
2405 3995 2486 4051 De
2517 3994 2845 4053 ministerio
2875 3994 3248 4053 subdiaconi.

2281 4085 2371 4140 92.
2406 4085 2486 4140 De
2517 4084 2750 4141 exordio
2780 4082 3125 4141 subdiaconi
3158 4084 3222 4139 in
3252 4089 3523 4160 utraque
3548 4086 3678 4160 lege.

2280 4136 2371 4229 ss;
2406 4136 2486 4230 13;
2516 4136 2751 4230 asas
2781 4136 3124 4230 esse;
3158 4136 3222 4139 ’“
3258 4136 3677 4160 ""1""?
3770 4136 3785 4209 l

2280 4264 2371 4317 94.
2404 4262 2484 4318 De
2514 4279 2579 4318 eo
2612 4262 3048 4335 quieligendus
3078 4266 3167 4318 est
3197 4262 3258 4318 in
3294 4262 3603 4322 lectorem.

2280 4264 2371 4317 94.
2404 4264 2484 4318 De
2514 4279 2579 4318 eo
2612 4264 3048 4335 quieligendus
3078 4266 3167 4318 est
3197 4264 3258 4318 in
3294 4264 3603 4322 lectorem.

2280 4350 2368 4407 95.
2402 4350 2481 4406 De
2512 4368 2647 4407 voce
2680 4350 2934 4407 lectoris.
3760 4264 3783 4485 i

2280 4440 2369 4485 96-
2404 4439 2484 4485 Dn
2515 4440 2750 4485 mmrrlin
2780 4440 3094 4485 aunt-nisum.

2278 4440 2370 4495 96.
2404 4439 2484 4496 De
2515 4440 2750 4496 exordio
2780 4440 3096 4496 exorcistie.

2281 4529 2371 4585 97.
2408 4534 2484 4585 De
2516 4530 2775 4586 ostiario.

2278 4621 2368 4674 98.
2402 4623 2480 4674 De
2512 4618 2835 4675 ministerio
2867 4618 3113 4676 ostiarii.

2278 4709 2368 4763 99.
2397 4708 2477 4765 De
2507 4707 2796 4781 acolytho.

2276 4799 2397 4854 100.
2432 4797 2513 4853 De
2535 4798 2775 4854 nemine
2805 4797 3023 4856 clerici.
3742 4856 3753 4867 _

2276 4887 2395 4943 101.
2426 4886 2588 4949 Quod
2620 4902 2826 4942 omnes
2858 4887 2959 4959 qui
2983 4887 3203 4943 habent
3232 4891 3475 4960 gradus
3525 4884 3703 4946 ccclesi

3709 4768 3771 4998 l

3705 4998 3768 5265 ,

2275 5067 2395 5120 102.
2430 5065 2591 5129 Quod
2623 5065 2926 5138 presbyter
2956 5065 3110 5121 idem
3141 5064 3222 5121 sit
3252 5067 3359 5138 qui
3398 5069 3693 5143 episcopus
3711 5062 3725 5131 ιζ

2272 5154 2395 5210 103.
2429 5155 2505 5211 De
2537 5154 2905 5211 ordinatione
2934 5153 3282 5228 presbyteri,
3307 5156 3554 5217 diaconi
3575 5160 3626 5212 et
3651 5167 3701 5206 ce

2266 5332 2393 5389 104.
2425 5332 2569 5388 Item
2602 5333 2672 5388 de
2703 5348 2904 5389 eorum
2932 5333 3383 5393 consecratione
3408 5335 3513 5411 qui
3534 5334 3602 5391 ab
3619 5327 3694 5387 int

526 5612 584 5681 5)
613 5612 733 5691 Hoc
764 5612 1059 5691 interdum
1091 5612 1608 5672 evenisse-dicitur
1654 5618 1712 5673 in
1762 5612 1944 5690 textu,
1978 5621 2080 5677 sed
2195 5612 2280 5673 mi
2303 5612 2569 5691 epistola.

430 5682 887 5742 extraordinario
921 5687 1113 5746 modo.

2265 5549 2343 5630 _(6)
2496 5562 2735 5672 lquoque
2770 5547 2826 5603 in
2860 5549 3017 5602 textu
3050 5547 3224 5604 unice
3258 5554 3567 5623 profertur
3588 5498 3756 5861 ΗίθἾ

2265 5637 2271 5672 ι
2303 5635 2428 5691 epis
2456 5636 2490 5673 o
2518 5635 2569 5675 a.
