3810 6214
31 396 108 459 101
1056 394 1433 459 CANONUM
1477 394 1535 456 Pl

1851 397 2262 463 OLLECTIO.‘
3238 402 3355 466 462

82 532 177 587 105.
207 529 333 587 [tem
364 528 433 586 de
458 528 801 604 grandaevis.
1624 530 1681 599 Α
1710 529 1993 601 minibus,
2026 550 2062 589 a
2092 531 2217 590 suis
2247 531 2459 590 ofﬁciis
2492 537 2819 592 arceantur.

79 622 174 678 106.
201 621 319 685 Quae
364 620 423 675 in
474 618 722 692 singulis
765 618 958 676 clerici
1008 619 1289 694 gradibus
1334 624 1603 693 tempora
1778 621 1903 677 136.
1932 622 2012 679 De
2042 622 2134 680 bis
2166 624 2267 695 qui
2298 623 2507 681 viduas
2538 628 2639 679 aut
2685 623 2962 681 dimissas
2994 625 3235 695 ducunt,
3267 626 3358 684 vel

28 710 114 766 sint
137 710 457 783 prescripta.
1708 711 1880 768 malis
1912 711 2173 768 conciliis
2204 712 2367 768 mixti
2401 717 2561 769 sunt.

79 803 172 856 107.
197 801 264 856 De
281 799 635 855 ordinatione
656 797 997 855 clericorum
1025 798 1366 872 regulariter
1383 798 1597 855 facien-
1777 801 1902 857 137.
1937 802 2082 857 item
2115 802 2185 857 de
2210 802 2414 859 eadem
2448 820 2529 858 re.

29 890 79 944 da
92 889 287 962 quando
308 887 426 943 ulla
440 905 636 944 rerum
656 887 746 943 vel
768 892 1099 960 temporum
1119 892 1286 961 urget
1300 889 1592 961 angustia.
1778 889 1902 946 138.
1927 890 2000 946 Ut
2014 907 2081 945 ex
2098 890 2421 946 curialibus
2436 890 2683 948 clericus
2700 908 2817 947 non
2831 892 3363 965 ﬁat,proptervolu-

78 981 170 1033 108.
199 978 267 1033 De
294 976 530 1045 laicis,si
564 977 919 1050 aggregandi
941 977 1156 1033 fuerint
1183 976 1595 1034 ecclesiasticis
1706 983 1894 1052 ptates
1909 997 2057 1053 quas
2078 998 2112 1035 a
2133 979 2363 1036 diabolo
2388 980 2653 1037 inventas
2675 981 2948 1038 exhibere
2969 981 3359 1055 compellitur.

28 1067 201 1122 ofﬁciis.
1779 1069 1901 1125 139.
1935 1069 2097 1133 Quod
2123 1068 2341 1142 digami
2358 1070 2428 1124 ad
2447 1068 2667 1126 clerum
2691 1070 2924 1125 admitti
2946 1087 3060 1126 non
3088 1076 3356 1143 possunt.

75 1158 169 1213 109.
197 1156 259 1212 Ut
286 1173 352 1212 ne
380 1154 617 1212 illicitas
644 1154 1041 1212 ordinationes
1072 1155 1227 1211 ullus
1257 1160 1519 1228 usurpet.
1777 1160 1900 1214 140.
1933 1157 2039 1223 Qui
2071 1158 2141 1213 de
2170 1157 2335 1213 laicis
2364 1158 2594 1230 possint
2620 1157 2816 1214 clerici
2848 1158 2995 1215 ﬁeri.

80 1248 168 1301 110.
196 1246 265 1302 Ne
291 1262 473 1318 nuper
501 1244 781 1318 baptizati
811 1245 883 1300 ad
915 1262 1149 1302 sacrum
1180 1245 1443 1301 ordinem
1467 1262 1595 1318 pro—
1777 1248 1897 1303 141.
1932 1247 2013 1303 De
2038 1246 2130 1303 his
2161 1247 2261 1332 qui
2292 1246 2351 1301 in
2384 1263 2560 1319 parva
2589 1250 2757 1302 aetate
2786 1263 2981 1303 coram
3013 1249 3356 1320 parentibus

25 1339 309 1391 moveantur.
1702 1336 2006 1409 religionis
2036 1335 2303 1392 habitum
2336 1339 2669 1391 tenuerunt.

75 1425 166 1479 111.
189 1424 434 1481 Alienum
456 1423 735 1481 clericum
757 1423 958 1480 nullus
974 1423 1591 1497 praesumatordinare,
1776 1427 1896 1481 142.
1932 1425 2182 1492 Quinam
2216 1423 2410 1480 clerici
2444 1425 2694 1480 debeant
2720 1425 3067 1497 promoveri.

27 1514 105 1569 nisi
131 1531 240 1569 cum
266 1512 503 1569 scientia
534 1513 626 1569 sui
658 1512 937 1586 episcopi.
1776 1515 1898 1569 143.
1930 1512 2003 1571 Ut
2031 1513 2225 1570 clerici
2254 1513 2435 1569 invidi
2468 1530 2582 1568 non
2615 1519 3088 1587 promoveantur.

78 1605 167 1658 112.
193 1603 337 1667 Quod
368 1619 567 1675 supra.
1776 1604 1897 1658 141.
1932 1602 2093 1669 Quod
2141 1602 2212 1657 ab
2268 1600 2488 1657 illicitis
2539 1601 2616 1657 sit
2668 1602 3138 1660 ordinationibus
3169 1604 3355 1661 absti-

75 1693 165 1748 113.
192 1692 318 1749 Item
346 1692 502 1765 quod
536 1708 736 1765 supra.
1704 1693 1982 1749 nendum.

74 1783 165 1837 111.
193 1781 254 1837 Ut
280 1781 493 1855 digami
528 1797 647 1836 non
679 1778 1067 1836 admittuntur
1092 1781 1164 1836 ad
1187 1780 1430 1837 clerum.
1776 1782 1898 1837 145.
1932 1781 2005 1837 Ut
2033 1779 2233 1836 nullus
2275 1780 2683 1852 episcoporum
2735 1796 2968 1835 servum
3008 1780 3254 1838 alterius
3283 1783 3354 1838 ad

72 1868 165 1925 115.
187 1871 333 1938 Quod
355 1862 558 1944 Supra.
1106 1906 1109 1909 ν
1616 1908 1667 1973 Β
1704 1869 2010 1926 clericatus
2041 1870 2303 1925 ofﬁcium
2336 1884 2675 1941 promovere
2705 1873 3042 1941 praesumat.

72 1960 161 2015 116.
188 1960 311 2016 Item
335 1960 488 2032 quod
522 1976 726 2033 supra.
1617 1958 1667 1973 υ
1774 1960 1897 2015 146.
1931 1958 2005 2015 Ut
2035 1958 2396 2031 quicumque
2416 1958 2489 2013 ad
2521 1958 2915 2014 sacerdotium
2933 1958 3023 2014 vel
3044 1959 3353 2017 viduarum

71 2048 161 2103 117.
184 2049 279 2115 Qui
305 2050 448 2105 duas
478 2048 652 2105 duxit
680 2064 888 2104 uxores
917 2049 1186 2121 quamvis
1225 2048 1409 2105 laicus
1459 2054 1592 2105 ante
1703 2048 1919 2114 mariti,
1952 2047 2041 2103 vel
2086 2048 2366 2104 habentes
2417 2062 2732 2102 numerosa
2777 2047 3073 2119 conjugia,
3104 2050 3354 2121 promoti

21 2135 325 2208 baptismum,
356 2138 425 2193 ad
459 2137 688 2193 clerum
720 2154 835 2192 non
866 2142 1294 2209 promoveatur.
1701 2137 2016 2204 fuerint,ab
2051 2136 2327 2192 omnibus
2359 2134 2770 2192 ecclesiasticis
2786 2135 2994 2191 ofﬁciis
3025 2143 3350 2194 arceantur.

68 2226 161 2283 118.
188 2226 446 2283 Similiter
473 2226 582 2299 qui
612 2226 932 2282 secundam
961 2227 1129 2283 duxit
1158 2244 1418 2283 uxorem.
1775 2228 1895 2282 147.
1930 2226 2003 2282 Ut
2033 2225 2083 2281 si
2113 2224 2249 2298 quis
2279 2225 2646 2280 sacerdotum
2672 2228 2875 2280 contra
2898 2224 3020 2281 haec
3042 2226 3356 2283 interdicta

73 2316 161 2371 119.
187 2318 329 2383 Quod
360 2317 408 2373 si
438 2315 579 2389 quis
608 2315 969 2384 viduam,vel
999 2317 1267 2389 ejectum,
1287 2322 1389 2373 aut
1414 2334 1593 2373 mere-
1703 2317 1920 2383 fecerit,
1954 2332 1989 2371 a
2018 2331 2125 2371 suo
2156 2315 2233 2369 sit
2262 2314 2455 2369 ofﬁcio
2481 2314 2941 2370 submovendus.

23 2402 172 2461 tricem
195 2407 480 2479 acceperit,
507 2421 631 2460 non
664 2404 1012 2461 admittatur
1030 2407 1100 2461 ad
1133 2405 1376 2462 clerum.
1773 2407 1895 2460 148.
1932 2406 2001 2461 Ut
2030 2404 2088 2459 hi
2124 2402 2224 2475 qui
2258 2401 2435 2458 semel
2466 2402 2526 2457 in
2556 2401 2801 2459 ecclesia
2829 2401 3094 2477 legerint,
3121 2404 3193 2460 ab
3222 2403 3354 2462 aliis

72 2495 161 2548 120.
187 2495 615 2568 Designandum
645 2497 735 2549 est
766 2494 867 2566 qui
898 2493 1082 2551 laicus
1113 2496 1184 2551 ad
1236 2513 1467 2552 sacrum
1500 2514 1591 2552 or-
1703 2511 1818 2550 non
1849 2493 2078 2567 possint
2108 2490 2454 2565 promoveri.

21 2580 162 2637 dinem
188 2584 467 2656 pervenire
495 2583 731 2639 debeat.
1775 2584 1896 2639 149.
1930 2582 2004 2639 Ut
2032 2580 2232 2637 nullus
2263 2580 2521 2636 alienum
2574 2578 2850 2636 clericum
2906 2580 3224 2638 sollicitare
3266 2581 3353 2639 vel

69 2672 160 2726 121.
186 2677 255 2729 De
299 2671 678 2746 praesumptis
725 2671 952 2727 clericis
1002 2673 1101 2746 qui
1140 2690 1257 2729 non
1296 2674 1487 2730 solum
1518 2677 1590 2731 ad
1701 2677 1898 2729 tenere
1928 2674 2269 2745 praesumat,
2315 2686 2421 2725 suo
2454 2668 2727 2741 episcopo
2759 2686 2873 2725 non
2896 2670 3186 2742 praebente
3215 2688 3355 2728 con-

21 2756 283 2839 clericatum
308 2764 403 2819 sed
437 2762 621 2818 etiam
649 2762 722 2816 ad
755 2760 972 2817 infulas
1020 2763 1239 2818 summi
1285 2765 1593 2821 sacerdotii
1703 2778 1964 2818 sensum.

20 2842 202 2918 pmmoti
227 2857 373 2907 sunt.
1776 2851 1898 2906 150.
1933 2849 2005 2905 Ut
2036 2846 2315 2921 implicati
2344 2846 2594 2919 negotiis
2638 2845 2865 2914 alienis,
2899 2851 3032 2903 ante
3062 2848 3351 2907 redditam

66 2939 159 2993 122.
181 2940 326 3004 Quod
376 2941 435 2996 hi
486 2939 596 3013 qui
644 2955 762 2995 non
817 2943 1024 3010 sponte
1054 2941 1423 2998 eunuchizati
1456 2948 1596 2999 sunt
1703 2938 1986 2995 rationem
2015 2936 2210 2993 clerici
2241 2952 2356 2991 non
2390 2935 2754 2991 ordinentur.

19 3028 336 3100 suscipiantur
362 3030 434 3085 ad
466 3028 719 3085 clerum.
1777 3029 1898 3084 151.
1931 3025 2291 3099 Rebaptizati
2345 3025 2417 3080 ad
2465 3022 2693 3079 nullum
2744 3023 3054 3081 clericatus
3099 3026 3350 3099 gradum

66 3117 155 3171 123.
180 3118 250 3173 De
276 3120 473 3175 eadem
506 3134 596 3174 re.
1702 3116 2102 3191 promovendi.

64 3206 155 3261 121.
176 3206 237 3263 Ut
262 3207 309 3263 is
336 3208 436 3280 qui
469 3225 534 3263 se
571 3205 1000 3279 eunuchizavit,
1034 3206 1281 3265 clericus
1310 3226 1428 3265 non
1469 3210 1589 3267 ﬁat.
1631 3276 1660 3280 _
1775 3208 1896 3263 152.
1931 3205 2005 3261 Ut
2034 3204 2095 3260 hi
2144 3204 2243 3277 qui
2290 3218 2530 3276 peregre
2574 3202 2963 3276 baptizantur,
3002 3203 3076 3259 ad
3126 3203 3348 3262 clerum

64 3294 154 3348 125.
178 3297 325 3362 Quod
351 3276 423 3353 -εἰ
472 3296 616 3369 quis
666 3295 780 3351 sibi
827 3276 1053 3369 partem
1102 3297 1362 3370 corporis
1390 3298 1590 3357 volens
1619 3276 1662 3344 (ἶ
1701 3313 1817 3352 non
1846 3294 2101 3350 veniant.

19 3386 341 3454 Imputaverit,
355 3385 614 3443 clericus
643 3398 774 3440 esse
795 3401 911 3440 non
941 3386 1370 3458 potest,nolens
1391 3392 1589 3445 autem
1770 3385 1893 3440 153.
1929 3384 2010 3438 De
2040 3381 2389 3437 discretione
2409 3380 3096 3458 pmnitentium,quinam
3118 3382 3351 3454 possint

19 3472 169 3537 Ροίεεΐ-
1698 3474 1769 3530 ad
1802 3470 2226 3530 ecclesiasticos
2255 3468 2487 3525 ordines
2518 3467 2776 3540 provehi.

60 3560 152 3614 126.
179 3562 271 3627 Qui
301 3563 491 3620 clerici
522 3561 782 3617 debeant
801 3563 1151 3635 conjugibus
1179 3564 1408 3620 sociari.
1769 3563 1892 3618 154.
1933 3563 2006 3617 De
2036 3558 2383 3615 discretione
2412 3556 2948 3629 libertinorum,qui
2973 3557 3046 3613 ad
3077 3558 3350 3616 ecclesia-

62 3648 154 3702 127.
179 3651 249 3707 De
274 3652 363 3707 his
384 3652 487 3725 qui
508 3652 590 3708 ad
611 3650 1079 3723 presbyteratum
1101 3651 1189 3708 vel
1210 3653 1587 3711 diaconatum
1698 3652 1876 3709 sticos
1898 3648 2132 3705 ordines
2153 3645 2450 3719 pervenire
2473 3644 2812 3718 possint,vel
2837 3646 2935 3717 qui
2955 3663 3072 3702 non
3094 3647 3343 3720 possint.

19 3744 425 3807 pmmoventur,et
453 3744 600 3797 ante
629 3738 1058 3796 ordinationem
1088 3740 1200 3798 sibi
1223 3741 1438 3799 conscii
1462 3761 1589 3817 pec-
1771 3741 1893 3796 155.
1927 3737 2088 3804 Quod
2146 3753 2262 3791 non
2321 3738 2582 3807 oporteat
2624 3734 2890 3791 absolute
2937 3736 3015 3808 (7)
3055 3735 3351 3809 quoslibet

19 3826 205 3882 tutorum
230 3834 380 3885 sunt.
1698 3828 1977 3887 ordinari.

60 3910 146 3970 128.
176 3917 319 3983 Quod
338 3918 574 3975 clericis
604 3932 723 3971 non
752 3915 922 3972 liceat
948 3917 1352 3989 paenitentiam
1396 3938 1586 3994 agere,
1771 3918 1893 3973 156.
1928 3916 2008 3971 De
2038 3911 2287 3986 singulis
2332 3910 2611 3984 gradibus
2643 3911 2792 3967 sacri
2825 3910 3067 3983 ordinis,
3099 3911 3353 3985 qualiter

19 4001 49 4050 ά
68 4005 184 4070 quod
208 4012 328 4078 post
351 4005 767 4080 penitentiam
798 4005 996 4061 nullus
1027 4007 1215 4078 possit
1245 4009 1314 4064 ad
1351 4008 1587 4067 clerica-
1698 4006 2070 4071 ordinentur;
2104 4001 2163 4057 in
2196 4000 2403 4073 primis
2432 3999 2502 4056 de
2532 3999 2859 4072 psalmista.

19 4084 96 4142 iam
121 4093 340 4151 admitti.
1770 4096 1891 4151 157.
1927 4091 2186 4159 Qualiter
2213 4088 2492 4146 ostiarius
2523 4088 2846 4145 ordinetur.

60 4178 151 4234 129.
178 4183 243 4238 Ut
267 4184 311 4239 si
332 4202 436 4257 per
459 4182 864 4256 arrogantiam
889 4183 1587 4259 pmnitens,‘digamus,vel
1771 4184 1893 4239 158.
1924 4180 2183 4247 Qualiter
2213 4177 2390 4233 lector
2420 4177 2743 4232 ordinetur.

19 4261 144 4323 Vidua:
168 4273 414 4342 maritus,
450 4271 710 4330 clericus
748 4271 939 4328 factus
968 4273 1162 4343 fuerit,
1188 4292 1303 4331 non
1350 4294 1588 4349 promo-
1772 4272 1893 4327 159.
1926 4268 2183 4334 Qualiter
2211 4264 2498 4322 exorcista
2528 4264 2849 4321 ordinetur.

19 4358 169 4411 natur.
1238 4382 1247 4389 ι

1844 4361 1893 4415 0.
1927 4358 2007 4414 De
2026 4354 2332 4413 exorcistis
2362 4352 2462 4424 qui
2485 4369 2602 4408 non
2626 4356 2767 4409 sunt
2788 4353 2860 4409 ab
2885 4352 3177 4425 episcopis
3193 4354 3348 4409 ordi-

60 4442 149 4498 130.
175 4449 320 4513 Quod
351 4450 621 4506 secunda
652 4448 926 4522 conjugia
955 4449 1335 4509 saecularibus
1357 4471 1471 4510 non
1495 4472 1589 4512 ne-
1699 4449 1845 4507 nati.

19 4536 178 4605 Eatur,
206 4539 410 4609 quibus
434 4543 643 4595 tamen
678 4541 812 4610 post
839 4537 947 4594 hoc
978 4538 1198 4594 factum
1247 4543 1318 4598 ad
1351 4542 1587 4601 clerica-
1774 4539 1895 4595 161.
1929 4533 2190 4602 Qualiter
2221 4530 2525 4603 acolythus
2547 4530 2866 4586 ordinetur.

19 4618 96 4672 tum
122 4623 332 4682 minime
360 4626 644 4683 convenit
665 4626 943 4698 aspirare.
1629 4643 1678 4706 Β
1779 4629 1902 4683 162.
1932 4622 2188 4691 Qualiter
2214 4619 2610 4676 subdiaconus
2640 4620 2764 4674 ﬁat.

59 4708 147 4763 131.
174 4712 243 4770 De
268 4714 713 4773 conversatione
740 4712 1106 4784 clericorum,
1141 4722 1204 4773 ut
1236 4718 1294 4773 in
1325 4738 1440 4779 uno
1462 4738 1593 4778 con-
1776 4717 1897 4771 163.
1927 4712 1987 4767 Si
2020 4711 2199 4766 lector
2228 4708 2499 4782 bigamus
2530 4707 2737 4775 sit,aut
2762 4708 2999 4763 viduam
3026 4707 3219 4777 ducat,
3235 4724 3352 4765 non

19 4788 109 4849 :lm'
136 4799 252 4857 sint.
1703 4804 1959 4878 amplius
1991 4816 2168 4874 quam
2200 4798 2596 4855 subdiaconus
2626 4798 2747 4852 ﬁat.

56 4883 146 4941 132.
175 4890 244 4947 De
298 4893 671 4951 ordinatione
730 4892 1135 4950 ministrorum
1195 4900 1589 4971 sacerdotum,
1777 4895 1899 4950 164.
1933 4890 2095 4956 Quod
2129 4885 2471 4944 subdiaconi
2502 4904 2535 4942 a
2565 4885 2828 4942 diaconis
2857 4884 2978 4943 sint
3000 4884 3227 4942 remoti.

19 4978 182 5038 [nando
202 4981 312 5037 ﬁat.
1773 4985 1898 5039 165.
1933 4979 2097 5048 Quod
2155 4975 2537 5034 subdiaconis
2584 4992 2720 5031 cum
2773 4975 3030 5032 ostiariis
3078 4974 3357 5032 assistere

56 5062 148 5119 133.
174 5068 643 5146 Presbyterorum
673 5075 731 5127 et
768 5071 1149 5130 diaconorum
1198 5077 1594 5136 ordinationes
1704 5090 1817 5128 non
1850 5070 2004 5125 licet-

19 5151 133 5208 tertis
158 5157 511 5216 celebrentur
541 5159 931 5233 temporibus.
1777 5160 1898 5215 166.
1933 5157 2013 5213 De
2034 5154 2294 5210 diaconis
2312 5153 2409 5225 qui
2432 5157 2691 5226 tempore
2711 5152 3102 5209 ordinationis
3122 5151 3360 5224 nuptias

54 5236 150 5297 134.
180 5245 245 5303 Ut
265 5266 432 5307 nemo
454 5250 794 5306 litterarum
813 5250 1192 5319 nesciens,vel
1216 5253 1412 5325 aliqua
1430 5258 1593 5327 parte
1704 5246 1959 5306 attestati
1986 5248 2145 5299 sunt.

19 5332 208 5397 τονροτὶδ
235 5336 585 5394 imminutus
617 5342 1032 5411 promoveatur
1055 5340 1127 5394 ad
1161 5339 1403 5398 clerum.
1434 5325 1448 5327 _
1777 5339 1899 5393 167.
1934 5334 2005 5389 Ut
2030 5332 2214 5387 levita:
2238 5334 2294 5386 et
2322 5330 2579 5403 virgines
2611 5336 2745 5388 ante
2775 5349 2887 5387 xxv
2922 5347 3143 5388 annum
3174 5325 3360 5383 aetatis

56 5415 151 5473 135.
178 5423 326 5489 Quod
356 5425 554 5483 clerici
585 5425 886 5484 criminosi
920 5433 1214 5499 nequeant
1234 5432 1591 5502 promoveri;
1703 5444 1818 5483 non
1847 5424 2282 5481 consecrantur.

19 5502 45 5554 11
66 5502 113 5559 in
135 5508 269 5568 clero
298 5516 554 5586 positi,si
585 5514 646 5571 in
678 5514 978 5589 aliquibus
1009 5517 1225 5574 fuerint
1244 5519 1464 5579 inventi
1489 5522 1596 5578 eri—
1777 5517 1898 5572 168.
1934 5510 2191 5579 Qualiter
2220 5508 2506 5565 diaconus
2536 5508 2857 5565 ordinetur“

56 5683 115 5748 (7)
141 5685 338 5763 Nempe
367 5694 497 5751 sine
525 5693 701 5751 titulo
751 5693 992 5768 speciali
1042 5712 1146 5752 seu
1197 5700 1595 5773 assignatione
1623 5697 1694 5754 ad
1725 5697 1948 5751 certum
1982 5687 2397 5745 ministerium.

2960 5470 3714 6100 ί
