3810 6214
396 382 515 445 403

1236 381 1571 446 ΑΡΡΕΝΒ.
1619 384 1722 444 AD
1767 383 1958 445 SIEC.
2003 385 2031 444 Ἄ

2223 384 2482 446 OPERA
2528 400 2925 449 ΑΔΕΣΠΟΤΙΚΑ.
3664 381 3752 443 404

467 520 587 575 169.
617 517 675 576 Si
700 517 799 590 qui
822 516 1014 573 clerici
1039 516 1109 572 ab
1132 516 1420 588 episcopis
1443 517 1532 571 sui
1559 517 1883 589 promoveri
1900 535 2033 574 con-
2062 523 2116 586 Α
2221 521 2304 573 12.
2338 519 2498 585 Quod
2519 515 3005 573 excommunicati
3027 516 3096 572 ad
3118 514 3552 572 accusatiOnem
3567 517 3750 573 admitti

392 608 761 682 tempserint,
786 624 892 663 nec
923 606 1042 662 illic
1075 611 1349 662 maneant
1377 607 1529 661 unde
1561 607 1826 662 recedere
1849 606 2042 662 nolue-

393 704 551 755 runt.

467 791 588 844 170.
626 793 700 843 De
731 804 974 843 numero
1007 791 1160 842 certo
1188 787 1584 841 diaconorum.

466 879 531 934 47
546 879 558 933 t
578 921 590 933 .
615 880 736 944 Quo
749 881 1010 949 tempore
1023 876 1428 948 presbyterum
1443 874 1747 930 conveniat
1759 873 2034 930 ordinari.

466 970 586 1023 172.
621 964 881 1032 Qualiter
911 966 1210 1037 presbyter
1239 963 1560 1020 ordinetur.

465 1058 586 1112 173.
618 1061 696 1110 De
720 1055 811 1109 his
843 1053 943 1126 qui
976 1054 1033 1108 in
1065 1054 1408 1125 mgritudine
1429 1058 1567 1108 sunt
1599 1052 1892 1124 baptizati.

464 1147 586 1200 174.
621 1144 927 1215 Presbyter
958 1143 1267 1198 diaconum
1322 1147 1424 1197 aut
1471 1143 1876 1214 presbyterum
1923 1157 2035 1196 non

387 1233 701 1290 ordinabit.

461 1325 581 1378 175.
616 1323 696 1378 De
727 1322 820 1378 his
853 1321 954 1394 qui
987 1323 1056 1376 ad
1097 1321 1377 1378 honorem
1401 1321 1719 1392 presbyteri
1752 1319 1878 1376 sine
1910 1337 2036 1374 exa-

387 1410 544 1467 mine
577 1411 831 1483 provccti
862 1416 1020 1466 sunt.

458 1503 580 1556 176.
598 1501 759 1566 Quod
773 1499 1241 1556 subdiaconusin
1255 1499 1525 1570 conjugio
1539 1515 1665 1554 esse
1681 1514 1793 1553 non
1808 1498 2034 1553 debeat.

459 1591 584 1644 177.
615 1590 695 1644 De
724 1589 924 1644 inclita
955 1589 1340 1644 ordinatione.

462 1680 584 1733 178.
619 1679 699 1735 De
725 1677 1121 1733 mercantibus
1153 1677 1544 1733 sacerdotium
1571 1682 1625 1731 et
1648 1676 2034 1732 vendentibus

389 1769 612 1824 donum
645 1768 765 1823 Dei.

458 1857 584 1912 479.
618 1857 779 1921 Quod
809 1855 1078 1928 bigamus
1110 1873 1222 1910 non
1256 1857 1332 1910 sit
1364 1856 1748 1911 ordinandus.

463 1947 584 2001 180.
619 1945 861 2017 Utpueri
878 1947 947 2000 ad
963 1962 1193 2000 sacrum
1210 1945 1472 2000 ordinem
1493 1962 1606 1999 non
1627 1945 2032 2000 admittantur.

461 2037 580 2090 181.
615 2035 794 2106 Cujus
825 2034 1010 2089 atatis
1043 2051 1170 2089 esse
1201 2035 1449 2088 debeant
1494 2033 1591 2105 qui
1622 2039 2037 2105 promoventur

387 2124 447 2179 in
479 2141 711 2180 sacrum
743 2123 1026 2178 ordinem.

455 2213 578 2268 482.
613 2213 775 2278 Quod
806 2212 1021 2284 bigami
1057 2212 1127 2266 ad
1163 2229 1395 2267 sacrum
1429 2212 1691 2266 ordinem
1743 2229 1855 2267 non
1899 2217 2037 2267 sunt

387 2299 742 2372 apphcandL

460 2361 582 2445 183.
615 2389 730 2444 Cur
761 2390 1099 2460 praeceperit
1144 2361 1455 2461 Apostolus
1503 2390 1680 2444 unius
1733 2389 1928 2444 uxoris
1959 2388 2036 2444 vi-

391 2496 524 2532 rum
557 2494 733 2532 sacrae
767 2477 1045 2548 applicari
1079 2476 1320 2533 militiae.

463 2569 586 2622 184.
621 2566 693 2622 Ut
743 2565 1137 2620 ordinationes
1188 2567 1659 2637 presbyterorum
1691 2569 1863 2623 certis
1897 2570 2039 2624 fiant

393 2654 780 2727 temporibus.

465 2746 585 2800 185.
619 2743 880 2812 Qualiter
909 2745 1113 2799 debeat
1142 2761 1270 2799 esse
1302 2744 1399 2816 qui
1433 2745 1676 2802 clericus
1704 2748 1785 2800 fit.

468 2836 589 2888 186.
625 2834 850 2888 Rursus
873 2832 1072 2904 quales
1096 2832 1362 2888 homines
1383 2833 1575 2888 clerici
1623 2834 1744 2890 fieri
1771 2837 2035 2892 debeant.

468 2924 590 2978 187.
624 2921 804 2991 Cujus
835 2922 1022 2976 aetatis
1053 2921 1244 2977 clerici
1277 2923 1399 2978 ﬁeri
1433 2924 1698 2978 debeant.

469 3013 589 3066 188.
624 3012 822 3082 Neque
852 3009 1087 3065 curialis
1112 3027 1298 3082 neque
1330 3016 1558 3067 taxeota
1600 3013 1670 3068 ad
1703 3013 2038 3070 clericatum

394 3099 765 3155 admittendi.

470 3189 592 3243 189.
627 3189 858 3243 Statuta
880 3187 1340 3244 sanctiSilvestri
1363 3190 1432 3244 de
1454 3190 1656 3244 ordine
1673 3190 2037 3248 clericorum.

2150 624 2265 663 non
2297 609 2564 664 debeant.

2223 699 2307 752 13.
2343 699 2505 763 Quod
2537 697 2686 752 servi
2717 702 2773 753 et
2805 696 2993 752 liberti
3027 712 3352 767 omnesque
3385 695 3622 751 infames
3664 714 3759 769 per-

2149 801 2303 841 sonae
2331 804 2447 842 non
2480 788 2730 842 debeant
2760 796 3054 841 accusare.

2221 877 2307 930 14.
2344 877 2415 931 Ut
2445 876 2544 947 qui
2577 893 2758 930 unum
2783 875 3002 930 crimen
3028 891 3141 929 non
3176 873 3531 946 probaverit,
3561 875 3624 928 ad
3645 875 3756 930 alte-

2149 980 2279 1018 rum
2311 965 2540 1019 admitti
2573 981 2685 1019 non
2711 964 2932 1019 debeat.

2222 1055 2303 1107 15.
2339 1053 2446 1118 Qui
2477 1054 2547 1108 ad
2578 1052 2981 1108 testimonium
3009 1050 3358 1106 admittendi
3393 1068 3507 1106 non
3533 1051 3652 1107 sint.

2222 1145 2305 1198 16.
2337 1143 2416 1197 De
2446 1143 2539 1197 his
2571 1142 2670 1214 qui
2702 1142 2760 1196 in
2794 1141 3227 1197 accusationem
3261 1140 3505 1212 majoris
3536 1147 3656 1196 natu
3685 1159 3756 1195 ve-

2148 1231 2336 1285 niunt.
2532 1242 2535 1243 '

2221 1322 2304 1375 17.
2339 1319 2397 1375 Si
2430 1319 2738 1392 episcopus
2767 1319 2990 1391 absque
3019 1323 3282 1390 tempore
3329 1319 3538 1390 synodi
3583 1319 3633 1374 in
3670 1322 3757 1374 cri-

2148 1407 2304 1463 mine
2320 1410 2590 1464 detcntus
2609 1409 2842 1474 fuerit,a
2859 1407 3482 1479 duodecim‘episcopis
3501 1408 3755 1462 audiatur.

2218 1498 2303 1553 48.
2339 1499 2416 1554 De
2448 1497 2805 1570 presbyteris
2833 1497 2919 1552 vel
2951 1495 3179 1552 clericis
3211 1497 3528 1552 accusatis.

2222 1587 2305 1641 19.
2343 1593 2415 1642 De
2447 1592 2719 1643 accusato
2748 1586 2834 1642 vel
2868 1590 3224 1641 accusatore.

2213 1680 2301 1731 20.
2338 1677 2407 1732 Ut
2429 1681 2762 1732 causatores
2776 1677 2846 1730 de
2869 1675 3093 1731 levibus
3114 1675 3312 1730 causis
3331 1692 3451 1730 non
3467 1676 3756 1730 audiantur.

2213 1769 2300 1820 21.
2338 1767 2416 1821 De
2447 1765 2889 1821 accusatoribus
2923 1765 3190 1818 fratrum.

2213 1860 2300 1910 22.
2333 1857 2412 1910 Ne
2445 1855 2569 1910 sine
2612 1860 2949 1910 accusatore
2999 1852 3260 1926 legitimo
3313 1853 3605 1925 quispiam
3649 1870 3757 1908 con-

2149 1945 2278 1999 dem
2289 1950 2516 2015 pnetur.

2213 2036 2303 2086 23.
2334 2036 2715 2088 Accusatores
2745 2033 2991 2088 fratrum
3027 2032 3098 2086 ad
3131 2031 3606 2088 communionem
3652 2032 3758 2086 reci-

2146 2122 2381 2193 piantur
2411 2140 2524 2177 non
2559 2123 2629 2177 ad
2664 2122 2904 2177 clerum.

2215 2213 2302 2265 2-4.
2329 2211 2408 2265 De
2419 2211 2826 2283 episcoporum
2849 2214 2952 2266 aut
2965 2209 3312 2264 clericorum
3337 2210 3758 2265 accusatoribus.

2213 2301 2302 2354 25.
2339 2301 2416 2355 De
2452 2300 2616 2355 falsis
2649 2300 2920 2355 testibus.

2215 2391 2303 2442 26.
2340 2390 2501 2455 Quod
2527 2390 2642 2445 duo
2669 2393 2809 2444 sunt
2839 2388 3120 2444 falsorum
3147 2388 3393 2442 testium
3425 2405 3647 2460 genera.

2215 2481 2303 2532 27.
2339 2479 2417 2533 De
2447 2477 2942 2550 vituperatoribus
2974 2476 3060 2531 vel
3087 2477 3532 2532 accusatoribus
3573 2477 3767 2532 clericrr

2148 2584 2300 2622 rum.

2216 2656 2302 2710 28.
2340 2657 2420 2711 De
2451 2655 2972 2712 excommunicatis
3023 2655 3178 2726 apud
3229 2653 3455 2708 vicinos
3503 2655 3764 2726 episcOpes

2147 2745 2476 2802 audiendis.

2216 2835 2304 2888 29.
2339 2835 2501 2900 Quod
2535 2852 2647 2890 non
2681 2837 2944 2906 oporteat
2988 2831 3227 2887 clericos
3277 2831 3559 2886 habentes
3598 2831 3770 2884 adver-

2147 2939 2280 2977 sum
2305 2923 2551 2979 invicem
2581 2923 2899 2995 negotium,
2934 2920 3236 2992 proprium
3267 2919 3606 2992 episcopum
3629 2918 3772 2974 relin-

2149 3027 2326 3082 quere
2358 3017 2415 3068 et
2445 3013 2516 3068 ad
2551 3012 2852 3067 seenlaria
2875 3010 3101 3080 judicia
3130 3008 3462 3064 convolare.

2217 3102 2305 3154 30.
2340 3101 2500 3164 Quod
2531 3101 2788 3156 cilicium
2819 3099 3132 3171 pristinum
3157 3097 3462 3168 dampnati
3487 3114 3587 3168 pro
3610 3095 3773 3151 crimi-

2150 3190 2323 3244 nibus
2357 3206 2639 3262 usurpare
2671 3206 2784 3244 non
2809 3189 3076 3244 debeant.

469 3276 589 3330 190.
620 3277 778 3342 Quod
813 3277 991 3332 semel
1023 3277 1349 3341 ordinatus,
1386 3278 1597 3332 iterum
1628 3279 1883 3335 ordinari
1925 3299 2040 3337 non
2073 3257 2114 3323 (ἶ
2221 3280 2310 3334 31.
2345 3279 2425 3333 De
2456 3278 2924 3350 praevaricatione
2955 3276 3601 3332 excommunicationis.

392 3365 619 3420 debeat

466 3454 586 3508 194.
621 3454 780 3517 Quod
814 3455 1022 3526 deponi
1059 3455 1264 3510 debeat
1295 3455 1394 3526 qui
1428 3456 1619 3512 denuo
1669 3473 1879 3513 manus
1929 3458 2038 3514 im-

390 3541 741 3614 positionem
773 3544 1034 3615 recipiat.

460 3631 584 3686 492.
621 3632 698 3686 De
730 3649 892 3687 servo
924 3631 1189 3687 ordinato
1220 3633 1277 3688 in
1311 3633 1483 3689 clero.

619 3719 867 3792 Explicit
896 3721 966 3775 de
995 3720 1359 3776 ordinatione
1391 3723 1755 3778 clericorum.

659 3861 971 3917 INCIPIT
1027 3862 1275 3918 LIBER
1333 3863 1771 3920 SECUNDUS

745 3974 811 4013 DE
841 3974 1259 4014 CELERRATIONE
1286 3966 1670 4029 communem.

459 4058 512 4126 4.
547 4071 620 4125 Ut
648 4070 738 4127 bis
764 4073 821 4126 in
854 4090 1006 4128 anno
1037 4073 1281 4129 concilia
1310 4075 1693 4131 celebrentur.

2219 3369 2373 3424 32.Si
2398 3369 2532 3440 quis
2549 3366 3087 3422 excommunicatus
3109 3369 3244 3420 ante
3264 3366 3627 3420 audientiam
3643 3379 3772 3419 com-

2150 3458 2451 3513 municare
2482 3455 2938 3528 praesumpserit,
2972 3454 3097 3526 ipse
3128 3454 3188 3508 in
3216 3469 3278 3509 se
3317 3453 3769 3527 dampnationem

2149 3547 2408 3619 protulit.

2216 3637 2305 3692 33.
2342 3638 2418 3691 De
2449 3636 2674 3691 clericis
2703 3634 3061 3706 dampnatis.

2215 3727 2303 3780 34.
2341 3725 2420 3780 De
2455 3723 2790 3796 dampnatis
2823 3727 2879 3778 et
2911 3721 3245 3776 ministrare
3275 3720 3713 3792 temptantibus.

2213 3817 2304 3870 35.
2338 3814 2496 3876 Quod
2531 3830 2664 3867 eum
2695 3808 3213 3867 excommunicatis
3246 3825 3365 3864 non
3388 3809 3469 3864 sit
3489 3808 3770 3864 orandum.

2212 3905 2302 3958 36.
2341 3904 2414 3958 De
2445 3901 2671 3958 clericis
2721 3900 2822 3972 qui
2872 3900 3025 3954 intra
3067 3914 3291 3953 annum
3342 3914 3590 3953 causam
3628 3910 3773 3969 agere

2143 4009 2257 4048 non
2283 3995 2616 4065 procurant.

2211 4084 2298 4136 37.
2333 4081 2405 4135 Ut
2434 4080 2625 4135 clerici
2659 4080 2784 4134 sine
2819 4077 3110 4150 pontificis
3133 4077 3225 4132 sui
3259 4077 3448 4132 misso
3471 4074 3694 4130 nullum
3713 4071 3768 4126 ad

457 4162 509 4212 2.
543 4158 763 4224 Quibus
783 4161 1145 4233 temporibus
1176 4163 1380 4234 synodi
1413 4165 1484 4219 ab
1505 4164 1758 4237 episcopi
1783 4168 2032 4225 debeant
2140 4169 2416 4225 smculare
2439 4168 2729 4239 judicium
2761 4170 3116 4238 praesumant
3145 4165 3466 4220 attrahere.

381 4247 442 4304 in
475 4249 771 4320 provincia
799 4249 1095 4305 celebrari.

451 4339 505 4393 3.
541 4337 613 4393 Ut
641 4339 896 4411 episcopi
927 4340 998 4394 ad
1025 4341 1312 4412 synodum
1336 4342 1812 4414 impraztermisse
1833 4363 2028 4402 occur-

379 4431 532 4484 rant.

451 4519 502 4572 4.
539 4517 618 4573 De
643 4517 934 4590 episcopis
967 4519 1064 4590 qui
1100 4520 1170 4574 ad
1203 4519 1512 4575 concilium
1543 4538 1658 4577 non
1691 4531 2022 4580 occurrunt.

2208 4261 2296 4314 38.
2332 4258 2410 4312 De
2439 4257 2665 4312 clericis
2695 4253 3214 4311 excommunicatis
3237 4258 3296 4308 et
3317 4252 3509 4309 laicis.

2209 4347 2295 4402 39.
2333 4347 2410 4401 De
2442 4345 2731 4417 episcopis
2761 4345 2833 4398 ab
2865 4345 3128 4413 ejusdem
3164 4341 3480 4413 provinciae
3527 4341 3769 4398 sacerdo-

2139 4437 2298 4490 tibus
2327 4438 2713 4489 consonanter
2743 4431 3017 4487 exclusis.

2208 4525 2295 4578 40.
2329 4524 2406 4578 De
2437 4520 2774 4593 provinciali
2807 4521 3026 4592 synodo
3059 4519 3451 4575 retractanda.

447 4607 499 4660 5.
537 4605 608 4659 Ut
638 4607 948 4679 episc0pus
979 4607 1339 4664 dimcesanos
1369 4609 1737 4682 presbyteros
1767 4616 1824 4666 et
1853 4630 2026 4684 quos-
2059 4623 2102 4686 Ι)
2206 4614 2292 4667 41.
2326 4611 2404 4665 De
2435 4609 2722 4682 episcopis
2753 4613 2808 4665 et
2838 4607 3060 4664 clericis
3090 4607 3452 4663 adeuntibus
3487 4607 3771 4679 imperato-

376 4693 512 4747 dam
546 4709 614 4746 ex
643 4694 808 4750 laicis
839 4696 1188 4750 conveniant
1217 4695 1428 4752 litteris
1459 4699 1555 4766 (8).

443 4780 499 4834 6.
532 4777 606 4836 Ut
633 4783 1061 4856 metropolitani
1081 4783 1320 4839 arbitrio
1340 4787 1598 4857 synodus
1616 4794 2018 4862 congregetur.

442 4870 497 4921 7.
533 4867 588 4921 Si
621 4870 752 4940 quis
782 4871 1091 4943 episcopus
1130 4890 1164 4927 a
1196 4873 1640 4944 metropolitano
1685 4877 2021 4935 admonitus

2131 4718 2254 4757 rem
2265 4743 2276 4754 .

2203 4791 2292 4844 42.
2325 4789 2404 4843 De
2435 4788 2527 4842 his
2557 4787 2656 4858 qui
2689 4787 2758 4841 ad
2788 4787 3129 4843 comitatum
3162 4786 3246 4840 ire
3275 4783 3599 4840 voluerint.

2201 4879 2289 4933 43.
2319 4876 2558 4943 Quando
2589 4880 2645 4930 et
2676 4875 2735 4930 in
2769 4875 2985 4947 quibus
3015 4873 3210 4930 causis
3233 4873 3499 4946 episcopi
3526 4874 3600 4929 ad
3623 4867 3772 4928 comi-

371 4955 443 5011 ad
475 4957 765 5028 synodum
793 4959 882 5015 vel
914 4960 1340 5018 ordinationem
1390 4962 1778 5034 episcopalem
1825 4969 2020 5024 venire
2127 4971 2318 5022 tatum
2349 4965 2433 5020 ire
2465 4965 2728 5020 debeant.

371 5042 685 5098 distulerit.

443 5133 496 5186 8.
526 5131 888 5189 Dissidentes
926 5137 1229 5208 episcopos
1261 5139 1308 5193 si
1344 5156 1458 5194 non
1491 5139 1666 5196 timor
1697 5142 1816 5210 Dei,
1853 5161 2018 5216 syno-

371 5220 482 5276 dus
515 5220 869 5276 reconciliet.

439 5309 492 5362 9.
530 5308 610 5362 De
641 5309 1040 5378 conjuratione
1073 5312 1160 5367 vel
1192 5316 1637 5387 conspiratione.

444 5399 529 5452 10.
566 5397 645 5452 De
677 5395 1054 5454 delatoribus.

439 5486 527 5542 44.
563 5486 641 5541 De
672 5487 963 5542 accusatis
993 5493 1048 5543 et
1077 5493 1536 5549 accusatoribus.

437 5664 512 5731 (8')
540 5663 657 5717 Hoc
691 5661 946 5718 sumitur
974 5682 1040 5720 ex
1072 5663 1317 5720 concilio
1348 5669 1771 5728 Terracinensi.

2199 5056 2286 5110 44.
2323 5055 2401 5109 De
2432 5052 2696 5108 diaconis
2726 5053 2797 5106 ad
2821 5053 3168 5108 comitatum
3203 5050 3562 5123 dirigendis.

2196 5145 2285 5198 45.
2319 5142 2478 5205 Quod
2515 5141 2585 5196 ad
2619 5141 2962 5196 comitatum
2995 5158 3030 5196 a
3076 5139 3316 5212 pupillis
3365 5143 3429 5195 et
3479 5138 3678 5195 viduis
3719 5150 3770 5187 ac

2127 5231 2531 5287 necessitatem
2566 5229 2922 5301 patientibus
2943 5228 3019 5284 sit
3051 5229 3333 5283 eundum.

2197 5323 2284 5376 46.
2320 5320 2400 5375 De
2425 5317 2647 5373 ultione
2680 5318 2947 5388 nequiter
2967 5317 3392 5388 judicantium.

2196 5411 2282 5464 47.
2312 5407 2474 5472 Quod
2507 5423 2622 5462 non
2654 5406 2864 5477 poterit
2894 5405 3226 5477 episcopus,
3262 5403 3548 5471 clericus,
3582 5409 3639 5459 et
3668 5417 3768 5455 mo-

2123 5498 2368 5563 nachus,
2397 5496 2611 5568 praedia
2641 5494 2831 5550 aliena
2860 5495 3200 5550 conducere.
