3810 6214
70 373 160 436 405
1103 373 1490 436 CANONUM
1533 374 1574 434 P

1905 375 2307 440 OLLECTIO.
3287 379 3408 442 406

125 512 192 566 48.
220 507 287 564 De
315 505 399 562 his
423 505 515 578 qui
547 505 827 579 ignorant
857 507 998 579 quid
1048 506 1122 562 sit
1153 509 1211 562 in
1257 508 1476 580 synodo
1507 510 1733 574 con-'A
1833 512 1920 564 84.
1953 511 2034 567 De
2065 511 2318 583 primatu
2350 511 2777 584 episcoporum.

72 597 304 654 stitutum.
561 664 569 672 η
1834 601 1918 654 85.
1955 601 2025 655 Ut
2055 618 2255 656 curam
2277 618 2473 656 rerum
2496 601 3018 658 ecclesiasticarum
3040 608 3266 660 tantum
3289 603 3410 678 epi-

125 687 191 742 49.
221 686 361 751 Quod
391 685 698 757 episcopus
719 684 804 741 vel
827 686 1127 759 presbyter
1158 687 1216 741 in
1237 686 1461 757 judicio
1485 687 1651 742 advo-
1761 705 1973 762 scopus
2005 690 2235 746 habeat.

71 781 222 831 catum
249 774 441 830 habere
470 774 661 830 debet.
1831 781 1918 834 86.
1955 780 2115 845 Quod
2165 781 2420 852 pontifex
2469 797 2663 836 rerum
2713 797 2957 836 suarum
3009 781 3221 837 habeat
3251 786 3412 854 pote-

119 866 189 919 50.
218 864 286 920 De
315 880 374 918 eo
404 863 498 935 qui
531 864 876 919 advocatum
910 865 1123 921 habere
1153 865 1396 920 minime
1426 864 1596 920 valet.
1760 872 1994 924 statem.

117 954 187 1009 51.
214 952 276 1009 Ut
301 952 490 1008 nullus
529 953 838 1025 episcopus
869 953 956 1009 vel
989 954 1140 1010 infra
1171 955 1396 1027 positus
1424 955 1517 1010 die
1543 955 1650 1010 Do-
1829 959 1918 1012 87.
1953 959 2032 1014 De
2065 976 2124 1014 re
2155 958 2432 1030 episcopi,
2467 976 2643 1031 quam
2676 963 2809 1015 ante
2858 960 3230 1032 episcopatus
3274 976 3414 1033 gra-

70 1042 234 1097 minico
257 1059 476 1097 causam
511 1041 716 1096 audire
745 1048 1083 1114 praesumat.
1759 1046 1902 1102 dum
1936 1047 2223 1102 habuerit.

116 1133 185 1186 52.
214 1131 274 1186 Ut
301 1130 486 1186 nullus
519 1131 831 1203 episcopus
862 1148 966 1203 pro
1003 1132 1248 1203 judiciis
1279 1148 1524 1188 munera
1553 1149 1654 1188 ac-.
1829 1138 1917 1191 88.
1953 1137 2032 1192 De
2065 1138 2238 1192 rebus
2271 1138 2338 1192 ad
2366 1137 2670 1194 ecclesiam
2695 1137 3207 1209 pertinentibus,et
3223 1139 3294 1194 de
3316 1137 3409 1194 his

68 1221 214 1290 cipiat.
1151 1209 1164 1218 ”
1759 1242 1886 1296 quae
1919 1226 2155 1297 propria
2185 1226 2439 1298 episcopi
2474 1244 2601 1282 esse
2632 1231 2974 1282 noscuntur.

116 1310 184 1365 53.
214 1309 273 1364 Ut
300 1309 603 1381 episcopus
635 1308 856 1364 nullius
899 1327 1138 1365 causam
1189 1310 1389 1365 audiat
1426 1311 1647 1382 absque
1827 1314 1914 1368 89.
1945 1315 2105 1380 Quod
2119 1313 2427 1387 episcopus
2443 1315 2968 1371 ecclesiasticarum
2993 1331 3188 1371 rerum
3207 1315 3408 1371 obdis-

69 1398 313 1468 presentia
342 1397 680 1454 clericorum
711 1415 976 1454 suorum.
1757 1403 2157 1473 pensationem
2188 1404 2246 1459 in
2280 1421 2562 1476 pauperes
2594 1404 2806 1460 habeat
2836 1408 3201 1476 potestatem.
3272 1437 3284 1447 ς

116 1487 185 1541 54.
214 1486 274 1541 Ut
298 1486 486 1542 nullus
520 1487 778 1542 accusati
809 1488 1008 1543 sedem
1042 1492 1286 1560 usurpet
1316 1487 1594 1559 episcopi.
1825 1493 1913 1545 90.
1948 1493 2108 1557 Quod
2150 1491 2207 1546 in
2258 1509 2611 1564 unaquaque
2659 1493 2905 1548 ecclesia
2947 1493 3040 1548 cui
3092 1492 3403 1565 episcopus

115 1575 183 1630 55.
210 1575 278 1630 Ne
305 1576 654 1633 interventor
684 1576 994 1648 episcopus
1026 1577 1385 1642 cathedram,
1422 1575 1519 1631 ubi
1555 1577 1643 1630 in-
1757 1581 2044 1651 praesidet,
2081 1585 2330 1653 quatuor
2349 1584 2467 1636 tam
2506 1583 2577 1637 de
2605 1582 2931 1638 redditibus
2949 1598 3125 1654 quam
3150 1583 3220 1636 de
3245 1582 3404 1638 obla-

66 1667 291 1719 ten'entor
317 1668 418 1730 est,
451 1664 728 1720 insideat.
1755 1668 2014 1725 tionibus
2047 1670 2309 1725 fidelium
2342 1670 2465 1724 fieri
2497 1671 2746 1726 debeant
2778 1671 3093 1743 portiones.

114 1754 180 1808 56.
209 1755 276 1809 De
301 1755 639 1809 vacantibus
666 1754 974 1826 episcopis.
1824 1759 1912 1813 91.
1948 1759 2026 1814 De
2059 1759 2348 1831 episcopis
2371 1758 2620 1830 qualiter
2635 1777 2767 1814 cum
2804 1759 2928 1814 suis
2959 1759 3184 1814 clericis
3205 1765 3402 1832 agant.

114 1842 180 1944 57.
205 1843 273 1942 Ue
299 1844 567 1944 episcopo
599 1843 698 1944 qui
729 1843 1196 1900 excommunicat
1227 1861 1361 1899 eum
1396 1844 1496 1916 qui
1533 1844 1643 1900 sibi
1680 1881 1722 1944 Β
1946 1847 2021 1944 Ut
2052 1847 3404 1944 episcopijuxtaecclesiamhabeanthospitium

64 1930 141 1984 soli
166 1933 354 1987 crimen
383 1933 718 1988 conﬁtetur.
1680 1930 1722 1944 "
1826 1937 1914 1992 93.
1946 1936 2017 1992 Ut
2048 1935 2303 2008 episcopi
2336 1953 2620 2008 pauperes
2653 1940 2709 1991 et
2740 1936 3006 1991 inﬁrmos
3035 1940 3329 1991 tueantur.

113 2021 182 2074 58.
208 2020 269 2076 Ut
293 2039 399 2077 non
436 2028 659 2077 temere
689 2037 1047 2093 quemquam
1086 2022 1497 2077 communione
1528 2019 1644 2093 pri-
1825 2026 1914 2080 94.
1952 2025 2019 2080 Ut
2048 2025 2307 2097 episcopi
2340 2023 2758 2098 supellectilem
2792 2024 2850 2079 in
2874 2042 3077 2080 mensa
3098 2024 3271 2080 vilem
3307 2025 3404 2080 ha-

62 2113 128 2162 vet
149 2110 439 2183 episcopus.
1755 2114 1951 2170 beant.

111 2198 178 2251 50.
206 2199 272 2254 De
297 2199 384 2255 his
414 2200 515 2272 qui
552 2200 679 2255 sine
702 2216 877 2255 causa
899 2200 1428 2255 excommunicant.
1824 2205 1912 2261 95.
1947 2203 2020 2259 Ut
2066 2203 2375 2275 episcopus
2421 2202 2903 2274 gubernationem
2943 2219 3268 2274 pauperum
3301 2220 3402 2275 per

108 2289 177 2342 60.
203 2289 272 2344 De
301 2291 495 2345 ordine
529 2306 648 2362 quo
676 2289 978 2361 depositus
1009 2288 1219 2345 iterum
1251 2288 1568 2345 ordinetur.
1755 2292 2056 2348 ministros
2088 2297 2244 2364 agat.

111 2377 180 2432 6|.
207 2377 276 2434 De
305 2378 715 2435 communione
741 2377 1067 2450 privatiset
1096 2378 1176 2434 ita
1207 2378 1514 2434 defunctis.
1821 2383 1912 2436 96.
1946 2381 2016 2436 Ut
2044 2381 2354 2453 episcopus
2387 2379 2606 2435 nullam
2641 2397 2840 2436 curam
2874 2381 2953 2435 rei
2992 2379 3296 2436 familiaris
3328 2382 3398 2436 ad

108 2467 177 2520 62.
205 2471 270 2522 De
295 2467 700 2523 defensoribus
748 2466 1127 2523 ecclesiarum
1177 2467 1247 2522 ab
1297 2466 1644 2538 imperatore
1753 2487 1814 2526 se
1844 2487 2141 2536 revocans,
2174 2473 2405 2524 tantum
2440 2469 2686 2524 orationi
2720 2473 2774 2524 et
2805 2469 3078 2524 doctrina:
3108 2473 3288 2525 vacet.

61 2555 323 2622 pascendis.
1821 2560 1910 2626 9‘7,
1945 2559 2105 2624 Quod
2140 2559 2540 2630 possessiones
2571 2557 2822 2614 ecclesiae
2851 2558 2921 2613 ab
2965 2557 3234 2630 episcopo
3284 2576 3398 2614 non

105 2641 173 2696 63.
203 2643 259 2700 Ut
285 2645 351 2699 ab
373 2643 831 2717 imperatoribus
870 2642 1198 2715 postuletur
1229 2644 1640 2699 advocatorum
1753 2649 1869 2703 sint
1901 2647 2244 2703 alienandaa.

61 2727 259 2788 defensio
286 2750 382 2804 pro
413 2732 616 2788 causis
646 2732 921 2788 ecclesiae.
1820 2739 1907 2793 98.
1945 2737 2005 2792 Si
2035 2735 2278 2792 ecclesia
2310 2753 2409 2807 per
2435 2735 2760 2808 simplicem
2787 2737 3126 2808 episcopum
3150 2751 3242 2793 res
3263 2754 3401 2793 suas

105 2818 173 2873 64.
200 2820 268 2876 De
297 2821 384 2878 his
411 2823 514 2894 qui
550 2819 946 2877 ecclesiastica
978 2821 1302 2877 ministeria
1323 2826 1530 2894 praeter
1559 2838 1644 2876 ec-
1751 2826 2034 2881 amiserit.

57 2903 238 2964 clesiam
274 2911 504 2966 faciunt.
1821 2913 1908 2968 99.
1946 2914 2014 2969 Ut
2045 2911 2191 2967 nulli
2239 2911 2572 2982 apostolicis
2616 2910 2772 2967 sedis
2807 2910 3042 2966 Praasuli
3075 2912 3401 2982 possessio-

105 2997 173 3052 65.
201 2997 268 3054 De
299 3000 601 3056 fructuum
634 2998 1047 3069 oblationibus,
1085 3015 1211 3071 qua:
1242 2999 1530 3056 ministris
1551 3015 1641 3054 ec-
1752 3018 1886 3057 nem
1919 3001 2175 3057 ecclesiae
2216 3016 2490 3072 magnam
2530 2999 2616 3054 vel
2668 3016 2904 3071 parvam
2953 2999 3012 3054 in
3055 3004 3400 3071 perpetuum

58 3082 198 3139 clesiaa
217 3088 487 3144 feruntur.
1752 3090 1923 3146 liceat
1953 3089 2223 3145 alienare.

102 3172 169 3227 66.
196 3173 262 3230 De
293 3175 380 3233 his
411 3177 511 3249 qui
546 3191 820 3248 agapam,
855 3176 910 3230 id
953 3180 1041 3231 est
1072 3176 1368 3248 pastiones
1419 3194 1639 3249 paupeo-
1679 3241 1712 3249 _
1826 3180 1944 3235 100.
1980 3179 2054 3234 Ut
2083 3194 2197 3233 non
2233 3176 2402 3232 liceat
2432 3176 2785 3248 presbyteris
2814 3175 3121 3231 titulorum
3155 3193 3399 3232 suorum

54 3275 166 3327 rum,
194 3263 321 3320 risui
341 3241 682 3337 deputan‘t.‘
1072 3241 1088 3248 -
1419 3241 1436 3249 -
1538 3241 1556 3249 -
1670 3241 1713 3309 C
1752 3267 1987 3340 prazdia,
2013 3283 2116 3322 seu
2142 3241 2825 3338 quicquid-jurisveorum
2858 3265 3050 3333 fuerit,
3080 3267 3399 3337 quomodo-

37 3397 50 3408 .
102 3349 171 3405 67.
201 3351 249 3407 Si
280 3355 407 3426 quis
437 3353 774 3427 potentium
808 3353 1132 3426 quemlibet
1163 3353 1554 3426 expoliaverit,
1589 3359 1644 3410 et
1752 3357 1894 3413 libet
1925 3355 2195 3411 alienare.

53 3437 338 3498 admonente
367 3444 646 3516 episcopo
678 3460 791 3498 non
823 3443 1158 3498 reddiderit.
1826 3447 1945 3501 101.
1979 3444 2051 3500 Ut
2084 3443 2184 3515 qui
2218 3442 2449 3514 petierit
2487 3443 2770 3514 praedium
2815 3442 3092 3508 ecclesiis,
3131 3446 3188 3498 et
3236 3459 3399 3500 acce-

102 3528 171 3582 68.
199 3529 270 3586 De
296 3531 382 3588 his
403 3533 503 3604 qui
527 3530 735 3605 plebes
757 3531 827 3586 ad
848 3547 908 3586 se
937 3531 1298 3603 pertinentes
1321 3532 1643 3605 neglegunt
1753 3535 1920 3607 perit,
1970 3537 2026 3588 et
2069 3534 2118 3586 si
2169 3531 2300 3603 quis
2343 3532 2504 3586 danti
2538 3531 2973 3602 subscripserit,
3027 3531 3399 3588 anathemate

99 3616 170 3671 69.
199 3618 262 3674 Ut
287 3622 600 3694 episcOpus
633 3619 947 3692 neglegens
972 3636 1141 3675 suam
1164 3619 1460 3676 dimcesim
1493 3638 1646 3677 com-
1753 3623 2011 3679 feriatur.

53 3705 274 3762 munione
301 3710 566 3781 privetur
595 3708 880 3780 ejusdem.
1827 3713 1947 3766 102.
1985 3710 2056 3766 Ut
2086 3709 2407 3781 presbyteri
2439 3725 2560 3764 rem
2593 3709 2932 3776 ecclesizedn
2959 3726 3070 3781 qua
3104 3713 3242 3764 sunt
3270 3725 3399 3764 cono

98 3794 168 3847 ΤΟ.
197 3796 259 3852 Ut
285 3798 534 3854 basilicae
575 3799 635 3852 in
668 3798 840 3868 cujus
884 3795 1172 3852 territorio
1222 3803 1379 3866 sunt,
1415 3798 1471 3853 in
1517 3800 1644 3870 ejus
1754 3799 1964 3866 stituti,
1999 3816 2115 3855 non
2146 3798 2416 3853 vendant.

51 3879 250 3956 episcOpi
279 3891 559 3943 maneant
593 3889 902 3958 potestate.
1826 3890 1950 3944 103.
1986 3887 2046 3943 Si
2079 3888 2211 3959 quis
2241 3886 2584 3942 clericorum
2619 3904 2837 3959 pauper
2866 3887 2924 3940 in
2948 3885 3148 3942 ordine
3171 3901 3405 3957 promo-

98 3971 167 4025 71.
195 3974 246 4028 Si
273 3977 366 4047 qui
398 3974 732 4032 oratorium
759 3974 913 4030 intra
942 3975 1180 4030 domum
1215 3975 1521 4031 aedificant.
1752 3982 1868 4045 tus,
1904 3981 2106 4049 postea
2135 3976 2404 4031 habuerit
2433 3975 2676 4047 aliquid,
2701 3974 2952 4031 ecclesiae
2970 3974 3238 4046 potestati
3263 3973 3402 4029 sub-

98 4059 168 4112 72.
195 4061 265 4118 De
291 4063 585 4136 reliquiis.
1745 4066 1932 4138 jiciat.

98 4147 165 4201 73.
195 4152 341 4216 Quod
362 4152 812 4208 ordinationum
834 4151 1100 4206 omnium
1123 4152 1288 4206 dotes
1302 4152 1371 4206 ad
1388 4153 1644 4225 episcopi
1824 4155 1948 4210 104.
1978 4154 2050 4210 Ut
2080 4155 2253 4209 rebus
2283 4152 2538 4208 ecclesiae
2573 4151 2716 4206 nihil
2747 4151 2999 4223 episcopi
3035 4151 3404 4206 auferant.Et

53 4233 415 4297 ordinationem
447 4242 710 4297 debeant
740 4240 1049 4313 pertinere.
1754 4243 2006 4315 qualiter
2037 4241 2281 4313 proximi
2335 4241 2674 4295 fundatores
2703 4240 3085 4296 ecclesiarum
3125 4237 3404 4295 sollicitu-

99 4322 166 4378 74.
191 4325 262 4383 De
288 4328 604 4386 tricennaJi
636 4328 1092 4400 praescriptione.
1493 4335 1498 4339 ’
1753 4332 1948 4386 dinem
1978 4335 2200 4402 gerant.

97 4412 166 4466 75.
195 4414 256 4470 Ut
285 4419 600 4491 episcopus
633 4417 891 4473 ambulet
919 4434 1022 4489 per
1053 4416 1348 4472 dioecesim
1381 4435 1570 4474 suam.
1828 4421 1944 4474 105.
1981 4419 2055 4473 Ut
2087 4417 2395 4488 episcopus
2447 4416 2719 4488 exiguum
2752 4415 2976 4486 aliquid
3008 4413 3134 4469 sine
3164 4411 3399 4468 clerico-

99 4500 167 4557 76.
196 4503 256 4559 Ut
275 4506 592 4580 episcopus
612 4507 760 4561 duos
783 4505 1000 4562 solidos
1023 4511 1251 4560 tantum
1275 4506 1644 4578 accipiat,ne-
1754 4525 1884 4564 rum
1918 4506 2286 4563 conniventia
2316 4505 2625 4560 distrahat.

50 4599 130 4652 que
155 4594 358 4650 tertiam
393 4602 630 4668 partem
663 4595 734 4650 de
764 4593 1159 4649 oblationibus
1191 4599 1429 4664 quaerat.
1463 4596 1532 4650 Et
1581 4601 1645 4650 ut
1676 4607 1722 4670 Ι)
1827 4598 1946 4651 106.
1980 4595 2051 4650 Ut
2082 4611 2276 4648 servos
2324 4592 2578 4648 ecclesia:
2629 4591 2900 4664 fugitivos
2950 4590 3118 4646 liceat
3155 4590 3402 4646 vendere

50 4671 191 4734 clerici
219 4699 322 4738 non
354 4688 652 4757 cogantur
682 4699 841 4738 more
874 4681 1086 4738 servili.
1757 4684 2048 4758 episcopo.

96 4766 166 4819 77.
191 4770 339 4833 Quod
368 4773 688 4846 episcopus
720 4788 835 4826 non
869 4770 1078 4825 debeat
1105 4769 1448 4826 donationes
1497 4772 1649 4830 ultra
1832 4775 1950 4828 107.
1985 4772 2063 4826 De
2095 4770 2386 4843 episcopis
2420 4769 2519 4840 qui
2552 4787 2654 4841 per
2683 4771 3100 4824 testamentum
3129 4767 3200 4823 de
3231 4767 3406 4823 rebus

50 4857 230 4918 Pactum
259 4864 547 4918 statutum
583 4859 830 4932 exigere.
1756 4861 2012 4917 ecclesiae
2040 4860 2262 4931 aliquid
2295 4859 2664 4914 contulerint.

95 4942 162 4996 78.
195 4945 266 5002 De
297 4949 810 5022 dispensatoribus
841 4947 1209 5019 singularum
1242 4948 1645 5004 ecclesiarum.
1831 4952 1951 5005 108.
1989 4955 2062 5004 De
2088 4948 2313 5004 libertis
2345 4965 2414 5003 ex
2447 4947 2671 5003 familia
2699 4945 2888 5001 factis.

96 5028 164 5084 7'9.
194 5033 264 5090 De
290 5035 381 5092 his
410 5055 542 5110 quae
570 5036 894 5094 aﬁdelibus
913 5037 970 5090 in
994 5035 1362 5108 parochianis
1389 5035 1648 5091 basilicis
1832 5041 1952 5094 109.
1989 5043 2065 5092 De
2112 5036 2462 5093 discretione
2511 5035 3011 5092 manumissorum
3069 5050 3138 5089 ex
3186 5032 3409 5089 familia

49 5114 335 5180 Oﬂ'eruntur.
1759 5126 2033 5192 ecclesiis,
2069 5125 2322 5196 qualiter
2346 5125 2857 5180 manumittantur.

100 5205 169 5261 80.
200 5209 264 5266 Ut
292 5213 362 5268 ab
392 5214 690 5287 episcopis
722 5213 1107 5286 praeceptione
1124 5212 1288 5285 Papae
1321 5229 1479 5268 nova
1500 5213 1651 5270 basi-
1834 5215 1954 5270 110.
1988 5213 2066 5268 De
2132 5212 2356 5268 libertis
2414 5213 2736 5284 patrocinio
2804 5209 3058 5266 ecclesiae
3117 5226 3410 5266 commen-

48 5287 139 5348 lica
165 5298 514 5358 dedicentur.
1761 5304 1933 5360 datis.

99 5383 171 5437 81.
198 5387 270 5444 De
300 5392 484 5447 sacris
515 5391 660 5447 locis
694 5394 916 5449 noviter
946 5391 1256 5446 institutis.
1832 5392 1954 5447 111.
1989 5391 2152 5456 Quod
2183 5406 2420 5445 manere
2450 5391 2656 5445 debeat
2700 5390 2959 5455 firmum,
2991 5388 3041 5443 si
3091 5386 3240 5442 servi
3279 5382 3408 5438 fisci

97 5473 170 5528 82.
199 5481 269 5533 De
296 5480 682 5536 aedificatione
710 5479 1134 5537 venerabilium
1166 5478 1448 5535 locorum.
1761 5479 2064 5535 ecclesiam
2097 5478 2545 5534 construxerint.

99 5560 171 5614 83.
200 5564 271 5620 De
318 5569 899 5627 administratoribus
937 5568 1354 5625 venerabilium
1393 5568 1649 5625 locorum
1835 5569 1954 5621 112.
1990 5567 2152 5633 Quod
2180 5585 2296 5622 non
2329 5567 2498 5624 debet
2528 5568 2725 5622 minus
2775 5564 3044 5637 princeps
3070 5557 3408 5612 ministrare

50 5660 157 5704 suas
184 5670 265 5711 res
294 5657 694 5715 offerentibus.
1433 5725 1440 5730 _
1763 5673 1940 5728 quam
1971 5654 2254 5711 minister.
