3810 6214
74 371 167 431 109
1124 364 1501 428 CANONUM
1546 365 1828 427 PRISCA
1872 364 2326 425 COLLECTIO.
3305 377 3424 438 410

132 505 233 560 175.
263 503 336 559 De
356 502 448 559 his
475 502 575 576 qui
603 520 673 560 ex
702 502 839 576 fuga
869 498 1274 574 comprehensi
1304 502 1446 554 sunt
1477 501 1535 554 et
1564 515 1668 571 per
1695 500 1751 566 Α
1849 498 1975 552 206.
2007 494 2214 553 Clerici
2264 495 2364 569 qui
2409 496 2622 570 vigiliis
2669 498 2904 571 desunt,
2945 502 3249 578 stipendiis
3298 509 3422 581 pri-

73 594 164 650 vim
190 592 635 649 immolaverunt.
822 594 827 597 ⁴
1776 585 1972 642 vandi.

132 685 232 738 176.
278 682 347 738 Ut
395 681 715 755 presbyteri
763 682 1004 738 modum
1055 678 1166 736 sibi
1222 678 1485 734 debitum
1545 691 1664 732 ser-
1843 677 1966 732 207.
2004 674 2206 731 Clerici
2239 673 2507 731 maledici
2538 677 2949 749 degradentur.

71 776 194 828 vent.
1845 766 1970 819 208.
2005 765 2085 819 De
2114 764 2341 820 clericis
2372 764 2642 838 sepulcra
2671 768 3146 828 demolientibus.

129 863 228 916 177.
258 861 408 926 Quod
441 860 763 933 presbyteri
795 858 1054 932 plebium
1087 858 1145 912 in
1173 855 1421 913 ecclesia
1467 853 1667 910 civita-
1845 854 1971 908 209.
2005 852 2205 909 Clerici
2240 853 2571 911 adulatores
2597 858 2990 928 etproditores
3012 861 3423 934 degradentur.

74 950 132 1006 tis
152 968 240 1006 nec
266 949 612 1006 sacriﬁcium
643 949 847 1004 oll‘erre
886 965 991 1004 nec
1041 946 1374 1002 ministrare
1423 945 1672 1000 debeant
1847 944 1972 997 210.
2006 942 2210 998 Clerici
2243 944 2301 998 in
2333 944 2699 1002 vestimentis
2728 950 2830 1002 aut
2860 948 3261 1008 calciamentis
3311 973 3424 1012 non

76 1057 175 1111 quae
199 1039 376 1094 oblata
403 1044 563 1095 sunt.
1781 1034 2045 1103 quaerant
2075 1032 2365 1087 decorem.

134 1129 233 1183 178.
260 1127 359 1195 Qui
387 1129 442 1183 in
477 1127 636 1201 agris
663 1131 721 1184 et
766 1125 1241 1202 possessionibus
1289 1125 1541 1180 debeant
1578 1140 1669 1177 or-
1849 1121 1974 1174 211.
2008 1120 2087 1175 De
2119 1120 2345 1176 clericis
2376 1137 2478 1193 per
2506 1126 2834 1181 creaturam
2857 1127 3220 1196 jurantibus.

80 1218 249 1272 amari.
1849 1210 1974 1265 212.
2009 1210 2089 1265 De
2140 1209 2419 1265 distantia
2470 1211 2782 1269 ministerii
2832 1217 3150 1273 sacerdotis
3197 1224 3253 1275 et
3303 1221 3427 1278 dia-

132 1307 233 1362 179.
269 1306 384 1370 Quo
435 1323 807 1379 nequaquam
864 1304 925 1361 in
985 1305 1134 1359 duos
1191 1300 1673 1375 metropolitanos
1782 1298 1932 1354 coni.

82 1394 327 1466 provincia
354 1393 665 1451 dividatur.
1852 1389 1976 1443 213.
2012 1388 2090 1443 De
2121 1387 2340 1445 honore
2370 1407 2546 1462 quem
2578 1392 2928 1466 presbyteris
2959 1395 3275 1464 diaconi,et
3304 1400 3429 1455 dia-

138 1485 235 1538 180.
264 1484 418 1549 Quod
447 1501 563 1540 non
594 1483 768 1539 liceat
797 1482 949 1540 clero
981 1485 1113 1556 post
1142 1484 1390 1537 mortem
1423 1480 1514 1536 sui
1551 1478 1673 1551 epi-
1783 1476 1913 1532 coni
1948 1477 2291 1532 subdiaconi
2323 1479 2422 1551 qui
2457 1480 2567 1535 sub
2583 1479 2728 1552 ipsis
2742 1484 3119 1551 sunt,debent
3139 1487 3428 1545 exhibere.

84 1573 205 1643 scopi
231 1573 295 1628 ad
324 1590 439 1628 rem
473 1574 546 1629 ad
580 1589 718 1629 eum
749 1572 1140 1647 pertinentem
1171 1570 1441 1641 diripere.
1854 1567 1978 1620 21-1.
2015 1566 2084 1621 Ut
2109 1566 2335 1622 diaconi
2393 1585 2732 1624 mensuram
2774 1573 3071 1645 propriam
3112 1576 3285 1646 juxta
3333 1578 3434 1634 Pa-

134 1650 237 1718 181.
260 1661 327 1717 Ut
348 1662 607 1735 episcopi
639 1660 727 1718 vel
758 1660 949 1717 clerici
978 1659 1130 1717 ﬁlios
1180 1676 1318 1715 suos
1364 1675 1479 1715 non
1510 1656 1678 1715 facile
1786 1659 1942 1709 trum
1975 1658 2196 1711 statuta
2224 1658 2575 1714 custodiant.

86 1751 418 1822 emancipant.
1855 1745 1979 1799 215.
2014 1744 2094 1801 De
2145 1746 2476 1802 obedientia
2525 1747 2904 1807 diaconorum
2955 1769 3093 1827 erga
3138 1756 3434 1831 presbyte-

136 1841 236 1896 182.
265 1840 330 1896 Ut
356 1841 631 1914 princeps
662 1841 1032 1897 sacerdotum
1064 1856 1179 1895 non
1211 1837 1537 1911 appelletur
1558 1839 1676 1910 cpi-
1712 1874 1758 1938 Β
1789 1850 1907 1938 res.

86 1945 271 2001 scapus.
1712 1924 1757 1938 "
1859 1924 1984 1977 216.
2018 1924 2100 1979 Ne
2131 1924 2411 1980 diaconus
2442 1932 2723 1997 priesente
2752 1931 3091 2004 presbytero
3135 1935 3436 1992 eucharis-

141 2019 237 2073 183.
266 2019 338 2073 De
366 2019 643 2092 plebibus
693 2036 818 2092 quae
873 2034 1178 2091 nunquam
1224 2018 1528 2091 episcopos
1579 2016 1682 2073 ha-
1790 2010 1932 2067 tiam
1965 2013 2080 2068 det.

89 2105 307 2163 buerunt,
1861 2102 1987 2157 217.
2024 2101 2095 2157 Ut
2124 2102 2351 2159 diaconi
2384 2108 2643 2178 tempore
2671 2111 2902 2164 tantum
2944 2109 3256 2168 oblationis
3306 2112 3438 2171 alba

142 2196 239 2250 184.
270 2197 343 2253 De
370 2198 649 2270 precibus
678 2198 750 2253 ad
781 2196 962 2253 altare
986 2195 1270 2252 dicendis.
1793 2193 2052 2247 utantur.

145 2285 243 2340 185.
272 2285 471 2343 Nullus
501 2286 837 2360 episcopus,
872 2286 1194 2358 presbyter,
1228 2284 1532 2353 diaconus,
1556 2302 1686 2340 con-
1862 2280 1986 2333 218.
2021 2280 2181 2345 Quod
2214 2298 2329 2337 non
2359 2282 2610 2339 debeant
2642 2285 2982 2343 benedicere
3014 2290 3379 2348 subdiaconi.

95 2371 258 2428 ductor
282 2375 505 2432 existat,
1862 2368 1987 2423 219.
2024 2368 2097 2424 Ut
2126 2371 2454 2426 sacerdotes
2481 2377 2538 2428 et
2566 2372 2748 2429 levitze
2781 2392 2955 2432 canes
3005 2378 3076 2433 ad
3107 2380 3438 2438 venandum

148 2462 245 2516 186.
274 2462 347 2519 De
376 2460 608 2520 clericis
640 2462 1005 2519 scurrilibus.
1795 2459 1853 2511 et
1880 2457 2186 2529 accipitres
2213 2477 2325 2515 non
2355 2459 2627 2517 habeant.

145 2550 245 2604 187.
273 2551 337 2607 Ut
366 2552 563 2609 clerici
598 2552 821 2608 nullam
845 2550 1686 2625 negotiationeminhonestam
1863 2546 1988 2600 22οι
2024 2545 2186 2611 Ουοά
2217 2549 2488 2603 sacerdos
2517 2549 2732 2607 foenore
2771 2557 2872 2609 aut
2920 2556 3224 2613 venatione
3270 2575 3441 2616 occu-

93 2641 133 2691 et
156 2641 318 2713 turpia
346 2640 505 2698 lucra
536 2646 859 2698 sectentur.
1796 2634 1919 2706 pari
1952 2651 2067 2690 non
2100 2635 2326 2693 debeat.

144 2728 242 2783 188,
271 2730 343 2785 De
370 2731 581 2787 eadem
611 2747 691 2785 re.
1866 2724 1991 2778 221.
2025 2724 2104 2779 De
2133 2724 2358 2782 clericis
2390 2726 2490 2799 qui
2522 2731 2661 2784 sunt
2691 2729 2748 2785 in
2782 2732 3094 2804 parochiis.

142 2816 243 2871 189.
270 2818 421 2883 Quod
448 2819 767 2893 episcopus
800 2818 1117 2891 presbyter,
1147 2821 1203 2873 et
1233 2817 1535 2887 diaconus,
1571 2836 1687 2874 non
1865 2815 1989 2867 222.
2019 2812 2079 2868 Si
2111 2812 2357 2870 clericus
2389 2815 2719 2873 inconsulto
2750 2819 3022 2894 episcopo
3049 2824 3335 2896 agendam
3354 2842 3444 2883 ce-

90 2902 288 2961 debeant
308 2925 512 2965 usuras
539 2907 827 2981 accipere.
1799 2899 2126 2956 lebravel‘it-

142 2993 240 3050 190.
268 2995 335 3052 Ut
360 2996 615 3054 clericus
646 3013 751 3052 nec
781 3013 888 3052 suo
929 3012 1034 3051 nec
1084 2994 1272 3052 alieno
1320 2995 1554 3052 nomine
1582 2996 1689 3052 fm-
1866 2991 1993 3046 223.
2029 2992 2109 3047 De
2139 2991 2232 3048 his
2263 2992 2363 3065 qui
2395 3010 2463 3049 ex
2489 2995 2644 3051 vasis
2677 2995 2985 3053 ministerii
3036 2998 3257 3072 aliquid
3306 3017 3445 3059 ven-

89 3096 176 3137 nus
196 3090 450 3144 exerceat.
1798 3077 2070 3135 diderint-

142 3170 241 3227 191.
269 3174 323 3230 Si
350 3176 480 3247 quis
511 3172 768 3230 clericus
799 3174 1023 3229 furtum
1052 3172 1308 3229 ecclesiae
1341 3174 1563 3230 fecerit.
1728 3239 1763 3251 Α
1868 3170 1991 3224 224.
2026 3170 2107 3225 Ne
2137 3172 2438 3246 presbyter
2459 3174 2922 3234 benedictionem
2940 3176 3025 3232 vel
3044 3178 3444 3251 paenitentiam

144 3260 242 3315 192.
271 3261 337 3318 Ut
365 3239 687 3337 cujuslibet
716 3262 938 3319 ordinis
969 3261 1235 3327 clericus,
1268 3262 1319 3317 si
1360 3263 1587 3319 tardius
1618 3264 1689 3319 ad
1721 3239 1763 3305 Ο
1802 3257 1861 3312 in
1894 3239 2671 3333 ecclesia'dare'przesumat.

89 3346 339 3407 ecclesiam
365 3351 619 3419 venerit,
652 3351 899 3408 clericus
930 3368 1048 3407 non
1081 3350 1386 3407 habeatur.
1870 3349 1996 3403 225.
2028 3348 2189 3412 Quod
2221 3350 2530 3423 episcopus
2563 3352 2677 3408 nisi
2709 3354 2780 3409 ab
2820 3353 2934 3409 alio
2983 3355 3315 3429 postulatus
3360 3358 3445 3415 di-

144 3437 242 3493 193.
271 3440 419 3504 Quod
442 3440 652 3498 nullus
682 3440 1214 3497 ecclesiasticorum
1242 3440 1300 3495 in
1323 3441 1583 3497 tabernis
1605 3458 1693 3497 co-
1801 3435 2076 3493 missoria
2106 3437 2295 3493 facere
2321 3455 2437 3493 non
2471 3440 2696 3494 debeat.

88 3525 274 3584 medere
301 3529 516 3586 debeat,
1870 3527 1996 3581 226.
2031 3525 2109 3581 De
2141 3526 2489 3597 praesidibus
2508 3527 2603 3584 ‘vel
2618 3529 2823 3584 ceteris
2841 3526 3262 3605 rempublicam
3277 3550 3448 3607 agere

143 3614 241 3670 194.
270 3617 460 3674 Clerici
510 3618 800 3674 tabernas
849 3634 966 3673 non
1014 3617 1421 3690 ingrediantur
1468 3618 1692 3690 absque
1799 3613 2146 3684 volentibus,
2181 3631 2253 3671 ne
2284 3612 2409 3671 sine
2454 3614 2664 3672 litteris
2690 3618 2948 3693 episcopi
2979 3620 3071 3676 sui
3118 3624 3445 3681 communi-

87 3704 510 3776 peregrinationis
550 3705 919 3763 necessitate.
1800 3707 1953 3759 cent.

141 3791 239 3847 195.
264 3795 337 3851 De
365 3794 601 3853 clericis
627 3795 729 3867 qui
762 3795 820 3850 in
853 3798 1126 3851 mutuam
1156 3795 1374 3851 caedem
1421 3811 1689 3868 prorum-
1867 3794 1995 3849 227.
2030 3793 2102 3849 Ut
2148 3793 2337 3849 clerici
2383 3793 2469 3850 vel
2512 3794 2644 3851 laici
2692 3795 2751 3851 in
2804 3797 2993 3854 aliena
3042 3799 3289 3857 ecclesia
3330 3819 3447 3857 non

89 3887 218 3946 puni.
1800 3882 2236 3939 communicent
2265 3883 2393 3939 sine
2422 3883 2632 3941 litteris
2662 3885 2917 3960 episcopi
2949 3887 3062 3944 sui.

140 3968 239 4025 196.
268 3971 341 4029 De
367 3972 603 4031 clericis
633 3972 735 4046 qui
766 3973 839 4028 ad
869 3972 1242 4029 saecularium
1292 3972 1690 4029 defensionem
1867 3974 1993 4027 228.
2029 3972 2190 4038 Quod
2236 3990 2352 4028 non
2400 3977 2664 4045 oporteat
2709 3977 2911 4048 egenis
2959 3977 3232 4050 epistolia
3280 3980 3447 4035 attri-

89 4057 380 4133 confugiunt
406 4065 656 4136 propter
685 4061 1112 4118 districtionem
1143 4062 1421 4134 episcopi.
1801 4060 1923 4116 bui.
2460 4092 2467 4095 -

142 4146 241 4202 197.
281 4150 356 4207 De
400 4150 636 4208 clericis
684 4150 917 4225 negotia
966 4155 1025 4207 et
1073 4151 1373 4207 nundinas
1422 4150 1694 4207 sectanti-
1869 4150 1994 4204 229.
2028 4149 2108 4205 De
2138 4149 2362 4206 clericis
2396 4150 2495 4222 qui
2527 4152 2654 4207 sine
2699 4153 2963 4225 epistolis
3011 4155 3103 4210 sui
3156 4156 3450 4229 pontificis

89 4229 190 4287 bus.
1801 4236 2267 4310 proficiscuntur.

141 4322 240 4379 198.
268 4326 323 4383 Si
344 4328 677 4386 voluntarie
706 4327 951 4384 clericus
979 4329 1303 4401 dampnum
1333 4327 1588 4384 ecclesiae
1609 4328 1689 4384 fe-
1867 4328 1993 4382 230.
2025 4327 2106 4382 De
2136 4328 2394 4399 pacificis
2426 4329 2887 4402 peregrinorum.

89 4411 214 4466 serit.
1867 4415 1993 4469 231.
2025 4413 2099 4468 Ut
2127 4415 2254 4469 sine
2284 4414 2531 4487 epistola
2561 4416 2817 4487 episcopi
2850 4416 2941 4473 sui
2970 4434 3087 4473 non
3126 4417 3299 4474 liceat
3329 4419 3442 4475 cle-

139 4500 238 4557 199.
270 4503 337 4560 Ut
379 4506 615 4563 clericis
661 4509 886 4562 vetetur
932 4505 1204 4575 ebrietas,
1239 4523 1369 4578 quae
1420 4506 1688 4592 omniqm
1801 4503 1988 4558 ricum
2015 4502 2325 4575 proficisci.

86 4584 309 4647 vitiorum
336 4593 518 4652 fomes
553 4598 612 4650 et
638 4592 839 4650 nutrix
869 4597 981 4649 est.
1612 4584 1635 4592 ⁷
1717 4607 1764 4673 D
1867 4593 1994 4648 232.
2030 4592 2099 4648 Ut
2131 4591 2330 4648 nullus
2360 4591 2621 4647 ﬁdelium
2674 4597 2885 4666 praeter
2926 4597 3447 4655 commendaticias

135 4676 238 4734 200.
267 4680 701 4756 Cujuscumque
732 4683 958 4740 ordinis
986 4681 1179 4738 clerici
1229 4682 1523 4756 nuptialia
1553 4700 1687 4739 con-
1797 4681 2155 4753 suscipiatur
2183 4680 2479 4753 epistolas.

87 4759 205 4820 Vivis
226 4768 414 4829 vitent,
1869 4770 1994 4826 233.
2030 4770 2103 4825 Ut
2132 4769 2329 4827 nullus
2360 4769 2669 4843 episcopus
2700 4772 3003 4845 presbyter
3032 4776 3134 4829 aut
3164 4772 3444 4833 diaconus

138 4853 241 4912 201.
270 4857 345 4915 De
373 4860 601 4918 clericis
633 4859 734 4932 qui
767 4876 971 4934 magos
1001 4863 1104 4916 aut
1135 4859 1447 4934 sortilegos
1476 4877 1687 4916 consu-
1800 4858 1926 4915 sine
1956 4858 2459 4919 commendaticiis
2490 4859 2846 4932 suscipiatur
2874 4861 3158 4933 epistolis.

88 4934 283 4999 iuerint.
1868 4949 1993 5003 234.
2023 4947 2285 5020 Epistola
2317 4948 2565 5005 formata
2591 4948 2762 5004 Attici
2793 4948 3440 5025 Constantinopolitani.

138 5030 243 5086 202.
272 5034 521 5095 Clericus
551 5055 765 5112 magus
794 5041 851 5093 et
878 5038 1209 5093 incantator
1238 5054 1355 5093 non
1386 5038 1690 5110 sit,neque
1868 5039 1992 5093 235.
2026 5039 2107 5093 De
2135 5037 2386 5093 indoctis
2418 5038 2839 5094 sacerdotibus.

88 5114 396 5188 phylacteria
424 5127 617 5183 faciat.
1864 5129 1990 5183 236.
2008 5128 2406 5199 Interrogatus
2419 5127 2691 5183 sacerdos
2707 5128 2878 5185 debet
2892 5130 3262 5202 respondere.
3280 5133 3443 5198 Quod

138 5207 245 5264 203.
273 5211 348 5268 De
375 5215 600 5273 clericis
630 5216 733 5289 qui
764 5215 825 5271 in
876 5215 1162 5271 seditione
1210 5232 1375 5271 arma
1422 5233 1688 5289 sumpse-
1796 5216 1846 5271 si
1866 5214 2442 5290 nesciatlegem,ipsc
2459 5216 2727 5289 arguitur
2741 5219 2895 5290 quod
2916 5220 3183 5275 sacerdos
3206 5237 3320 5276 non
3344 5216 3440 5277 sit.

87 5289 197 5347 rint.

1938 5308 1991 5359 7.
2025 5303 2097 5359 Ut
2125 5289 2375 5377 aegrotus
2405 5304 2716 5378 episcopus
2748 5289 2862 5362 non
2894 5312 3121 5364 vetetur
3158 5308 3442 5365 sacrificia

139 5382 248 5440 204.
276 5387 351 5446 De
378 5392 602 5451 clericis
632 5411 737 5466 per
766 5392 992 5467 plateas
1027 5396 1085 5448 et
1131 5393 1424 5449 andronas
1470 5396 1683 5450 ambu-
1794 5394 2102 5451 celebrare.

86 5461 326 5532 lantibus.
632 5461 650 5466 ’
766 5461 787 5467 ﬁ

1930 5486 1986 5538 8.
2019 5482 2180 5545 Quod
2210 5482 2515 5539 daemoniis
2557 5484 2803 5559 aliisque
2834 5486 3211 5560 passionibus
3240 5483 3434 5537 inreti-

140 5559 247 5615 205.
270 5563 345 5621 De
372 5567 592 5628 clericis
621 5572 682 5628 in
717 5569 1023 5628 mundinis
1052 5574 1110 5626 et
1140 5570 1263 5625 fore
1296 5570 1680 5628 deambulan-
1792 5574 1868 5629 tis
1895 5571 2219 5627 ministeria
2248 5588 2413 5627 sacra
2441 5576 2691 5631 tractare
2720 5592 2835 5630 non
2866 5575 3059 5631 liceat.

86 5639 233 5704 tibus.
1860 5661 2072 5717 239.De
2092 5660 2411 5734 bypocritis
2424 5664 2581 5735 quod
2593 5662 2901 5735 dupliciter
2911 5658 3375 5730 condempnentu
3385 5674 3429 5710 r.

3434 5920 3465 5935 Γ
