3810 6214
341 315 452 380 4H

1191 317 1527 378 APPEND.
1574 315 1675 374 AD
1721 315 1908 377 S/EC.
1957 315 1987 374 Ξ

2174 315 2434 378 OPERA
2478 336 2872 383 ΑΔΕΣΠΟΤΙΚΑ.
3101 308 3114 314 ’
3628 315 3727 378 412

410 455 535 510 240.
569 453 730 518 Quod
762 452 862 520 qui
893 451 1030 508 vitio
1075 455 1162 507 cst
1211 451 1534 520 subjectus,
1569 447 1808 505 alterius
1865 466 1978 504 non
2009 452 2064 516 Α
2165 451 2459 516 272.Quod
2491 451 2894 507 sacerdotibus
2924 448 3128 523 lapsis,
3153 449 3212 506 in
3244 449 3606 506 monasterio
3626 467 3724 521 po:-

340 543 525 615 possit
553 559 795 614 arguere
819 540 1046 596 vitium.

407 634 532 688 241.
567 632 729 698 Quod
763 630 1204 702 praepositorum
1242 629 1406 701 culpa
1428 647 1459 684 a
1482 626 1734 684 subditis
1769 644 1881 682 non
1905 627 1981 680 sit

340 721 711 776 denudanda.

410 813 535 864 242.
572 810 734 877 Quod
769 826 880 863 non
930 825 1133 864 omnes
1187 824 1299 861 uno
1355 807 1524 861 modo
1574 805 1692 859 sint
1744 804 1978 859 institu-

340 899 495 955 endi.

407 990 531 1043 243.
566 988 644 1042 De
676 986 765 1041 his
799 985 893 1057 qui
929 989 1262 1056 peccantem
1297 1001 1408 1038 non
1445 982 1747 1054 rccipiunt.

409 1079 530 1131 244.
565 1077 644 1131 De
676 1076 891 1130 honore
923 1074 1114 1129 clerici
1147 1091 1210 1127 ac
1242 1073 1394 1128 laici.

407 1168 530 1221 245.
567 1165 725 1230 Quod
761 1181 893 1218 cum
928 1163 1181 1233 dampuo
1225 1163 1430 1217 anima:
1463 1179 1580 1216 suae
1613 1161 1684 1215 ab
1716 1159 1978 1229 ecclesia,

337 1272 463 1327 quae
499 1270 781 1326 pauperes
813 1252 1019 1324 pascit,
1054 1251 1350 1324 accipiunt
1383 1250 1464 1305 illi
1499 1249 1597 1322 qui
1630 1251 1699 1305 de
1732 1267 1837 1305 suo
1869 1249 1980 1304 sibi

335 1343 655 1398 sufficiunt.

405 1434 528 1487 246.
563 1432 666 1495 Qui
696 1430 752 1485 in
787 1429 1039 1484 sacrario
1071 1433 1407 1502 operantur,
1442 1445 1568 1499 qum
1610 1428 1678 1482 de
1729 1427 1982 1482 sacrario

338 1526 476 1576 sunt
506 1522 698 1582 edant.

406 1611 530 1665 247.
565 1610 640 1664 De
672 1609 764 1664 his
795 1608 895 1679 qui
928 1607 990 1661 in'
1019 1608 1492 1680 congregratione
1525 1605 1634 1661 sibi
1668 1606 1984 1660 commissa

337 1698 709 1754 solummodo
741 1715 807 1752 ex
840 1695 1063 1751 familia
1093 1695 1486 1751 ecclesiastica
1517 1695 1758 1750 clericos
1788 1711 1984 1768 aggre-

337 1805 474 1861 gare
506 1788 759 1842 student.

407 1877 531 1931 248.
569 1876 644 1930 De
677 1875 965 1948 episcopis
999 1873 1246 1946 aliisque
1281 1873 1566 1946 religiosis
1599 1872 1737 1928 viris
1766 1873 1982 1928 tabuli-

336 1966 629 2032 zantibus,
660 1964 745 2020 vel
776 1964 1103 2019 ludentium
1136 1963 1331 2019 sociis.

407 2055 532 2109 249.
574 2054 781 2109 Nullus
835 2052 1148 2126 episcopus
1200 2057 1444 2126 cogatur
1491 2052 1819 2123 subjectum
1871 2050 1981 2106 sibi

332 2144 609 2200 clericum
639 2144 709 2198 de
743 2159 847 2198 suo
875 2142 1027 2198 clero
1065 2142 1381 2198 dimittere.

406 2235 530 2288 250.
563 2232 634 2288 Ut
665 2231 919 2304 episcopi
952 2249 1061 2287 sua
1092 2248 1270 2286 manu
1299 2249 1413 2286 non
1446 2232 1686 2286 cazdant.

407 2322 530 2376 251.
566 2320 727 2386 Quod
759 2319 901 2373 nihil
931 2320 1119 2390 prosit
1149 2319 1697 2385 sacerdoti,ctiamsi
1727 2319 1874 2373 bene
1901 2317 1983 2372 vi-

336 2413 451 2474 vat,
487 2411 534 2464 si
570 2407 721 2463 male
751 2408 1078 2463 viventibus
1109 2425 1224 2462 non
1249 2407 1624 2462 contradicat.

405 2501 532 2553 252.
558 2497 616 2553 Si
649 2497 950 2569 presbyter
979 2500 1108 2568 post
1138 2501 1439 2568 acceptum
1465 2497 1714 2568 gradum
1747 2514 1983 2552 uxorem

342 2585 594 2641 duxerit.

409 2676 532 2730 253.
569 2674 647 2728 De
678 2673 1144 2728 subintroductis
1177 2673 1543 2730 mulieribus.

409 2765 536 2819 254.
569 2762 885 2836 Episcopos
916 2761 1003 2818 vel
1036 2767 1346 2834 sequentes
1377 2763 1633 2833 ordines,
1661 2765 1761 2836 qui
1802 2783 1990 2821 sacro-

341 2857 546 2908 sancta
586 2851 862 2925 mysteria
911 2855 1292 2919 contrectant,
1326 2852 1544 2925 placuit
1588 2854 1660 2910 ab
1709 2854 1988 2910 uxoribus

341 2941 638 2998 abstineri.

410 3033 534 3087 255.
566 3031 641 3086 De
689 3030 1041 3104 presbyteris
1101 3032 1200 3103 qui
1252 3049 1457 3087 uxores
1507 3036 1854 3104 acceperunt
1899 3032 1988 3088 vel

341 3119 608 3177 fornicati
643 3124 800 3174 sunt.

412 3211 536 3264 256.
571 3209 732 3274 Quod
767 3209 1096 3264 sacerdotes
1129 3213 1186 3264 et
1224 3208 1406 3265 levitas
1454 3227 1590 3265 cum
1640 3211 1986 3267 mulieribus

342 3297 554 3355 sociari
586 3315 701 3352 non
737 3297 968 3353 debent.

413 3388 538 3442 257.
573 3387 653 3441 De
675 3386 768 3442 his
799 3387 898 3459 qui
929 3385 1276 3443 mulieribus
1305 3386 1587 3443 adulteris
1607 3387 1800 3459 juncti
1826 3393 1985 3445 sunt.

411 3477 622 3532 258.De
641 3475 884 3532 diversis
898 3476 1202 3532 ordinibus
1215 3477 1578 3532 abuxoribus
1597 3477 1984 3534 abstinendis.

413 3567 536 3621 259.
571 3566 734 3632 Quod
761 3565 986 3621 clericis
1015 3565 1244 3620 carnale
1276 3567 1615 3638 conjugium
1648 3567 1985 3640 denegetur.

413 3657 541 3710 260.
573 3655 652 3710 De
685 3654 1109 3709 incontinentia
1140 3655 1504 3710 sacerdotum
1531 3672 1632 3709 seu
1657 3655 1986 3710 levitarum.

413 3745 538 3798 261.
586 3743 659 3797 Ut
698 3742 1008 3814 episcopus
1053 3747 1108 3796 et
1160 3743 1459 3814 presbyter
1508 3761 1746 3798 uxorem
1797 3761 1986 3812 suam,

345 3848 525 3903 quam
556 3830 727 3885 debet
755 3835 913 3885 caste
945 3846 1165 3900 regere,
1197 3847 1309 3884 non
1342 3830 1654 3902 relinquat.

416 3919 542 3972 262.
571 3917 826 3988 Epistola
857 3916 1175 3972 Hormisdae
1207 3935 1367 3990 papae
1399 3936 1502 3990 per
1535 3919 1834 3977 universas
1865 3939 1991 3994 pro-

343 4023 586 4061 vmcxas.
1343 4072 1349 4077 -

415 4096 540 4150 263.
575 4095 653 4149 De
680 4098 951 4167 suspecta
980 4095 1346 4150 sacerdotum
1381 4096 1775 4153 infamatione.

414 4183 725 4246 264.Quale
758 4187 1050 4238 mereatur
1071 4183 1380 4239 occultatio
1394 4185 1595 4241 dolosa
1615 4185 1990 4258 supplicium,

345 4277 404 4328 et
435 4276 720 4345 quantum
754 4271 997 4327 remedii
1030 4271 1241 4328 habeat
1273 4273 1559 4329 confessio
1597 4279 1993 4345 peccatorum.

416 4362 540 4416 265.
576 4361 655 4417 De
689 4377 800 4416 non
824 4362 1288 4432 contempnendo
1319 4362 1640 4418 oblationes
1675 4363 1994 4436 presbyteri

347 4452 666 4524 conjugati.

2092 539 2337 595 nitentia
2368 540 2596 612 agenda
2625 543 2732 596 est.

2199 625 2378 684 73.De
2408 628 2590 702 lapsis
2621 629 3024 686 sacerdotibus
3043 633 3499 702 postacceptum
3517 646 3723 684 sacrum

2091 719 2377 786 ordinem,
2411 724 2476 773 ut
2526 724 2658 790 post
2704 718 3102 791 paenitentiam
3139 718 3210 773 ad
3257 717 3574 773 ministerii
3615 718 3724 772 offi-

2092 808 2248 862 cium
2285 807 2540 862 rcvocari
2574 825 2690 863 non
2723 808 2972 879 possint.

2159 897 2283 950 274.
2337 897 2597 970 Gregorii
2653 896 2759 951 PP.
2807 912 3157 968 responsum
3203 895 3274 950 ad
3340 893 3717 949 Secundinum

2089 1001 2319 1040 servum
2351 986 2450 1040 Dei
2481 985 2810 1040 inclausum
2829 985 2898 1040 de
2927 984 3356 1040 restauratione
3376 983 3716 1038 sacerdotali.

2159 1076 2283 1128 275.
2318 1075 2398 1130 De
2427 1074 2893 1129 reconciliatione
2924 1073 3359 1144 episcoporum.

2160 1165 2282 1217 276.
2315 1163 2555 1226 Qualem
2587 1166 2850 1235 oporteat
2879 1161 3154 1217 clericum
3190 1178 3343 1216 esse.

2159 1255 2282 1306 277.
2319 1253 2397 1307 De
2429 1250 2806 1324 Polychronio
2839 1250 3372 1322 Hierosolymitano
3406 1249 3679 1321 episcopo.

2477 1385 2830 1440 CAPITULA
2873 1383 3066 1439 LIBRI
3107 1383 3366 1439 TERTII

2361 1492 2431 1530 DE
2470 1490 2819 1528 MINISTERIIS
2860 1488 3325 1539 ECCLESIASTICIS,
3364 1477 3479 1526 etc.

2166 1612 2214 1665 1.
2250 1611 2328 1665 De
2361 1607 2688 1664 differentia
2718 1606 3039 1679 presbyteri
3067 1606 3139 1661 ad
3163 1604 3614 1661 similitudinem
3635 1604 3718 1660 mi-

2093 1699 2318 1754 nisterii
2351 1697 2628 1770 episcopi.

2011 1821 2060 1885 B
2162 1793 2214 1844 2.
2251 1789 2329 1844 De
2361 1788 2556 1842 causis
2588 1785 2803 1858 quibus
2855 1782 3243 1839 immolabant
3297 1783 3625 1838 sacerdotes
3666 1781 3712 1835 in

2092 1878 2216 1951 lege
2250 1875 2788 1948 naturali,quorum
2819 1873 3048 1945 primus
3081 1871 3514 1928 Melchisedech
3547 1871 3716 1926 immo-

2092 1968 2221 2023 lans
2253 1965 2482 2038 optulit.
2971 1967 2976 1971 '

2161 2059 2213 2111 3.
2250 2057 2328 2110 De
2359 2053 2556 2109 causis
2587 2052 2804 2124 quibus
2852 2050 3244 2106 immolabant
3296 2051 3622 2107 sacerdotes
3648 2047 3714 2102 le-

2092 2145 2318 2218 galiter,
2353 2159 2604 2216 quorum
2636 2141 2862 2213 primus
2893 2142 3104 2195 Aaron.

2164 2237 2214 2290 4.
2267 2236 2347 2290 De
2397 2231 2591 2288 causis
2649 2229 2865 2302 quibus
2922 2227 3233 2284 immolant
3295 2229 3620 2285 sacerdotes
3665 2226 3710 2281 in

2091 2341 2236 2380 novo
2268 2324 2504 2378 foedare.

2162 2415 2215 2469 5.
2250 2414 2329 2468 De
2361 2411 2552 2466 modis
2584 2408 2796 2481 quibus
2825 2424 2981 2462 nunc
3014 2405 3281 2462 immolat
3313 2405 3586 2463 Ecclesia.

2163 2505 2218 2558 6.
2250 2501 2327 2556 De
2359 2499 2628 2555 universo
2659 2497 2944 2554 sacrificio
2977 2498 3211 2568 propter
3257 2501 3542 2568 quattuor
3566 2493 3709 2565 leges.

2162 2595 2216 2646 7.
2247 2591 2326 2646 De
2352 2588 2555 2644 ordine
2584 2586 2953 2641 sacerdotum
2983 2601 3121 2656 erga
3163 2584 3498 2657 principem
3543 2586 3595 2638 et
3632 2597 3710 2654 po-

2096 2679 2412 2832 putiinguod
2446 2782 2560 2821 non
2591 2765 2843 2820 habeant
2873 2763 3202 2819 sacerdotes
3223 2761 3602 2818 hereditatem
3622 2757 3711 2814 nisi

2097 2860 2305 2915 Deum.

2166 2948 2219 3002 9.
2254 2947 2334 3002 De
2364 2942 2677 3018 superﬂuis
2704 2942 3074 2998 sacerdotum
3104 2939 3367 2996 ecclesiae
3400 2937 3615 2995 dandis.

2169 3038 2256 3092 10.
2292 3036 2363 3091 Ut
2390 3033 2663 3090 sacerdos
2693 3047 2810 3086 non
2836 3032 3057 3102 quaerat
3086 3028 3347 3100 pretium
3381 3022 3680 3082 ministerii.

2171 3128 2255 3182 11.
2290 3126 2370 3180 De
2391 3124 2526 3196 jure
2555 3120 2946 3176 sacerdotum.

2173 3217 2256 3270 12.
2291 3214 2370 3269 De
2402 3227 2572 3284 poma
2601 3207 2912 3264 resistendi
2946 3205 3254 3263 sacerdoti.

2171 3305 2254 3360 13.
2284 3302 2447 3368 Quod
2477 3299 2670 3355 danda
2701 3297 2776 3353 sit
2801 3313 2937 3369 pars
2988 3294 3337 3351 substantias
3389 3291 3591 3350 mortui
3631 3304 3707 3344 sa-

2095 3391 2450 3451 cerdotibus.

2171 3484 2255 3538 14.
2301 3480 2373 3536 Ut
2421 3477 2691 3534 sacerdos
2750 3491 2866 3530 non
2915 3473 3163 3545 accipiat
3212 3488 3462 3528 munero
3510 3469 3705 3538 iniquo-

2099 3589 2250 3626 rum.

2172 3661 2256 3714 15.
2286 3657 2446 3722 Quod
2480 3673 2594 3711 non
2628 3657 2797 3709 nocet
2845 3652 3035 3707 victus
3075 3667 3142 3706 ac
3174 3649 3586 3706 vestimentum
3629 3658 3707 3697 ne-

2097 3748 2440 3811 cessarium,
2475 3744 2589 3800 nisi
2623 3742 2920 3816 superﬂua
2950 3739 3191 3812 recipiat
3221 3739 3399 3794 dona.

2173 3838 2257 3892 16.
2279 3835 2443 3902 Quod
2475 3834 2629 3888 dona
2659 3831 2997 3902 iniquorum
3029 3845 3063 3884 a
3091 3827 3398 3884 sacerdote
3421 3818 3708 3895 recipienda

2099 3928 2237 3993 sint,
2272 3928 2336 3980 ut
2366 3920 2723 3995 pauperibus
2752 3923 2948 3974 tamen
2981 3919 3295 3988 erogentur
3330 3921 3390 3970 et
3418 3910 3654 3986 captivis.

2172 4018 2257 4070 17.
2289 4012 2450 4076 Quod
2479 4027 2592 4065 non
2623 4009 2793 4064 debet
2822 4007 3094 4062 sacerdos
3124 4004 3422 4061 (estimare
3447 4002 3551 4058 sibi
3583 3999 3705 4052 dona

2101 4103 2296 4160 oblata
2326 4117 2434 4154 sua
2463 4115 2611 4166 esse,
2647 4097 2747 4153 sed
2778 4094 3058 4151 ecclesias.

2175 4193 2261 4246 18.
2283 4189 2445 4252 Quod
2477 4185 2808 4258 superiores
2835 4183 3053 4256 gradus
3085 4198 3199 4238 non
3221 4182 3436 4236 debent
3465 4193 3618 4235 curas
3632 4189 3708 4228 sa-

2103 4279 2329 4336 culares
2361 4276 2595 4332 habere.

2175 4368 2259 4422 19.
2295 4365 2456 4431 Quod
2491 4379 2605 4418 non
2640 4364 2807 4416 nocet
2838 4359 3162 4416 ministerio
3196 4355 3580 4415 ministrantis
3606 4365 3708 4407 con-

2105 4456 2330 4528 tagium
2360 4452 2511 4508 vitae.

415 4541 541 4595 266.
578 4539 651 4594 Ut
681 4537 1002 4612 presbyteri
1034 4542 1090 4594 et
1137 4538 1366 4593 diaconi
1417 4537 1474 4592 in
1525 4539 1773 4610 graviori
1824 4540 1996 4614 culpa
2030 4553 2073 4617 D
2171 4545 2262 4598 20.
2296 4543 2375 4597 De
2406 4537 2801 4610 increpatione
2832 4535 3121 4592 malorum
3154 4535 3542 4591 sacerdotum.

348 4628 596 4683 convicti
643 4645 853 4683 manus
883 4627 1320 4700 impositioncm
1355 4632 1656 4699 tamquam
1711 4627 1839 4684 laici
1885 4647 1996 4684 non

351 4714 697 4787 suscipiant.

422 4805 546 4857 267.
579 4805 738 4867 Quod
787 4805 1110 4877 presbyteri
1161 4809 1218 4860 et
1263 4805 1492 4861 diaconi
1548 4803 1597 4860 si
1647 4805 1706 4859 in
1757 4807 1994 4878 aliquod

353 4893 571 4946 crimen
603 4891 858 4964 prolapsi
890 4893 1246 4961 fuerint,non
1280 4893 1508 4966 possint
1537 4909 1864 4964 permanus
1892 4895 1998 4951 im-

355 4979 702 5052 positionem
735 4983 1084 5052 pmnitentia
1113 4981 1437 5038 remedium
1468 4982 1767 5052 consequi.

426 5069 550 5122 268.
585 5070 745 5134 Quod
778 5070 1062 5125 incertum
1096 5072 1172 5126 sit
1199 5077 1397 5126 utrum
1450 5070 1703 5143 priorem
1749 5073 1998 5144 gradum

355 5156 664 5230 episcopus
695 5162 827 5230 post
857 5157 1089 5230 lapsum
1121 5160 1385 5232 accipiat.

428 5247 552 5300 269.
579 5245 656 5300 De
690 5245 1013 5302 ministerio
1046 5249 1198 5318 quod
1249 5249 1366 5321 agit
1414 5252 1546 5320 post
1593 5248 2000 5320 penitentiam

357 5334 457 5406 qui
491 5334 600 5390 sub
632 5335 816 5408 gradu
847 5334 1123 5406 peccavit.

427 5427 550 5479 270.
585 5424 665 5479 De
694 5423 874 5496 lapsis
904 5425 1206 5496 gradibus.

427 5515 552 5568 271.
585 5512 841 5586 Epistola
874 5512 1078 5568 lsidori
1110 5513 1364 5586 episcopi
1391 5514 1461 5570 ad
1495 5514 1823 5573 Massonem
1855 5516 2003 5590 epis-

359 5618 567 5674 copum
597 5604 668 5658 de
700 5600 1122 5659 restauratione
1155 5603 1544 5658 sacerdotum.

2181 4634 2270 4687 21.
2305 4630 2467 4696 Quod
2500 4627 2730 4701 paschae
2761 4625 3126 4698 temporibus
3157 4623 3480 4696 presbyteri
3525 4624 3574 4675 et
3613 4613 3707 4669 dia-

2104 4721 2234 4777 coni
2267 4718 2672 4775 rcmissionem
2703 4718 3078 4787 peccatorum
3109 4730 3210 4785 per
3243 4711 3543 4784 parochias
3583 4705 3706 4758 dent-

2177 4813 2264 4864 22.
2299 4810 2420 4873 Quo
2450 4811 2711 4878 tempore
2743 4802 2966 4858 Pascha
2996 4801 3347 4857 celebretur.

2177 4899 2264 4953 23.
2297 4897 2382 4950 Ad
2433 4894 2610 4950 aliam
2660 4889 2996 4964 parochiam
3045 4889 3330 4962 eulogias,
3374 4904 3496 4960 quae
3540 4879 3708 4939 oblata

2107 4990 2266 5054 sunt,
2299 4983 2543 5040 minime
2575 4979 2980 5037 destinandas.

2177 5053 2266 5130 24.
2301 5074 2380 5128 De
2410 5069 2758 5128 lectionibus
2790 5085 2916 5140 quas
2950 5065 3199 5122 debeant
3226 5062 3513 5122 recenseri
3533 5062 3585 5116 in
3604 5053 3708 5112 sab-

2110 5164 2288 5220 batis.

2180 5255 2270 5308 25.
2304 5250 2464 5315 Quod
2499 5247 2883 5304 interstitium
2911 5245 3277 5318 psalmorum
3310 5244 3510 5300 debeat
3537 5238 3587 5293 in
3608 5246 3711 5289 con-

2111 5345 2286 5397 ventu
2312 5337 2575 5396 ﬁdelium
2607 5335 2752 5392 ﬁeri.

2183 5431 2272 5484 26.
2307 5427 2468 5492 Quod
2501 5443 2603 5498 pro
2635 5424 2907 5497 episcopo
2939 5422 3173 5477 inﬁrmo
3205 5421 3474 5478 sacerdos
3503 5429 3608 5471 non
3628 5405 3710 5463 mi-

2113 5521 2386 5662 ms2‘7tt‘.etl.)e
2420 5603 2687 5676 precibus
2716 5605 2848 5673 post
2874 5616 3206 5656 sermonem
3241 5597 3506 5654 habitum
3533 5589 3595 5648 ad
3616 5584 3709 5658 Ρὶθο
