3810 6214
101 355 199 416 113
1175 354 1264 414 CA
1278 351 1551 414 NONUM
1600 351 1875 412 PRISCA
1920 351 2377 414 COLLEC'I‘IO.
3360 359 3478 417 414

102 493 212 546 bem
241 489 536 558 faciendis,
570 495 626 544 et
657 490 730 545 de
763 488 854 544 his
887 505 1000 560 quo
1028 489 1177 542 intra
1209 487 1526 543 sacrarium
1557 504 1718 540 com-
1748 490 1800 552 Α
1899 486 1988 539 56.
2015 485 2092 539 De
2107 485 3085 557 affligendocordeintermissarum
3107 489 3472 564 sollempnia.

104 580 372 636 municare
403 578 722 635 conveniat.
1897 576 1986 630 57.
2015 575 2091 629 De
2115 574 2205 628 his
2229 575 2325 646 qui
2347 575 2634 632 intrantes
2658 576 2960 632 ecclesiam
2980 585 3215 651 propter
3232 581 3476 636 nimiam

160 672 238 722 28.
268 669 387 723 Non
419 651 591 723 licere
621 668 959 740 presbytero
993 666 1231 720 introire
1255 665 1326 719 ad
1352 663 1533 719 altare
1555 663 1721 735 prius
1829 661 2119 717 luxuriam
2157 669 2522 719 sacramento
2553 681 2613 719 se
2644 665 2957 721 abstinent.

103 775 254 829 quam
283 757 647 830 ingrediatur
674 757 1006 828 episcopus.
1897 753 1985 805 58.
2023 753 2182 818 Quod
2217 752 2674 825 sollcmpnitates
2697 759 3030 809 sanctorum
3056 774 3170 812 non
3189 761 3307 813 tam
3331 759 3478 814 cibis

157 857 235 911 29,
267 856 422 919 Quod
457 856 640 910 missa
670 872 786 910 non
821 856 892 909 ab
924 855 1038 909 alia
1080 853 1179 908 sed
1214 853 1284 907 ab
1317 870 1383 907 eo
1416 851 1513 924 qui
1548 850 1722 923 οωρίι
1830 856 2006 911 quam
2040 841 2222 896 animi
2253 843 2638 897 exsultatione
2666 842 3025 899 celebranda:
3054 845 3191 900 sint.

104 945 347 1017 compleri
377 945 602 1000 debeat.
1898 929 1987 984 59.
2025 929 2092 984 Ut
2116 929 2365 1001 populus
2396 936 2529 986 ante
2560 931 2909 1003 completam
2944 933 3186 989 missam
3219 940 3274 990 et
3307 937 3480 992 bene-

161 1045 236 1097 30.
284 1043 444 1106 Quod
503 1060 619 1098 non
678 1042 930 1098 debeant
985 1041 1313 1098 sacerdotes
1370 1045 1471 1094 aut
1525 1038 1718 1094 clerici

1906 1017 2140 1073 :tionem
2172 1024 2466 1091 acceptam
2501 1020 2694 1090 egredi
2727 1038 2840 1076 non
2875 1030 3210 1093 praesumat.

106 1132 272 1187 amicti
302 1131 490 1204 palliis
521 1135 577 1186 et
608 1131 901 1203 praecincti
950 1131 1183 1186 lumbos
1233 1131 1290 1185 in
1331 1128 1574 1184 ecclesia
1607 1127 1719 1182 mi-
2025 1107 2138 1204 ἕθο
2172 1107 2358 1204 hic“?
2390 1125 2491 1163 nec
2525 1110 2741 1204 fel}?an
2772 1109 3136 1204 ingrefliam“
3174 1114 3245 1168 ad
3278 1114 3479 1169 altare-

107 1196 342 1276 nistraré.
608 1196 626 1203 ’
1899 1198 1989 1251 61.
2027 1196 2097 1250 Ut
2127 1198 2450 1252 sacrarium
2486 1198 2764 1254 mulieres
2797 1216 2909 1254 non
2941 1201 3249 1257 introeant.

161 1311 236 1364 31.
267 1309 420 1375 Quod
455 1309 734 1380 episcopi,
770 1309 1115 1381 presbyteri,
1150 1307 1402 1372 diaconi,
1437 1305 1722 1362 szeculari-

1906 1287 1988 1339 6'2.
2022 1285 2102 1340 Ne
2136 1285 2363 1340 femina:
2395 1287 2452 1341 in
2487 1287 2830 1343 cmmeteriis
2857 1289 3216 1361 pervigilant.

109 1399 197 1453 bus
222 1374 572 1453 indumen'ﬁs
604 1374 722 1452 m'm
753 1374 1003 1452 debeat},
1031 1398 1136 1452 uti.
1899 1376 1991 1430 63.
2025 1374 2096 1428 Ut
2129 1374 2324 1429 nullus
2354 1375 2566 1430 civium
2602 1375 2944 1432 festivitates
2973 1379 3224 1448 majores
3257 1379 3313 1436 in
3347 1380 3485 1436 villa

163 1498 238 1550 32.
267 1494 470 1551 Nullus
500 1495 751 1551 clericus
797 1512 1034 1550 causam
1075 1495 1231 1550 dicat
1259 1495 1486 1548 cinctus
1518 1493 1630 1548 nisi
1663 1494 1721 1548 in
1833 1462 2106 1565 ceiﬁbrit'
2135 1552 2146 1565 ,
2178 1551 2188 1562 ,
2334 1553 2343 1562 ,
2379 1559 2386 1565 ι
2484 1554 2520 1565 ν
2686 1555 2699 1565 _
2833 1555 2846 1565 ,
2927 1555 2936 1565 ,

108 1584 332 1640 ecclesia.
1901 1553 1990 1606 64.
2025 1553 2104 1607 De
2135 1552 2225 1607 his
2247 1553 2344 1624 qui
2375 1554 2599 1608 tardius
2632 1555 2702 1608 ad
2732 1555 3037 1610 ecclesiam
3072 1558 3375 1613 accedunt.

163 1673 236 1728 33.
268 1675 421 1740 Quod
456 1674 866 1745 episcoporum
899 1672 1262 1742 cubicularii,
1297 1689 1410 1727 non
1434 1671 1585 1738 laici,
1621 1671 1723 1726 sed

1906 1643 1994 1697 65.
2027 1643 2187 1708 Quod
2222 1659 2432 1697 usuras
2467 1659 2581 1698 non
2629 1642 2821 1698 clerici
2871 1644 3062 1699 solum
3095 1647 3338 1718 .exigere
3371 1663 3485 1702 non

110 1730 378 1818 cledci‘vel
411 1730 684 1818 mo'nach'i
719 1779 847 1817 esse
871 1762 1140 1818 debeant.
1246 1730 1262 1742 ’
1575 1730 1584 1738 '
1833 1730 2102 1797 debeant,
2127 1733 2226 1787 sed
2262 1749 2364 1787 nec
2393 1731 2524 1788 laici
2559 1732 2893 1788 Christiani.

1902 1821 1992 1875 66.
2027 1821 2265 1876 Oblatas
2289 1823 2344 1876 in
2371 1823 2823 1893 quadragesima
2847 1841 2960 1878 non
2979 1830 3244 1896 oportere
3273 1825 3485 1881 offerri.

1905 1909 1995 1962 67.
2031 1909 2268 1964 Oblatas
2301 1911 2493 1964 offerri
2525 1910 2582 1964 in
2616 1911 2888 1966 domibus
2920 1930 3034 1967 non
3068 1918 3352 1984 oportere.

1903 1998 1993 2051 68.
2027 2001 2160 2064 Quae
2184 1999 2406 2069 species
2432 2017 2543 2054 non
2568 2001 2639 2054 ad
2663 2000 2864 2057 altaris
2891 2002 3266 2069 sacrificium,
3290 2005 3390 2059 sed
3415 2006 3487 2060 ad

1836 2085 2162 2157 simplicem
2197 2087 2657 2144 benedictionem
2691 2090 2942 2145 debeant
2967 2091 3181 2146 offerri.

1905 2176 1995 2229 69.
2028 2175 2098 2230 Ut
2128 2193 2194 2231 ea
2224 2194 2349 2248 qua:
2383 2177 2441 2232 in
2476 2176 2720 2234 ecclesia
2750 2179 2940 2234 offerri
2974 2197 3087 2235 non
3121 2186 3388 2252 possunt,
3416 2184 3486 2237 ad

1837 2263 2042 2320 domos
2073 2267 2442 2321 sacerdotum
2475 2285 2508 2321 a
2538 2266 2810 2322 fidelibus
2841 2269 3197 2323 deferantur.

1905 2355 1994 2409 70.
2030 2355 2190 2420 Quod
2225 2356 2453 2410 Domini
2484 2361 2655 2410 erunt
2685 2375 2810 2428 qua:
2841 2358 3181 2413 offeruntur.

1906 2445 1996 2498 71.
2028 2444 2106 2499 De
2136 2445 2410 2499 omnibus
2443 2445 2558 2499 Deo
2592 2445 2933 2501 immolatis.

166 1860 237 1916 34.
268 1862 340 1916 De
372 1861 465 1917 his
497 1860 600 1933 qui
633 1861 882 1916 debeant
912 1861 970 1914 in
1001 1861 1270 1925 ambone,
1297 1860 1354 1916 id
1389 1866 1476 1915 est
1503 1861 1560 1914 in
1595 1858 1724 1932 pul-
1755 1859 1801 1922 Β

113 1949 224 2020 pito,
251 1951 510 2023 psallere.
1453 2001 1460 2006 .

165 2040 238 2094 35.
266 2040 419 2103 Quod
453 2039 832 2096 cantantibus
861 2043 917 2094 et
945 2037 1333 2110 psallentibus
1355 2037 1727 2102 Domino,an-

112 2127 333 2199 gelorum
379 2130 579 2184 adsint
624 2127 918 2198 praesidia,
950 2131 1007 2182 et
1035 2127 1383 2182 maledictus
1417 2126 1590 2180 homo
1624 2125 1722 2197 qui

113 2233 230 2288 opus
261 2217 348 2272 Dei
380 2219 518 2273 facit
550 2215 942 2289 neglegenter.

167 2317 240 2370 36.
269 2317 417 2380 Quod
450 2332 666 2388 pueros
697 2315 1071 2370 eunuchizari
1114 2313 1405 2369 nefarium
1442 2314 1538 2378 sit,
1571 2318 1625 2368 et
1657 2315 1727 2368 de

115 2405 405 2460 cantoribus
435 2403 720 2460 ecclesiae.

169 2503 242 2555 37.
274 2508 343 2558 De
371 2501 714 2558 cantoribus
742 2505 797 2556 et
825 2499 1235 2572 psallentibus.

169 2592 243 2645 38.
273 2593 424 2656 Quod
455 2608 593 2646 cum
627 2589 942 2662 disciplina
970 2591 1142 2646 debet
1172 2590 1321 2645 cani.

171 2679 243 2734 39.
274 2681 346 2736 De
371 2679 775 2736 modulatione
802 2680 1073 2734 cantandi
1106 2680 1162 2734 in
1195 2680 1457 2735 ecclesia.

1905 2535 1995 2587 72.
2031 2538 2107 2588 De
2140 2533 2231 2589 his
2261 2533 2360 2605 qui
2393 2534 2693 2589 retrahunt
2727 2535 3107 2590 sanctificata.

1904 2623 1995 2677 73.
2029 2623 2106 2677 De
2138 2640 2202 2677 eo
2235 2623 2334 2693 qui
2366 2623 2670 2678 nudaverit
2697 2623 3025 2678 ecclesiam.

1905 2713 1996 2765 74.
2031 2713 2192 2777 Quod
2226 2711 2546 2767 humanius
2568 2717 2701 2784 agat
2722 2711 2966 2767 ecclesia
2988 2730 3120 2768 cum
3147 2714 3236 2770 his
3268 2716 3368 2787 qui
3402 2733 3486 2772 re-

1838 2800 2081 2855 trahunt
2110 2801 2454 2856 oblationes.

1909 2889 2001 2946 75.
2037 2890 2199 2954 Quod
2231 2907 2345 2944 non
2378 2888 2766 2961 exspoliandaa
2799 2894 2937 2944 sunt
2967 2889 3241 2956 ecclesiae,
3276 2891 3325 2946 si
3348 2891 3486 2948 mali

1840 2977 1958 3032 sint
1979 2977 2268 3049 principes
2299 2994 2521 3032 earum.

1906 3068 1997 3120 76.
2031 3067 2111 3122 De
2131 3066 2522 3122 oblationibus
2555 3084 2668 3122 non
2698 3067 3146 3134 movendis,nisi
3170 3070 3486 3125 necessitas

171 2770 242 2823 40.
273 2769 339 2824 Ut
366 2771 549 2826 sacris
601 2769 886 2824 altaribus
933 2768 1134 2834 dediti,
1167 2773 1435 2824 cantores
1479 2787 1593 2826 non
1625 2769 1727 2825 eli-

115 2863 308 2927 gantur.

175 2948 245 3002 11.
278 2949 430 3015 Quod
487 2947 789 3003 laudanda
821 2951 909 3002 est
937 2947 1322 3003 Ambrosiana
1370 2947 1640 3014 melodia,
1674 2953 1730 3004 et

118 3037 243 3106 quod
263 3055 356 3109 per
377 3037 571 3110 ipsam
594 3036 666 3092 ad
690 3035 1094 3090 credulitatem
1118 3035 1285 3090 multi
1305 3041 1726 3108 pervenerunt;

117 3127 315 3196 etquod
350 3130 585 3199 propter
612 3125 803 3198 ipsam
839 3124 1174 3193 melodiam,
1211 3126 1621 3182 castrationem
1656 3126 1729 3180 ab
1839 3155 2108 3211 suaserit.

117 3211 412 3318 δθξίξίηξδυε
443 3215 571 3318 ﬁcii
604 3213 1066 3318 “bonima‘ldum
1097 3219 1203 3270 δεῖ·
1282 3311 1294 3318 _
1339 3313 1350 3318 _
1504 3313 1541 3318 __
1754 3221 1796 3287 (ἶ
1900 3247 1991 3299 77.
2024 3246 2102 3301 De
2134 3250 2410 3318 quattuor
2439 3244 2834 3301 oblationibus
2865 3245 3118 3302 ecclesia:
3153 3247 3268 3302 Dei.

174 3312 246 3365 42.
277 3313 350 3368 De
378 3312 652 3386 precibus
674 3328 829 3366 nona
859 3315 915 3366 et
945 3327 1184 3383 vespera
1215 3311 1598 3369 celebrandis.
1903 3337 1994 3389 78.
2026 3335 2105 3390 De
2136 3311 2399 3391 decimis.

175 3400 246 3455 «13.
277 3401 331 3456 Si
355 3402 530 3457 frater
548 3399 948 3456 nominandus
981 3400 1132 3455 inter
1162 3400 1475 3457 missarum
1499 3402 1728 3458 sollem-

121 3488 248 3556 pnia,
278 3507 345 3544 an
378 3507 513 3546 non.

173 3579 244 3632 44.
273 3580 587 3651 Cujusnam
617 3577 948 3649 specialiter
977 3577 1036 3632 in
1085 3578 1330 3634 ecclesia
1377 3597 1588 3636 nomen
1635 3584 1726 3635 ta-

115 3671 297 3723 ocatur.

171 3757 242 3810 45.
272 3758 521 3830 Epistola
553 3756 709 3811 beati
745 3755 980 3812 Damasi
1011 3773 1172 3828 papae
1205 3757 1278 3812 ad
1308 3757 1724 3831 Hieronymum

114 3842 168 3898 de
192 3846 373 3902 ordine
402 3847 748 3902 missarum.

1904 3425 1996 3479 79.
2030 3425 2109 3481 De
2135 3424 2425 3480 oblatione
2475 3424 2738 3496 degentis
2788 3425 2898 3478 sub
2941 3441 3119 3480 censu
3153 3442 3265 3481 non
3296 3427 3485 3498 perci-

1837 3513 2068 3585 pienda.
2435 3557 2438 3562 .

1907 3605 1996 3656 80.
2027 3603 2104 3657 De
2136 3602 2426 3658 oblatione
2458 3601 2903 3674 puerorum(13)
2934 3602 3233 3670 mutanda,
3251 3603 3299 3658 si
3322 3621 3487 3660 mun~

1836 3691 1949 3758 do;
1982 3709 2098 3746 non
2131 3692 2434 3759 mutanda,
2471 3691 2518 3746 si
2552 3691 2686 3746 Deo.

1905 3783 1993 3837 81.
2029 3782 2107 3837 De
2137 3781 2284 3836 votis
2308 3797 2619 3853 puerorum
2637 3779 2726 3834 vel
2747 3779 3058 3834 mulierum
3093 3781 3484 3851 retrahendis,

1833 3870 1922 3926 vel
1955 3888 2068 3926 non
2102 3869 2485 3926 retrahendis.

169 3943 239 3997 46.
262 3943 537 4000 Utnullus
552 3942 827 3999 sacerdos
848 3943 1203 3998 sacriﬁcium
1226 3943 1427 4001 altaris
1450 3945 1506 4000 in
1531 3963 1724 4018 panno

1906 3963 1993 4016 82.
2027 3961 2107 4016 De
2136 3959 2592 4031 obligationibus
2623 3959 2849 4031 antiqui
2887 3959 3166 4032 temporis
3197 3961 3482 4029 retractis,

115 4029 258 4121 tincto
284 4032 549 4089 celebret.
620 4119 655 4121 Γ
726 4119 736 4121 ξ
797 4119 806 4121 _
1041 4119 1048 4121 _
1141 4120 1147 4121 γ
1834 4050 1892 4105 in
1917 4051 2019 4121 jus
2051 4029 2359 4121 antiquum
2395 4048 2750 4104 revocandis.

168 4119 238 4174 47.
265 4120 330 4177 Ut
374 4121 518 4178 nihil
582 4119 742 4175 aliud
791 4119 852 4174 in
903 4119 1190 4176 sacrificio
1237 4124 1444 4192 praeter
1475 4123 1533 4178 id
1566 4126 1721 4195 quod

1906 4119 1990 4194 83.
2027 4119 2326 4205 Quod—non
2352 4141 2614 4210 oporteat
2633 4137 2977 4204 oblationes,
2995 4153 3120 4209 quae
3143 4137 3486 4194 deferuntur

115 4209 282 4263 statuit
309 4210 601 4266 oli‘eratur.

1906 4227 2108 4295 clesiaa,
2142 4227 2540 4298 voluptatibus
2571 4224 2902 4280 admisceri.

168 4295 239 4349 48·
269 4296 335 4352 Ul-
363 4298 419 4352 ίη
451 4297 626 4353 altari
669 4296 766 4352 “bi
799 4296 1109 4369 episcopus
1140 4298 1384 4353 missam
1416 4299 1570 4368 fac“,
1606 4318 1721 4356 ηοῐι
1902 4319 1990 4372 84.
2025 4317 2105 4371 De
2143 4295 2539 4372 oblationibus
2600 4312 2767 4368 liberi
2826 4312 3081 4368 hominis
3139 4330 3254 4368 non
3301 4318 3482 4370 retra-

114 4377 247 4437 liceat
275 4385 392 4456 ipso
418 4386 512 4442 die
541 4384 833 4440 sacerdoti
867 4386 1110 4442 missam
1142 4385 1451 4444 celebrare.
1830 4405 2059 4460 hendis,

168 4480 238 4535 49·
269 4484 419 4548 Ουοά
451 4483 712 4540 ῐῐιίῐὶίεὶΐί
745 4482 946 4540 altaris
974 4483 1268 4540 Oblatione
1297 4486 1587 4543 celebrata
1617 4489 1718 4544 de-
1901 4496 1990 4549 85.
2027 4493 2258 4563 Dejure
2282 4489 2613 4562 sepulturze.
2641 4489 2720 4544 De
2735 4489 2874 4544 viris
2892 4493 2948 4544 et
2971 4488 3250 4545 uxoribus
3281 4490 3338 4544 in
3363 4507 3479 4545 uno

115 4565 253 4624 beant
277 4572 727 4628 communicare.
1748 4588 1794 4651 Ι)
1824 4583 2089 4656 sepulcro
2125 4579 2498 4651 sepeliendis.

165 4656 238 4711 50.
267 4657 339 4714 De
362 4659 530 4715 altari
566 4665 745 4715 moto.
1896 4675 1985 4726 86.
2019 4670 2182 4736 Quod
2215 4669 2424 4724 mulier
2456 4671 2585 4740 post
2628 4672 2874 4723 mortem
2919 4665 3128 4739 prioris
3158 4667 3265 4722 viri
3297 4667 3482 4724 libera

165 4744 239 4799 51.
267 4749 418 4810 Quod
479 4748 789 4805 Dominica
835 4749 1192 4806 eucharistia
1234 4768 1363 4807 vere
1396 4753 1471 4808 sit
1501 4769 1633 4809 caro
1664 4758 1722 4809 et
1830 4761 1908 4818 sit,
1937 4777 2070 4816 cum
2103 4759 2358 4816 secundo
2390 4757 2509 4812 viro
2543 4755 2819 4828 conjungi
2850 4761 2908 4812 et
2937 4755 3191 4828 sepeliri.

115 4835 312 4904 sanSuis
340 4835 571 4893 Christi.
1899 4852 1988 4904 87.
2026 4851 2101 4905 De
2132 4853 2360 4903 mortuo
2394 4864 2506 4902 non
2541 4847 2864 4902 retinendo.

164 4919 238 4975 ⁵2-
269 4922 459 4981 Utrum
491 4925 789 4982 cotidiana
820 4925 1157 4998 accipienda
1187 4927 1562 4985 eucharistia.
1897 4941 1987 4994 88.
2022 4938 2102 4993 De
2140 4936 2279 4992 viris
2327 4941 2382 4991 et
2415 4935 2761 4992 mulieribus
2795 4953 2908 4990 non
2943 4952 3058 4990 uno
3089 4935 3356 5008 sepulcro
3387 4953 3477 4993 se-

163 5016 237 5072 53.
267 5021 339 5077 De
363 5023 740 5080 saecularibus
762 5025 992 5096 quoties
1011 5026 1272 5098 accipere
1299 5027 1714 5084 eucharistiam
1827 5026 2147 5098 peliendis;
2179 5025 2278 5081 sed
2332 5025 2740 5096 unusquisque
2770 5023 3082 5096 sepeliatur
3112 5024 3171 5080 in
3207 5025 3474 5098 sepulcro

113 5102 339 5166 debeant.
1825 5120 2087 5188 paterno.

166 5195 239 5250 54.
269 5200 417 5263 Quod
442 5201 643 5258 fideles
665 5201 798 5257 laici
818 5201 1212 5275 ingredientes
1233 5203 1540 5260 ecclesiam
1561 5222 1714 5260 com-
1893 5204 1982 5259 89.
2017 5203 2178 5268 Quod
2226 5219 2328 5274 pro
2379 5201 2550 5275 plaga
2578 5202 2927 5274 gravissima
2958 5208 3262 5276 reputatur
3291 5203 3342 5258 ei
3374 5203 3472 5274 qui

115 5286 369 5343 municare
397 5289 662 5346 debeant.
1822 5309 1937 5348 non
1971 5291 2283 5364 sepelietur
2311 5290 2369 5346 in
2399 5297 2633 5364 patrum
2666 5292 2958 5364 sepulcro.

166 5369 239 5423 55.
268 5373 460 5431 Nullus
478 5379 1304 5450 prcesumatadcelebrandam
1319 5381 1560 5437 missam
1577 5398 1709 5436 cum
1891 5383 1980 5436 90.
2017 5386 2094 5435 De
2125 5379 2385 5452 exemplo
2417 5380 2847 5452 consepeliendi
2879 5381 3032 5437 viros
3082 5381 3468 5447 feminasque,

93 5451 1006 5562 .baculointroire,neccumvelato
1020 5469 1206 5540 capite
1229 5469 1396 5524 altari
1415 5470 1706 5526 assistere.
1821 5469 1869 5526 si
1901 5485 2070 5541 pares
2103 5469 2308 5524 merito
2341 5474 2478 5524 sunt
2511 5451 2642 5541 (11d.

168 5581 258 5666 (β)
286 5585 490 5661 Nempe
538 5593 608 5646 de
658 5593 832 5648 rebus
893 5592 1104 5649 oblatis
1147 5612 1179 5648 a
1210 5594 1404 5666 pueris
1439 5600 1499 5650 ut
1529 5600 1616 5650 est
1649 5595 1706 5650 in
1820 5594 2056 5666 sepulta:
2083 5595 2138 5648 in
2165 5593 2389 5648 tumulo
2412 5595 2468 5649 S.
2489 5593 2780 5666 Benedicti
2813 5593 3030 5666 fratris,
3053 5591 3182 5646 etS.
3215 5584 3463 5657 Philippi
3651 5593 3719 5660 Α·

116 5649 258 5737 mili:
287 5725 302 5737 .
368 5734 375 5737 _
423 5649 440 5661 .
662 5735 674 5737 _
1211 5649 1227 5666 ι
1302 5649 1308 5650 ί
1497 5736 1502 5737 ί
1574 5649 1581 5650 ί
1818 5649 2061 5737 ἑρόείοιὶ
2094 5681 2227 5720 cum
2261 5669 2512 5736 quatuor
2542 5665 2773 5720 filiabus
2804 5649 3034 5733 sepulti.

169 5721 259 5793 (14)
285 5725 341 5783 In
363 5734 513 5790 textu
546 5735 922 5806 proferuntur
953 5737 1215 5809 exempla
1247 5737 1304 5794 S.
1339 5736 1706 5794 Scholasticae

3165 5799 3563 5981 β..
