3810 6214
313 358 430 422 415
1161 357 1497 419 APPEND.
1543 357 1645 418 AD
1693 358 1817 419 S/E‘

2210 355 2409 418 PERA
2453 372 2849 420 memorum.
3609 354 3714 414 416

378 493 470 551 91.
498 492 661 559 Quod
722 491 930 549 debeat
985 489 1159 549 homo
1189 491 1248 547 in
1281 490 1525 548 ecclesia
1566 508 1673 549 sua
1701 490 1954 564 sepeliri,
1986 492 2041 560 Α
2071 494 2128 547 et
2159 490 2313 563 quod
2338 487 2664 545 monachus
2695 487 2768 543 ad
2815 484 3282 543 ecclesiasticum
3331 485 3600 543 ordinem
3626 504 3711 543 ve-

312 584 488 641 etiam
520 581 867 639 monachus.
2071 578 2258 647 niens,
2285 598 2396 635 non
2425 578 2613 652 possit
2642 576 2854 633 iterum
2885 575 2945 631 in
2976 576 3184 633 eodem
3239 576 3575 665 inhabitare
3602 594 3710 633 mo-

380 676 471 730 92.
506 672 667 739 Quod
701 671 986 726 mittenda
1017 687 1143 727 sors
1174 669 1327 726 inter
1357 668 1661 726 ecclesiam
1696 675 1753 727 et
1774 669 1961 743 sepul-
2070 669 2345 725 nasterio.

314 780 479 819 crum
513 761 717 835 patris.
2138 760 2230 814 22.
2263 758 2342 814 De
2374 756 2795 813 monachorum
2829 754 3213 827 promotione.

379 853 469 907 93.
504 850 666 915 Quod
699 848 1033 921 sepulcrum
1066 849 1235 904 vendi
1270 865 1382 903 non
1403 848 1643 903 ﬁebeat.
2136 859 2223 912 23.
2260 857 2421 921 Quod
2455 852 2724 912 monachi
2757 854 2827 909 ad
2860 870 3094 909 sacrum
3143 851 3418 909 ordinem
3478 852 3707 926 promoti

378 942 469 996 94.
504 940 665 1007 Quod
729 956 842 993 non
902 940 1137 1009 prodest
1188 938 1358 993 malis
1416 937 1648 1009 sepeliri
1702 937 1761 992 in
1816 938 1959 994 locis
2069 963 2182 1001 non
2214 947 2463 1001 debeant
2491 962 2525 1000 ει
2554 961 2659 1000 suo
2685 944 2978 1017 [roposito
3005 942 3255 998 deviare,

310 1029 554 1085 sanctis.

2134 1048 2224 1101 24.
2258 1046 2336 1101 De
2363 1043 2784 1100 monachorum
2815 1042 2904 1098 vel
2934 1041 3219 1097 laicorum
3251 1040 3636 1113 promotione.

496 1118 576 1215 138
610 1116 926 1215 retinendis
958 1116 1301 1215 corporibus
1334 1116 1465 1215 (15).
1578 1210 1585 1215 Δ
2138 1145 2226 1199 25.
2259 1144 2339 1199 De
2371 1141 2643 1199 monachi
2682 1132 3051 1213 promotione
3081 1156 3195 1194 non
3232 1137 3350 1194 nisi
3383 1142 3578 1193 vetera
3604 1140 3710 1192 sta-

374 1208 463 1262 96.
500 1206 578 1261 De
608 1206 1121 1277 transmigratione
1151 1206 1409 1275 corporis
1444 1210 1785 1278 martyrum.
2066 1236 2193 1288 tum
2222 1233 2435 1288 servari
2469 1206 2697 1287 debere:

372 1296 462 1350 97.
500 1300 572 1389 tie
603 1311 744 1389 cura
773 1310 876 1365 pro
903 1294 1169 1389 mortuis.
1200 1294 1279 1349 De
1300 1297 1581 1365 quattuor
1612 1294 1801 1349 modis
1835 1295 1957 1365 qui-
2138 1324 2224 1377 26.
2259 1322 2331 1377 Ut
2361 1322 2431 1377 de
2461 1320 2650 1377 alieno
2683 1318 3037 1374 monasterio
3080 1324 3416 1389 susceptos,
3452 1332 3555 1371 nec
3581 1332 3707 1386 prae-

306 1385 803 1483 buianuYiinmr
829 1387 1065 1483 metu“:
1115 1472 1128 1483 ,
1173 1472 1184 1483 ,
1294 1475 1303 1483 ,
2067 1412 2285 1483 positos
2318 1408 2689 1465 monasteriis
2719 1424 2824 1463 nec
2854 1405 3097 1463 clericos
3125 1405 3302 1462 liceat
3333 1405 3620 1461 ordinare.

373 1476 462 1528 98'
495 1478 571 1528 De
600 1473 690 1526 hi
719 1489 852 1571 Ῥω.
875 1490 1000 1525 U'm
1020 1489 1064 1525 Η
1098 1472 1333 1570 debegt'
1719 1504 1726 1511 ’
2135 1512 2224 1566 27.
2258 1510 2420 1575 Quod
2453 1509 2523 1564 de
2553 1506 2778 1563 familia
2796 1505 3194 1562 ecclesiastica
3214 1521 3396 1561 nemo
3418 1519 3706 1559 convom-

372 1564 461 1617 99.
498 1563 577 1619 De
608 1561 892 1617 sacnlicno
924 1577 1028 1631 pro
1060 1564 1329 1615 mortuis.
2065 1598 2239 1631 “mh,
2273 1598 2455 1631 manu
2488 1597 2544 1631 ςη
2581 1594 3001 1631 Μηηηιωςηω
3038 1594 3315 1631 fnum“
3348 1592 3556 1631 domn}
3607 1590 3701 1631 nm

451 1590 1329 1671 λυξῗῗῗῖἳῒξυξ
2065 1598 2242 1654 tionis
2271 1598 2461 1671 gratia
2488 1597 2548 1652 in
2581 1594 3005 1652 monasterium
3037 1594 3316 1649 festinare
3348 1592 3581 1661 debeat,
3607 1590 3702 1647 nisi

380 1654 504 1708 100.
538 1652 618 1707 De
649 1650 868 1706 orando
899 1665 1004 1720 pro
1034 1650 1301 1703 mortuis.
1830 1682 1835 1687 η
2071 1650 2459 1699 “’.“““”.ο’”“.“”
2584 1650 2665 1695 ήί

384 1742 469 1759 η..
535 1740 608 1759 ῃ,
645 1737 857 1759 μεμε,
896 1755 993 1759 ___
1031 1738 1279 1759 μηιηε,
2064 1705 2228 1759 prius
2254 1705 2313 1741 1n
2338 1686 2485 1743 laico
2514 1686 2718 1741 habitu
2745 1684 3043 1756 probetur.

379 1742 501 1796 101.
535 1740 615 1795 De
637 1737 862 1811 jejunio
894 1755 999 1809 pro
1031 1738 1301 1793 mortuis.

380 1831 500 1885 102.
534 1829 612 1884 De
644 1826 985 1883 remissione
1021 1843 1133 1881 non
1185 1827 1498 1885 aumrenda
1549 1832 1679 1885 post
1708 1832 1883 1883 morte

2066 1737 2226 1759 r--—-
2256 1737 2313 1741 -—
2338 1737 2479 1743 ψη
2515 1737 2717 1741 —w——~—
2745 1737 2837 1756 κ
2909 1737 2913 1738 ν

1889 1844 1955 1883 ιω
1988 1865 2032 1885 ἢ
2259 1766 2337 1885 Pe
2369 1779 2957 1885 elect-ione‘mona‘chi
2988 1778 3062 1834 ad
3094 1778 3393 1885 ordinem.

450 1834 500 1885 2.
534 1829 612 1884 De
644 1827 985 1883 remissione
1021 1843 1133 1881 non
1185 1827 1498 1899 qumrenda
1547 1832 1679 1899 post
1708 1832 1955 1883 mortem
1988 1865 2033 1928 B
2259 1827 2337 1930 ὗν
2370 1827 2651 1882 “’“’“’.’”“”
2687 1827 2957 1880 “’””“ἶ“”
2989 1827 3062 1834 ““
3097 1827 3292 1878 ““’.““

476 1919 530 1945 ε..
566 1918 675 1945 ..ειη
712 1918 783 1945 ..ει
820 1917 1056 1945 -.......:...
2210 1916 2222 1929 .
2306 1890 2335 1929 e
2367 1888 2564 1945 pueris
2591 1869 2680 1926 vel
2713 1868 2926 1942 puellis
2958 1867 3292 1924 monachis.

307 1936 443 1975 cum
476 1919 533 1973 in
566 1918 683 1973 vlta
712 1918 788 1973 sit
818 1918 1079 1989 quaesita.
1988 1918 2031 1928 "
2135 1918 2222 1929 ’ν’
2262 1918 2335 1973 ’Ὗ
2367 1918 2563 1945 "ww
2604 1918 2680 1926 ’“’
2713 1918 2924 1942 ι’“”’“”
2959 1918 3292 1967 ’”ἷ⁷ζ““’““’“

385 2009 480 2022 ...η
536 2012 574 2022 ..
646 2011 656 2022 .
739 2006 773 2022 ..
926 2004 963 2022 ον
1011 2021 1016 2022 ,
1044 2005 1054 2015 .
1102 2004 1113 2015 ο
1490 2011 1499 2022 .
2136 1964 2224 2018 30.
2258 1963 2422 2017 Sicut
2452 1960 2652 2016 nullus
2679 1959 2861 2014 abbas
2891 1957 3039 2022 fieri,
3063 1961 3145 2011 ita
3174 1956 3382 2013 nullus
3414 1972 3702 2012 conversus

378 2009 501 2063 103.
536 2012 611 2063 De
643 2009 978 2062 testimonio
1005 2009 1114 2060 vivi
1147 2021 1324 2077 super
1355 2011 1605 2062 mortuo.

370 2098 501 2153 104.
535 2096 697 2163 Quod
730 2111 845 2150 non
870 2093 1035 2149 facile
1064 2094 1335 2150 ﬁrmatur
1357 2095 1763 2152 testimonium
1781 2113 1874 2163 su;

2066 2051 2192 2108 sine
2223 2050 2478 2107 biennali
2508 2055 2770 2121 tempore
2799 2045 3098 2103 tonsurari
3130 2045 3534 2118 permittatur.

2136 2150 2194 2163 ..-
2260 2154 2296 2163 ..
2565 2146 2579 2163 ι
2609 2145 2622 2157 .
2692 2143 3083 2163 -.ηεμμειμ
3113 2142 3203 2163 ___.
3426 2161 3519 2163 η,

488 2139 501 2151 .
535 2112 697 2163 Quoa
730 2112 845 2150 non
870 2112 1035 2149 tacue
1064 2112 1335 2150 nrmatur
1357 2112 1763 2152 tcsumonlum
1781 2112 1959 2169 super
2609 2112 2653 2157 .‘
2792 2144 2803 2155 .
2886 2144 2897 2154 .
2950 2143 2961 2154 .
3130 2112 3149 2118 ‘
3191 2142 3203 2154 .
3641 2142 3652 2153 .

488 2202 537 2217 ,η
1857 2215 1861 2217 λ
2135 2150 2223 2205 31.
2258 2154 2335 2204 De
2353 2146 2658 2203 monachis
2681 2149 2739 2201 et
2754 2143 3086 2216 Virginibus
3104 2160 3207 2216 qui
3224 2160 3399 2199 suam
3425 2144 3699 2217 professio-

305 2189 558 2242 mortuo.
1857 2215 1867 2231 ι
2135 2189 2223 2205 υ..
2258 2189 2335 2204 uc
2353 2189 2605 2246 μω...νῖ

2066 2256 2198 2295 nem
2229 2256 2348 2295 non
2379 2236 2744 2293 custodiunt.

377 2276 498 2330 105.
533 2274 614 2330 De
642 2276 991 2328 testamento
1022 2272 1239 2328 mortui
1270 2290 1447 2346 super
1474 2273 1621 2329 vivo.
2067 2272 2206 2346 ηοξ
2231 2272 2887 2346 ιζξλξλξῗξυζὛξῗςίλΜ
2925 2321 2980 2346 :_
3017 2337 3120 2346 ____
3155 2322 3397 2346 “un:

375 2364 500 2419 106.
530 2363 609 2419 De
628 2362 718 2418 bis
736 2361 837 2434 qui
854 2322 1217 2417 submutant—
1217 2322 1953 2420 oblationes-mortuorum.
2258 2329 2333 2434 Re
2363 2322 3123 2434 ξ’ῗῐξξξξῐξξηῇδξῗξξξῗᾞ)
3155 2322 3487 2394 Ρτθροθίδα

2135 2418 2224 2471 33.
2260 2417 2338 2471 De
2366 2412 2694 2487 virginibus
2725 2415 2783 2467 et
2806 2409 3131 2466 monachis.

377 2454 499 2507 107.
538 2453 613 2507 De
634 2451 727 2507 his
752 2450 854 2522 qui
876 2467 1015 2506 suas
1036 2449 1123 2505 vel
1144 2450 1607 2523 propinquorum
1631 2453 1957 2509 oblationes
2135 2449 2224 2523 ᾖ·
2258 2449 2338 2523 ξίέ
2370 2449 2694 2523 Ῐξξεῗξῗζξδ
2715 2449 2783 2523 :1"
2806 2449 3139 2523 ‘_’_f‘_':.":’:‘;'_‘_’:
3189 2499 3430 2523 “nu:

305 2498 1014 2598 ecgfe's'i;}r;;d‘;;t:'"
1050 2498 1607 2523 ’”τ“”τ““¹“”“’“
1633 2498 1956 2509 ””””’“”“””
2134 2507 2223 2561 34.
2257 2505 2337 2560 De
2368 2501 2672 2559 monachis
2710 2503 2765 2556 et
2813 2498 3141 2571 virginibus
3189 2499 3560 2571 propositum
3599 2513 3694 2553 non

396 2594 485 2642 Γ
541 2594 555 2597 “
777 2594 781 2595 ί
2064 2594 2451 2651 servantibus.

689 2663 1039 2757 CAPITULA
1077 2664 1273 2719 LIBRI
1313 2664 1583 2730 QUARTI
2134 2686 2222 2739 35.
2259 2684 2339 2739 De
2368 2679 2664 2755 proposito
2693 2676 2967 2734 monachi
3007 2674 3255 2749 epistola
3293 2693 3466 2751 papa
3497 2674 3694 2732 Leonis.

924 2788 994 2826 DE
1033 2786 1335 2827 MONACHIS-
2133 2782 2223 2836 36.
2256 2780 2336 2835 De
2364 2779 2459 2835 his
2489 2778 2587 2851 qui
2622 2777 2749 2833 sine
2778 2774 3025 2831 crimine
3055 2790 3158 2847 per
3182 2773 3304 2830 vim
3337 2775 3401 2831 in
3433 2776 3695 2830 monaste-

373 2898 430 2955 1.
465 2898 545 2954 De
577 2896 812 2953 nomine
843 2896 1286 2953 monachorum.

1107 2913 1286 2953 )rum.
2063 2869 2218 2926 rium
2252 2869 2419 2925 missi
2452 2870 2611 2923 sunt.

373 2991 426 3047 2.
462 2991 539 3043 De
570 2987 802 3044 exordio
835 2989 891 3043 et
919 2986 1262 3042 auctoritate
1294 2986 1735 3044 monachorum.
2132 2970 2221 3025 37-
2256 2967 2415 3035 011οά
2448 2963 2722 3021 monachi
2753 2978 2857 3036 ΡΘΓ
2884 2962 3002 3018 Vim
3035 2961 3161 3017 ﬁeri
3191 2977 3309 3018 ηοη
3343 2963 3603 3019 debeant-

368 3079 423 3134 3.
458 3077 539 3133 De
568 3076 757 3132 tribus
792 3075 963 3131 malis
990 3073 1281 3144 monachi,
1312 3075 1953 3148 querela,ultione,ira-
2129 3069 2218 3123 38-
2253 3066 2415 3133 QnOd
2443 3081 2511 3120 ex
2539 3062 2690 3119 εἶθΓο
2725 3060 3051 3117 monachus
3082 3060 3299 3148 facins.
3322 3076 3433 3117 n80
3455 3061 3525 3117 ad
3546 3074 3691 3115 suam

299 3166 536 3222 cundia.
1337 3147 1346 3148 ί
2061 3174 2167 3213 nec
2197 3157 2269 3213 ad
2301 3154 2475 3211 aliam
2497 3151 2804 3210 ecclesiam
2838 3148 3073 3223 propria
3108 3147 3415 3206 voluntate
3463 3162 3691 3205 remeare

371 3256 423 3310 4.
458 3254 537 3310 De
566 3254 743 3310 variis
775 3252 1087 3327 generibus
1119 3252 1563 3309 monachorum.
1984 3228 2027 3295 (ί
2061 3245 2267 3320 possit.

368 3345 422 3399 5.
458 3343 538 3399 De
565 3326 986 3399 monachorum
1019 3341 1200 3397 totius
1250 3342 1592 3399 substantia:
1635 3343 1947 3401 oblatione.
2130 3336 2220 3391 39-
2253 3334 2334 3389 De
2365 3330 2735 3389 ordinatione
2765 3326 3060 3385 monnohi-

366 3434 424 3487 6.
456 3431 534 3489 De
566 3430 852 3488 monacho
880 3431 1147 3503 profugo.
2132 3426 2220 3480 40,
2257 3424 2337 3479 De
2368 3418 2671 3477 monachis
2703 3417 2805 3490 qui
2836 3416 2959 3473 solo
2989 3415 3193 3471 habitu
3223 3416 3503 3472 existunt.

365 3523 420 3576 7.
453 3526 532 3579 De
549 3521 836 3578 monacho
859 3520 1165 3576 remissius
1187 3536 1300 3575 non
1324 3520 1627 3577 retinendo
1651 3522 1722 3578 ab
1740 3523 1952 3579 abbate
2133 3514 2220 3568 41-
2256 3512 2313 3568 Si
2346 3511 2434 3565 Vir
2459 3507 2546 3565 νϐ]
2581 3507 2792 3563 molior
2818 3506 2892 3561 ad
2923 3504 3247 3563 SOiitariam
3289 3504 3473 3561 Vitam
3520 3508 3685 3559 trans-

297 3628 425 3667 suo.
2059 3602 2210 3659 ierit.

365 3704 419 3756 8.
454 3702 617 3766 Quod
650 3698 976 3757 monachus
1007 3698 1277 3753 abbatem
1317 3698 1643 3770 pessimum
1686 3701 1953 3757 deserere
2130 3692 2219 3747 42.
2256 3689 2315 3746 Si
2344 3688 2528 3743 laicus
2560 3686 2911 3758 conjugatus
2943 3682 3273 3738 monachus
3293 3682 3421 3738 fieri
3450 3679 3686 3770 voluerit.

296 3764 491 3845 debet;
1317 3764 1337 3770 ’
2132 3781 2219 3835 43.
2251 3779 2331 3834 De
2352 3776 2671 3849 conjugum
2699 3771 3138 3829 conversatione
3170 3788 3289 3827 non
3317 3788 3438 3828 uno
3475 3769 3591 3828 sine
3615 3764 3685 3823 al-

369 3877 423 3931 9.
458 3878 617 3943 Quod
653 3893 767 3932 non
795 3874 1207 3946 suscipiendus
1228 3878 1317 3930 est
1341 3875 1667 3932 monachus
1688 3878 1948 3935 alterius.
2062 3873 2206 3925 toro-

374 3966 461 4021 10.
486 3942 574 4021 De
621 3980 765 4036 vago
817 3942 1103 4021 monacho
1150 3964 1732 4034 excommunicando,
1765 3971 1821 4022 et
1852 3966 1950 4024 illo
2132 3959 2220 4013 44.
2254 3954 2637 4027 Siquisintcr
2666 3949 3082 4008 celebrandum
3115 3948 3400 4022 mysteria
3429 3942 3682 4004 ministris

295 4054 395 4126 qui
429 4070 564 4109 eum
598 4051 863 4125 suscipit.
2062 4049 2160 4103 Dei
2194 4043 2473 4116 injuriam
2506 4039 2721 4098 fecerit.

371 4143 455 4197 11.
490 4142 570 4198 De
600 4158 771 4214 paena
800 4138 1072 4195 monachi
1102 4138 1202 4211 qui
1236 4138 1423 4196 filium
1455 4141 1743 4213 genuerit.
2132 4146 2220 4200 45.
2252 4142 2313 4198 Si
2360 4156 2613 4212 sponsus
2652 4136 2740 4194 vel
2771 4153 2989 4209 sponsa
3017 4136 3090 4192 ad
3121 4135 3543 4192 monasterium
3571 4146 3684 4187 con-

371 4233 457 4287 12.
491 4230 549 4288 Si
572 4230 705 4304 quis
725 4227 1051 4285 monachus
1084 4244 1321 4283 uxorem
1346 4227 1594 4300 duxerit,
1618 4234 1719 4285 aut
1748 4248 1949 4287 mona-
2060 4233 2266 4307 fugiat.

296 4320 406 4377 Cha
434 4321 623 4378 Virum
648 4318 898 4376 duxerit
2131 4323 2219 4378 46.
2252 4319 2402 4385 Quid
2433 4316 2483 4373 si
2514 4317 2586 4373 ad
2619 4313 3044 4371 monasterium
3073 4313 3207 4385 quis
3239 4310 3556 4369 secesserit.

368 4411 453 4466 13.
490 4411 651 4478 Quod
686 4427 800 4466 non
833 4411 1061 4481 oportet
1083 4396 1950 4482 monachumacongregatione
2132 4412 2218 4465 47.
2251 4409 2332 4464 De
2361 4424 2427 4463 eo
2458 4406 2560 4478 qui
2592 4403 3017 4460 monasterium
3049 4419 3225 4458 suum
3260 4400 3518 4474 reliquit.

292 4501 583 4557 secedere.
880 4526 885 4533 -
2132 4499 2219 4553 48.
2249 4495 2323 4553 Ut
2354 4492 2627 4551 monachi
2673 4491 2762 4548 vel
2810 4490 3109 4548 monachae
3142 4491 3205 4546 in
3236 4489 3563 4546 civitatibus
3589 4497 3681 4539 non

364 4590 448 4645 14.
482 4589 562 4645 De
594 4587 898 4645 monachis
927 4585 1026 4659 qui
1057 4588 1441 4659 cognatorum
1470 4584 1841 4642 miserentur.
1983 4597 2032 4662 ι)
2062 4584 2462 4643 deambulent.

364 4680 451 4733 15.
485 4678 647 4743 Quod
680 4676 1005 4733 monachus
1040 4676 1215 4730 debet
1244 4675 1384 4730 dare
1406 4674 1603 4730 abbati
1636 4676 1943 4748 acquisita.
2132 4677 2218 4731 49.
2252 4674 2333 4729 De
2363 4670 2651 4728 monacho
2682 4668 2967 4726 adultero.

362 4765 452 4821 16.
488 4766 645 4831 Qued
680 4782 793 4821 non
826 4764 997 4820 liceat
1019 4762 1379 4820 monasteria
1407 4768 1747 4819 consecrata
1767 4764 1949 4822 diver-
2128 4766 2219 4821 50.
2255 4763 2334 4818 De
2365 4758 2671 4817 monachis
2700 4759 2801 4831 qui
2835 4774 3043 4813 uxores
3073 4756 3393 4827 accipiunt.

293 4855 449 4911 soria
480 4852 782 4909 saecularia
813 4854 957 4910 ﬁeri.
2128 4855 2220 4909 51.
2253 4851 2417 4916 Quod
2467 4847 2743 4905 mulieres
2787 4848 2847 4902 in
2880 4845 3305 4903 monasterium
3348 4840 3560 4917 ingredi
3588 4850 3681 4894 non

368 4945 453 4998 17.
486 4943 566 4998 De
597 4942 947 4999 monasterio
981 4942 1396 4998 construendo.
1939 4952 1944 4957 '
2060 4943 2328 5007 debeant,
2352 4955 2459 4995 nec
2481 4954 2579 4994 eas
2604 4935 2873 4993 monachi
2906 4937 3260 4991 commatres
3291 4934 3479 4990 facere
3498 4941 3683 5004 Ρωευ-

367 5032 453 5086 18.
489 5030 571 5085 De
603 5030 957 5086 monasterio
988 5028 1078 5085 vel
1110 5028 1363 5085 oratorio
1396 5044 1499 5101 per
1540 5028 1658 5085 vim
1699 5047 1814 5087 non
1846 5048 1949 5087 au-
2061 5034 2244 5087 mant.
2675 5074 2692 5088 .

294 5119 559 5177 ferendo.
2126 5121 2219 5175 52.
2249 5117 2331 5173 Ne
2358 5113 2725 5171 venditiones
2758 5112 3000 5169 abbates
3030 5111 3221 5167 facere
3252 5107 3614 5183 praesumant.

367 5209 450 5264 19.
486 5209 565 5264 De
589 5205 1146 5274 archimandritis,et
1167 5210 1231 5261 ut
1250 5206 1592 5264 constitutio
1614 5209 1949 5266 communis
2127 5210 2220 5265 53.
2248 5207 2329 5263 De
2349 5205 2569 5261 honore
2593 5201 2901 5258 monachis
2925 5203 3316 5274 competente,
3340 5203 3398 5256 et
3422 5201 3487 5253 ut
3513 5188 3683 5252 nullos

294 5298 372 5355 sit
403 5296 820 5353 monaChOI‘nm
855 5299 912 5350 et
934 5294 1474 5350 sanctimonalium.
2058 5313 2258 5354 eorum
2280 5296 2525 5366 temptet
2540 5290 2935 5348 ecclesiastica
2957 5293 3057 5345 aut
3070 5288 3375 5344 saecularia
3393 5282 3681 5357 inquietam

363 5389 452 5442 20.
484 5385 681 5441 Abbas
713 5400 829 5439 non
861 5384 935 5438 ob
966 5381 1124 5438 aliud
1159 5383 1259 5437 sed
1293 5383 1365 5437 ob
1397 5381 1605 5455 dignos
1639 5403 1831 5443 mores
1862 5405 1952 5443 or-
2060 5386 2316 5460 negotia,
2351 5399 2457 5439 nec
2489 5380 2749 5438 alienum
2774 5395 3009 5436 servum
3048 5381 3260 5449 praeter
3300 5369 3681 5433 conscientiam

298 5475 553 5532 dinetur.
580 5473 791 5529 Missas
824 5471 941 5527 illic
970 5469 1236 5543 publicas
1266 5470 1577 5543 cpiscopus
1608 5491 1721 5529 non
1752 5476 1946 5532 faciat.
2060 5474 2281 5533 domini
2314 5473 2443 5545 ejus
2474 5470 2797 5542 suscipere.

367 5566 457 5620 21.
480 5563 643 5629 Quod
668 5580 736 5619 ex
756 5560 870 5618 alio
890 5559 1243 5617 monasterio
1261 5558 1447 5633 possit
1467 5561 1724 5619 ordinari
1746 5565 1948 5634 abbas,
2131 5566 2221 5622 54.
2258 5563 2336 5620 De
2370 5560 2720 5619 discretione
2751 5557 3192 5615 monachorum.

376 5726 492 5797 (15)
523 5725 744 5798 Nempe
774 5726 836 5783 in
868 5722 1065 5781 obitus
1094 5720 1240 5778 loco.
