3810 6214
120 338 220 397 417
1184 335 1276 396 CA
1289 334 1565 398 NONUM
1613 334 1891 397 PRISCA
1935 336 2385 398 COLLECTIO.
3370 343 3408 400 4
3422 340 3491 401 i8

177 471 259 526 55.
289 469 365 526 De
392 468 801 526 indiscretione
832 468 1275 526 monachorum.
1756 470 1812 536 Α
1910 471 1964 526 6.
1999 469 2078 526 De
2111 470 2222 526 ﬁde
2252 469 2307 525 in
2341 470 2684 544 aegritudine
2714 471 3013 543 baptizati.

178 559 256 613 56.
286 558 362 614 De
392 559 637 630 quadam
671 557 1025 631 perfectione
1053 573 1255 614 eorum
1287 556 1389 630 qui
1420 558 1476 612 in
1523 557 1726 613 solitu-
1907 560 1960 613 7.
1992 558 2250 625 Qualiter
2273 560 2555 632 baptizari
2588 560 2760 615 liceat
2784 576 2883 616 eos
2909 560 3007 631 qui
3033 562 3229 617 subita
3251 562 3494 617 inﬁrmi-

124 647 237 703 dine
258 646 464 703 vivunt.
1837 651 1955 703 tate
1988 652 2475 705 commutescunt.

178 737 254 792 57.
286 735 365 791 0b
393 735 779 792 humilitatem
814 739 1003 809 potest
1053 735 1234 791 abbas
1287 734 1617 807 relinquere
1645 734 1728 791 lo-
1909 740 1961 792 8.
1997 742 2071 793 De
2101 737 2522 794 catechumena
2552 742 2908 811 praegnante.

124 841 233 881 eum
256 842 439 881 suum.
1908 827 1963 881 9.
1996 829 2083 882 An
2112 844 2419 900 praegnans
2451 827 2663 883 mulier
2692 828 2900 882 debeat
2932 826 3234 898 baptizari.

177 913 254 969 58.
282 914 465 970 Abba-3
489 930 604 969 non
633 918 983 986 provocatur
1010 914 1084 969 ad
1116 914 1422 985 synodum.
1914 917 1998 971 10.
2032 916 2113 972 De
2142 915 2470 972 infantibus
2498 915 2864 988 baptizandis
2911 916 3141 989 quoties
3192 915 3496 972 dubitatur

178 1002 254 1058 59.
283 1003 465 1059 Abbas
495 1003 611 1059 duo
644 1002 1004 1059 monasteria
1036 1019 1151 1058 non
1184 1002 1417 1058 habeat.
1842 1009 2041 1059 utrum
2076 1005 2287 1060 fuerint
2319 1004 2617 1077 baptizati.

176 1092 254 1144 60.
281 1090 650 1147 Juvenculam
694 1091 1056 1147 abbatissam
1088 1091 1212 1147 ﬁeri
1243 1107 1362 1147 non
1394 1092 1623 1147 debere.
1914 1096 1998 1149 11.
2033 1094 2190 1157 Quod
2226 1093 2306 1162 hi,
2358 1094 2574 1166 quibus
2619 1091 2867 1148 dubium
2916 1097 3006 1149 est
3053 1098 3248 1148 utrum
3303 1093 3494 1166 bapti-

180 1181 255 1234 61.
285 1180 360 1235 De
388 1178 745 1236 ordinatione
778 1180 1145 1236 diaconissie.
1842 1200 2038 1238 smum
2072 1183 2452 1256 perceperint,
2487 1199 2726 1239 necesse
2754 1188 2844 1238 est
2875 1188 2937 1237 ut
2970 1187 3374 1239 renascantur.

178 1270 253 1323 62.
282 1269 356 1323 De
380 1267 747 1325 diaconissis.

1922 1284 2000 1337 l2.
2035 1283 2196 1349 Quod
2231 1282 2286 1336 hi
2323 1282 2421 1352 qui
2456 1298 2518 1337 se
2549 1281 2874 1353 baptizatos
2904 1285 3285 1353 cognoscunt,
3310 1280 3407 1336 sed
3436 1280 3493 1334 in

286 1357 359 1413 De
384 1357 708 1431 virginibus
740 1358 945 1413 velatis
974 1357 1061 1413 vel
1097 1375 1207 1413 non
1240 1357 1445 1413 velatis
1477 1358 1523 1412 Si
1550 1357 1736 1414 devia-
1845 1386 1961 1441 qua
1990 1371 2103 1425 ﬁde
2134 1370 2420 1439 nesciunt,
2463 1386 2565 1442 per
2597 1386 2807 1424 manus
2840 1369 3271 1440 impositionem
3306 1368 3495 1424 δυεοί-

126 1447 301 1502 verint.
1844 1458 2040 1530 piendi
2071 1464 2228 1514 sunt.

181 1537 256 1590 6t.
286 1535 360 1591 De
389 1535 596 1608 puellis
627 1553 755 1609 quae
788 1539 1109 1609 spontanea
1137 1536 1434 1593 voluntate
1465 1536 1723 1593 habitum

1922 1560 2002 1613 13.
2039 1558 2200 1625 Quod
2230 1556 2485 1614 ecclesia:
2536 1556 2890 1629 baptismate
2921 1557 3271 1629 baptizatus,
3306 1557 3497 1612 denuo

127 1625 469 1721 suffepfl'ini-
513 1716 523 1721 _
575 1715 607 1721 η
874 1716 884 1721 Δ
1846 1647 2129 1721 baptizari
2160 1664 2275 1703 non
2307 1646 2534 1702 debeat.

182 1715 255 1769 65.
284 1714 358 1771 De
384 1715 709 1789 virginibus
736 1716 941 1772 sacris.

1922 1714 2004 1792 1-1.
2039 1736 2121 1792 De
2150 1734 2243 1792 his
2275 1735 2375 1809 qui
2409 1735 2747 1807 rebaptizati
2794 1737 2954 1801 sunt,
2988 1738 3274 1807 quantum
3309 1732 3498 1807 poeni-

181 1805 255 1859 66.
285 1804 353 1860 Ut
380 1804 629 1877 praeﬁxis
661 1804 868 1861 diebus
900 1822 1079 1861 sacrae
1099 1803 1354 1877 virgines
1377 1804 1661 1861 velentur.
1766 1842 1815 1907 Β
1848 1829 2029 1883 team,

184 1894 258 1949 67.
288 1893 355 1950 Ut
380 1893 565 1949 viduae
599 1911 717 1949 non
747 1893 1032 1951 velentur.

182 1983 257 2037 68.
284 1982 357 2038 De
385 1981 782 2039 sollicitudine
813 2000 917 2056 pro
945 1982 1272 2056 virginibus
1300 1983 1575 2055 gerenda.

182 2072 257 2126 69.
286 2071 341 2128 Si
368 2073 658 2128 deformes
689 2071 842 2128 ﬁlias
880 2072 1206 2146 virginitati
1255 2076 1528 2144 parentes
1577 2070 1736 2127 dedi-

131 2165 263 2228 cent;
284 2161 508 2233 etquod
530 2164 942 2217 truncatorum
974 2176 1287 2233 corporum
1317 2159 1602 2232 pudicitia
1623 2176 1736 2216 non

130 2249 299 2318 prosit.

183 2340 258 2393 70.
287 2339 359 2396 De
385 2339 717 2413 virginibus
747 2338 924 2395 etiam
957 2337 1285 2395 minoribus
1310 2337 1593 2395 velandis.

182 2428 417 2485 71.Ante
447 2446 555 2484 xxv
605 2445 829 2485 annum
881 2444 987 2484 nec
1033 2428 1287 2493 diaconi,
1339 2443 1443 2482 nec
1487 2425 1740 2498 virgines

133 2523 519 2575 consectentur.

181 2606 256 2659 72.
286 2605 358 2662 De
385 2608 502 2663 vita
531 2606 1135 2663 adulescentularum.

184 2695 260 2750 73.
288 2696 342 2751 Si
370 2697 574 2753 devota
605 2696 885 2754 maritum
919 2695 1224 2768 acceperit.

182 2784 257 2838 74.
286 2783 359 2840 De
387 2784 756 2858 separatione
786 2784 1096 2840 viduarum
1128 2789 1186 2839 et
1212 2783 1581 2839 clericorum.

1922 1918 2007 1973 15.
2044 1916 2123 1971 De
2151 1915 2382 1971 Arianis
2415 1932 2529 1971 non
2565 1914 3018 1986 rebaptizandis.

1921 2007 2006 2060 16.
2039 2006 2119 2059 De
2163 2004 2471 2076 baptizatis
2519 2004 2618 2075 qui
2667 2003 2927 2058 nondum
2989 1999 3316 2057 conﬁrmati
3369 2017 3499 2056 mo-

1848 2094 2098 2149 riuntur.

1920 2186 2005 2238 17.
2049 2184 2279 2239 Statuta
2332 2182 2517 2238 sancti
2575 2180 2855 2248 Silvestri,
2919 2180 3073 2253 quod
3135 2179 3496 2250 baptizatum

1848 2272 2019 2327 linire
2042 2271 2359 2328 chrismate
2390 2272 2693 2344 presbyter
2722 2269 2948 2325 debeat.

1923 2371 2008 2426 18.
2041 2371 2202 2435 Quod
2237 2386 2351 2425 non
2384 2370 2597 2425 debent
2625 2367 2906 2441 baptizati
2952 2366 3063 2424 nisi
3107 2367 3180 2423 ab
3227 2367 3499 2441 episcopo

1848 2459 2203 2532 consignari.

1924 2552 2008 2604 19.
2042 2549 2203 2614 Quod
2234 2549 2492 2617 Judaeus,
2523 2548 2569 2604 si
2602 2547 2868 2616 voluerit,
2900 2548 3036 2603 ante
3070 2544 3291 2602 Pascha
3318 2544 3504 2618 bapti-

1850 2639 1967 2694 zari
1998 2638 2201 2711 possit.

1920 2730 2008 2783 20.
2043 2728 2203 2795 Quod
2233 2728 2291 2782 in
2325 2726 2560 2783 nomine
2591 2726 2897 2781 Trinitatis
2940 2726 3148 2780 debeat
3195 2722 3497 2796 baptizari.

286 2822 359 2927 ’ὃν
387 2822 756 2885 ⁰ἶ⁴ν⁰ἷ¹⁶ἷ⁹¹⁹ἶ¹⁹
794 2822 1096 2884 ’“““⁵ἶ“““
1128 2822 1186 2839 “
1212 2822 1581 2839 “’“’⁸““““““
1921 2828 2010 2881 21.
2044 2825 2205 2892 Quod
2238 2843 2356 2880 non
2405 2825 2613 2880 debeat
2646 2841 2763 2879 una
2794 2824 3007 2879 mersio
3040 2822 3099 2877 in
3148 2822 3502 2894 baptismate

248 2913 261 2926 .
332 2889 362 2929 e
386 2878 741 2947 virginitatis
770 2873 942 2928 laude
972 2890 1032 2928 in
1065 2876 1316 2944 utroque
1346 2889 1508 2927 sexu.
1854 2913 2018 2947 MM:
2052 2914 2109 2947 4n
2145 2916 2328 2947 mm,“
2362 2912 2590 2947 nam“;
2627 2912 2929 2947 nmmﬁm

191 2913 261 2926 ””
288 2913 362 2929 ”“’
397 2913 746 2973 ’ἶ⁸δῖ⁸³““⁵”“ἶ
770 2913 943 2973 “⁵ἶ“““ἳ
972 2913 1032 2972 ³ἴ³
1069 2913 1316 2944 “”“’“¹““¹
1346 2913 1508 2927 “’⁹⁴““
1589 2961 1601 2973 .
1853 2913 2022 2987 quasi
2052 2914 2113 2970 in
2145 2916 2329 2969 morte
2362 2913 2592 2969 Domini
2624 2913 2951 2984 provenire.

185 2962 260 3016 76.
289 2961 362 3018 De
390 2962 784 3018 diss1mulatis
802 2963 1127 3035 Virginibus
1149 2966 1206 3017 et
1229 2977 1430 3017 eorum
1456 2962 1740 3017 moribus.
1923 3016 1992 3035 Μ
2046 3013 2121 3035 ἢ-
2157 3012 2248 3035 μ’
2286 3011 2379 3035 ___:
2420 3028 2529 3035 *Α*
2568 3014 2769 3035 “mh
2804 3009 2899 3035 MA
2938 3007 3096 3035 :Mm
3145 3008 3211 3035 ,Α
3248 3005 3436 3035 “Mn”

289 3008 365 3106 Bg
815 3008 1127 3035 ””⁰”””“
1150 3008 1205 3017 ’⁷
1231 3008 1430 3017 ’”’“’“
1459 3008 1740 3017 ”’”””“”’
1923 3016 2011 3067 22.
2046 3013 2126 3068 De
2157 3012 2251 3068 his
2282 3011 2384 3083 qui
2420 3028 2535 3066 non
2566 3014 2771 3082 sponte
2803 3009 2903 3065 sed
2936 3008 3100 3063 inviti
3143 3008 3214 3063 ad
3246 3008 3501 3061 iteratio-

188 3098 265 3195 ἀὲ.
290 3098 364 3196 δέ
392 3098 548 3197 ἐξείίᾷ
576 3098 789 3197 viii—ii;
1114 3172 1123 3179 κ
1853 3119 1988 3197 nos}
2020 3100 2295 3197 baptismi
2326 3098 2621 3197 cognpulst
2646 3101 2804 3197 sunt.

252 3183 263 3280 Σ
289 3181 961 3280 διζοῖἰωᾶζὺὲὲᾟδὲξίθεία
988 3229 1198 3280 viduas
1229 3227 1452 3280 debiles
1482 3227 1655 3280 alere.
1772 3208 1819 3280 0
1925 3192 2012 3247 23'
2044 3191 2207 3280 .QUOd
2238 3207 2351 3245 non
2382 3189 2589 3245 debeat
2609 3186 3013 3243 haereticorum
3038 3184 3335 3258 baptisma
3351 3200 3505 3239 com-

1853 3270 2106 3352 probari.

1922 3370 2010 3425 24.
2046 3368 2117 3424 Ut
2166 3367 2226 3423 hi
2257 3367 2356 3440 qui
2397 3367 2470 3422 ab
2516 3364 2803 3421 haereticis
2847 3364 3126 3437 baptizati
3174 3366 3333 3431 sunt,
3381 3360 3505 3417 sola

1852 3459 2037 3516 sancti
2071 3458 2324 3531 Spiritus
2350 3455 2713 3511 invocatione
2745 3454 3073 3509 firmentur.

1924 3550 2010 3603 25.
2046 3547 2126 3602 De
2158 3543 2569 3618 energumenis
2599 3541 2929 3615 baptizatis.

1925 3637 2010 3691 26.
2046 3633 2119 3689 Ut
2148 3630 2311 3687 nulla
2341 3630 2527 3704 pretia
2555 3630 2624 3686 de
2654 3628 3022 3702 baptizandis
3050 3626 3504 3699 consignandis-

1854 3740 1968 3797 que
1992 3720 2264 3777 fidelibus
2295 3719 2620 3792 exigantur.
2646 3717 2807 3782 Quod
2841 3717 2993 3790 siqui
3024 3721 3356 3789 perpetrare
3389 3715 3507 3769 fuco

1854 3813 1971 3868 rint
2016 3809 2386 3883 deprehensi,
2439 3807 2681 3864 honoris
2730 3807 2823 3863 sui
2872 3806 3195 3879 periculum
3250 3802 3505 3861 subituri

1854 3906 2015 3959 sunt.

187 3226 263 3282 79.
289 3230 441 3295 Quod
472 3231 685 3287 debeat
715 3228 961 3285 ecclesia
988 3229 1198 3284 viduas
1229 3227 1452 3284 debiles
1482 3227 1655 3283 alere.

188 3316 263 3371 80.
292 3318 365 3373 De
391 3318 767 3392 palliatarum
797 3317 1055 3373 nomine.

189 3405 263 3461 81.
283 3408 433 3473 Quod
457 3424 571 3465 non
594 3408 768 3463 debet
786 3406 947 3479 virgo
977 3405 1155 3463 velari
1178 3410 1311 3462 ante
1329 3406 1742 3462 duodecimum

137 3493 291 3551 atatis
316 3512 427 3552 suae
455 3512 702 3553 annum.

188 3583 264 3637 82.
291 3584 364 3641 De
388 3587 620 3643 duobus
640 3585 955 3658 generibus
986 3584 1388 3658 palliatarum.

189 3672 262 3727 83.
291 3674 363 3730 De
392 3675 612 3731 honore
644 3673 1022 3748 palliatarum
1054 3673 1483 3747 religiosarum.

186 3761 260 3815 84.
289 3764 579 3829 Quomodo
609 3765 727 3820 duo
758 3780 972 3838 genera
1015 3763 1391 3836 palliatarum
1422 3762 1610 3817 vivere
1643 3762 1742 3818 de-

138 3846 295 3907 beant.

188 3940 262 4083 ἓξ
290 3941 365 4087 ge
394 3943 565 4045 malis
599 3939 1021 4042 pmn.itenﬁbus
1051 3940 1423 3998 muneribus'
2050 3988 2129 4044 De
2162 3987 2255 4043 his
2286 3987 2386 4060 qui
2418 3986 2572 4043 circa
2596 3984 2849 4041 mediam
2884 3983 3273 4056 septimanam
3308 3982 3379 4038 ad
3402 3981 3504 4038 ba-

253 4072 263 4083 .
335 4038 357 4087 t
385 4032 661 4087 mulieres
690 4049 847 4087 viros
880 4050 996 4086 non
1028 4033 1295 4087 doceant.
1900 4079 1933 4087 _.
2284 4077 2293 4087 .
2392 4081 2400 4087 .

253 4072 263 4083 .
290 4032 357 4087 Ut
385 4032 661 4089 mulieres
690 4032 847 4087 viros
880 4050 996 4086 non
1028 4033 1295 4087 doceant.

190 4118 265 4171 87.
292 4119 357 4176 Ut
385 4121 611 4177 femina
644 4137 762 4175 non
794 4119 1083 4194 accipiant
1114 4118 1301 4175 ullum
1332 4117 1497 4174 virile
1528 4121 1630 4174 aut
1659 4135 1742 4174 sa-
1854 4084 2138 4194 Ptlf‘fnim
2167 4081 2480 4194 νέηῖωξῗχ
2503 4191 2518 4194 _
2559 4174 2588 4194 η
2611 4173 2686 4194 Η
2741 4177 2788 4194 ἰ
2824 4171 3145 4194 ﬂung“
3183 4187 3375 4194 “mm
3407 4169 3502 4194 ηε

140 4172 762 4267 εενάοιὲίθ”ξ)ξξὶ’ὦῦῐιξ.’““
798 4172 1081 4194 ””’τ’”“’
1122 4172 1301 4175 "ﬂ"
1476 4172 1490 4174 ’
1926 4180 2014 4267 28.
2048 4176 2129 4232 De
2158 4173 2525 4248 perceptione
2556 4173 2794 4242 ﬁdei,et
2824 4172 3148 4228 redditione
3179 4187 3381 4227 eorum
3403 4172 3505 4242 qui

1856 4266 2247 4335 baptizantur.

1926 4356 2014 4410 29.
2051 4354 2124 4409 Ut
2154 4352 2354 4408 nullus
2385 4351 2656 4406 minister
2684 4349 2810 4405 sine
2831 4348 3148 4404 chrismate
3182 4347 3507 4418 proﬁcisca-

1858 4449 1972 4511 tur,
2006 4443 2104 4499 ubi
2134 4446 2191 4498 et
2219 4442 2522 4514 presbyter
2552 4438 2823 4494 minister
2846 4437 3195 4492 ostenditur.

192 4295 265 4352 88.
291 4297 365 4354 De
386 4300 624 4356 nomine
644 4299 1016 4372 presbyteris.

193 4384 267 4440 89.
296 4386 369 4443 De
396 4388 601 4445 relicta
631 4405 665 4444 a
696 4387 927 4444 clerico.

192 4472 267 4528 90.
296 4477 448 4542 Quod
481 4476 698 4535 mulier
725 4477 949 4533 tonderi
985 4476 1211 4532 debeat.

482 4532 839 4641 (LAPITULA
874 4582 1070 4638 LIBRI
1108 4581 1355 4648 QUIN“
1774 4581 1824 4648 Β
2050 4541 2122 4597 Ut
2153 4540 2223 4595 ab
2256 4538 2496 4594 alterius
2525 4537 2795 4608 episcopo
2826 4534 3087 4591 chrisma
3122 4532 3323 4590 nullus
3354 4534 3504 4589 acci-

422 4672 493 4712 na
531 4672 740 4712 GRA'I‘IA
775 4636 1275 4720 BAprizANDOiiUM,
1302 4657 1412 4709 etc.

1922 4636 1998 4688 at.
2282 4644 2309 4659 ‘

200 4741 241 4795 ί,
266 4744 699 4820 Quodgmﬁam
730 4742 833 4800 Dei
861 4744 1038 4799 etiam
1061 4711 1546 4815 baptizandorum
1577 4744 1751 4797 testa-
1927 4722 2014 4820 81.
2043 4720 2122 4820 ‘Ut
2152 4714 2639 4789 archipresbyteri
2672 4714 2731 4769 in
2762 4730 2925 4768 coena
2968 4712 3198 4768 Domini
3246 4711 3504 4769 chrisma

142 4826 218 4878 tur
241 4814 489 4889 instituta
518 4832 965 4906 purgatio,cum
996 4814 1335 4887 exorcismis
1364 4835 1422 4887 et
1450 4829 1749 4886 subflatio-
1843 4814 2079 4906 ,Ρθξεξηξ
2184 4896 2197 4906 _
2260 4896 2270 4906 ι
2415 4898 2423 4906 ι
2492 4894 2503 4905 ο
2559 4893 2582 4906 η
2847 4892 2859 4905 ,
3040 4890 3074 4906 η

145 4912 287 4972 nibus
314 4892 547 4993 spiritus
577 4892 667 4978 ab!
683 4920 768 4977 eis
799 4892 1091 4993 abigatur.
1843 4892 1868 4915 ⁸
2042 4900 2122 4993 l_)e
2151 4896 2465 4993 chrismate
2490 4892 2821 4993 infantibus.
2845 4892 3251 4964 impertiendo-

199 5004 242 5058 2.
273 4982 487 5081 Ut.post
519 5009 743 5067 Pascha
772 5012 830 5065 et
855 4982 1238 5064 Pantecosten
1288 5006 1583 5081 baptisma
1631 5024 1723 5063 n01

1928 4991 2015 5045 33.
2049 4990 2129 5045 De
2159 4985 2488 5060 signatione
2516 4982 3021 5054 baptizandorum.

147 5070 440 5156 celebretur.
1366 5070 1384 5081 ’
1927 5081 2016 5135 34.
2050 5077 2212 5142 Quod
2238 5075 2297 5130 hi
2331 5074 2429 5146 qui
2461 5071 2821 5144 baptismum
2870 5073 3099 5144 petunt,
3150 5088 3265 5126 non
3311 5070 3504 5127 solum

200 5179 245 5235 3.
272 5184 417 5250 Quod
473 5188 757 5245 Paschate
808 5190 867 5244 et
922 5187 1261 5243 Pentecoste
1319 5184 1395 5241 sit
1448 5185 1717 5257 baptizari

1922 5169 2245 5242 iptizentur,
2277 5165 2378 5221 sed
2430 5163 2749 5219 doceantur
2795 5161 2972 5218 etiam
3020 5159 3273 5234 qualiter
3316 5161 3504 5215 vivere

149 5265 279 5328 dum.
579 5284 583 5288 '

202 5359 244 5415 4.
271 5360 342 5420 De
369 5369 517 5425 trina
546 5366 864 5427 mersione.

1922 5259 2212 5413 gfuguod
2244 5342 2576 5416 baptismus
2596 5341 2646 5397 si
2680 5342 2851 5397 fuerit
2870 5341 3121 5397 traditus
3142 5340 3214 5395 ab
3238 5336 3503 5393 adultero

202 5447 246 5503 ⁵·
274 5453 418 5517 Quod
448 5458 605 5514 omni
636 5461 903 5530 tempore
931 5455 992 5510 hi
1023 5455 1123 5528 qui
1144 5455 1203 5511 in
1229 5453 1579 5511 necessitate
1600 5468 1723 5509 mor

1924 5437 1943 5492 l
1974 5437 2219 5503 latrone,
2252 5434 2593 5505 permaneat
2624 5430 2925 5487 inlibatus.

149 5532 211 5589 iis
237 5545 325 5596 aut
340 5546 690 5618 egritudinis
714 5524 805 5602 vel
830 5524 1154 5603 obsidio—nis
1177 5544 1295 5600 sive
1325 5542 1747 5616 persecutionis
1926 5538 2015 5593 36.
2049 5533 2110 5592 Si
2153 5533 2226 5590 ob
2271 5531 2678 5589 necessitatem
2722 5529 2782 5585 in
2813 5529 2944 5585 vino
2974 5524 3295 5597 baptizatur
3320 5538 3503 5596 aegro-

198 5588 206 5589 κ
240 5588 379 5599 --ηυ
420 5588 690 5603 .............
726 5588 805 5602 η..
831 5588 1154 5603 ...κω-...υ
1177 5588 1295 5600 ..ην
1325 5588 1747 5616 r-.---..-.-..._
1930 5588 2014 5593 η-
2164 5588 2177 5589 γ
2208 5588 2215 5590 .
2324 5588 2329 5589 ,
3050 5588 3070 5597 _
3371 5588 3404 5596 _

156 5628 235 5680 ιιιὶ
257 5588 511 5711 naufragii
542 5638 849 5711 urgentur,
882 5632 1133 5691 debeant
1162 5632 1462 5707 baptizari.
1856 5634 1970 5688 tus.
3550 5588 3718 5727 Ἀ

3048 5786 3525 6099 Γ
