3810 6214
343 349 457 406 419

408 480 495 534 37.
531 478 590 533 Si
623 493 756 533 cum
786 493 923 534 vase
955 482 1056 533 aut
1085 494 1219 534 cum
1269 477 1544 533 manibus
1596 492 1745 549 eger
1788 476 1981 532 infans
2010 479 2065 544 Α

336 566 678 638 baptizetur.

401 657 492 710 38.
527 654 588 711 Si
619 653 753 727 quis
778 655 996 711 rustice
1026 655 1302 727 baptizat.

401 744 493 800 39.
525 743 604 799 De
634 743 841 800 iterato
866 743 1179 816 baptismo.

402 834 491 888 40.
526 833 687 899 Quod
722 848 824 905 pro
870 832 1119 888 inﬁrmis
1151 832 1358 888 debeat
1392 832 1664 888 sacerdos
1696 847 1879 897 orare,
1924 834 1980 886 et

321 923 493 994 juxta
520 925 875 994 preceptum
906 921 1091 977 sancti
1124 920 1325 978 Jacobi
1357 920 1482 977 oleo
1512 936 1854 993 perungere.

399 1012 487 1066 41.
522 1016 598 1068 De
628 1010 892 1067 moribus
923 1010 1255 1066 Christiani.

399 1102 486 1156 42.
520 1100 594 1157 Ut
624 1117 737 1156 non
769 1099 1054 1155 faciamus
1083 1099 1353 1156 homines
1385 1098 1591 1155 malos.

396 1190 485 1243 43.
521 1194 597 1244 De
628 1188 721 1244 his
755 1187 854 1261 qui
891 1205 953 1244 se
980 1191 1189 1261 putant
1200 1190 1399 1259 justos
1422 1205 1571 1253 esse,
1591 1191 1648 1243 et
1676 1202 1791 1241 non
1815 1190 1973 1242 sunt.

394 1279 481 1334 44.
517 1278 596 1335 De
627 1277 991 1334 moderantis
1018 1278 1078 1332 in
1111 1277 1373 1333 vestibus
1401 1276 1887 1333 Christianorum.

393 1369 484 1423 45.
509 1368 670 1433 Quod
696 1368 868 1423 debet
889 1366 1258 1422 Christianus
1282 1370 1505 1438 septem
1531 1364 1815 1437 (virtutes)
1840 1381 1973 1421 cum

324 1474 432 1512 suo
464 1456 744 1512 vocabulo
777 1473 810 1509 a
840 1455 1069 1509 Christo
1100 1472 1351 1510 sumere.

394 1547 482 1601 46.
517 1545 598 1601 De
628 1544 722 1599 his
753 1544 969 1617 quibus
1003 1544 1251 1615 pertinet
1276 1559 1486 1599 nomen
1517 1542 1852 1599 Christiani.

391 1634 481 1688 47.
515 1632 595 1688 De
629 1632 800 1686 malis
832 1629 1094 1702 personis
1122 1633 1381 1701 tempore
1412 1628 1749 1685 novissimo.
1836 1644 1841 1651 ·

390 1722 479 1775 48.
495 1721 576 1775 De
588 1718 1200 1774 administrationibus
1214 1716 1968 1788 seculariumjudiciorum.

391 1810 480 1864 49.
514 1808 677 1874 Quod
711 1807 810 1880 qui
863 1823 1063 1879 preces
1110 1806 1195 1860 vel
1241 1805 1574 1862 criminales
1614 1806 1837 1862 dictant
1867 1806 1968 1863 ha-

319 1899 571 1953 beantur
599 1896 892 1952 inmunes.

386 1987 476 2042 50.
510 1986 590 2042 De
620 1986 1020 2042 observatione
1049 1984 1338 2041 Dominici
1368 1985 1502 2040 diei.

385 2078 475 2131 51.
513 2080 654 2131 Item
686 2076 755 2130 de
788 2075 881 2131 die
913 2078 1115 2130 sancto
1148 2073 1467 2130 Dominico.

384 2168 475 2221 52.
510 2165 588 2221 De
620 2165 953 2238 operatione
987 2164 1078 2219 die
1109 2164 1432 2219 Dominico.
1592 2236 1599 2243 ὃ

382 2256 472 2311 53.
507 2254 586 2310 De
628 2254 721 2310 his
767 2254 862 2326 qui
916 2253 1009 2308 die
1050 2252 1351 2309 Dominico
1384 2252 1752 2308 Pentecostes
1783 2267 1963 2323 genu-

316 2347 581 2401 ﬂectunt.

382 2435 471 2489 54.
510 2434 585 2488 De
616 2431 710 2487 his
742 2431 841 2503 qui
873 2431 965 2486 die
997 2429 1299 2486 Dominico
1337 2431 1611 2502 jejunant
1658 2433 1963 2502 tamquam

314 2520 463 2577 nihil
493 2538 608 2592 pre
641 2520 848 2575 ceteris
879 2519 1129 2574 differat.

381 2611 473 2665 55.
507 2610 586 2665 De
617 2606 987 2680 spectaculis,
1020 2612 1085 2662 ut
1135 2608 1227 2662 die
1271 2607 1573 2663 Dominico
1618 2607 1706 2662 vel
1759 2607 1965 2663 ceteris

313 2701 651 2756 sanctorum
684 2695 1218 2769 sollempnitatibus
1238 2696 1479 2751 minime
1507 2695 1889 2751 celebrentur.

381 2788 471 2843 56.
507 2786 586 2841 De
618 2784 1004 2841 histrionibus
1035 2784 1386 2841 Christianis
1419 2784 1605 2840 factis.

380 2878 473 2931 57.
505 2875 666 2939 Quod
698 2874 757 2928 in
796 2873 1210 2930 festivitatibus
1244 2877 1580 2929 sanctorum
1614 2872 1961 2929 ballationes

313 2969 370 3022 et
400 2963 653 3021 ludibria
685 2965 831 3031 ﬁeri,
865 2980 1145 3036 magnum
1179 2968 1484 3036 peccatum
1516 2963 1613 3019 sit.

379 3056 468 3109 58.
497 3053 713 3108 Contra
742 3051 873 3107 illos
905 3053 1005 3125 qui
1040 3051 1239 3108 dicunt
1262 3051 1582 3107 Dominicis
1604 3052 1811 3107 diebus
1837 3050 1963 3107 nul‘

310 3142 433 3198 lum
466 3142 675 3198 debere
706 3140 907 3196 lavari.

1186 345 1523 406 APPEND.
1571 346 1675 404 AD
1720 343 1906 405 SIEC.
1952 344 2026 402 Χ.
2060 377 2138 388 —-
2166 344 2428 406 UPEltA
2474 362 2871 413 ΑΔΕΣηοτιΚΑ.

2000 1852 2048 1916 Β

3621 350 3724 408 490

2166 480 2254 532 78.
2291 478 2371 534 De
2400 477 2494 534 his
2521 478 2619 551 qui
2653 479 2725 535 ab
2754 478 3040 535 hereticis
3059 479 3149 535 vel
3168 479 3390 537 Judeis
3415 479 3721 536 festivitatis

2090 584 2292 622 eorum
2324 568 2478 621 dona
2499 567 2848 640 suscipiunt.

2158 656 2247 710 79.
2282 656 2361 711 De
2409 655 2760 715 Christianis
2803 656 2906 731 qui
2942 657 3283 714 Judeorum
3314 674 3527 731 azyma
3553 675 3719 715 come-

2089 746 2256 801 dunL

2157 834 2247 889 80.
2272 832 2352 890 De
2381 832 2733 890 Christianis
2762 834 3196 894 celebrantibus
3229 836 3378 893 festa
3408 836 3716 909 gentilium.

2156 924 2246 978 81.
2280 923 2360 978 De
2389 922 2677 978 hereticis
2705 922 3067 987 intrantibus
3086 925 3151 983 in
3169 924 3451 984 ecclesias
3478 924 3567 981 vel
3594 927 3716 982 basi-

2087 1011 2230 1068 licas
2262 1016 2609 1084 martyrum.
3500 1044 3507 1045 ν
3620 1028 3627 1035 ’

2157 1104 2246 1156 82.
2278 1101 2360 1157 De
2384 1100 2818 1158 catechumenis
2847 1101 3049 1174 lapsis.

2158 1191 2248 1246 83.
2279 1190 2359 1246 De
2391 1190 2826 1247 catechumenis
2858 1191 3255 1263 peccantibus.

2154 1280 2244 1334 84.
2277 1278 2350 1334 Ut
2380 1283 2813 1335 sacramentum
2863 1280 3305 1337 catechumenis
3336 1299 3453 1338 non
3486 1283 3713 1354 prebea-

2083 1369 2195 1421 tur.

2152 1456 2240 1509 85.
2275 1422 2453 1520 Quod-
2470 1472 2582 1509 non
2608 1453 2997 1509 admittantur
3020 1456 3089 1510 ad
3109 1454 3332 1513 clerum
3356 1458 3430 1513 ab
3451 1457 3712 1513 hereticis

2082 1541 2356 1597 ordinati.

2151 1632 2239 1686 86.
2274 1630 2354 1685 De
2385 1629 2671 1686 hereticis
2704 1629 2752 1686 si
2798 1631 2869 1686 ad
2909 1630 3259 1688 catholicam
3292 1634 3473 1689 ﬁdem
3503 1650 3712 1690 conver-

2082 1724 2303 1775 tantur.

2150 1810 2240 1863 87.
2273 1808 2434 1873 Quod
2467 1808 2660 1864 omnis
2709 1809 3027 1881 cujuslibet
3073 1811 3297 1866 ordinis
3335 1811 3585 1868 clericus
3626 1813 3707 1884 qui

2079 1897 2425 1953 catholicam
2447 1897 2720 1953 deserens
2744 1899 2918 1953 ﬁdem
2941 1898 3223 1955 heretice
3247 1916 3310 1956 se
3331 1901 3705 1957 communioni

2078 1985 2398 2052 miscuerit,
2432 1986 2495 2054 si,
2525 1987 2597 2041 ad
2645 1986 2950 2043 ecclesiam
2996 2004 3314 2044 conversus
3343 1989 3541 2055 fuerit,
3570 1990 3624 2045 in
3650 2005 3704 2044 eo

2076 2076 2262 2148 gradu
2293 2092 2409 2147 quo
2441 2075 2648 2143 fuerat,
2684 2076 2813 2132 sine
2841 2076 3210 2148 promotione
3239 2083 3601 2150 permaneat.

2146 2167 2236 2219 88.
2256 2164 2417 2230 Quod
2436 2164 2622 2220 Judei
2643 2163 2977 2221 Christiana
2996 2165 3292 2239 mancipia
3312 2183 3434 2222 non
3457 2168 3701 2223 habeant

2147 2253 2236 2308 89.
2271 2253 2412 2308 Item
2472 2253 2544 2307 de
2602 2252 2855 2308 Hebreis
2902 2254 3003 2325 qui
3054 2254 3393 2310 Christiana
3443 2254 3703 2328 mancipia

2076 2345 2482 2414 comparantes
2511 2341 2930 2398 circumcidere
2959 2350 3490 2416 presumpserunt.
3564 2396 3569 2401 .

2144 2431 2234 2485 90.
2269 2430 2351 2486 De
2379 2429 2471 2485 his
2502 2428 2603 2502 qui
2634 2430 2693 2484 in
2725 2429 2959 2486 servitio
2978 2430 3317 2487 Judeorum
3348 2449 3423 2488 ex
3453 2432 3702 2489 Christia-

2074 2519 2166 2575 nis
2198 2518 2321 2574 ﬁeri
2352 2519 2575 2575 volunt.

2143 2610 2232 2664 91.
2269 2608 2395 2665 Non
2425 2608 2642 2663 invitus
2673 2611 3043 2664 convertatur
3070 2610 3143 2665 ad
3174 2610 3350 2665 fidem
3386 2611 3612 2666 Christi.

2142 2700 2232 2752 92.
2267 2698 2375 2763 Qui
2404 2696 2649 2753 diversis
2679 2698 2876 2753 causis
2920 2697 3263 2770 gentilitatis
3312 2685 3469 2757 ritus
3508 2699 3694 2771 aliquid

2073 2791 2444 2860 peregerunt.

2141 2877 2231 2931 93.
2262 2876 2341 2932 De
2369 2874 2461 2932 his
2495 2875 2595 2949 qui
2616 2876 2825 2932 timore
2849 2876 2997 2933 ritus
3017 2877 3328 2950 gentilium
3351 2881 3694 2952 peregerunt.

2141 2966 2230 3022 94.
2263 2966 2344 3022 De
2374 2965 2467 3021 his
2498 2965 2597 3038 qui
2628 2966 2688 3021 in
2720 2964 2863 3022 locis
2882 2965 3172 3022 idolorum
3194 2968 3691 3024 manducaverunt.

2139 3056 2230 3109 95.
2266 3054 2345 3109 De
2378 3054 2471 3109 his
2503 3054 2603 3126 qui
2655 3055 2988 3126 frequenter
3028 3053 3203 3111 idolis
3248 3055 3692 3112 immolaverunt.

2139 3144 2229 3198 90.
2263 3143 2343 3198 De
2372 3142 2465 3199 his
2491 3142 2593 3215 qui
2624 3143 2881 3199 convivio
2912 3144 3219 3217 gentilium
3252 3149 3308 3200 et
3337 3145 3490 3201 escis
3519 3146 3697 3200 immo-

376 3231 467 3286 59.
502 3230 662 3293 Quod
699 3230 769 3284 de
799 3229 1096 3295 conviviis,
1136 3246 1263 3301 que
1294 3245 1362 3284 ex
1392 3246 1572 3302 agape
1607 3229 1773 3296 fiunt,
1806 3244 1957 3284 esca-
1990 3218 2033 3286 C
2073 3230 2285 3288 laticiis
2316 3230 2408 3287 usi
2441 3236 2600 3287 sunt.

310 3336 442 3376 rum
476 3323 673 3391 partes
706 3317 898 3374 clerici
929 3318 1189 3390 accipere
1221 3334 1336 3373 non
1369 3318 1638 3373 debeant.

377 3410 467 3464 60.
503 3408 628 3464 Non
660 3408 831 3463 licere
871 3406 1097 3462 clericis
1129 3406 1375 3464 ludiosis
1407 3406 1754 3480 spectaculis
1784 3407 1961 3464 inter-

309 3515 456 3555 esse.

376 3589 467 3644 61.
503 3588 567 3643 In
600 3586 874 3643 ecclesiis
893 3587 1140 3659 prandia
1170 3586 1292 3641 fieri
1325 3603 1438 3642 non
1470 3585 1700 3642 debere.

376 3679 466 3732 62.
496 3676 576 3731 De
605 3676 699 3731 his
727 3677 826 3747 qui
861 3693 1029 3731 esum
1062 3675 1328 3731 carnium
1362 3676 1420 3729 in
1476 3674 1627 3730 clero
1659 3674 1959 3730 constituti

308 3764 633 3837 defugiunt.

378 3854 467 3907 63.
503 3852 583 3907 De
612 3851 969 3924 imaginibus
998 3852 1083 3907 vel
1119 3868 1287 3907 cruce
1316 3851 1649 3908 adorandis.

379 3929 468 3996 64.
503 3941 665 4005 Quod
698 3940 984 3994 honorare
1015 3940 1296 3995 debemus
1327 3939 1606 4012 reliquias
1639 3945 1958 4013 martyrum

306 4028 393 4086 vel
424 4027 714 4084 elementa
742 4027 864 4093 Dei,
899 4029 997 4083 sed
1033 4028 1215 4082 Deum
1242 4029 1481 4084 adorare
1511 4029 1813 4085 debemus.

376 4119 464 4173 65.
499 4117 747 4189 Excepto
782 4121 1058 4185 creatore,
1090 4120 1419 4172 creaturam
1451 4118 1690 4174 adorare
1722 4135 1836 4174 non
1867 4119 1960 4174 de-

307 4208 537 4262 bemus.

374 4297 464 4351 66.
496 4295 578 4351 De
607 4293 966 4369 imaginibus
996 4295 1067 4350 ab
1099 4294 1387 4352 hereticis
1434 4295 1748 4352 confractis
1780 4300 1836 4353 et
1883 4297 1955 4353 ab

305 4384 567 4442 ecclesiis
600 4384 896 4458 projectis.

372 4476 463 4531 67.
496 4474 637 4530 Item
671 4475 741 4530 de
771 4474 1132 4547 imaginibus
1165 4479 1400 4547 propter
1446 4474 1629 4531 Deum
1676 4492 1954 4533 veneran-

306 4563 418 4619 dis.

373 4654 463 4707 68.
497 4652 576 4707 De
626 4651 909 4707 distantia
949 4653 1104 4708 inter
1151 4652 1391 4709 adorare
1432 4652 1719 4727 imagines
1768 4653 1868 4709 Dei
1900 4658 1957 4710 et

303 4739 591 4796 idolorum
626 4740 940 4797 culturam.

372 4828 463 4883 69.
499 4828 573 4884 Ut
603 4846 781 4900 supra
812 4830 881 4884 de
905 4829 1287 4903 imaginibus.

373 4918 463 4971 70.
498 4916 577 4971 De
608 4916 894 4974 hereticis
924 4918 1179 4992 capitula
1208 4918 1490 4991 quinque.

374 5007 465 5061 71.
499 5004 578 5061 De
609 5022 785 5061 causa
816 5023 933 5077 qua
965 5011 1105 5063 sunt
1134 5007 1412 5064 heretici.

375 5096 466 5149 72.
501 5093 579 5148 De
607 5093 1029 5152 heresiarchis.

372 5184 464 5240 73.
501 5183 580 5238 De
611 5182 897 5238 hereticis
925 5184 1178 5241 vitandis
1209 5189 1340 5257 post
1369 5186 1814 5258 correptionem.

373 5272 463 5326 74.
496 5270 575 5327 De
601 5270 870 5327 heretico
901 5274 1310 5345 expugnando.

372 5364 461 5419 75.
496 5362 577 5419 De
598 5360 945 5417 Christianis
966 5362 1066 5434 qui
1090 5362 1466 5431 sabbatizare,
1482 5363 1568 5420 vel
1582 5365 1752 5435 juxta
1774 5381 1952 5437 quen-

306 5454 440 5509 dam
474 5451 715 5507 modum
741 5450 1043 5523 judaizare
1074 5455 1416 5508 noscuntur.
1771 5477 1776 5482 ·

371 5545 460 5598 76.
496 5543 660 5610 Quod
694 5541 751 5594 in
787 5539 1031 5596 sabbato
1061 5540 1281 5595 vacatio
1313 5541 1435 5596 ﬁeri
1469 5559 1583 5597 non
1617 5543 1841 5599 debeat.

372 5633 461 5692 77.
496 5631 575 5690 De
609 5629 966 5707 martyribus
997 5627 1423 5688 haereticorum.

2140 3321 2231 3376 97.
2266 3325 2343 3377 De
2374 3320 2467 3376 his
2497 3320 2596 3393 qui
2627 3324 2685 3377 et
2715 3320 2846 3377 aliis
2875 3321 3244 3378 sacriﬁcandi
3294 3339 3534 3379 causam
3563 3326 3693 3378 attu-

2069 3410 2284 3466 lerunt.

2138 3499 2227 3555 98.
2261 3498 2340 3554 De
2369 3497 2463 3553 his
2484 3497 2585 3571 qui
2607 3516 2742 3555 cum
2767 3501 2962 3556 essent
2986 3499 3391 3557 catechumeni
3424 3500 3589 3557 idolis
3606 3500 3693 3554 im-

2070 3587 2452 3642 molaverunt.

2138 3676 2229 3730 99.
2263 3676 2342 3731 De
2373 3675 2466 3732 his
2497 3677 2597 3748 qui
2651 3680 2886 3750 propter
2935 3677 3344 3734 necessitatem
3374 3677 3526 3751 lapsi
3554 3680 3687 3739 sunt,

2069 3764 2305 3837 quando
2336 3763 2675 3835 peniteant.

2142 3854 2264 3907 100.
2297 3852 2376 3908 De
2407 3851 2711 3908 catholicis
2741 3854 2811 3908 ad
2840 3852 3113 3909 heresim
3145 3854 3601 3910 transeuntibus.

2142 3942 2263 3997 101.
2298 3941 2377 3996 De
2406 3941 2697 4014 episcopis
2728 3942 2828 4014 qui
2859 3942 3165 3999 hereticos
3193 3943 3280 3998 vel
3312 3958 3568 4017 paganos
3607 3939 3686 3994 he-

2068 4031 2237 4086 redes
2266 4030 2607 4086 instituunt.

2141 4120 2262 4175 102.
2297 4119 2376 4175 De
2407 4118 2695 4176 hereticis
2723 4120 2773 4175 si
2806 4120 2865 4175 in
2897 4122 3105 4177 mortis
3124 4121 3471 4178 discrimine
3490 4133 3687 4176 conver-

2066 4212 2287 4264 tantur.

2139 4297 2259 4352 103.
2295 4295 2376 4352 De
2405 4295 2497 4352 his
2527 4296 2628 4368 qui
2659 4301 2878 4353 terrore
2907 4297 3199 4369 compulsi
3229 4303 3371 4355 sunt
3401 4303 3469 4355 ut
3494 4292 3686 4354 hereti-

2065 4385 2150 4442 cis
2168 4384 2691 4451 communicarent,
2724 4385 2770 4441 si
2805 4401 2867 4441 se
2894 4386 2968 4441 ab
2998 4386 3284 4443 hereticis
3316 4401 3579 4460 separare
3605 4399 3683 4436 vo-

2065 4473 2300 4543 luerint,
2335 4478 2400 4530 ut
2430 4474 2501 4530 ab
2534 4473 2791 4530 Ecclesia
2819 4473 3107 4531 catholica
3149 4475 3564 4548 suscipiantur.

2138 4564 2258 4618 104.
2292 4562 2372 4618 De
2403 4560 2750 4618 Christianis
2779 4562 2880 4634 qui
2936 4563 3010 4618 ad
3058 4563 3419 4636 apostasiam
3466 4558 3681 4619 transie-

2066 4655 2223 4720 runt,
2257 4656 2316 4707 et
2344 4650 2634 4707 idolorum
2665 4650 2967 4708 sacriﬁciis
2997 4653 3382 4709 contaminati
3414 4656 3563 4709 sunt.

2139 4741 2260 4797 105.
2292 4741 2376 4796 Ab
2407 4739 2696 4797 hereticis
2725 4739 2986 4813 eulogias
3017 4740 3202 4814 accipi
3228 4758 3346 4798 non
3377 4743 3589 4799 debere.

2138 4830 2261 4885 106.
2295 4828 2375 4885 De
2399 4827 2638 4884 hariolis
2669 4832 2726 4884 et
2755 4828 3189 4902 haruspicibus.

2139 4919 2261 4973 107.
2296 4918 2377 4974 De
2405 4917 2497 4973 his
2529 4916 2630 4989 qui
2661 4917 3047 4974 divinationes
3076 4923 3375 4991 expetunt.

2139 5008 2261 5062 108.
2297 5006 2378 5062 De
2406 5006 2499 5061 his
2529 5004 2630 5078 qui
2662 5005 2901 5079 angelos
2932 5007 3153 5064 colunt.

2138 5096 2259 5151 109.
2294 5095 2373 5152 De
2404 5094 2616 5150 divinis
2647 5100 2703 5152 et
2733 5095 3047 5170 sortilegis.

2132 5184 2254 5240 110.
2290 5183 2452 5249 Quod
2498 5200 2613 5239 non
2662 5181 2836 5240 liceat
2886 5183 3238 5241 Christianis
3282 5182 3681 5242 observationes

2061 5274 2321 5330 diversas
2354 5273 2687 5330 adtendere.

2133 5364 2254 5419 111.
2286 5362 2449 5426 Quod
2476 5378 2590 5418 non
2622 5360 2793 5419 liceat
2823 5363 2882 5419 in
2904 5363 3243 5422 collectione
3272 5364 3577 5422 herbarum
3597 5354 3680 5414 ali-

2060 5469 2207 5526 quas
2238 5450 2669 5508 incantationes
2698 5451 3031 5509 adtendere.

2132 5544 2254 5597 112.
2288 5540 2447 5605 Quod
2485 5556 2599 5594 non
2628 5538 2803 5610 liceat
2822 5540 3168 5598 Christiams
3188 5542 3534 5599 mulieribus
3550 5530 3680 5592 vani-

2060 5635 2210 5689 tates
2239 5630 2299 5687 in
2327 5628 2451 5694 suis
2482 5627 2756 5689 laniﬁciis
2787 5631 3113 5693 observare.
