3810 6214
86 349 171 407 121
1122 340 1499 407 CANONUM
1544 344 1824 407 PRISCA
1867 345 2322 408 COLLECTIO.

3301 350 3419 409 422

140 477 237 533 113.
265 476 327 533 Ut
359 476 599 550 auguria
630 474 719 532 vel
751 475 1176 532 incantationes
1208 494 1322 532 non
1351 477 1656 534 observen—
1687 477 1743 545 Α
1843 480 1932 535 30.
1965 483 2045 535 De
2074 478 2199 534 loco
2230 482 2430 534 sancto
2461 495 2494 533 a
2520 477 2693 534 malis
2717 495 2829 534 non
2858 480 3167 551 tangendo.

86 570 172 621 tur.

138 656 235 715 114.
263 654 333 711 De
358 653 704 710 Christianis
725 670 841 710 non
873 653 1222 710 debentibus
1242 672 1498 728 quaerere
1520 655 1662 713 divi-

86 744 310 801 nationes.

137 834 232 888 115.
259 833 330 889 De
356 832 637 889 inanitate
666 833 959 889 bonorum
991 848 1235 905 operum
1268 834 1551 906 quamdiu
1584 835 1663 890 sit

84 921 217 978 homo
242 922 295 977 in
322 921 421 977 hac
449 921 840 978 observantia.

136 1011 232 1066 116.
260 1011 332 1067 De
357 1028 523 1083 pcena
553 1008 934 1066 divinationis
973 1009 1173 1083 hujus.

137 1100 233 1155 117.
246 1100 315 1155 De
329 1099 668 1172 paenitentia
684 1098 1149 1155 Christianorum
1163 1099 1275 1155 divi
1286 1101 1551 1158 nationes
1566 1102 1664 1158 ob-

82 1188 395 1243 servantium.

1841 568 1931 623 3|.
1965 568 2047 623 De
2075 585 2142 623 eo
2187 568 2289 639 qui
2333 566 2588 623 detrahit
2626 567 2770 633 locis
2820 572 3157 624 sanctorum
3200 574 3419 642 marty-

1770 674 1924 713 rum.

1841 746 1930 800 32.
1964 745 2044 802 De
2073 744 2216 802 locis
2249 745 2471 802 sanctis
2497 744 2776 801 colendis.

1841 834 1935 890 33.
1977 835 2139 900 Quod
2171 834 2361 890 carior
2391 834 2632 908 sanguis
2663 837 2903 891 sanctus
2934 851 3112 907 quam
3144 834 3328 890 locus.

1842 924 1933 978 34.
1967 922 2235 980 Probatio
2266 940 2372 979 cur
2395 923 2585 979 carior
2613 927 2854 980 sanctus
2882 924 3127 996 sanguis
3148 940 3327 995 quam
3347 923 3439 980 loo’

1773 1029 1900 1068 OUS.

1844 1102 1933 1156 35.
1967 1105 2041 1157 De
2073 1099 2336 1157 ecclesiis
2359 1100 2432 1155 ab
2459 1100 2797 1157 infidelibus
2822 1118 2935 1156 non
2971 1100 3312 1158 fundandis.

1828 1190 1932 1245 .36.
1966 1190 2046 1245 De
2077 1191 2300 1245 advena
2328 1190 2562 1263 proprio
2594 1189 2837 1245 arbitrio
2870 1194 3209 1247 construere
3227 1189 3423 1246 locum

135 1276 231 1332 118.
255 1277 327 1332 De
369 1277 635 1351 auguriis
684 1294 801 1332 non
838 1278 1219 1333 observandis
1266 1279 1497 1335 etiamsi
1531 1296 1665 1336 vera
1774 1295 1890 1334 non
1922 1282 2176 1351 potente.

81 1365 185 1419 sint.

1845 1366 1935 1421 37.
1970 1366 2049 1422 De
2079 1367 2301 1422 advena
2334 1367 2383 1421 si
2412 1383 2527 1422 non
2560 1367 2833 1439 potuerit,
2866 1372 2924 1422 et
2954 1366 3200 1423 voluerit
3230 1367 3424 1424 locum

136 1455 231 1508 119.
246 1455 316 1510 De
336 1472 507 1512 causa
528 1473 647 1529 qua
668 1456 963 1513 daemones
994 1455 1126 1529 plus
1147 1457 1341 1512 sciunt
1356 1475 1533 1529 quam
1557 1458 1665 1514 ho-
1776 1455 2057 1511 obtinere.

81 1559 245 1598 IIlllleS.

132 1631 309 1688 120.De
336 1633 568 1690 licentia
589 1633 1171 1706 Christiana(nempe
1194 1633 1462 1691 libertate
1500 1652 1534 1691 a
1574 1653 1666 1691 su-

81 1720 401 1792 perstitione.)

415 1865 675 1921 CAPITU
688 1867 771 1921 LA
819 1866 1010 1923 LIBRI
1051 1866 1257 1922 SEXTI

640 1979 712 2018 DE
750 1980 1023 2020 DIVERSIS.
1096 2020 1099 2021 ,

132 2074 170 2129 1.
196 2076 264 2132 De
282 2079 509 2135 nomine
540 2078 822 2135 ecclesiae.

128 2167 171 2217 2.
197 2165 264 2221 De
290 2184 415 2223 vera
442 2166 693 2224 ecclesia
724 2185 839 2224 non
868 2168 1120 2225 habente
1151 2169 1265 2224 nisi
1292 2170 1423 2225 tria.

129 2252 171 2306 3.
199 2254 265 2311 De
291 2256 473 2313 tribus
503 2256 725 2329 quibus
752 2257 922 2312 debet
950 2257 1195 2313 ecclesia
1227 2277 1341 2314 non
1383 2259 1487 2315 uti.

132 2342 173 2395 4.
197 2343 337 2406 Quod
370 2345 672 2418 quaerendi
699 2350 838 2401 sunt
867 2346 1204 2403 defensores
1244 2349 1314 2404 ad
1349 2350 1670 2404 defenden-

79 2427 180 2484 dam
205 2432 508 2491 ecclesiam.

128 2521 170 2572 5.
197 2520 264 2577 De
293 2524 535 2580 ecclesia
568 2542 663 2580 res
693 2541 810 2580 non
842 2528 1159 2597 repetente.

130 2609 172 2662 6.
201 2609 269 2666 De
296 2612 618 2669 hereditate
642 2613 792 2684 justi
826 2630 941 2669 non
972 2614 1310 2670 auferenda.

127 2698 172 2751 7.
197 2700 341 2764 Quod
372 2701 551 2758 liceat
580 2701 842 2758 ecclesiae
874 2718 1107 2758 sumere
1138 2703 1210 2758 de
1240 2704 1465 2775 spoliis.

128 2788 170 2841 8.
197 2787 264 2844 Dc
292 2788 839 2863 blasphemantibus
862 2789 1167 2847 ecclesiam
1207 2793 1633 2850 mundialibus.

125 2877 169 2930 9.
196 2877 259 2933 Ut
282 2879 587 2936 ecclesiam
618 2879 951 2936 mundiales
982 2880 1261 2952 increpet.

128 2966 196 3020 10.
223 2966 336 3024 Non
364 2973 633 3041 oportere
663 2969 735 3024 de
765 2968 1045 3041 religione
1090 2969 1253 3025 lucra
1298 2974 1529 3028 terrena
1576 2989 1673 3028 se-

76 3055 207 3108 ctari.

128 3144 197 3199 11.
227 3146 295 3201 De
322 3147 803 3203 discordantibus
833 3147 1163 3219 rejiciendis
1194 3148 1267 3203 ab
1296 3148 1561 3205 ecclesia.

1846 1544 2118 1610 38.Quod
2150 1561 2264 1599 non
2297 1544 2516 1600 sanctis
2542 1543 2800 1600 locorum
2834 1545 3231 1601 conditoribus
3255 1542 3428 1601 sacri-

1779 1632 2095 1701 ficandum,
2130 1634 2232 1689 sed
2261 1634 2400 1689 Deo.

1848 1723 1935 1777 39.
1952 1723 2032 1778 De
2064 1722 2314 1778 termino
2344 1721 2454 1778 loci
2485 1721 2672 1778 sancti
2696 1723 2921 1796 signati
2943 1724 3373 1796 terminatoque
3396 1742 3431 1780 a

1699 1848 1744 1911 Β
1780 1810 1969 1867 tribus
2000 1811 2286 1883 personis.

1848 1901 1936 1954 40.
1968 1899 2048 1956 De
2080 1915 2322 1955 numero
2353 1900 2739 1956 terminorum
2770 1902 2958 1957 sancti
2990 1900 3120 1957 loci.

1849 1988 2034 2043 4|.De
2064 1988 2156 2044 his
2188 1988 2290 2060 qui
2317 1988 2445 2044 loca
2473 2005 2576 2061 pro
2606 1993 2867 2061 tempore
2891 1990 3433 2063 retinent,qualiter

1778 2077 2111 2133 recedentes
2143 2077 2402 2148 separari
2436 2077 2706 2133 debeant.

1851 2167 1939 2221 42..
1975 2165 2223 2238 Explicit
2252 2166 2325 2221 de
2356 2166 2498 2221 locis
2530 2166 2785 2239 sanctis._
2806 2166 3015 2236 Incipit
3043 2168 3114 2222 de
3166 2172 3429 2237 tonsura,

1780 2254 1839 2310 in
1873 2255 2077 2325 primis
2109 2256 2179 2311 de
2209 2256 2445 2311 exordio
2478 2260 2732 2311 tonsurae
2757 2256 3037 2313 ecclosiae.

1852 2345 1939 2399 43.
1975 2344 2054 2399 De
2085 2343 2273 2415 primo
2304 2343 2513 2399 clerico
2545 2347 2734 2400 tonso.

1853 2434 1940 2488 44.
1973 2432 2053 2487 De
2086 2432 2346 2505 quinque
2379 2434 2577 2489 causis
2607 2432 2827 2505 quibus
2860 2437 3201 2489 tonsuratus
3221 2436 3308 2490 est
3337 2435 3434 2490 Pe-

1781 2526 1931 2577 trus.

1853 2612 1941 2665 45.
1971 2615 2044 2665 De
2076 2615 2445 2666 sacramento
2479 2611 2720 2667 radendi
2756 2610 2812 2666 in
2845 2610 3043 2667 anima
3070 2611 3361 2667 habendo.

1852 2701 1941 2755 46.
1977 2699 2054 2754 De
2082 2699 2662 2757 excommunicandis
2695 2698 2923 2756 clericis
2956 2700 3055 2772 qui
3090 2718 3204 2756 non
3238 2706 3437 2757 tonsu-

1782 2793 1993 2844 rantur
2020 2792 2267 2843 tonsura
2296 2804 2559 2844 romana.

1853 2880 1940 2933 «t7.
1962 2877 2033 2932 Ut
2048 2876 2506 2933 nullusclericus
2528 2881 2631 2932 aut
2646 2876 2968 2934 monachus
2989 2894 3218 2933 comam
3242 2877 3437 2935 laxare

1782 2969 2120 3038 praesumat.

1855 3054 2168 3128 48.1ncipit
2198 3055 2270 3110 de
2300 3055 2503 3111 ordine
2519 3054 3323 3111 excommunicationis.Cum
3347 3073 3438 3112 ex-

1785 3145 2217 3199 communicato
2249 3161 2364 3199 non
2396 3144 2882 3212 communicatur,
2916 3149 2974 3200 et
3005 3144 3073 3201 de
3118 3144 3309 3200 modis
3340 3163 3437 3200 ex-

125 3231 196 3287 12.
222 3233 293 3291 De
330 3236 421 3292 his
449 3237 553 3309 qui
577 3240 715 3308 post
743 3235 943 3291 odium
976 3236 1047 3292 ad
1080 3253 1281 3309 pacem
1315 3254 1430 3293 non
1483 3255 1671 3295 rever-
1703 3214 1746 3280 C
1784 3232 2353 3289 communicationis.

74 3322 254 3377 tuntur.

125 3410 196 3465 13.
220 3411 287 3469 Ut
306 3414 635 3471 oblationes
668 3412 917 3469 fratrum
947 3413 1408 3471 discordantium
1440 3433 1554 3473 non
1588 3434 1675 3473 re-

71 3496 334 3568 cipiantur.
1202 3510 1206 3514 ‘

123 3588 194 3643 14.
223 3589 295 3647 De
322 3591 549 3648 unitate
577 3608 696 3647 non
728 3590 986 3662 scienda,
1020 3598 1076 3648 et
1118 3593 1189 3648 de
1237 3595 1547 3652 concordia
1584 3612 1674 3652 ec-

69 3672 236 3733 clasis}.

122 3756 190 3813 15.
219 3760 369 3826 Quod
397 3760 868 3817 non-dividenda
894 3759 970 3816 sit
1000 3760 1269 3818 ecclesia.

118 3845 188 3900 16.
209 3847 280 3905 De
310 3850 600 3907 divisione
630 3849 920 3922 parochias
952 3850 1105 3905 inter
1134 3851 1284 3907 duos
1313 3852 1639 3925 episcopos.

119 3933 186 3987 17.
216 3936 365 4001 Quod
399 3939 614 3995 melior
644 3937 722 3993 sit
751 3937 959 3993 divisio
991 3955 1168 4010 quam
1200 3940 1512 3995 discordia.

119 4024 187 4078 18.
216 4030 287 4081 De
315 4029 553 4084 duobus
587 4044 767 4099 super
799 4043 915 4082 uno
946 4043 1087 4099 agro
1125 4029 1636 4084 contendentibus.

116 4110 185 4166 19.
213 4115 312 4179 Qui
342 4116 608 4173 ecclesiae
632 4115 941 4172 facultates
974 4122 1262 4189 usurpant
1291 4117 1401 4172 sub
1434 4117 1674 4174 obtentu

63 4196 450 4260 misericordiae.

114 4288 186 4342 20.
214 4289 285 4347 De
311 4293 562 4351 collecta
592 4293 842 4366 pecunia
869 4309 984 4349 non
1006 4292 1678 4367 vituperanda.necessi-

62 4376 149 4430 late
175 4386 422 4452 cogente.

112 4467 185 4521 21.
215 4468 281 4524 Ut
308 4488 529 4541 servos,
558 4470 663 4543 qui
689 4471 760 4526 ad
792 4471 1097 4528 ecclesiam
1130 4472 1519 4546 confugerint,
1545 4478 1676 4547 post

53 4549 409 4617 iuramentum
441 4560 607 4618 exire
637 4559 904 4616 nolentes
933 4560 1107 4617 liceat
1137 4577 1448 4634 occupare.

110 4643 183 4698 22.
210 4647 366 4711 Quod
405 4649 664 4708 ecclesia
711 4666 827 4705 non
870 4650 1081 4706 debeat
1112 4650 1398 4723 fugientia
1428 4650 1674 4707 retinere

60 4736 327 4808 mancipia.

109 4822 183 4876 23.
202 4825 401 4900 Incipit
420 4830 494 4886 de
525 4827 676 4884 locis
702 4827 943 4893 sanctis,
963 4828 1021 4882 in
1052 4827 1261 4901 primis
1279 4829 1350 4885 de
1380 4829 1671 4885 aedifican-

58 4905 184 4966 tibus
208 4915 517 4973 ecclesiam
550 4916 611 4971 in
642 4915 934 4971 territorio
967 4915 1217 4989 alicujus
1249 4917 1526 4990 episcopi.

109 4999 183 5054 24.
211 5002 287 5060 De
315 5004 461 5063 locis
493 5005 625 5062 sine
656 5004 1038 5077 martyribus.

110 5089 184 5144 25.
214 5092 288 5149 De
316 5093 765 5151 conversatione
788 5093 1020 5150 advenae
1051 5093 1390 5167 accipientis
1419 5094 1635 5151 locum.

110 5178 185 5232 26.
215 5181 291 5238 De
317 5184 727 5257 querentibus
757 5187 985 5240 mutare
1008 5182 1222 5238 locum.
1612 5230 1651 5239 .,

54 5267 185 5407 ΒΕ27.
214 5272 371 5338 Quod
421 5291 545 5331 non
595 5274 668 5330 de
720 5272 848 5329 loco
875 5272 949 5329 ad
979 5271 1173 5329 locum
1199 5274 1552 5346 quaerendus
1583 5279 1674 5330 est

118 5371 196 5407 118.

118 5371 196 5412 118.

57 5526 66 5538 Ι
108 5445 184 5501 28.
212 5450 366 5515 Quod
394 5452 567 5509 locus
596 5455 980 5510 consecratus
1014 5451 1431 5508 custodiendus
1480 5456 1568 5507 est
1598 5454 1671 5508 ab

55 5542 366 5597 Immundis.

109 5624 184 5681 29.
213 5626 288 5688 De
316 5631 572 5690 termino
601 5633 869 5690 locorum
903 5633 1263 5690 sanctorum.

1855 3322 1947 3376 49.
1979 3320 2057 3376 De
2087 3320 2666 3376 excommunicandis
2700 3321 2895 3378 malis.

1854 3411 1944 3466 50.
1977 3409 2056 3464 De
2080 3409 2643 3465 excommunicanda
2672 3426 2877 3466 mensa
2906 3409 3219 3471 malorum.

1853 3500 1942 3555 51.
1966 3497 2128 3562 Quod
2162 3514 2278 3553 non
2308 3500 2537 3569 oportet
2566 3514 2599 3552 a
2631 3497 2801 3554 malis
2830 3497 3174 3554 hominibus
3189 3516 3435 3556 munera

1786 3587 2064 3660 accipere.
2966 3586 2971 3589 ‘

1855 3678 1946 3731 52.
1985 3682 2059 3732 De
2090 3692 2204 3730 non
2232 3675 2478 3731 dicendo
2511 3693 2613 3732 ave
2644 3676 3046 3749 peccatoribus
3083 3681 3139 3733 et
3176 3694 3291 3733 non
3344 3696 3433 3735 re-

1786 3764 1834 3821 ci
1842 3764 2075 3837 piendo.

1855 3854 1945 3909 53.
1980 3853 2141 3919 Quod
2166 3869 2282 3907 non
2313 3853 2428 3908 cito
2458 3852 3058 3921 excommunicandus
3091 3854 3186 3923 sit,
3220 3856 3317 3928 qui
3353 3856 3441 3911 in-

1787 3946 2062 3999 nocenter
2088 3942 2177 3997 vel
2211 3941 2553 3998 necessitate
2584 3944 2824 3999 conviva
2854 3950 3223 4016 peccatorum
3257 3950 3364 4000 est.

1854 4033 1944 4087 54.
1962 4031 2125 4098 Quod
2159 4048 2273 4087 non
2307 4032 2851 4087 excommunicandi
2874 4037 3013 4089 sunt
3034 4035 3132 4105 qui
3156 4033 3215 4089 in
3235 4033 3442 4089 macel-

1786 4120 1909 4177 lum
1939 4120 2202 4177 veniunt.

1854 4211 1946 4265 55.
1979 4209 2141 4273 Quod
2173 4207 2388 4264 melius
2418 4213 2509 4264 est
2539 4209 2804 4265 secedere
2836 4227 2870 4264 a
2900 4210 3092 4279 malis,
3119 4227 3189 4266 ne
3222 4211 3438 4267 imma-

1784 4303 1915 4354 ture
1946 4297 2080 4369 quis
2110 4313 2245 4351 cum
2274 4295 2392 4350 illis
2425 4300 2622 4367 pereat
2652 4296 2979 4353 carnaliter.

1853 4388 1943 4442 56.
1973 4385 2135 4452 Quod
2169 4401 2283 4440 non
2315 4389 2483 4439 nocet
2511 4384 2683 4440 bonis
2713 4385 3067 4457 deprehendi
3090 4403 3223 4442 cum
3245 4386 3435 4443 malis.

1853 4477 1945 4529 57.
1977 4474 2138 4542 Quod
2169 4490 2282 4528 non
2316 4477 2483 4527 nocet
2513 4472 2738 4529 meritis
2771 4474 3058 4530 bonorum
3112 4475 3259 4530 mori
3303 4491 3437 4531 cum

1708 4585 1753 4649 D
1785 4564 1980 4621 malis.

1854 4654 1946 4708 58.
1978 4651 2141 4715 Quod
2176 4667 2291 4706 non
2324 4650 2495 4705 debet
2524 4651 3074 4707 excommunicatus
3105 4652 3311 4709 otl‘erre
3348 4654 3438 4710 vel

1782 4741 2099 4814 baptizare,
2134 4739 2247 4795 nisi
2279 4738 2469 4795 solum
2500 4755 2684 4795 orare.

1851 4829 2118 4897 50.Quod
2149 4846 2264 4885 non
2296 4828 2669 4901 suscipienda
2700 4828 2777 4883 sit
2807 4828 3174 4904 eleemosyna
3204 4848 3435 4889 excom-

1783 4919 2088 4976 municati.
2122 4917 2330 4989 Incipit
2355 4918 2425 4973 de
2450 4917 2806 4974 testimonio.

1850 5010 1942 5065 60.
1974 5013 2052 5064 De
2082 5006 2341 5080 quinque
2372 5006 2564 5061 modis
2594 5006 2936 5063 testimonii.

1852 5098 1914 5153 Cl
1936 5138 1948 5154 .
1990 5096 2154 5162 Quod
2185 5095 2374 5151 tribus
2404 5094 2582 5150 rebus
2613 5097 2894 5168 probatur
2922 5115 3096 5156 verus
3136 5100 3324 5157 testis.

1850 5188 1940 5242 62.
1956 5185 2118 5252 Quod
2133 5200 2263 5239 -nou
2296 5182 2629 5255 recipienda
2650 5184 2728 5241 sit
2748 5187 3054 5259 repentina
3076 5188 3431 5244 testiﬁcatio.

1850 5277 2034 5331 63.De
2063 5273 2252 5329 tribus
2281 5272 2546 5346 personis
2577 5275 2792 5346 quibus
2823 5277 3112 5334 obnoxius
3137 5282 3225 5335 est
3247 5276 3429 5331 falsus

1781 5363 1971 5421 testis.

1852 5454 1944 5508 64.
1977 5453 2058 5507 De
2086 5452 2182 5507 his
2214 5450 2313 5523 qui
2347 5451 2419 5507 ad
2460 5452 2863 5509 testimonium
2922 5472 3037 5510 non
3082 5449 3429 5509 admittendi

1785 5546 1948 5599 sunt.
2658 5546 2665 5547 “

1855 5631 1944 5687 65.
1978 5631 2141 5701 Quod
2172 5629 2550 5706 respicienda
2580 5631 2699 5690 sint
2726 5645 2988 5707 persona:
3026 5623 3259 5707 testaqg

2970 5472 3037 5510 on
3082 5449 3429 5509 admittendi
