3810 6214
94 252 186 310 125
1145 244 1235 303 CA
1245 240 1523 303 NONUM
1568 242 1598 300 Ε

1940 240 2344 301 OLLECTIO.
3326 243 3443 303 496

150 382 250 437 116.
280 379 351 439 De
380 379 470 435 his
500 378 600 451 qui
623 379 841 453 jugum
873 377 1191 434 famulatus
1222 374 1510 447 abjiciunt
1530 372 1681 429 cbri-
1712 375 1765 440 Α
1876 374 1992 429 186.
2027 373 2107 428 De
2139 372 2493 429 correctione
2541 373 2796 430 ﬁliorum
2829 391 2862 431 a
2918 380 3081 447 patre
3122 377 3445 432 secundum

95 469 364 526 stianitatis
392 469 650 525 obtentu.
1796 462 2123 518 doctrinam
2156 461 2405 517 Domini.

146 559 245 613 147.
275 555 472 630 Incipit
492 557 562 612 de
594 556 861 628 regno,in
889 555 1096 628 primis
1126 555 1196 609 de
1228 553 1465 609 nomine
1497 551 1680 625 regni.
1867 553 1989 605 187.
2032 553 2106 606 De
2138 550 2445 623 iniquitate
2478 551 2730 607 ﬁliorum
2763 553 2821 607 in
2854 557 3048 624 patres
3080 571 3237 609 suos.

144 647 246 701 148.
275 646 348 701 De
368 645 729 701 ordinatione
762 645 916 717 regis
946 661 1078 701 cum
1112 648 1286 700 sorte.
1870 641 1992 695 188.
2022 640 2101 695 De
2132 639 2345 711 pietate
2376 640 2435 695 in
2462 645 2751 712 parentes.

142 734 240 790 119.
268 735 341 790 De
368 733 731 789 ordinatione
759 733 915 805 regis
945 749 1079 788 cum
1107 731 1251 800 oleo,
1867 729 1990 783 189.
2028 731 2104 784 De
2133 729 2477 800 parentibus
2510 728 2632 786 suis
2663 729 3042 786 honorandis.

140 824 240 877 150.
263 822 334 877 De
363 822 593 877 duabus
619 821 938 876 virtutibus
970 820 1143 893 regis.
1866 818 1990 873 190.
2024 818 2186 881 Quod
2217 822 2489 889 parentes
2520 836 2638 875 non
2672 823 2811 875 sunt
2851 820 2978 874 vite
3023 825 3314 885 auctores,
3347 820 3450 876 sed

141 912 239 968 151.
273 911 423 977 Quod
453 911 647 967 omnis
677 913 934 984 potestas
965 928 999 965 a
1030 915 1141 965 Deo
1172 909 1270 964 sit.
1795 906 1970 962 Deus.

136 1001 237 1054 152.
269 999 421 1065 Quod
458 1000 751 1070 majorum
784 1015 988 1069 regum
1020 1014 1195 1070 Opera
1227 997 1626 1052 destruantur.
1865 998 1984 1051 191.
2019 996 2098 1052 De
2130 995 2224 1051 his
2255 995 2354 1068 qui
2375 995 2826 1053 Christianitatis
2854 998 3094 1054 obtentu
3119 996 3450 1070 despiciunt

139 1089 238 1143 153.
268 1088 418 1154 Quod
450 1087 748 1160 principes
782 1087 830 1142 si
861 1086 1229 1159 delinquant,
1252 1085 1489 1140 difﬁcile
1510 1084 1684 1141 corri-
1792 1084 1966 1141 ﬁlios.

84 1181 272 1249 gantur,
302 1180 357 1231 et
380 1176 533 1231 viam
568 1176 881 1232 ostendant
908 1176 1144 1232 erroris.
1862 1173 1987 1229 192.
2022 1175 2185 1239 Quod
2216 1176 2645 1248 preponendus
2676 1174 2753 1231 sit
2781 1174 2937 1231 Deus
2968 1174 3106 1231 ﬁliis
3128 1179 3183 1232 et
3212 1176 3445 1249 prepin-

140 1266 238 1319 154.
266 1264 418 1328 Quod
449 1263 653 1337 populi
684 1268 920 1336 peccato
953 1264 1075 1320 sint
1103 1263 1402 1336 principes
1434 1261 1594 1330 mali,
1627 1265 1685 1318 et
1795 1262 1927 1335 quis
1955 1262 2318 1336 irreligiosis.

83 1354 203 1424 quod
228 1352 548 1425 principum
581 1351 758 1424 culpa
786 1351 907 1407 sint
929 1352 1163 1423 judicos
1184 1351 1392 1423 iniqui.
1864 1352 1984 1407 193.
2020 1352 2228 1423 Incipit
2258 1353 2329 1408 de
2368 1354 2706 1424 parentibus
2748 1356 2803 1407 et
2850 1369 3051 1408 eorum
3084 1352 3441 1421 heredibus,

134 1443 234 1497 155.
263 1442 336 1497 De
364 1441 761 1514 increpatione
791 1458 1019 1514 regum.
1791 1440 1849 1494 in
1883 1440 2091 1512 primis
2122 1442 2190 1496 de
2222 1442 2432 1513 pietate
2464 1446 2769 1514 parentum
2803 1459 2938 1515 erga
2982 1442 3259 1509 heredes,
3295 1442 3352 1497 et
3373 1443 3444 1498 de

138 1532 235 1586 156.
264 1532 415 1597 Quod
450 1531 741 1586 bonorum
777 1545 982 1603 regum
1014 1546 1191 1602 opera
1222 1530 1526 1584 ediﬁcent.
1795 1530 2133 1585 hereditate
2159 1531 2215 1585 in
2251 1534 2598 1604 perpetuum
2632 1532 3047 1586 conservanda.

137 1619 236 1673 157.
264 1620 338 1675 De
366 1636 545 1675 censu
578 1619 700 1692 rogi
733 1619 946 1676 dando.
1862 1619 1984 1673 191.
2019 1618 2099 1674 De
2130 1618 2350 1674 ratione
2381 1619 2774 1693 primogeniti.
3208 1666 3213 1677 .

134 1708 232 1763 158.
259 1709 332 1764 De
359 1724 687 1809 cenati-non
721 1707 1022 1809 reddendo
1071 1724 1176 1779 per
1206 1706 1512 1763 ecclesiam
1533 1706 1676 1762 libe-
1709 1745 1757 1809 B
1866 1708 1988 1809 195.
2011 1707 2185 1809 ‘Quod
2218 1712 2383 1777 pater
2409 1713 2602 1780 potest
2631 1708 2772 1765 dare
2801 1713 3029 1780 partem
3061 1708 3163 1764 uni
3188 1708 3443 1765 ﬁliorum

89 1812 182 1850 ram
207 1814 235 1852 a
258 1796 656 1853 mundiali-bus
686 1796 886 1852 rebus.
1709 1795 1757 1809 "
1791 1801 1951 1852 extra
1978 1795 2142 1851 alios.

136 1884 228 1938 159.
258 1884 331 1940 De
362 1883 647 1958 gravitate
671 1883 927 1956 imperii.
1860 1885 1984 1940 196.
2019 1884 2179 1947 Quod
2214 1889 2378 1956 pater
2408 1890 2598 1957 potest
2647 1886 2916 1941 ordinare
2946 1889 3183 1959 nepotes
3213 1902 3351 1942 suos
3381 1885 3441 1941 in

134 1972 230 2027 160.
251 1973 323 2029 De
351 1974 656 2029 moderato
686 1972 952 2046 imperio.
1786 1973 1912 2029 loco
1937 1972 2213 2028 ﬁliorum.

132 2062 229 2116 161.
257 2061 331 2118 De
357 2062 616 2119 dominis
647 2077 850 2135 rapere
883 2079 997 2117 non
1032 2060 1382 2117 debentibus
1413 2066 1514 2116 aut
1531 2061 1678 2117 frau-
1860 2060 2153 2126 197.Quod
2167 2064 2329 2132 pater
2358 2061 2846 2132 potestminorem
2861 2061 3187 2134 praecellere
3205 2062 3436 2133 majori.

82 2149 203 2204 dare.
1858 2149 1981 2205 198.
2015 2150 2173 2214 Quod
2209 2149 2512 2220 privantur
2543 2149 2639 2205 alii
2689 2150 2793 2205 ﬁlii
2828 2151 3165 2206 hereditate
3204 2167 3307 2223 pro
3338 2151 3438 2206 de-

132 2240 231 2294 162.
259 2241 410 2306 Quod
432 2240 607 2296 breve
639 2255 882 2313 regnum
896 2240 1128 2311 justum
1149 2239 1361 2295 melius
1385 2243 1475 2295 est
1503 2238 1676 2312 longo
1786 2238 1907 2294 bito
1937 2255 2065 2294 suo.

80 2326 257 2399 iniquo.
1858 2329 1980 2382 199.
2014 2328 2092 2383 De
2123 2327 2455 2383 hereditate
2487 2329 2768 2384 servanda
2792 2330 2929 2385 ﬁliis
2955 2329 3254 2402 legitimis.

132 2417 229 2472 163.
258 2418 447 2476 Sermo
478 2418 637 2491 regis
658 2417 890 2490 gladius
908 2421 1245 2489 est,quanto
1280 2418 1467 2490 magis
1483 2434 1673 2473 sermo
1855 2418 1978 2472 200.
2011 2417 2088 2472 De
2118 2416 2454 2473 hereditate
2478 2416 2579 2472 ﬁlii
2606 2418 2911 2474 morientis
2932 2423 3067 2474 ante
3087 2423 3306 2491 patrem
3324 2422 3434 2474 Deo

76 2502 260 2560 Domini
292 2506 469 2563 nostri
496 2507 509 2561 1
1783 2506 1997 2572 danda,
2030 2509 2088 2561 et
2118 2505 2251 2561 aliis
2277 2503 2415 2561 ﬁliis
2445 2522 2562 2561 non
2596 2507 2964 2563 reservanda.

127 2594 222 2649 161.
250 2594 325 2650 De
351 2611 624 2652 sermone
654 2595 808 2668 regis
853 2599 1192 2668 protegente
1231 2594 1538 2651 inimicum
1571 2599 1673 2649 aut
1852 2596 1942 2649 2οῖ
1966 2638 1979 2650 .
2011 2595 2093 2651 De
2124 2593 2407 2650 divisione
2447 2594 2804 2652 hereditatis
2834 2597 2893 2651 in
2927 2600 3046 2651 tres
3071 2601 3287 2668 partes.

72 2681 298 2751 vinctum,
329 2684 427 2740 sed
457 2687 695 2739 tantum
720 2683 1133 2738 misericordia:
1165 2700 1364 2738 causa.
1851 2687 1975 2740 202.
2010 2684 2090 2739 De
2119 2683 2401 2739 divisione
2458 2682 2715 2757 regionis
2763 2685 2916 2742 inter
2964 2701 3128 2758 reges
3170 2690 3227 2741 et
3256 2684 3433 2741 eccle-

125 2771 222 2826 165.
250 2773 405 2838 Quod
435 2788 557 2828 non
590 2775 819 2844 oportet
840 2772 1121 2842 juvenem
1152 2788 1417 2844 regnare.
1781 2774 1950 2831 siam.

123 2860 219 2915 166.
242 2861 318 2916 Ne
346 2878 443 2917 rex
470 2860 690 2916 habeat
716 2859 916 2932 plures
946 2876 1177 2916 uxores.
1849 2865 1972 2920 203.
2007 2863 2088 2920 De
2144 2862 2480 2919 hereditate
2536 2862 2784 2934 proximi
2843 2878 2958 2918 non
3015 2863 3267 2918 tenenda
3320 2880 3426 2935 per

122 2948 219 3003 167.
250 2949 322 3004 De
352 2967 466 3006 non
501 2948 800 3005 adulando
831 2948 952 3022 regi
982 2948 1070 3004 vel
1102 2948 1523 3021 peccatoribus.
1776 2956 1915 3010 vim.
3196 2948 3201 2953 ’

124 3036 222 3091 168.
254 3039 324 3094 De
351 3056 467 3095 non
497 3038 970 3094 custodientibus
1003 3054 1219 3109 regem.
1709 3109 1737 3113 μ
1848 3044 1971 3097 204.
2005 3041 2167 3104 Quod
2222 3040 2349 3096 ﬁlie
2405 3040 2789 3113 principalem
2839 3040 3237 3097 hereditatem
3284 3057 3419 3096 cum

124 3125 221 3180 169.
248 3127 451 3199 Incipit
479 3128 554 3182 de
583 3126 829 3196 sorte,in
860 3125 1068 3199 primis
1099 3127 1169 3181 de
1201 3130 1356 3182 sorte
1381 3127 1668 3183 mittenda
1697 3109 1739 3177 Ο
1778 3131 2057 3187 fratribus
2088 3147 2204 3184 non
2238 3109 2471 3185 habent.

72 3208 117 3265 in
142 3213 309 3270 dubiis
337 3221 393 3271 et
420 3214 686 3272 incertis.
1849 3221 1973 3275 205.
2007 3219 2168 3286 Quod
2203 3216 2334 3273 ﬁlie
2357 3217 2623 3274 dividunt
2652 3218 3047 3275 hereditatem
3080 3236 3195 3275 non
3217 3218 3428 3291 princi-

126 3302 225 3357 170.
249 3305 401 3371 Quod
434 3321 556 3361 non
589 3306 679 3358 est
710 3301 912 3359 electio
943 3302 1205 3358 humana
1233 3302 1293 3357 in
1324 3308 1497 3359 sorte.
1779 3309 1993 3383 palem.

124 3390 223 3445 171.
244 3393 397 3457 Quod
428 3409 550 3449 non
584 3408 817 3465 semper
858 3391 1118 3448 sortibus
1158 3392 1535 3461 credendum,
1568 3392 1667 3449 sed
1850 3399 1973 3452 206.
2007 3398 2087 3453 De
2114 3396 2401 3453 ministris
2431 3396 2841 3469 egrotantium
2872 3396 3268 3453 hereditatem
3297 3400 3430 3454 eon-

70 3472 175 3531 Deo.
1781 3485 2183 3558 sequentibus.

122 3565 225 3624 172.
251 3568 325 3625 De
353 3574 614 3642 quatuor
669 3568 866 3625 causis
916 3569 974 3623 in
1030 3567 1245 3640 quibus
1299 3585 1427 3624 sors
1456 3568 1673 3642 legitur
1849 3575 1977 3645 207,
2013 3572 2223 3645 Incipit
2252 3572 2323 3627 de
2354 3572 2633 3644 placando
2692 3572 2993 3645 proximis,
3026 3573 3086 3628 in
3119 3572 3325 3645 primis
3356 3574 3427 3630 de

71 3652 230 3710 missa.
1780 3678 2136 3735 unoquoque
2167 3660 2429 3733 placenta
2463 3662 2761 3733 proximis,
2794 3662 2912 3719 sive
2945 3662 3021 3718 sit
3049 3662 3429 3735 p1ebilis,sive

122 3742 222 3799 173.
251 3745 325 3802 De
356 3746 450 3803 his
479 3747 639 3802 inter
669 3762 817 3818 quos
844 3746 996 3800 mitti
1028 3762 1156 3801 sors
1183 3746 1371 3801 debet.
1781 3751 2237 3817 ecclesiasticus,
2272 3750 2391 3806 sive
2414 3751 2719 3823 paenitens.

122 3833 221 3888 171.
248 3835 453 3908 Incipit
501 3836 577 3891 de
624 3834 897 3907 patribus
944 3838 1000 3889 et
1055 3833 1213 3901 ﬁliis,
1248 3834 1308 3889 in
1364 3834 1570 3908 primis
1601 3836 1672 3891 de
1851 3842 1976 3895 208.
2012 3840 2172 3906 Quod
2209 3839 2619 3911 unusquisque
2647 3840 2818 3897 debet
2838 3841 3131 3898 dimittere
3148 3840 3429 3914 proximis

68 3915 257 3979 homine
286 3926 465 3996 patris
498 3929 562 3980 et
594 3922 719 3979 ﬁlii.
1781 3931 1926 3987 suis.

122 4011 221 4066 175.
250 4012 325 4068 De
350 4013 549 4070 modis
582 4011 860 4067 ﬁliorum.
1852 4019 1976 4073 209.
2011 4017 2091 4072 De
2121 4034 2236 4073 non
2270 4017 2619 4073 dimittendo
2650 4034 2770 4074 una
2796 4018 2921 4074 vice
2951 4035 3057 4075 nec
3083 4019 3428 4091 septies,sed

121 4099 222 4154 176.
250 4100 324 4157 De
354 4103 559 4158 anima
584 4100 993 4156 mortiﬁoanda
1042 4100 1101 4155 in
1143 4105 1381 4172 peccato
1414 4101 1670 4175 proprio.
1783 4107 2114 4180 septuagies
2145 4107 2381 4177 septies.

122 4187 223 4244 177.
254 4190 331 4246 De
386 4192 631 4265 peccato
680 4190 865 4264 patris
906 4188 1171 4245 veniente
1228 4189 1287 4244 in
1329 4188 1480 4247 ﬁlios
1513 4207 1672 4259 suos,
1854 4196 1976 4252 210.
2011 4196 2091 4250 De
2121 4194 2447 4250 ditferentia
2478 4194 2709 4250 familie
2737 4195 2952 4251 Christi
2983 4200 3040 4252 et
3067 4196 3301 4251 diaboli.

69 4275 222 4333 tamen
250 4296 281 4335 a
301 4280 438 4337 Deo.
1855 4283 2066 4339 211.De
2097 4282 2331 4338 homine
2344 4299 2461 4338 non
2491 4282 2744 4339 habente
2767 4284 2920 4355 quod
2949 4284 3154 4339 reddat
3171 4284 3434 4355 proximo

122 4365 219 4422 178.
252 4368 327 4424 De
347 4368 662 4443 iniquitate
691 4372 925 4441 patrum
955 4368 1316 4424 tradendain
1350 4366 1680 4443 multospo.
1786 4373 1898 4429 nisi
1932 4388 2157 4445 pacem.

69 4452 233 4510 εἰει-οε.
1705 4479 1750 4543 D
1852 4465 1976 4518 212.
2010 4461 2091 4517 De
2115 4458 2303 4515 tribus
2334 4458 2805 4516 fraudationibus
2835 4459 3053 4516 seculi.

121 4542 222 4598 179.
243 4545 320 4602 De
349 4546 668 4620 iniquitate
694 4544 948 4601 ﬁliorum
978 4544 1039 4600 in
1081 4550 1351 4618 parentes
1383 4562 1522 4602 suos
1552 4550 1672 4602 tra-
1706 4542 1719 4543 7'
1855 4548 1981 4605 213.
2016 4545 2227 4617 Incipit
2257 4545 2327 4601 de
2348 4544 2682 4607 substantia
2728 4545 3006 4615 hominis,
3041 4547 3101 4602 in
3132 4547 3341 4620 primis
3366 4548 3437 4604 de

69 4624 237 4700 denda,
269 4634 315 4690 si
345 4633 757 4692 consenserint
785 4633 939 4690 ﬁliis.
1782 4635 2121 4695 substantia
2149 4633 2408 4690 hominis
2443 4633 2742 4705 punienda
2771 4652 2874 4707 pro
2907 4639 3143 4707 peccato
3175 4637 3325 4708 ejus.

121 4719 223 4776 180.
252 4722 408 4786 Quod
440 4742 560 4780 non
594 4722 791 4779 solum
821 4739 1090 4779 sermone
1110 4723 1361 4795 quisque
1384 4724 1673 4797 corripere
1852 4727 1979 4783 214.
2015 4725 2095 4780 De
2125 4723 2454 4780 substantia
2511 4722 2770 4780 hominis
2828 4740 2943 4779 non
3004 4724 3302 4797 punienda
3332 4742 3436 4798 pro

68 4802 222 4875 debet,
252 4813 346 4868 sed
378 4816 695 4885 potestate.
1282 4880 1323 4889 _
1785 4818 2025 4889 peccato
2055 4813 2202 4883 elus-
2288 4884 2291 4887 .

96 4894 304 4988 .181.De
336 4880 646 4974 iniquitate
668 4899 923 4956 ﬁliorum
956 4904 1152 4974 patres
1174 4880 1672 4971 nonﬁl‘iminante,
1785 4880 1805 4889 ’
1853 4906 1979 4959 215.
2013 4880 2101 4957 De
2124 4884 2315 4956 tribus
2344 4900 2548 4956 liberis
2576 4918 2611 4956 a
2640 4905 2873 4974 peccato
2904 4902 3113 4959 alieno.

71 4993 107 5031 ει
131 4990 479 5046 correxerint.
1854 4994 1983 5048 216.
2018 4990 2227 5062 Incipit
2256 4990 2327 5045 de
2357 4990 2581 5053 bestiis,
2615 4989 2676 5045 in
2709 4991 2915 5063 primis
2944 4992 3016 5048 de
3074 4992 3310 5049 nomine
3338 4992 3437 5048 be-

126 5071 229 5129 182.
261 5080 334 5134 De
358 5080 605 5135 veritate
637 5082 874 5151 patrum
905 5077 965 5132 in
1000 5077 1149 5134 ﬁlios
1179 5078 1489 5155 trahenda.
1789 5081 2057 5139 stiarum.

128 5158 231 5217 183.
255 5164 331 5221 De
351 5168 591 5237 justitia
620 5167 805 5239 patris
836 5166 1023 5221 ﬁlium
1055 5183 1171 5222 non
1203 5167 1530 5238 adjuvante.
1859 5172 1985 5226 217.
2018 5169 2098 5226 De
2128 5168 2334 5225 bestiis
2367 5167 2610 5224 mitibus
2644 5169 3136 5243 constringendis.

127 5246 229 5306 184.
261 5254 418 5320 Quod
432 5255 673 5329 justitia
696 5253 882 5327 patris
902 5254 1251 5311 honoriﬁcat
1271 5256 1560 5312 heredem
1578 5256 1679 5314 bo-
1861 5261 1988 5313 218.
2022 5257 2100 5313 De
2131 5257 2325 5312 bubus
2356 5258 2711 5329 cornupetis.

73 5345 212 5391 num.
1861 5348 1985 5403 219.
2018 5346 2100 5402 De
2130 5346 2273 5402 bove
2304 5345 2599 5402 occidente
2630 5346 2854 5404 bovem.

74 5506 83 5516 .
126 5422 233 5516 185.
263 5431 422 5497 Quod
446 5432 691 5503 justitia
712 5432 827 5487 'ﬁlii
860 5450 976 5488 non
1008 5432 1355 5488 honoriﬁcat
1384 5438 1681 5505 parentem
1861 5435 1985 5491 220.
2020 5434 2099 5490 De
2129 5433 2374 5490 animali
2406 5451 2521 5490 non
2554 5436 2864 5491 nutriendo
2890 5436 2938 5492 si
2970 5440 3197 5493 noceat.

72 5511 346 5581 iniustum.
1296 5530 1315 5543 ‘
1860 5525 1991 5580 221.
2024 5523 2105 5580 De
2137 5523 2331 5580 tribus
2362 5522 2810 5581 necessitatibus
2839 5522 3176 5580 hominum.

352 5646 611 5715 PATROL.
660 5646 1039 5712 CXXXVIII.
3051 5645 3141 5713 14

3047 5539 3176 5580 um.

3051 5645 3141 5713 14
