3810 6214
380 305 494 361 4:27
1230 302 1562 363 APPEN‘D.
1611 303 1712 360 AD
1760 300 1946 361 S/EC.
1994 301 1998 358 ξ

2223 300 2470 359 )PERA
2515 319 2922 364 “sanorum.
3647 301 3758 358 428

449 437 574 490 222.
609 435 820 508 Incipit
851 435 920 491 de
952 436 1170 491 ducatu
1188 435 1593 501 barbarorum,
1626 433 1684 488 in
1717 433 1924 506 primis
1951 433 2021 488 de
2050 439 2104 504 Α
2135 432 2309 487 nendi
2341 432 2398 488 in
2430 432 2553 488 loco
2585 431 2838 505 proprio,
2887 437 2942 488 et
2992 431 3238 488 faciendi
3281 429 3614 488 voluntatem
3663 431 3757 498 Dei

380 540 446 579 eo
477 525 631 596 quod
665 541 800 582 reus
833 530 920 581 est
974 524 1280 597 sanguinis
1331 523 1429 596 qui
1489 524 1769 578 ducatum
1819 523 2037 595 praebet
2145 520 2202 575 in
2237 539 2322 577 eo.

387 612 674 670 barbaris.
2214 613 2338 666 261.
2373 611 2453 666 De
2484 610 2718 666 licentia
2749 609 3200 666 christianorum
3234 609 3294 665 in
3317 610 3478 677 cibis,
3498 614 3548 664 et
3575 627 3600 665 e
3633 627 3754 664 con-

452 703 582 759 223.
619 703 698 758 De
729 703 920 760 tribus
954 703 1210 759 reatibus
1239 703 1427 757 Judae.
2147 705 2237 755 tra
2263 701 2464 755 eadem
2493 700 2833 755 coercenda.

451 794 579 847 224.
611 793 690 848 De
722 810 894 864 pmna
923 793 1262 848 ducentium
1295 793 1597 847 barbaros.
2217 791 2340 843 262.
2375 790 2453 844 De
2483 789 2717 844 licentia
2739 788 3129 845 maledicendi
3151 787 3425 855 inimicis,
3446 793 3500 842 et
3526 806 3552 844 e
3579 792 3757 843 contra

453 883 578 937 2'25.
611 881 690 937 De
719 881 1058 954 pmnitentia
1092 880 1358 936 ducentis
1387 881 1687 935 barbaros.
2150 895 2264 934 non
2300 877 2705 934 maledicendi.

454 981 577 1034 226.
614 979 825 1054 Incipit
873 981 942 1034 de
994 979 1268 1035 carnibus
1327 979 1590 1046 edendis,
1626 978 1682 1032 in
1734 977 1938 1049 primis
1968 977 2038 1032 de
2217 969 2342 1022 263.
2377 967 2455 1021 De
2489 965 2898 1022 immobilitate
2931 966 3294 1034 doctrinae,et
3322 983 3352 1021 e
3386 969 3573 1021 contra
3593 966 3755 1021 mobi-

384 1072 645 1140 tempore
675 1085 790 1140 quo
821 1085 1110 1124 concessze
1150 1072 1288 1122 sunt
1334 1084 1538 1123 carnes
1597 1067 1722 1122 esui
1756 1067 2034 1121 humano.
2151 1055 2333 1110 litate-

455 1168 578 1221 227,
613 1167 691 1222 De
723 1184 833 1222 usu
865 1167 1133 1222 carnium
1167 1166 1395 1222 inicito.
2217 1145 2342 1198 264.
2380 1145 2458 1198 De
2490 1161 2604 1199 non
2636 1143 3028 1200 obliviscendo
3052 1143 3109 1198 in
3134 1144 3554 1216 prosperis,cte
3580 1148 3757 1198 contra

460 1257 581 1310 228.
619 1255 696 1310 De
729 1273 839 1310 usu
872 1257 1124 1327 piscium
1154 1255 1319 1310 valde
1345 1255 1526 1310 ιίοηο.
2149 1251 2264 1288 non
2297 1233 2563 1305 negando
2592 1234 2648 1287 in
2681 1232 2960 1288 adversis.
2995 1232 3257 1305 Explicit.

459 1344 583 1398 229.
617 1345 696 1399 De
727 1346 980 1400 cavenda
1009 1345 1445 1418 dispensatione
1495 1345 1552 1398 in
1596 1344 1836 1398 edendis
1868 1342 1998 1397 cibis

389 1433 643 1494 maxime
672 1433 732 1488 in
765 1434 1062 1488 carnibus.

2311 1375 2675 1430 lNClPIUNT
2716 1373 3067 1429 CAPITULA
3108 1375 3302 1430 LIBRI
3344 1375 3620 1430 SEPTIMI

457 1490 466 1494 '
1249 1531 1260 1541 ,
1731 1530 1741 1540 ,
2152 1491 2220 1528 ως
2266 1490 2584 1540 uomenmo,
2645 1490 3032 1538 MATRIMONIO,
3091 1491 3504 1530 waawamno
3537 1491 3756 1532 szxm.

457 1532 588 1586 230.
621 1531 784 1597 Quod
815 1549 954 1603 opes
987 1547 1101 1586 non
1138 1532 1333 1586 obsint
1363 1532 1508 1586 bene
1561 1535 1767 1598 utenti,
1801 1535 1856 1584 et
1885 1529 2039 1600 quod
2569 1562 2933 1600 ELEEMOSYNA
2973 1562 3039 1600 ετ
3075 1562 3378 1602 ORATIO“.

392 1637 508 1676 non
541 1620 990 1692 quadrupedum
1021 1637 1177 1686 esus,
1212 1620 1309 1674 sed
1343 1620 1482 1692 gula
1522 1620 1860 1690 denegetur.

462 1718 588 1771 231.
621 1721 700 1772 De
730 1735 832 1773 esu
866 1718 1059 1772 avium
1092 1717 1268 1772 licito.

464 1807 589 1861 232.
624 1805 702 1861 De
723 1823 825 1862 esu
858 1807 1112 1862 ferarum
1138 1807 1386 1862 maxime
1419 1823 1720 1862 cervorum
1754 1806 1932 1861 licito.
2075 1811 2118 1874 Β

467 1895 589 1949 233.
625 1895 705 1950 De
733 1912 835 1950 esu
867 1894 1232 1963 animalium,
1267 1895 1372 1950 hoc
1415 1901 1504 1950 est
1536 1913 1734 1963 suum,
1769 1895 1948 1950 licito.

465 1983 588 2038 234.
619 1984 781 2046 Quod
815 2000 987 2040 omne
1017 1983 1234 2039 animal
1270 1989 1565 2040 mortuum
1601 1985 1726 2040 sine
1759 1985 2042 2041 effusione

395 2071 702 2145 sanguinis
736 2073 1115 2128 morticinum
1146 2077 1252 2129 est.

464 2172 591 2225 235.
626 2170 706 2226 De
732 2172 1010 2226 sulfocato
1039 2170 1127 2227 vel
1155 2189 1187 2226 a
1218 2172 1407 2228 bestia
1435 2179 1622 2245 capto.

466 2261 592 2313 236.
626 2257 704 2314 De
732 2259 1038 2315 morticino
1069 2265 1126 2315 et
1155 2261 1455 2316 suifoeato.

467 2349 592 2402 237.
627 2348 773 2413 Quid
807 2348 1097 2419 significet
1153 2351 1306 2419 quod
1359 2367 1530 2406 carne
1576 2367 1709 2405 cum
1761 2351 2045 2423 sanguine

398 2437 552 2492 vesci
584 2436 906 2490 vetabatur.

469 2526 594 2578 238.
629 2527 839 2578 Contra
867 2541 965 2579 eos
989 2525 1500 2595 quidicunt,omne
1519 2529 1671 2600 quod
1697 2529 1755 2582 in
1787 2546 1850 2584 os
1869 2529 2047 2583 intrat

401 2630 518 2668 non
550 2611 888 2682 eoinqumat
917 2613 1206 2668 homines.

469 2708 597 2763 239.
631 2708 840 2780 Incipit
869 2710 939 2766 de
968 2711 1330 2778 conviviis,in
1356 2714 1559 2785 primis
1582 2715 1652 2770 de
1678 2715 2046 2786 praedicando

401 2815 461 2852 In
495 2813 790 2853 CODVlVllS.

2223 1681 2273 1732 1.
2309 1678 2387 1733 De
2410 1678 2751 1750 pmnitentia
2781 1678 3008 1734 diversa
3028 1679 3459 1736 homicidarum
3477 1684 3667 1752 sponte
3687 1697 3759 1734 oc-

2151 1766 2492 1822 cidentium.

2220 1860 2274 1909 2.
2312 1860 2386 1911 De
2416 1856 2509 1913 his
2541 1857 2640 1928 qui
2674 1874 2788 1912 non
2820 1861 3024 1929 sponte
3058 1855 3443 1914 homicidium
3485 1859 3757 1914 commise-

2153 1948 2308 1998 runt.

2222 2034 2274 2087 3.
2315 2034 2387 2088 De
2413 2033 2728 2089 homicidio
2759 2034 2842 2090 vel
2875 2033 3039 2090 falsis
3071 2037 3343 2091 testibus.

2224 2123 2274 2176 4.
2309 2122 2369 2177 Si
2401 2122 2534 2194 quis
2548 2140 2978 2196 quemcumque
3002 2141 3102 2197 per
3125 2125 3481 2181 maleﬁcium
3504 2124 3756 2180 hominem

2155 2211 2528 2266 interfecerit.

2223 2301 2276 2354 5.
2309 2301 2389 2355 De
2417 2300 2508 2356 his
2541 2302 2640 2373 qui
2667 2301 2776 2357 sibi
2811 2302 3527 2376 quacunquenegligentia
3551 2307 3754 2358 mortem

2154 2389 2434 2457 inferunt,
2467 2391 2554 2445 vel
2587 2409 2690 2463 pro
2721 2392 2844 2446 suis
2876 2391 3192 2447 sceleribus
3223 2392 3564 2463 puniuntur.

2225 2480 2278 2534 6.
2313 2479 2392 2535 De
2423 2479 2516 2535 his
2570 2480 2670 2551 qui
2727 2497 2921 2536 servos
2982 2497 3122 2536 suos
3178 2485 3345 2536 extra
3393 2482 3637 2553 judicem
3683 2496 3756 2534 ne-

2157 2572 2308 2623 cant.

2225 2659 2278 2711 7.
2314 2657 2372 2713 Si
2399 2657 2638 2713 domina
2668 2675 2770 2728 per
2800 2657 2988 2712 zelum
3021 2658 3295 2714 ancillam
3329 2659 3614 2715 occiderit.

2225 2749 2278 2800 8.
2314 2751 2390 2802 De
2420 2763 2486 2802 eo
2516 2747 2614 2819 qui
2651 2746 2852 2802 nolens
2894 2747 3272 2803 homicidium
3305 2748 3664 2821 fecerit,quod
3690 2746 3752 2800 ci-

2156 2836 2304 2892 vitas
2336 2852 2468 2891 eum
2503 2835 2796 2891 defendat.

469 2895 709 2990 240.‘De
737 2898 1194 2955 scurrilitatibus
1224 2903 1279 2956 et
1304 2900 1661 2972 turpiloquio
1695 2901 1753 2956 in
1791 2901 2048 2957 convivio
2225 2927 2279 2979 9_
2315 2925 2475 2990 Quod
2509 2924 2753 2980 ecclesia
2783 2923 2992 2980 debeat
3020 2925 3349 2980 defendere.

402 2984 676 3042 vitandis.

2232 2984 2352 3070 10.‘
2378 3014 2540 3077 Quod
2601 3013 2954 3069 occidendus
3013 3019 3103 3068 est
3161 3013 3478 3083 homicida,
3531 3014 3621 3087 qul
3672 3028 3757 3066 non

471 3075 597 3128 241.
627 3074 788 3138 Quod
821 3093 936 3131 non
967 3081 1193 3148 oportet
1242 3078 1568 3133 convivium
1630 3079 1753 3135 ﬁeri
1799 3079 1854 3135 in
1885 3081 1994 3137 fest

2223 3108 2366 3158 onte
2399 3074 2706 3168 occiderit,
2750 3103 2799 3158 si
2853 3107 3014 3158 extra
3073 3103 3281 3158 urbem
3340 3074 3757 3176 deprehendatur

403 3163 690 3235 gentium,
725 3165 825 3219 sed
849 3165 1168 3236 jejunium.
2077 3181 2120 3246 C
2161 3163 2289 3265 (£6),

636 3261 715 3354 Pe
738 3262 933 3354 tribuis
966 3263 1182 3354 quibus
1214 3270 1443 3354 constat
1483 3266 1740 3336 dignitas
1771 3266 1976 3338 ePUl‘B-
2169 3261 2176 3265 ’
2234 3261 2318 3336 11.
2354 3282 2434 3336 De
2466 3281 2776 3337 homicidis
2807 3298 2956 3354 quos
2983 3281 3182 3336 civitas
3215 3281 3424 3354 refugii
3457 3279 3704 3337 defendit.

473 3349 599 3442 2‘43-
636 3349 842 3442 IPcipiF
874 3353 943 3442 (ξφ
975 3352 1390 3425 hospitalitate,
1417 3355 1474 3409 in
1517 3355 1721 3426 Primis
1752 3356 1821 3410 de
1851 3355 2048 3411 013301“
2234 3371 2317 3424 12.
2351 3370 2514 3436 Quod
2546 3387 2680 3425 reus
2727 3349 2888 3426 extra
2945 3370 3230 3442 templum
3281 3349 3600 3426 trahendus
3627 3368 3754 3424 situt

402 3437 633 3496 vatione
663 3439 1099 3512 hospitalitatis.
2159 3459 2478 3515 occidatur.

474 3530 598 3619 244.
633 3529 712 3584 De
741 3529 1002 3619 profectu
1033 3531 1468 3604 hospitalitatis.
2231 3549 2315 3604 13.
2357 3548 2519 3612 Quod
2555 3548 2726 3604 debet
2757 3546 3003 3603 ecclesia
3033 3547 3243 3619 dignos
3292 3551 3350 3602 et
3400 3547 3657 3619 indignos
3682 3543 3753 3596 de-

471 3618 598 3683 245,
627 3622 705 3673 De
734 3618 1006 3675 cavendis
1039 3619 1386 3692 hospitibus.
2158 3638 2411 3692 fendere.

470 3708 594 3761 246.
630 3707 710 3762 De
741 3709 1008 3763 mercede
1039 3709 1449 3780 suscipiendis.

2229 3726 2315 3780 14.
2368 3725 2529 3790 Quod
2589 3725 2894 3781 homicidae
2953 3724 3011 3780 in
3063 3723 3308 3780 ecclesia
3367 3723 3635 3796 pmnitcre
3680 3719 3754 3771 de-

469 3796 594 3849 247.
629 3795 842 3866 Incipit
862 3796 932 3850 de
963 3795 1194 3852 silentio
1226 3802 1281 3852 et
1311 3797 1626 3855 elevations
1658 3801 1899 3867 vocis,in
1933 3803 2047 3874 pri-
2157 3815 2315 3869 bent.

401 3882 514 3938 mis
543 3883 614 3937 de
647 3899 712 3938 eo
744 3885 900 3953 quod
934 3883 1229 3939 silendum
1263 3891 1370 3940 est.

2229 3905 2314 3959 15.
2349 3903 2510 3968 Quod
2542 3901 2734 3959 omnis
2759 3901 2948 3958 fidelis
2977 3919 3093 3958 non
3125 3901 3293 3957 facile
3336 3900 3678 3957 abdicandus
3702 3894 3754 3947 sit

467 3971 592 4026 248.
627 3971 707 4026 De
737 3970 832 4026 his
864 3971 960 4042 qui
984 3973 1359 4028 continentur
1391 3975 1448 4028 in
1481 3975 1732 4032 silentio.
2157 3993 2229 4047 de
2260 3993 2393 4048 sinu
2425 3991 2704 4048 ecclesiae.

465 4059 592 4114 249.
625 4064 702 4114 De
737 4059 1136 4116 moderatione
1167 4067 1224 4116 et
1255 4064 1522 4118 custodia
1551 4065 1688 4120 oris.

2228 4081 2314 4138 16.
2350 4082 2511 4147 Quod
2545 4097 2659 4136 non
2692 4084 2882 4152 potest
2912 4081 2970 4134 in
3003 4095 3148 4133 novo
3177 4082 3533 4134 testamento
3563 4067 3752 4131 ecclesia

630 4148 708 4242 Pe
739 4165 1009 4242 3mm?”
1039 4149 1247 4207 Otioso'
2157 4174 2363 4242 sponte
2392 4148 2794 4241 confugientes
2826 4169 2897 4223 ad
2931 4185 2993 4224 se
3025 4184 3140 4222 non
3170 4167 3504 4222 admittere.

465 4239 591 4293 251.
625 4237 786 4301 Quod
812 4237 1026 4295 melius
1055 4244 1144 4295 est
1174 4257 1529 4312 praemonere
1559 4259 1736 4314 quam
1770 4243 1958 4300 silere.
2190 4237 2314 4314 '17,
2350 4263 2426 4314 De
2454 4237 2699 4314 θοοιᾷείθ,
2727 4274 2854 4312 reos
2885 4273 3002 4312 non
3032 4256 3410 4314 defendente,

463 4329 586 4384 252.
625 4327 704 4383 De
735 4331 988 4398 quatuor
1016 4347 1143 4402 qua:
1175 4334 1314 4385 sunt
1346 4331 1402 4386 in
1437 4331 1753 4388 clevatione
1783 4334 1958 4388 vocis.

2229 4349 2312 4401 18.
2345 4346 2470 4402 Non
2500 4347 2573 4402 ad
2606 4362 2836 4401 reorum
2868 4345 3268 4400 defensionem
3303 4344 3457 4398 facta
3498 4346 3581 4398 est
3613 4332 3747 4392 eccle-

465 4417 2043 4494 253.lncipitdemaledictionibusetbenedictionibus,
2156 4434 2262 4502 sia,
2299 4435 2396 4490 sed
2439 4435 2746 4506 judicibus
2801 4433 3168 4488 suadendum
3202 4437 3266 4486 ut
3321 4428 3604 4502 spirituali
3633 4433 3747 4479 more

395 4509 454 4563 in
487 4506 696 4578 primis
730 4507 800 4562 de
833 4524 896 4562 co
916 4509 1210 4579 quomodo
1234 4508 1616 4591 maledicendi
1651 4509 1769 4565 sint
1800 4511 2042 4566 inimici.
2076 4546 2123 4609 Β
2154 4541 2253 4579 eos
2309 4523 2576 4579 occidant
2633 4523 2732 4594 qui
2794 4523 2865 4577 ad
2946 4523 3143 4577 sinum
3201 4519 3461 4576 ecclesia:
3530 4514 3747 4581 confuge‘

464 4597 589 4652 254.
627 4596 703 4650 De
735 4596 1144 4653 maledictione
1176 4590 1454 4654 timenda.
2076 4590 2122 4609 υ
2155 4612 2290 4666 rint.

463 4686 590 4739 255.
625 4684 702 4739 De
743 4685 973 4741 duobus
1004 4686 1192 4741 modis
1222 4688 1422 4742 orandi
1457 4703 1560 4758 pro
1590 4687 1864 4744 inimicis.
2225 4702 2313 4755 19,
2349 4701 2426 4756 De
2456 4700 2570 4769 his,
2605 4700 2702 4771 qui
2730 4702 2974 4772 peccant
3002 4698 3063 4752 in
3094 4696 3219 4752 ιοοο
3251 4700 3483 4761 sancto,
3519 4696 3572 4749 in
3598 4687 3747 4746 eodem

465 4773 588 4826 256.
623 4772 702 4826 De
753 4772 988 4830 inimico
1044 4776 1274 4847 proprio
1306 4793 1419 4830 non
1481 4775 1900 4844 maledicendo,
1943 4778 2043 4832 sed
2154 4789 2508 4845 occidendis,

395 4858 632 4914 inimico
664 4859 760 4913 Dei
795 4866 851 4916 et
883 4862 1160 4918 ecclesias.
1823 4890 1840 4898 ’
2222 4880 2312 4932 20.
2344 4879 2422 4934 De
2455 4876 2717 4952 relliquiis
2749 4881 3089 4932 sanctorum
3136 4891 3254 4929 non
3307 4861 3745 4928 ContaminandiS-

463 4957 589 5010 257.
625 4956 702 5010 De
736 4963 918 5014 morie
950 4960 1169 5014 inimici
1201 4979 1312 5016 non
1344 4962 1624 5033 roganda.
2220 4968 2309 5021 21.
2342 4967 2420 5022 De
2451 4965 2774 5022 infantibus
2806 4965 3080 5038 projectis
3113 4963 3171 5017 in
3205 4961 3458 5017 ecclesia
3489 4957 3599 5016 Dei.

463 5045 590 5097 258.
617 5043 694 5098 De
727 5045 1238 5104 maledictionibus
1271 5049 1328 5103 in
1361 5049 1613 5120 dialogo.
2221 5059 2308 5111 22.
2343 5056 2422 5110 De
2452 5055 2641 5110 tribus
2664 5055 2856 5110 modis
2904 5052 3121 5124 quibus
3153 5049 3455 5106 occultum
3487 5045 3652 5105 scelus
3676 5038 3744 5091 de“

461 5140 830 5212 259.1neipit
877 5144 947 5198 de
1004 5147 1310 5200 contrariis
1347 5147 1561 5214 causis,
1590 5146 1647 5200 in
1708 5146 1914 5219 primis
1971 5149 2042 5204 de
2153 5148 2534 5200 monstratur.

390 5228 654 5300 exemplo
687 5246 801 5284 non
837 5232 1113 5302 operandi
1146 5233 1202 5287 in
1229 5234 1469 5288 sublimi
1494 5235 1765 5306 gradu,et
1792 5254 1820 5291 e
1843 5241 2044 5293 contra
2221 5235 2308 5287 23.
2342 5233 2421 5288 De
2453 5231 2667 5287 scelere
2701 5230 3031 5285 manifesto.

391 5318 670 5389 operandi
701 5317 879 5372 etiam
910 5320 1202 5391 episcopo.
2219 5324 2308 5376 24.
2343 5322 2421 5376 De
2453 5337 2695 5376 numero
2729 5318 2971 5374 testium
3002 5317 3352 5374 testantium
3383 5316 3590 5372 scelus.
3678 5389 3701 5397 Η

459 5407 588 5463 260.
623 5406 704 5462 De
737 5407 996 5479 exemplo
1029 5409 1454 5480 peregrinandi,
1488 5417 1542 5466 et
1572 5430 1601 5466 e
1634 5416 1837 5468 contra
1858 5430 2042 5469 rema-
2219 5413 2307 5467 25.
2343 5411 2423 5466 De
2455 5410 2645 5466 tribus
2677 5407 2941 5482 personis
2973 5407 3043 5463 ad
3105 5405 3483 5479 punitionem
3514 5391 3765 5461 vocandiss

460 5585 576 5658 (16)
603 5586 808 5642 Sermo
840 5589 930 5641 est
960 5583 1021 5640 in
1049 5588 1210 5640 textu
1266 5586 1335 5642 de
1358 5587 1493 5658 jure
1550 5593 1739 5644 vetere
1773 5589 2046 5646 Mosaico.
