3810 6214
58 360 162 417 129
1145 358 1524 419 CANONUM

1942 358 2342 419 OLLEC’I‘IO.
3324 361 3439 419 430

115 490 198 543 26.
233 490 311 545 De
341 488 616 545 vindictis
647 488 929 545 scelerum
961 491 1019 545 in
1054 490 1177 562 lege
1206 490 1402 544 veteri.
1711 491 1765 555 Α
1863 490 1950 542 67.
1985 489 2062 544 De
2094 490 2362 563 bigamis.

113 580 196 631 27.
226 578 306 633 De
333 576 592 633 vindicta
622 577 907 635 scelerum
940 579 999 633 in
1032 595 1177 634 novo
1212 582 1582 634 testamento.
1858 580 1947 632 68.
1984 578 2062 633 De
2093 579 2266 634 vidua
2299 580 2564 651 professa
2595 580 2945 636 castitatem.

114 669 195 720 28.
228 666 308 722 De
338 671 465 723 octo
492 665 810 739 generibus
840 685 1164 739 poenarum.
1860 668 1949 719 69.
1986 667 2065 722 De
2097 666 2420 738 virginibus
2451 667 2749 739 Oppressis
2782 674 2883 723 aut
2919 668 3193 724 seductis.

109 756 189 809 29.
224 755 303 810 De
334 755 639 811 severitate
668 756 955 810 vindictae.
1857 757 1947 809 70.
1982 757 2145 821 Quod
2181 774 2296 811 non
2331 757 2515 811 inficit
2544 757 2938 830 virginitatem
2974 758 3211 813 coactio.

107 845 187 899 30.
219 844 298 899 De
316 844 573 900 vindicta
603 862 718 899 non
736 844 1098 916 prohibenda
1128 844 1186 899 in
1211 860 1377 909 novo,
1402 847 1456 899 et
1480 859 1677 915 perso—
1857 844 1949 897 71.
1986 843 2145 906 Quod
2180 844 2343 899 alteri
2378 846 2797 917 desponsatam
2819 864 2991 902 nemo
3014 846 3273 918 accipere
3300 863 3443 917 pra:-

48 931 127 987 nis
154 932 341 1004 dignis
371 932 629 988 vindicta
659 933 791 1006 (17).
1786 935 2003 987 sumat.

104 1022 184 1075 31.
214 1021 291 1076 De
319 1020 578 1077 vindicta
608 1021 669 1077 in
699 1039 868 1078 novo.
1854 1021 1942 1073 72.
1977 1020 2055 1075 De
2088 1021 2459 1093 desponsata.

103 1110 187 1164 32.
218 1110 297 1165 De
325 1110 599 1166 vindictis
630 1112 862 1185 magnis
894 1128 1242 1184 magnorum
1280 1115 1670 1183 peccatorum.
1852 1109 1944 1164 73.
1978 1109 2058 1164 De
2088 1110 2419 1166 differentia
2466 1116 2814 1183 agnatorum
2860 1117 2915 1168 et
2964 1116 3346 1186 cognatorum
3380 1114 3439 1168 in

105 1199 185 1253 33.
217 1198 295 1254 De
340 1200 618 1272 gravibus
646 1199 918 1255 vindictis
952 1200 1246 1255 minorum
1280 1204 1669 1272 peccatorum.
1782 1195 1961 1252 tribu.

105 1287 182 1341 34.
214 1287 290 1342 De
319 1286 545 1343 levibus
576 1287 853 1343 vindictis
898 1305 1245 1361 magnorum
1278 1293 1669 1360 peccatorum.
1849 1287 1941 1339 74.
1976 1287 2138 1351 Quod
2172 1287 2401 1359 possint
2427 1289 2543 1343 duo
2574 1289 2837 1362 germani
2870 1290 3077 1345 fratres
3108 1290 3255 1345 duas
3277 1308 3435 1345 soro-

102 1375 183 1429 35.
214 1375 291 1431 De
316 1375 587 1431 vindictis
616 1376 804 1432 tardis
836 1376 893 1431 in
926 1376 1348 1449 peccatoribus.
1782 1392 1873 1430 res
1901 1375 2181 1448 accipere.

103 1464 180 1518 36.
210 1463 288 1519 De
316 1463 613 1520 velocibus
633 1463 906 1519 vindictis
938 1466 995 1519 in
1028 1465 1453 1537 peccatoribus.
1848 1466 1940 1518 75.
1973 1466 2059 1518 An
2091 1463 2290 1520 fideles
2324 1466 2553 1537 possint
2576 1484 2708 1522 cum
2732 1467 3076 1539 propinquis
3100 1466 3209 1522 sibi
3234 1468 3436 1537 conju-

102 1553 177 1607 3’7.
208 1552 285 1609 De
314 1552 619 1609 occasione
652 1552 1007 1609 diversitatis
1038 1552 1237 1608 iudicii
1269 1552 1367 1608 Dei
1401 1552 1458 1607 in
1492 1552 1667 1608 utris-
1778 1552 1872 1624 gio
1905 1552 2195 1625 copulari;
2231 1558 2287 1608 et
2310 1554 2569 1611 novercis
2594 1561 2649 1611 et
2681 1556 2944 1629 cognatis
2976 1573 3046 1611 an
3072 1555 3241 1610 liceat
3261 1573 3436 1627 copu-

46 1655 156 1709 que.
1776 1640 1904 1697 lari.

102 1729 176 1784 38.
201 1729 277 1785 De
307 1734 565 1801 quatuor
612 1729 804 1786 modis
836 1730 1051 1803 quibus
1095 1749 1211 1787 non
1256 1730 1367 1786 cito
1409 1730 1667 1786 vindicat
1843 1732 1934 1784 76.
1967 1730 2047 1786 De
2105 1731 2449 1803 cognatione
2501 1731 2932 1802 conjunctionis
2990 1730 3328 1803 specialiter
3376 1732 3435 1788 in

52 1818 244 1920 Deis.“
832 1907 844 1919 ι
891 1907 929 1920 ﬂ
1001 1907 1012 1919 .
1694 1854 1742 1920 Β
1771 1818 2091 1920 Anglorum
2124 1824 2313 1891 gente.

107 1905 179 1961 39.
205 1905 280 1964 De
309 1913 475 1963 reatu
507 1924 710 1964 eorum
747 1907 846 1980 qui
874 1907 1179 1964 dimittunt
1210 1926 1357 1964 reos.
1696 1905 1741 1920 “’
1843 1909 1934 1962 77.
1969 1908 2042 1963 Ut
2073 1908 2507 1975 consobrinam,
2544 1913 2799 1980 neptem,
2825 1909 3021 1963 fratris
3046 1926 3283 1965 uxorem
3308 1909 3435 1965 nul-

105 1996 178 2048 40.
205 1995 279 2051 De
308 2013 481 2069 pcena
508 1995 691 2050 simili
724 1995 944 2051 defensi
981 1998 1060 2051 rei
1091 2001 1147 2052 et
1175 1996 1517 2052 defensoris.
1773 1996 1866 2051 lus
1901 1996 2162 2067 accipere
2202 2002 2534 2068 praesumat.

103 2084 177 2137 41.
208 2083 411 2156 Incipit
436 2085 509 2141 de
548 2084 776 2139 ratione
821 2085 1200 2153 matrimonii,
1252 2086 1311 2140 in
1357 2083 1561 2157 primis
1592 2084 1663 2139 de
1840 2087 1930 2139 78.
1965 2088 2037 2139 Ut
2068 2086 2422 2157 presbytera,
2458 2085 2724 2152 diacona,
2758 2086 3066 2153 monacha,
3102 2087 3277 2142 veluti
3311 2089 3431 2160 spi-

49 2168 189 2226 laude
217 2172 598 2229 matrimonii.
1773 2172 1971 2229 rituali
2002 2178 2321 2228 commatre
2354 2173 2553 2229 nullus
2588 2179 2802 2229 utatur.

104 2260 178 2313 42.
208 2260 282 2316 De
313 2279 491 2317 uxore
522 2280 657 2334 qua:
688 2263 745 2318 in
777 2263 1152 2318 matrimonio
1184 2263 1454 2319 habenda
1482 2268 1589 2318 est.
1842 2264 1931 2317 79.
1965 2262 2038 2316 Ut
2080 2261 2363 2333 virginem
2412 2267 2513 2317 aut
2542 2262 2799 2329 viduam,
2853 2263 2962 2318 nisi
3013 2264 3430 2336 desponsatam

103 2350 177 2403 43.
204 2349 279 2405 De
309 2350 548 2407 nomine
568 2355 627 2406 et
648 2351 912 2407 moribus
934 2352 1190 2423 conjugii
1220 2356 1276 2408 et
1304 2352 1665 2423 subjectione
1774 2349 2065 2417 habuerit,
2100 2350 2299 2405 nullus
2330 2351 2541 2405 audeat
2567 2350 2745 2405 furari
2770 2350 2829 2406 in
2862 2369 3123 2409 uxorem.

49 2436 297 2494 mulieris.
1844 2440 1932 2493 80.
1968 2438 2048 2493 De
2079 2438 2473 2509 generationis
2505 2437 2732 2510 copula.

102 2527 177 2580 44.
210 2528 278 2582 De
307 2532 478 2584 aetate
511 2526 716 2599 sponsi
746 2531 804 2584 et
826 2516 1064 2599 Sponsae
1096 2532 1231 2583 ante
1264 2529 1517 2600 nuptias.
1846 2528 1933 2582 81.
1969 2526 2049 2582 De
2077 2526 2336 2581 vindicta
2365 2526 2585 2598 copula:
2619 2527 2855 2582 illicita).

104 2615 178 2668 45.
209 2615 283 2671 De
311 2616 661 2672 concubinis
692 2620 827 2671 ante
862 2615 1099 2687 nuptias
1129 2633 1242 2671 non
1276 2616 1582 2671 habendis.
1846 2619 1933 2670 82.
1968 2615 2129 2681 Quod
2163 2614 2309 2669 nihil
2337 2616 2491 2670 obsit
2522 2616 2592 2670 de
2624 2616 2863 2672 incestis
2888 2617 3071 2673 nasci.

107 2704 179 2756 46.
209 2704 466 2769 Qualiter
495 2721 755 2777 sponsus
784 2708 842 2760 et
868 2720 1087 2776 sponsa
1116 2705 1555 2761 benedicentur.
1846 2705 1935 2760 83.
1961 2704 2042 2759 De
2063 2721 2129 2759 eo
2153 2704 2308 2775 quod
2332 2705 2617 2777 scriptum
2640 2710 2747 2773 est,
2774 2706 2871 2778 qui
2893 2706 3103 2761 viderit
3123 2708 3427 2764 mulierem

106 2792 180 2846 47.
210 2792 277 2847 Ut
305 2792 584 2849 natalitize
610 2793 698 2849 vel
730 2793 946 2865 nuptiae
976 2793 1035 2847 in
1068 2794 1518 2867 quadragesima
1549 2811 1665 2849 non
1777 2793 1849 2848 ad
1881 2792 2413 2864 concupiscendum
2445 2810 2595 2849 eam.

56 2878 189 2935 fiant.
1847 2882 1935 2935 84.
1970 2881 2050 2935 De
2079 2880 2309 2936 luxuria
2338 2882 2552 2949 carnis,
2584 2886 2641 2937 et
2670 2882 2965 2953 superbia,
2991 2900 3118 2954 quze
3149 2886 3311 2959 origo
3340 2890 3430 2943 est

110 2970 182 3023 48.
213 2970 279 3026 Ut
307 2971 780 3026 Christianorum
811 2989 923 3028 non
952 2974 1196 3030 saltetur
1226 2974 1284 3030 in
1317 2974 1560 3046 nuptiis.
1777 2969 2042 3024 omnium
2075 2969 2409 3025 criminum.

112 3057 184 3113 49.
212 3058 287 3116 De
314 3058 660 3132 parentibus
693 3059 795 3132 qui
837 3061 1011 3117 ﬁdem
1043 3063 1473 3135 sponsaliorum
1508 3063 1669 3120 fran-
1847 3060 1918 3113 85
1969 3058 2130 3121 Quod
2180 3058 2412 3113 duobus
2458 3057 2634 3127 vitiis,
2686 3058 2742 3114 id
2791 3064 2899 3127 est,
2951 3060 3182 3117 luxuria
3227 3067 3284 3118 et
3322 3081 3428 3119 su-

60 3150 193 3214 gunt.
1709 3218 1738 3223 _
1778 3147 1999 3220 perbia,
2032 3146 2299 3202 diabolus
2321 3146 2721 3219 principaliter
2748 3148 3005 3205 humano
3026 3150 3220 3223 generi
3243 3152 3428 3207 domi-

111 3235 185 3290 50.
212 3236 365 3300 Quod
393 3237 558 3293 aliud
587 3237 664 3294 sit
692 3254 857 3304 uxor,
889 3239 1046 3295 aliud
1079 3239 1424 3295 concubina.
1697 3218 1741 3286 C
1778 3218 1972 3292 natur.

112 3323 187 3377 5|.
216 3326 367 3390 Quod
399 3341 520 3381 non
554 3325 632 3381 sit
655 3324 998 3397 duplicatio,
1024 3329 1258 3399 quando
1290 3327 1500 3383 ancilla
1539 3327 1670 3383 reli-
1850 3325 1938 3379 86.
1971 3323 2096 3378 Non
2130 3327 2327 3378 manet
2358 3323 2415 3377 in
2449 3323 2675 3379 Christo
2707 3323 2807 3395 qui
2838 3342 2951 3380 non
2974 3331 3064 3381 est
3094 3328 3425 3382 membrum

61 3414 147 3480 cta,
176 3430 307 3471 uxor
336 3415 697 3472 adsumitur.
1780 3413 1930 3483 ejus,
1965 3428 2069 3467 nec
2095 3411 2361 3467 Christus
2392 3416 2591 3470 manet
2619 3412 2677 3466 in
2695 3429 2761 3468 eo
2794 3414 2893 3484 qui
2917 3430 2979 3468 se
3007 3414 3144 3469 facit
3164 3416 3430 3470 membra

112 3502 186 3557 52.
214 3503 288 3559 De
317 3504 701 3562 matrimonio
733 3504 884 3559 inter
913 3503 1163 3561 liberum
1204 3510 1259 3561 et
1290 3504 1586 3571 ancillam,
1619 3511 1674 3561 et
1782 3499 2124 3556 meretricis.

63 3588 183 3645 inter
204 3589 440 3649 liberam
478 3595 537 3647 et
564 3609 820 3648 servum.
1852 3590 1941 3643 87.
1975 3588 2137 3653 Quod
2171 3588 2315 3642 bene
2346 3586 2429 3642 illi
2460 3588 2554 3655 sit,
2589 3588 2689 3660 qui
2720 3588 2848 3645 sine
2878 3606 3055 3646 uxore
3082 3597 3297 3647 manet.
3323 3591 3432 3659 Qui

114 3678 189 3731 53.
210 3680 362 3744 Quod
386 3697 509 3735 non
532 3678 704 3735 liceat
724 3679 965 3736 alterius
987 3697 1261 3752 sponsam
1286 3681 1355 3736 ad
1380 3679 1676 3737 matrimo-
1783 3678 1972 3751 diligit
2001 3676 2386 3746 meretricem,
2421 3695 2605 3733 unum
2637 3694 2849 3749 corpus
2877 3679 3145 3736 efﬁcitur.

64 3763 125 3816 nii
143 3766 263 3836 jura
281 3768 500 3825 sortiri.
1854 3770 1945 3822 88.
1978 3767 2059 3822 De
2092 3765 2345 3822 cavendo
2378 3766 2664 3822 adulterio
2695 3767 2873 3822 etiam
2905 3768 2963 3823 in
2994 3767 3272 3840 legitimis
3303 3786 3437 3825 con-

117 3854 190 3909 54.
219 3855 293 3912 De
319 3855 697 3930 desponsatis
746 3855 957 3928 puellis
1006 3857 1078 3913 ab
1122 3856 1253 3913 aliis
1302 3861 1504 3929 postea
1551 3874 1675 3913 cor-
1775 3855 1983 3929 jugiis.

69 3944 235 4013 ruptis.
1854 3944 1945 4001 89.
1977 3944 2057 4000 De
2089 3943 2182 3999 his
2212 3944 2311 4015 qui
2337 3943 2632 3999 adulteras
2654 3943 2869 4000 habent
2891 3963 3119 4015 uxores,
3143 3945 3229 4001 vel
3254 3947 3300 4001 si
3328 3946 3438 4018 ipsi

121 4032 193 4086 55.
222 4035 372 4099 Quod
405 4051 530 4091 non
571 4050 805 4106 pcenam
839 4034 1123 4090 minorem
1158 4035 1217 4090 in
1247 4033 1419 4107 culpa
1466 4035 1680 4091 habeat
1784 4033 2033 4089 adulteri
2070 4032 2541 4104 comprobentur.

73 4120 294 4176 conscius
322 4140 507 4195 quam
540 4126 868 4193 corruptor.
1854 4121 1943 4175 90.
1976 4120 2036 4174 Si
2070 4121 2238 4191 cujus
2262 4137 2405 4175 uxor
2434 4120 2787 4177 adulterium
2819 4122 3035 4178 fecerit.

123 4207 195 4261 56.
224 4210 297 4266 De
325 4210 611 4268 secundis
641 4209 865 4282 nuptiis
894 4228 1009 4267 non
1037 4210 1435 4283 prohibendis.
1854 4208 1944 4264 9f.
1976 4208 2138 4272 Quod
2169 4212 2406 4280 excepta
2437 4225 2616 4264 causa
2653 4208 3052 4265 fornicationis
3080 4227 3223 4266 uxor
3253 4210 3433 4265 relin-

125 4296 196 4349 57.
225 4300 377 4363 Quod
410 4317 531 4356 non
564 4303 830 4370 oporteat
858 4300 915 4355 in
973 4300 1191 4372 digami
1239 4300 1464 4371 nuptiis
1493 4312 1677 4355 orare.
1786 4298 2019 4371 quenda
2048 4314 2163 4352 non
2196 4297 2291 4351 sit.

125 4384 198 4439 58.
224 4386 297 4443 De
320 4388 657 4461 virginibus
686 4388 986 4459 oppressis
1015 4391 1116 4443 aut
1141 4388 1416 4444 seductis.
1856 4387 1927 4440 92
1950 4385 2111 4449 Quod
2143 4384 2203 4440 hi
2234 4384 2331 4456 qni
2380 4382 2770 4439 intercedente
2809 4384 3070 4455 repudio,
3120 4385 3433 4440 divortium

126 4471 198 4526 59.
226 4474 299 4531 De
324 4476 668 4549 raptoribus
695 4475 1004 4531 viduarum
1034 4476 1125 4531 vel
1149 4476 1464 4548 virginum.
1786 4471 2157 4547 pertulerint,
2209 4471 2456 4543 aliisque
2494 4488 2555 4527 se
2577 4472 2884 4542 junxerint
2910 4472 3153 4544 nuptiis,
3186 4473 3436 4528 alduteri

126 4560 200 4615 60.
226 4563 299 4620 De
328 4564 669 4639 raptoribus
700 4564 748 4619 si
780 4565 852 4619 ad
883 4563 1188 4620 ecclesiam
1219 4564 1607 4637 confugerint.
1711 4580 1759 4646 Β
1790 4562 2282 4617 demonstrentur.

128 4647 200 4703 61.
225 4650 299 4707 De
325 4652 839 4725 consanguinitate
869 4651 930 4706 in
961 4668 1079 4706 una
1106 4651 1283 4707 tribu.
1860 4650 1950 4704 93.
1982 4653 2060 4704 De
2090 4647 2335 4703 muliere
2369 4646 2691 4719 repudiata.

129 4734 203 4791 62.
230 4737 304 4795 De
330 4740 423 4798 his
471 4757 605 4813 quae
635 4739 866 4796 duobus
914 4739 1194 4796 fratribus
1234 4740 1562 4813 nupserint,
1594 4738 1684 4794 vel
1860 4738 1949 4794 94.
1984 4737 2147 4803 Quod
2196 4753 2311 4792 non
2357 4740 2448 4792 est
2495 4736 2594 4792 Dei
2626 4740 2977 4809 prmeeptum
3026 4738 3275 4809 repudii,
3337 4740 3440 4794 sed

64 4824 157 4890 :‘Iui
182 4826 314 4885 duas
337 4846 573 4886 sorores
603 4828 951 4901 acceperint.
1792 4826 2102 4885 consilium
2132 4825 2333 4899 Moysi.

134 4911 205 4967 63.
239 4916 314 4973 De
366 4918 613 4975 incestis
683 4918 785 4990 qui
850 4935 914 4975 se
971 4917 1290 4990 pollutione
1346 4934 1684 4974 commacu-
1862 4918 1952 4971 95.
1990 4916 2071 4971 De
2100 4915 2293 4970 causis
2326 4930 2473 4986 quas
2504 4917 2701 4969 narrat
2729 4913 2963 4971 libellus
2985 4916 3233 4988 repudii.

68 4988 195 5073 itaut.
701 4988 721 4990 _
972 4988 990 4990 _
1864 5006 1955 5061 96.
1990 5004 2152 5072 Quod
2186 5020 2300 5058 non
2322 5002 2684 5074 repudianda
2704 5007 2794 5059 est
2814 5002 2871 5057 in
2894 5004 3050 5061 Novo
3071 5006 3443 5062 Testamento

70 5076 210 5173 IL“.
238 5089 303 5147 Ut
321 5093 380 5149 hi
402 5095 505 5168 qui
527 5093 808 5167 proximis
826 5110 887 5150 se
904 5094 1199 5168 copulant,
1226 5112 1260 5150 a
1276 5094 1686 5150 communione
1795 5110 1940 5150 uxor
1967 5093 2040 5148 ob
2070 5093 2178 5147 has
2209 5107 2438 5147 causas.

74 5167 261 5259 iChristi
289 5167 651 5253 separentur.
977 5167 991 5168 ί
1864 5183 1954 5237 97.
1988 5180 2148 5246 Quod
2181 5177 2445 5234 adultera
2473 5194 2588 5233 non
2621 5183 2942 5235 revertatur
2972 5180 3044 5237 ad
3073 5180 3265 5237 virum
3288 5182 3442 5253 prio-

76 5302 81 5347 χ,
139 5260 212 5317 65.
241 5265 314 5322 De
342 5268 584 5327 incestis
615 5270 908 5343 conjugiis
937 5287 1006 5325 ex
1035 5270 1560 5343 consanguinitate.
1796 5286 1940 5327 rem.

140 5350 214 5406 66.
243 5353 315 5411 De
342 5356 435 5414 his
454 5358 558 5431 qui
583 5375 719 5416 cum
741 5358 1033 5415 haereticis
1054 5358 1390 5431 nuptiarum
1417 5358 1686 5431 copulam
1866 5358 1955 5413 98.
1991 5357 2067 5413 De
2092 5356 2232 5413 viris
2258 5360 2315 5411 et
2334 5354 2570 5412 feminis
2586 5354 2645 5411 in
2669 5356 3009 5431 conjugium
3031 5373 3146 5413 non
3166 5354 3444 5427 recipien-

107 5446 314 5511 Ilngunt.
1176 5446 1183 5449 “
1800 5447 1910 5504 dis.

148 5614 236 5691 (Π)
266 5622 458 5698 Agitur
487 5626 547 5685 in
580 5630 735 5686 textu
760 5626 831 5683 de
861 5622 1099 5702 publica
1118 5622 1314 5699 legum
1343 5624 1617 5683 vindicta.
