3810 6214
43 393 136 452 437
1101 388 1189 447 C.\
1203 389 1476 450 NONUM
1519 389 1796 451 ΡΗΙὸοΑ
1842 391 2290 454 COLLEC'I‘IO.
3282 390 3403 453 438

97 531 171 582 67.
201 527 271 582 De
301 521 694 581 sublevatione
728 521 1048 578 carnalium
1082 525 1138 577 et
1181 521 1352 577 ruina
1405 522 1639 593 spirita-
1670 526 1724 592 Α
1822 530 1874 582 2.
1910 526 1989 582 De
2015 526 2328 584 homicidio
2361 527 2722 584 clericorum.

44 620 176 674 lium.
1817 617 1870 670 3.
1905 617 1984 672 De
2015 616 2107 672 his
2131 617 2227 688 qui
2265 635 2324 673 se
2358 618 2516 690 ipsos
2549 618 2840 674 occidunt.

95 710 166 762 68.
193 707 339 770 Quod
372 721 441 760 ex
471 705 706 776 peccato
739 718 851 756 non
885 700 1076 756 solum
1109 704 1412 772 peccatum
1449 699 1636 773 gigni-
1818 707 1870 760 4.
1902 705 2202 761 Judicium
2233 707 2582 776 pamitentiae
2615 707 2686 761 de
2720 704 3057 762 homicidio.

43 803 131 864 tur,
159 797 246 852 sed
276 795 450 851 etiam
483 809 655 864 poma
683 790 924 862 peccati.
1817 795 1872 849 5.
1909 795 2207 851 Judicium
2231 795 2538 864 Theodori,
2573 797 2727 851 unde
2757 812 2955 868 supra.

92 885 163 938 69.
185 882 334 947 Quod
365 897 537 937 omne
576 883 879 952 peccatum
916 879 1105 933 tribus
1129 878 1394 950 arguitur
1423 877 1634 933 modis.
1815 884 1869 939 6,
1901 884 2201 940 Judicium
2233 885 2595 951 Commeani,
2622 885 2775 940 unde
2807 901 3004 956 supra.

91 977 164 1028 70.
194 973 341 1040 Quod
367 971 715 1044 plerumque
745 967 1007 1022 minimis
1034 966 1284 1038 peccatis
1304 966 1636 1036 subdimur,
1814 975 1868 1028 7.
1904 974 2201 1029 Judicium
2230 973 2574 1029 canonicum
2621 975 2690 1029 de
2740 972 3048 1046 sanguinis
3093 971 3397 1028 effusione.

42 1083 94 1118 ne
120 1065 168 1118 in
195 1062 410 1134 magnis
443 1059 569 1115 sine
599 1057 766 1112 venia
797 1072 1125 1129 peccemus.
1815 1065 1868 1116 8.
1901 1062 2197 1118 Judicium
2231 1081 2436 1119 rursus
2469 1063 2825 1127 Commeani,
2859 1063 3014 1117 unde
3045 1078 3242 1132 supra.

91 1155 162 1208 71.
193 1149 462 1216 Parvulis,
482 1148 530 1202 si
564 1146 715 1203 male
748 1146 1103 1212 nutriantur,
1119 1144 1413 1201 clauditur
1443 1145 1636 1200 aditus
1813 1152 1863 1208 9.
1900 1153 1977 1207 De
2008 1152 2303 1224 oppressis
2335 1153 2656 1208 infantibus
2686 1157 2743 1208 et
2768 1151 3013 1207 aborsis.

41 1242 166 1314 regni
193 1239 450 1296 caelestis.
1817 1243 1901 1297 10.
1937 1242 2017 1297 De
2045 1241 2392 1297 mulieribus
2426 1241 2750 1296 fornicariis
2784 1245 2840 1295 ct
2869 1241 3146 1295 aborsum
3176 1238 3392 1294 facien-

91 1334 162 1385 72.
190 1330 336 1396 Quod
369 1327 639 1400 quaedam
669 1323 886 1380 similia
914 1323 1186 1396 peccatis,
1205 1340 1318 1378 non
1352 1326 1490 1378 sunt
1512 1339 1638 1394 pec-
1743 1328 1922 1385 tibus.

43 1426 157 1475 cata.
1819 1421 1903 1474 11.
1939 1420 2018 1474 De
2075 1419 2278 1474 eadem
2339 1437 2398 1474 re
2438 1419 2730 1490 judicium
2788 1416 3072 1474 Theodori
3131 1421 3189 1472 et
3245 1415 3390 1471 Gre-

91 1511 163 1564 73.
188 1509 257 1564 De
284 1506 591 1563 dilectione
624 1503 920 1576 peccandi.
1745 1507 1912 1580 gorii,

93 1599 162 1652 74.
191 1599 259 1653 De
287 1595 653 1652 dissensione
687 1594 804 1648 ira.
1818 1599 1902 1653 12.
1940 1598 2018 1652 De
2049 1598 2374 1654 infantibus
2401 1598 2502 1670 qui
2535 1597 2746 1652 mortui
2782 1597 3158 1651 inveniuntur
3188 1596 3260 1651 ad
3306 1594 3391 1649 la-

93 1689 162 1741 75.
191 1692 256 1742 De
285 1684 636 1742 discretione
668 1681 976 1737 mendacii.
1745 1690 1840 1742 tus
1873 1687 2154 1742 mulieris,

96 1779 166 1830 76.
192 1777 257 1832 De
287 1773 637 1831 discretione
667 1769 1000 1826 locutionis.
1820 1777 1902 1832 13.
1933 1777 2011 1832 De
2042 1777 2368 1832 infantibus
2401 1777 2501 1849 qui
2543 1778 2668 1831 sine
2699 1777 2990 1848 baptismo
3039 1773 3389 1829 moriuntur.

98 1868 166 1919 77.
191 1867 255 1921 De
283 1867 516 1938 peccato
549 1858 1026 1960 linguaaminore‘
1048 1861 1281 1957 peccato
1321 1874 1631 1960 ‘manuum.
1670 1897 1711 1960 Β
1818 1868 1902 1921 14,
1937 1867 2013 1921 De
2047 1866 2139 1921 his
2170 1866 2269 1938 qui
2304 1867 2566 1921 meum”;
2597 1882 2705 1920 sua
2738 1865 3069 1920 abscidunt,

99 1956 331 2019 78·ουοά
381 1951 531 2008 nihil
578 1949 763 2022 Ρτοδίδ
812 1949 857 2004 εί
911 1947 1171 2003 admlxm
1223 1946 1375 2001 malo
1425 1952 1635 2019 δεδευιθ
1670 1946 1711 1960 ”
1817 1957 1900 2010 15.
1935 1956 2012 2011 De
2045 1956 2138 2011 his
2171 1957 2269 2027 qui
2303 1956 2580 2010 ducatum
2618 1955 2874 2026 praebent
2918 1952 3206 2022 barbaris,
3231 1951 3392 2008 Com-

44 2044 232 2099 bonum.
1743 2044 1935 2100 meani
1960 2044 2274 2115 judicium.
3057 2045 3060 2048 ’

93 2135 162 2187 79.
189 2134 333 2197 Quod
363 2132 517 2188 sicut
549 2147 618 2186 ex
647 2128 786 2184 vitio
815 2126 1046 2193 vitium,
1081 2125 1160 2180 ita
1181 2142 1249 2180 ex
1273 2125 1486 2180 virtute
1513 2126 1633 2180 vir-
1815 2133 1903 2189 46,
1936 2134 2015 2189 De
2047 2132 2349 2188 adulterio,

45 2227 112 2278 tus
136 2227 396 2278 nascatur.
1814 2225 1902 2278 17.
1938 2228 2012 2278 De
2041 2221 2442 2278 fornicatione.

93 2313 161 2366 80.
187 2312 330 2376 Quod
378 2309 596 2366 melius
655 2305 732 2362 sit
782 2305 853 2362 ab
904 2303 1141 2361 homine
1191 2320 1368 2376 quam
1421 2320 1454 2358 a
1496 2302 1633 2359 vitio
1816 2314 1902 2367 18,
1938 2313 2017 2368 De
2049 2312 2371 2367 sodomitis,

44 2400 173 2454 vinci.
1817 2402 1900 2456 19.
1933 2402 2011 2456 De
2069 2401 2161 2456 bis
2205 2399 2305 2472 qui
2355 2404 2540 2455 semet
2598 2398 2956 2454 animalibus
3005 2398 3389 2453 commiscue-

95 2491 328 2556 81.Quod
362 2490 540 2545 homo
571 2483 854 2559 spiritalis
904 2483 986 2540 sic
1037 2482 1456 2556 propinquitati
1501 2499 1631 2554 pro-
1745 2494 1901 2546 runt,

47 2578 171 2633 desse
195 2579 364 2646 debet,
398 2583 462 2633 ut
493 2595 530 2633 a
560 2593 668 2632 suo
700 2572 994 2647 proposito
1026 2589 1141 2627 non
1173 2571 1441 2627 declinet.
1815 2582 1904 2633 20.
1940 2580 2018 2634 De
2049 2579 2139 2635 his
2171 2580 2270 2651 qui
2304 2596 2437 2634 cum
2469 2577 2950 2650 quadrupedibus
2988 2580 3389 2648 peccaverunt.

94 2669 161 2722 82.
190 2669 330 2732 Quod
362 2667 496 2740 plus
524 2664 724 2721 obsint
749 2661 1095 2718 facientibus
1145 2661 1301 2716 male
1329 2677 1506 2732 quam
1541 2677 1636 2732 pa-
1814 2671 1877 2724 21
1914 2669 1993 2723 De
2025 2668 2256 2723 luxuria
2286 2673 2342 2723 et
2372 2667 2677 2733 adulterio,
2712 2672 2766 2722 et
2798 2665 3196 2722 fornicatione.

48 2755 283 2813 tientibus.
1813 2761 1905 2812 22.
1939 2757 2019 2812 De
2050 2756 2526 2828 concupiscentia
2555 2760 2982 2815 consummata,

97 2846 164 2900 83.
192 2846 262 2902 De
289 2844 670 2902 dilectoribus
701 2841 932 2896 mundi.
1815 2846 1904 2900 23.
1937 2846 2016 2900 De
2048 2845 2457 2916 conjunctione
2488 2861 2622 2899 cum
2654 2843 3023 2915 propinquis,
3047 2846 3103 2898 et
3134 2843 3204 2898 de
3235 2841 3396 2898 adul-

97 2935 164 2988 84.
191 2936 335 3001 Quod
367 2949 656 3007 magnum
689 2935 988 3004 peccatum
1040 2928 1118 2985 sit
1167 2927 1369 2982 vinum
1400 2925 1638 2999 largiter
1747 2935 1908 2991 teris.

50 3020 214 3090 bibere,
236 3023 492 3096 quamvis
529 3037 645 3077 non
673 3019 1058 3076 inebrientur.

1815 3025 1906 3079 24.
1943 3023 2022 3079 De
2052 3023 2288 3079 incestis
2317 3021 2849 3094 conjunctionibus.

99 3113 164 3165 85.
191 3114 334 3178 Quod
363 3112 571 3184 iniquo
602 3112 879 3182 pereunte
909 3106 1146 3181 plurimi
1178 3105 1563 3177 corrigantur.
1817 3114 1906 3168 25,
1939 3113 2018 3168 De
2050 3112 2316 3184 raptibus
2347 3115 2403 3166 et
2431 3111 2501 3165 de
2532 3109 2772 3166 incestis
2794 3109 3035 3182 nuptiis.

99 3201 166 3255 86.
194 3201 262 3257 De
290 3201 485 3276 regula
517 3197 870 3254 dilectionis.
1672 3269 1704 3276 _
1817 3204 1907 3257 26.
1943 3201 2023 3257 De
2044 3201 2318 3256 violentia
2349 3201 2404 3255 in
2440 3200 2765 3255 mulierem.

97 3290 164 3342 87.
193 3291 260 3346 De
282 3269 529 3361 justitia.
1663 3269 1705 3335 (ἶ
1812 3294 1900 3346 27.
1936 3291 2015 3346 De
2070 3289 2207 3345 viris
2263 3290 2592 3361 conjugatis
2651 3292 2852 3360 postea
2916 3288 2990 3368 in‘
3033 3285 3387 3343 adulterium

99 3379 166 3431 8-8.
195 3381 312 3444 Quae
341 3381 416 3436 sit
439 3375 891 3450 blasphemiain
923 3373 1206 3447 Spiritum
1231 3377 1520 3429 sanctum.
1740 3380 1940 3453 lapsis.

97 3468 164 3520 89-
191 3469 334 3531 Quod
367 3468 562 3541 qualis
593 3465 730 3522 hinc
761 3463 1012 3536 quisque
1044 3462 1359 3536 egreditur,
1393 3461 1526 3516 talis
1570 3461 1630 3516 in
1809 3471 1898 3524 28.
1934 3467 2231 3532 Quomodo
2263 3467 2468 3520 debeat
2510 3465 2628 3519 viro
2677 3481 2906 3520 servare
2943 3464 3119 3518 ﬁdem
3151 3462 3381 3518 mulier.

44 3553 211 3620 judicio
237 3561 630 3630 praesentetur,
655 3559 711 3609 et
743 3553 896 3626 quod
921 3552 1146 3608 levibus
1175 3550 1363 3622 culpis
1395 3551 1470 3606 sit
1500 3568 1633 3622 pur-
1809 3559 1900 3612 29.
1933 3558 2012 3611 De
2040 3557 2161 3611 viro
2194 3556 2284 3610 cui
2321 3560 2553 3609 mortua
2576 3555 2748 3609 fuerit
2779 3571 2938 3608 uxor.

49 3647 254 3711 ἓεῑοτίυδ
283 3647 446 3719 ignis.
1811 3648 1898 3701 30.
1935 3647 2013 3700 De
2045 3646 2164 3700 viro
2194 3646 2285 3699 cui
2317 3645 2502 3699 hostis
2531 3643 2838 3699 abstulerit
2869 3659 3125 3697 uxorem.

96 3731 164 3788 90.
191 3735 428 3800 Qualiter
449 3732 838 3805 intelligatur,
871 3729 1049 3786 nolite
1071 3730 1362 3801 judicare,
1384 3745 1454 3783 ne
1477 3729 1634 3797 judi-
1811 3737 1900 3789 31.
1934 3735 2011 3790 De
2042 3735 2275 3806 bigamo
2305 3739 2363 3788 et
2392 3735 2640 3805 trigamo
2662 3732 2955 3803 judicium
2987 3730 3283 3803 synodale.

48 3823 167 3875 catur
189 3823 248 3878 de
273 3825 450 3880 vobis.
1811 3827 1898 3879 32.
1937 3825 2015 3879 De
2047 3823 2324 3879 uxoribus
2355 3821 2638 3892 dimissis,
2662 3827 2720 3876 et
2769 3820 2985 3876 illicitis
3025 3819 3387 3892 temporibus

98 3909 165 3962 91.
193 3911 335 3975 Quod
363 3913 532 3968 valde
567 3911 739 3966 debet
767 3925 895 3964 esse
936 3908 1212 3981 providus
1261 3907 1362 3978 qui
1407 3907 1634 3977 judicat
1743 3913 2337 3984 nubendi,judicium
2370 3912 2737 3967 canonicum.

51 3994 98 4047 de
122 4005 248 4055 certo
274 4007 328 4057 et
355 4003 423 4058 de
452 4003 700 4056 incerto.
1812 4004 1882 4058 33
1911 4003 2054 4058 Item
2087 4003 2156 4058 de
2189 4003 2468 4057 uxoribus
2499 4000 2781 4056 dimissis.

98 4084 166 4147 92.
193 4091 336 4154 Quod
365 4090 465 4163 qui
519 4091 669 4146 bene
719 4088 905 4153 offert,
939 4090 995 4142 et
1029 4103 1143 4141 non
1201 4090 1351 4141 recte
1404 4085 1602 4140 dividit

1888 4134 1900 4146 .
1930 4097 2006 4146 De
2035 4092 2156 4147 viro
2188 4091 2286 4163 qui
2320 4090 2619 4161 reliquerit
2649 4105 2886 4144 uxorem
2921 4105 3112 4155 suam,
3132 4092 3187 4142 et
3218 4088 3390 4142 duxe-

52 4182 217 4239 peccat.
1743 4180 1818 4236 rit
1843 4181 2038 4236 aliam.

99 4262 166 4316 93o
193 4266 335 4330 Quod
368 4284 654 4342 magnum
705 4270 1005 4338 peccatum
1053 4269 1141 4320 est
1188 4264 1400 4320 habere
1450 4264 1632 4320 tristis
1812 4271 1901 4325 35.
1936 4270 2016 4324 De
2049 4269 2138 4324 bis
2171 4268 2270 4340 qui
2304 4285 2531 4335 uxores,
2569 4273 2670 4322 aut
2700 4284 2827 4338 qua)
2872 4267 3026 4321 viros
3060 4264 3389 4333 dimittunt,

53 4348 153 4405 tiam
173 4353 229 4409 de
258 4356 491 4414 alterius
525 4357 806 4413 bonitate.
1743 4364 1808 4414 ut
1830 4359 1914 4414 sic
1947 4362 2236 4413 maneant.

99 4438 167 4493 94-
195 4446 260 4498 De
290 4445 740 4518 prmsumptiosa
761 4445 873 4500 fido
905 4443 1032 4500 sine
1063 4460 1256 4515 Opera.
1811 4450 1900 4504 36.
1937 4448 2014 4502 De
2047 4448 2167 4502 viro
2198 4451 2253 4501 et
2286 4445 2527 4500 muliere
2560 4443 2982 4515 turpitudinem
3017 4440 3387 4497 facientibus.

193 4529 261 4587 De
287 4550 349 4588 eo
379 4534 480 4606 qui
517 4533 976 4590 moderationem
1009 4550 1121 4587 non
1155 4537 1362 4587 servat.
1813 4539 1902 4594 37.
1941 4542 2011 4591 nc
2043 4553 2108 4589 eo
2141 4535 2236 4606 qui
2273 4537 2330 4588 in
2365 4533 2598 4605 publica
2629 4531 3081 4603 quadragesima
3119 4546 3387 4601 peccave-

99 4615 167 4671 96.
194 4619 263 4675 De
290 4622 378 4678 bis
407 4625 508 4696 qui
544 4622 748 4678 dicunt
779 4621 1000 4677 malum
1033 4623 1276 4690 bonum,
1309 4627 1365 4676 et
1413 4623 1630 4677 bonum
1665 4639 1711 4703 υ
1745 4627 1818 4682 rit
1849 4644 1978 4681 cum
2015 4643 2122 4679 sua
2156 4642 2348 4689 uxore,
2376 4622 2671 4694 judicium
2705 4619 3001 4692 synodale.

53 4702 238 4762 malum.
1667 4702 1680 4703 ί
1813 4718 1900 4769 38.
1939 4714 2010 4769 Ut
2031 4712 2116 4766 vir
2143 4730 2257 4767 non
2291 4711 2552 4767 dimittat
2584 4726 2819 4765 uxorem
2852 4725 3155 4776 suam,nec
3179 4707 3390 4764 mulier

101 4791 168 4846 97.
197 4798 343 4860 Quod
365 4801 604 4856 noxium
635 4801 714 4856 sit
742 4801 930 4856 vivere
956 4817 1091 4855 cum
1125 4801 1542 4872 peccatoribus.
1742 4805 1931 4859 virum
1964 4819 2158 4858 suum.

100 4876 168 4934 98.
195 4885 338 4949 Quod
370 4906 484 4946 non
515 4887 796 4962 polluitur
817 4889 1018 4959 justus
1048 4889 1120 4943 ab
1142 4889 1364 4960 iniquo.
1812 4895 1901 4948 39.
1937 4897 2013 4947 De
2041 4891 2176 4947 vitio
2208 4889 2561 4956 luxuriandi,
2595 4893 2648 4944 et
2681 4889 2751 4944 de
2779 4887 2934 4944 ludis
2964 4886 3312 4960 puerilibus,
3334 4892 3393 4944 et

101 4968 169 5022 99.
197 4972 247 5027 Si
275 4978 529 5034 seniores
561 4976 940 5049 deliquerint,
966 4978 1229 5033 districto
1261 4978 1559 5034 feriantur.
1744 4981 2070 5037 immundis
2100 4978 2544 5052 pollutionibus.

102 5054 200 5114 400.
231 5063 378 5128 Quod
413 5066 807 5138 perseveranti
838 5065 1018 5139 culpa:
1067 5067 1311 5122 debetur
1355 5067 1632 5132 vindicta,
1816 5071 1902 5125 40.
1937 5071 2016 5126 De
2049 5068 2391 5141 pollutione.

53 5147 93 5191 ei
115 5150 241 5214 Quod
270 5153 742 5226 resipiscentibus
773 5155 1016 5211 debetur
1044 5156 1229 5211 venia.
1818 5162 1903 5214 41.
1938 5157 2202 5231 Capitula
2233 5156 2564 5227 Serapionis
2595 5158 2666 5211 de
2698 5155 3098 5212 fornicatione.

109 5231 203 5289 101.
232 5237 303 5294 De
330 5241 422 5298 his
454 5244 554 5315 qui
595 5243 1023 5316 clecmosynam
1070 5245 1196 5300 sine
1236 5246 1637 5302 emendatione
1820 5251 1906 5303 42.
1944 5254 2019 5303 De
2053 5247 2142 5302 bis
2175 5247 2274 5318 qui
2307 5248 2528 5301 donum
2563 5247 2660 5301 Dei
2695 5247 2933 5302 student
2966 5247 3231 5303 mercari.

57 5313 247 5380 faciunt.
471 5313 489 5315 “
855 5313 869 5316 ﬁ
1821 5340 1904 5393 43.
1941 5339 2018 5394 De
2052 5313 2470 5407 filia-spiritali,
2495 5335 2789 5406 judicium
2821 5335 3118 5408 synodale.

421 5421 777 5478 CAPITULA
817 5423 1009 5478 LIBRI
1048 5423 1222 5479 NONI
1823 5429 1906 5481 44.
1946 5431 2020 5482 De
2051 5426 2143 5481 his
2171 5425 2268 5496 qui
2316 5425 2374 5478 in
2414 5424 2657 5482 ecclesia
2705 5422 3395 5495 fornicantur,judicium

339 5525 404 5564 os
441 5527 662 5566 wnrcro
704 5527 1142 5581 poum'rsN'er,
1183 5530 1303 5569 mc.
1752 5517 1906 5587 quod
1940 5532 2137 5588 supra.

112 5581 149 5676 ξ·
176 5586 244 5645 De
269 5593 355 5652 bis
384 5599 480 5670 qui
513 5599 841 5656 voluntarie
861 5599 1243 5657 homicidium
1279 5602 1514 5658 fecerint
1541 5606 1641 5657 aut
1826 5607 1911 5659 45.
1947 5605 2024 5660 De
2055 5608 2327 5676 suspecta
2358 5605 2728 5658 sacerdotum
2752 5601 3153 5659 infamatione.

63 5669 296 5735 “lentes.
406 5669 415 5670 ί
1827 5695 1911 5748 46.
1946 5694 2023 5748 De
2056 5669 2274 5749 femina
2297 5710 2420 5764 quae
2443 5692 2501 5746 in
2526 5691 2903 5747 fornicatione
2927 5686 3289 5759 deprehensa
3309 5690 3402 5741 est
