3810 6214
376 382 494 443 439
1225 380 1556 441 ΑΡΡΕΝῙ).
1605 380 1711 440 AD
1755 378 1880 439 8Ᾱῦ

2262 378 2455 439 PERA
2508 398 2901 445 ΛΔΕΣΠΟΤΙΚΑ.
3657 380 3766 441 440³

379 531 512 570 cum
543 512 752 571 clerico
783 516 915 587 post
945 511 1099 568 diem
1130 510 1514 568 ordinationis
1545 528 1683 577 suae,
1717 514 1818 567 aut
1848 509 2018 582 quasi
2049 509 2100 575 Α
2203 510 2293 566 88.
2331 514 2405 567 De
2436 510 2869 568 mathematicis
2898 516 2956 568 et
2980 510 3431 570 immissoribue
3466 515 3745 585 tempesta-

380 603 722 677 conjugium
755 601 1064 675 copulavit.
2134 602 2281 656 tum.

450 695 539 748 47.
573 693 647 748 Ut
692 691 1023 763 episcopus,
1057 691 1378 762 presbyter,
1430 688 1517 744 vel
1568 689 1867 754 diaconus,
1922 705 2024 744 seu
2203 692 2293 745 89.
2327 690 2407 745 De
2440 689 2665 747 clericis
2697 690 3001 747 usurariis.

381 781 800 849 subdiaconus,
833 782 883 836 si
916 798 1017 853 pro
1045 778 1451 835 criminalibus
1482 778 1742 833 damnati
1787 778 2023 843 fuerint,
2204 781 2293 833 90.
2328 780 2407 834 De
2440 781 2637 835 usuris
2666 780 2755 836 vel
2784 779 3102 853 cupiditate
3134 798 3238 837 seu
3267 780 3539 837 avaritia.

381 870 626 927 minime
656 870 1068 926 communione
1100 868 1420 940 priventur.
2205 868 2296 923 91.
2331 869 2411 924 De
2442 868 2534 925 his
2563 870 2661 941 qui
2697 870 2987 941 hospitem
3035 887 3150 926 non
3200 870 3502 943 recipiunt
3535 874 3589 926 et
3617 887 3751 925 mau-

451 962 539 1016 48.
574 965 649 1015 De
680 958 984 1015 adulteriis
1014 957 1431 1013 honoratorum
1459 955 1826 1011 clericorum.
2137 958 2273 1013 data
2304 957 2639 1031 evangelica
2669 975 2788 1031 npn
2820 958 3099 1031 implent.»

452 1050 539 1104 49.
574 1049 652 1104 De
678 1048 1056 1103 subdiacono.
2208 1046 2297 1100 92.
2333 1047 2412 1102 De
2443 1046 2822 1104 dilectoribus
2844 1046 3070 1103 mundi.

450 1140 539 1193 50.
574 1137 654 1192 De
684 1136 929 1192 diversis
958 1134 1264 1191 ordinibus
1296 1133 1396 1206 qui
1427 1133 1499 1189 ab
1532 1133 1811 1189 uxoribus
1842 1133 2027 1189 absti—
2205 1137 2295 1191 93.
2330 1136 2411 1192 De
2441 1137 2775 1209 acceptione
2805 1152 3212 1210 personarum.

381 1243 517 1283 nere
547 1226 780 1281 debent.
2208 1226 2297 1280 94.
2331 1226 2411 1281 De
2441 1226 2735 1281 ebrietate.

449 1317 539 1370 51.
573 1315 653 1370 De
683 1312 1091 1369 criminalibus
1121 1312 1331 1384 culpis.
2208 1316 2297 1369 95.
2333 1314 2413 1370 De
2441 1314 2795 1370 abstinentia
2824 1331 2858 1370 a
2884 1314 3017 1372 vino
3048 1318 3285 1388 propter
3328 1316 3633 1373 luxuriam.

449 1406 540 1459 52.
574 1404 737 1467 Quod
781 1404 1112 1459 sacerdotes
1160 1406 1217 1457 et
1262 1400 1445 1457 levita:
1497 1418 1629 1456 cum
1680 1400 2030 1457 mulieribus
2207 1405 2297 1459 96.
2332 1403 2408 1459 De
2439 1402 2577 1475 gula
2606 1407 2663 1458 et
2693 1404 2987 1460 ebrietate.

382 1492 748 1550 commisceri
779 1509 894 1547 non
925 1492 1191 1547 debeant.
2209 1492 2297 1548 97.
2333 1496 2410 1547 De
2443 1493 2723 1548 sutfocato
2747 1496 2805 1548 et
2835 1491 3121 1566 sanguine
3150 1509 3269 1549 non
3296 1494 3544 1550 edendo.

450 1584 541 1639 53.
576 1584 657 1638 De
687 1580 1071 1637 fornicatione
1100 1596 1235 1635 cum
1266 1595 1516 1652 pagana.
1746 1606 1751 1610 θ
2085 1612 2090 1617 -
2208 1581 2297 1635 98.
2332 1581 2411 1636 De
2442 1581 2749 1637 morticine
2776 1599 2891 1637 non
2923 1582 3170 1637 edendo.

452 1673 543 1726 54.
571 1672 652 1726 De
684 1669 1062 1725 fornicatione
1105 1684 1238 1723 cum
1288 1672 1628 1733 commatre,
1661 1667 1750 1724 vel
1793 1668 1915 1725 ﬁlia
1960 1670 2031 1725 de
2208 1671 2298 1725 99.
2333 1670 2413 1726 De
2441 1670 2536 1726 his
2566 1671 2665 1742 qui
2695 1671 3044 1743 sanguinem
3075 1672 3419 1727 comedunt.

383 1777 549 1816 sacro
581 1760 757 1815 fonte.
2213 1762 2336 1815 100.
2364 1764 2440 1815 De
2470 1759 2562 1815 his
2593 1760 2693 1831 qui
2724 1760 2781 1813 in
2814 1758 3269 1832 quadragesima
3309 1777 3545 1818 carnem
3589 1777 3743 1818 comev

452 1851 542 1904 55.
577 1849 657 1903 De
687 1847 924 1903 incestis
954 1846 1458 1902 fornicationibus.
2063 1883 2108 1946 Β
2140 1850 2309 1905 dunt.

452 1938 543 1994 56.
579 1938 659 1994 De
690 1936 783 1993 his
815 1936 915 2009 qui
946 1953 1080 1992 cum
1113 1935 1233 1992 ﬁlia
1263 1954 1379 1999 sua
1402 1934 1487 1991 vel
1519 1953 1714 1992 sorore
1746 1937 2031 1993 fornican-
2063 1934 2107 1946 “’
2214 1940 2335 1994 101.
2370 1938 2532 2004 Quod
2584 1937 2818 1993 inﬁrmo
2848 1937 2986 1993 licet
3016 1938 3177 1993 omni
3207 1939 3361 1995 hora
3403 1941 3693 1996 comedere.

383 2031 498 2082 tur.
2211 2030 2335 2083 102.
2369 2027 2449 2083 De
2480 2026 2831 2082 discretione
2855 2026 3142 2094 ciborum,
3175 2031 3235 2084 et
3267 2028 3344 2083 de
3385 2028 3481 2085 his
3528 2029 3617 2101 qui
3656 2029 3742 2083 im-

451 2117 543 2171 57.
580 2120 655 2171 De
680 2114 1063 2171 fornicatione
1090 2132 1222 2170 cum
1257 2118 1442 2170 matre
1474 2132 1600 2171 sua.
2140 2118 2362 2172 munda
2390 2116 2726 2171 comedunt.

453 2207 542 2261 58.
578 2206 657 2261 De
688 2222 755 2261 eo
788 2205 886 2277 qui
920 2204 1129 2260 saeculo
1162 2204 1606 2271 renuntiavarit,
1642 2208 1698 2260 et
1725 2209 1929 2276 postea
1957 2205 2029 2261 ad
2213 2207 2335 2262 103.
2368 2205 2448 2261 De
2478 2205 2775 2261 sordidata
2808 2222 2921 2260 non
2956 2206 3201 2261 edendo.

384 2293 724 2351 saecularem
757 2294 1021 2349 habitum
1055 2310 1322 2350 reversus
1355 2294 1451 2349 sit.
2211 2295 2333 2350 104.
2366 2295 2445 2350 De
2477 2293 2778 2350 venatione
2809 2293 3033 2349 clericis
3064 2294 3456 2366 prohibenda.

451 2383 541 2439 59.
570 2383 652 2438 De
682 2382 878 2438 stultis
906 2382 1055 2437 votis
1081 2382 1440 2454 frangendis.
2213 2385 2333 2439 105.
2367 2384 2448 2439 De
2478 2381 2772 2455 superbia,
2806 2382 3172 2454 blasphemia
3202 2387 3261 2439 et
3287 2384 3586 2455 jactantia.

453 2474 544 2528 60.
577 2473 658 2527 De
683 2472 838 2527 furto
869 2470 1147 2527 ecclesiae.
2210 2475 2334 2530 106.
2369 2472 2447 2528 De
2478 2470 2796 2529 hmresibus
2826 2474 2884 2527 et
2912 2470 3414 2529 contentionibus.

452 2563 544 2617 61.
580 2567 654 2617 De
682 2560 972 2617 incendio.
2213 2565 2336 2619 107.
2372 2563 2453 2617 De
2482 2578 2548 2618 eo
2580 2560 2681 2633 qui
2711 2560 2955 2633 negligit
2983 2559 3186 2617 audire
3214 2567 3507 2635 praecepta
3533 2562 3637 2619 Dei.

452 2655 545 2708 62.
584 2653 659 2707 De
689 2651 842 2705 furto
874 2654 930 2705 et
953 2647 1222 2704 incendio
1254 2652 1310 2704 et
1343 2648 1609 2719 sepulcro
1641 2648 1871 2704 violato.
2214 2654 2339 2708 108.
2375 2653 2451 2708 De
2484 2649 2880 2707 inobedientia
2908 2653 2966 2705 et
3004 2650 3387 2708 excusatione
3432 2652 3516 2708 vel
3559 2666 3734 2723 correp-

453 2744 544 2797 63.
579 2741 659 2797 De
692 2756 758 2796 eo
789 2738 891 2811 qui
923 2738 1120 2794 cibum
1151 2738 1398 2793 furatur.
2139 2741 2316 2798 tione.
3730 2739 3734 2743 ’

454 2832 545 2886 64.
579 2836 656 2886 De
684 2827 917 2885 violatis
940 2826 1245 2899 sepulcris.
2214 2831 2337 2886 109.
2377 2831 2452 2885 De
2484 2828 2693 2885 delatis
2723 2832 2781 2884 et
2809 2827 3193 2896 delatoribus,
3225 2833 3289 2885 et
3316 2830 3392 2886 de
3434 2846 3542 2886 non
3584 2825 3732 2885 indul-

453 2922 544 2975 65.
580 2920 660 2975 De
691 2934 749 2974 re
782 2916 972 2973 aliena
1001 2932 1116 2971 non
1148 2915 1426 2971 tollenda.
2140 2920 2328 2993 gendo
2360 2918 2533 2974 malis
2560 2916 3033 2991 cogitationibus.

454 3030 460 3054 ι
490 3011 544 3063 6.
580 3010 658 3064 De
690 3023 755 3062 eo
787 3004 889 3077 qui
920 3004 1217 3059 hominem
1249 3004 1674 3076 exspoliaverit.
2216 3009 2337 3063 110.
2372 3008 2452 3062 De
2477 3005 2856 3062 delatoribus.

458 3102 544 3153 67.
576 3098 656 3153 De
687 3113 752 3151 eo
778 3094 878 3168 qui
912 3099 1136 3167 patrem
1168 3092 1470 3165 expulerit,
1496 3094 1582 3149 vel
1614 3094 1914 3150 hominem
1936 3111 2034 3151 ca-
2212 3097 2335 3153 111.
2367 3097 2447 3153 De
2471 3096 2566 3151 his
2596 3096 2693 3168 qui
2726 3095 2876 3167 patri
2908 3099 2967 3150 et
2995 3094 3169 3151 matri
3198 3094 3482 3168 injuriam
3510 3095 3705 3152 faciunt.

383 3186 711 3262 ptivaverit.
2069 3254 2101 3262 ~
2214 3188 2335 3242 112.
2368 3191 2446 3242 De
2472 3185 2565 3241 his
2595 3185 2695 3258 qui
2728 3186 2787 3239 in
2828 3188 3054 3257 patrem
3084 3188 3186 3240 aut
3224 3190 3478 3242 matrem
3518 3201 3609 3258 per
3644 3184 3728 3237 ira-

457 3279 547 3332 68.
582 3276 661 3332 De
690 3274 882 3347 praeda
911 3291 979 3329 ex
1008 3272 1173 3328 hoste
1204 3277 1394 3344 capta,
1424 3276 1482 3327 et
1522 3273 1593 3328 de
1641 3289 1706 3327 eo
1755 3272 1856 3344 qui
1906 3289 2027 3329 mo-
2061 3254 2102 3321 (ἶ
2140 3275 2414 3331 cundiam
2446 3254 2659 3330 manus
2689 3254 2993 3329 erexerint.

389 3365 645 3423 nasteria
674 3362 1098 3437 exspoliaverit.
2209 3366 2331 3420 113.
2365 3364 2445 3421 De
2473 3363 2567 3419 his
2594 3363 2694 3435 qui
2727 3366 3086 3435 compatrem
3116 3362 3204 3421 vel
3234 3368 3601 3424 commatrem
3640 3376 3725 3416 non

457 3456 547 3511 69.
582 3456 662 3512 De
688 3453 961 3527 periurio.
2137 3458 2503 3510 conservant.

456 3552 543 3605 70.
580 3549 659 3605 De
683 3548 1021 3619 juramento
1050 3539 1397 3598 voluntario.
2208 3543 2331 3599 114.
2366 3548 2445 3598 De
2473 3540 2970 3598 discordantibus.

450 3640 541 3696 71.
571 3640 651 3695 De
682 3635 939 3710 perjurio
991 3636 1049 3687 et
1106 3630 1253 3686 falso
1300 3628 1636 3685 testimonio
1685 3632 1742 3683 et
1788 3629 2029 3685 menda-
2206 3631 2329 3686 115.
2360 3630 2439 3686 De
2468 3629 2562 3685 his
2594 3628 2691 3701 qui
2723 3629 2796 3685 ob
2821 3627 3021 3685 odium
3052 3629 3123 3685 ad
3174 3646 3383 3702 pacem
3432 3646 3538 3686 non
3581 3641 3721 3683 mer

381 3731 491 3787 cio.
2132 3723 2360 3776 tuntur.

445 3819 537 3874 72.
570 3817 652 3871 De
681 3813 826 3869 falso
859 3808 1193 3867 testimonio
1215 3806 1506 3878 judicium
1547 3806 1916 3862 canonicum.
2207 3810 2327 3863 116.
2362 3813 2439 3863 De
2469 3806 3010 3863 excommunicatis.

443 3908 538 3963 73.
571 3906 651 3960 De
681 3898 1005 3956 mendacio.
2211 3899 2326 3952 117.
2362 3897 2442 3953 De
2470 3913 2587 3952 non
2631 3894 2980 3968 recipiendis
3026 3896 3380 3953 muneribus
3409 3914 3443 3953 a
3470 3893 3618 3952 malis
3648 3890 3720 3944 b0-

443 3997 537 4051 74.
572 3994 653 4049 De
683 3990 778 4045 his
802 3987 902 4060 qui
936 3987 1302 4041 sacramento
1333 3999 1394 4038 se
1424 3982 1687 4055 obligant
1717 4001 1787 4039 ne
1818 3984 1890 4039 ad
1922 4001 2023 4057 pa-
2133 3986 2413 4042 minibus.

372 4102 501 4144 cem
532 4082 790 4138 redeant.
2204 4074 2328 4130 118.
2364 4077 2443 4128 De
2472 4072 2874 4128 denuntianda
2904 4071 3233 4145 iniquitate.

440 4174 531 4228 75.
570 4172 647 4227 De
678 4167 1043 4224 sacramento
1073 4161 1162 4217 vel
1193 4164 1323 4216 νοὶο
1354 4159 1649 4215 solvendo.
2205 4164 2328 4219 119.
2362 4163 2443 4218 De
2474 4161 2700 4218 clericis
2730 4161 2815 4217 vel
2846 4160 3011 4217 Iaicis
3036 4161 3136 4233 qui
3162 4162 3469 4219 offendunt
3486 4156 3718 4234 proximos

443 4264 535 4320 76.
571 4260 651 4316 De
679 4256 845 4313 falsis
874 4252 1147 4310 testibus.
2130 4269 2289 4309 suos.

441 4354 533 4407 77.
566 4344 855 4406 Theodori
886 4344 957 4399 de
987 4340 1131 4397 falso
1162 4337 1519 4395 testimonio.
2200 4343 2321 4397 120.
2356 4341 2436 4396 De
2464 4339 2570 4405 ira,
2602 4338 2860 4405 tristitia,
2889 4337 3022 4394 odio
3052 4341 3111 4394 et
3138 4337 3473 4396 maledicto.

440 4444 531 4498 78.
567 4440 648 4496 De
677 4436 772 4492 his
802 4434 903 4507 qui
935 4433 1213 4487 accusant
1244 4446 1348 4484 nec
1371 4427 1639 4500 probant.
2200 4432 2321 4486 121.
2361 4435 2433 4485 De
2461 4427 2838 4496 detractione,
2871 4426 3198 4482 murmurio
3227 4432 3292 4484 et
3321 4426 3545 4483 invidia.

422 4533 527 4586 '79.
567 4534 643 4584 De
674 4522 999 4582 maleficiis.
2197 4520 2319 4575 122.
2356 4519 2435 4573 De
2466 4516 2673 4583 acidia,
2707 4514 3098 4572 somnolentia
3129 4520 3188 4572 et
3214 4514 3598 4573 instabilitate.

442 4624 532 4675 80.
568 4619 647 4673 De
680 4612 1002 4678 maleﬁciis,
1049 4606 1367 4674 beneﬁciis,
1417 4605 1730 4678 sortilegis,
1783 4606 2017 4662 hariolis
2047 4623 2093 4686 Ι)
2198 4610 2318 4664 423.
2355 4609 2431 4663 De
2462 4604 2917 4678 prasumpticue
2947 4604 3309 4676 baptizandi.

372 4713 430 4765 et
450 4706 683 4763 divinis.
2196 4698 2320 4753 124.
2354 4697 2435 4752 De
2460 4695 2555 4751 his
2585 4694 2687 4766 qui
2716 4692 3079 4765 baptismum
3113 4693 3349 4750 iterant.

440 4798 529 4852 81.
562 4796 643 4851 De
673 4790 983 4864 sortilegis.
2195 4788 2320 4841 125.
2354 4786 2435 4841 De
2467 4784 2558 4839 his
2586 4783 2686 4855 qui
2718 4782 3055 4854 rebaptizati
3090 4785 3534 4855 sunhquautum
3574 4768 3709 4848 peni-

440 4888 530 4940 82.
564 4888 641 4938 De
672 4880 1020 4937 discretione
1049 4892 1188 4948 erga
1218 4871 1585 4945 poenitentes.
2122 4878 2301 4930 teant,

437 4976 527 5030 83.
562 4972 641 5027 De
674 4969 768 5024 his
799 4967 899 5039 qui
925 4964 1292 5021 daemonibus
1320 4959 1645 5016 immolant.
2194 4963 2317 5018 126.
2347 4962 2426 5017 De
2447 4959 2707 5034 legitimo
2734 4958 3112 5032 baptismo,et
3132 4960 3289 5032 quod
3312 4950 3708 5017 succurrendum

440 5064 530 5119 84.
566 5066 642 5114 De
667 5055 928 5129 auguriis
960 5053 1044 5108 vel
1075 5050 1550 5107 divinationibus.
2123 5056 2212 5107 est
2242 5051 2497 5106 inﬁrmo.

440 5154 530 5207 85.
566 5141 1026 5207 Deidololatria.
2196 5141 2317 5196 127.
2351 5140 2494 5195 Item
2525 5137 2596 5193 de
2628 5136 2943 5208 baptismo.
3675 5208 3683 5219 ο

441 5243 530 5297 86.
570 5240 644 5294 De
676 5235 769 5290 his
798 5232 900 5305 qui
931 5234 1063 5285 vota
1091 5246 1201 5285 sua
1228 5226 1366 5283 alibi
1398 5244 1575 5299 quam
1607 5227 1680 5283 ad
1708 5227 2013 5285 ecclesiam
2200 5231 2317 5285 128.
2347 5229 2426 5283 De
2455 5226 2690 5283 homine
2720 5225 2820 5297 qui
2852 5225 3166 5299 baptizavit
3195 5224 3385 5282 ﬁlium
3415 5224 3481 5279 de
3507 5235 3564 5276 se
3584 5225 3704 5288 ϐων

371 5327 718 5389 dissolvunt.
2121 5322 2270 5374 tum.

440 5424 530 5477 87.
567 5416 625 5473 Si
658 5412 792 5487 quis
821 5409 948 5465 Kal.
994 5408 1125 5463 Jan.
1177 5405 1601 5463 consuetudine
1651 5421 2013 5478 paganorum
2194 5407 2315 5462 129.
2351 5410 2427 5461 De
2456 5404 2694 5461 homine
2724 5403 2824 5474 qui
2868 5419 3008 5460 suos
3054 5402 3208 5460 ﬁlios
3257 5402 3513 5460 nesciens
3554 5402 3702 5450 susce-

369 5503 788 5580 cumg’cervulo
836 5496 1245 5570 autgqualibet
1291 5493 1493 5549 vecula
1536 5494 1650 5564 (21)
1680 5494 2012 5552 ambulave-
2123 5496 2324 5569 pisset.

370 5603 465 5657 rit.

2198 5587 2316 5641 130.
2351 5584 2430 5640 De
2454 5581 2854 5656 compatribus
2885 5598 2953 5637 ex
2979 5582 3272 5656 conjugis.

443 5689 555 5761 (21)
586 5682 796 5741 ροηίρι·
826 5676 1112 5749 Cangium
1139 5675 1198 5731 in
1229 5670 1507 5730 vocabulo
1531 5671 1728 5727 vetula.
2196 5676 2315 5730 131.
2350 5674 2429 5729 De
2462 5655 2761 5728 Dominico
2789 5670 2881 5725 die
2913 5655 3192 5729 canonica
3220 5675 3275 5727 et
3304 5663 3595 5743 apostolica
3629 5655 3696 5709 ἀο-
