3810 6214
5 418 93 476 445
136 411 140 417 ’
1143 412 1521 475 EPISTULA
1565 410 1980 487 CANONICA,
2029 412 2200 475 ETC.

3258 410 3377 473 446

5 545 966 622 iussionepontiﬁcissui,religiosas
982 544 1606 612 causas,ecclesiarum
1637 547 1691 613 Α
1794 545 1883 601 ΙΧ.
1918 544 1991 602 Ut
2016 545 2214 601 nullus
2246 545 2566 619 presbyter,
2600 544 2884 602 diaconus
2914 543 3002 601 vel
3039 545 3286 603 clericus
3314 545 3375 603 in

5 638 245 706 videlicet,
277 643 378 693 aut
409 635 784 701 clericorum,
816 650 1139 709 pauperum
1160 634 1247 690 vel
1277 635 1610 708 viduarum,

5 729 127 784 sicut
149 725 288 781 sacri
320 726 673 798 praecipiunt
700 742 975 780 canones.
1008 723 1067 780 Si
1099 722 1231 795 quis
1278 728 1615 796 contempta

5 816 83 872 hac
109 814 502 871 observatione
535 815 593 868 in
627 813 843 869 talibus
875 812 1071 868 causis
1092 830 1153 868 se
1175 812 1511 884 implicasse
1535 814 1616 867 in-

5 906 242 972 veniatur,
271 903 568 960 canonicm
601 903 900 959 sententiae
923 903 993 957 de
1024 920 1169 958 ansu
1204 903 1617 975 praesumptio-

6 995 74 1049 nis
96 995 397 1062 subjaceat.

58 1082 158 1137 ΥΠ.
187 1081 257 1137 Ut
284 1082 332 1136 si
365 1081 466 1137 cui
500 1081 791 1137 sacerdoti
838 1098 907 1136 ex
936 1080 1196 1153 qualibet
1240 1081 1486 1138 muliere
1516 1082 1614 1136 de-

6 1172 294 1228 nuntiatum
325 1171 532 1237 fuerit,
564 1175 629 1225 ut
657 1170 863 1226 exinde
895 1170 1190 1242 suspectio
1214 1169 1379 1225 mala:
1399 1169 1618 1242 opinio-

9 1262 79 1315 nis
102 1259 389 1325 efﬁciatur,
424 1259 654 1315 nullam
685 1276 821 1315 cum
853 1259 979 1331 ipsa
1001 1259 1215 1314 habeat
1235 1259 1619 1314 conversatio—

15 1367 143 1415 nem,
168 1365 346 1420 neque
380 1349 440 1403 in
473 1353 722 1414 secreto,
754 1364 941 1420 nequc
972 1346 1029 1401 in
1063 1347 1346 1420 presenti:
1382 1347 1432 1403 si
1454 1348 1619 1403 dein-

13 1454 118 1508 ceps
142 1438 401 1492 inventus
431 1436 615 1492 fuerit
644 1441 779 1509 post
810 1437 1126 1491 secundam
1161 1441 1218 1491 et
1234 1437 1464 1491 tcrtiam
1489 1453 1621 1491 con-

12 1526 355 1592 testationem,
392 1530 459 1580 ut
490 1530 879 1597 contemptor,
908 1525 1128 1597 gradus
1159 1525 1251 1580 sui
1295 1524 1620 1597 periculum

13 1614 311 1670 substineat.

67 1702 189 1759 Vlll.
219 1702 285 1759 Ut
317 1702 377 1759 in
409 1702 578 1759 nulla
593 1702 839 1758 ecclesia
855 1702 1173 1773 cujuslibet
1188 1702 1503 1759 dimceseos
1520 1702 1622 1758 ubi

14 1792 295 1861 baptismus
324 1792 425 1857 sit,
458 1793 766 1865 presbytcr
798 1792 1020 1863 absque
1041 1792 1286 1847 diacono
1308 1808 1436 1847 esse
1466 1809 1625 1864 repe-

1723 634 1954 691 dicecesi
1988 636 2344 691 constitutus
2376 635 2594 708 praedia
2621 635 2898 703 ecclesiae,
2930 634 3040 692 hoc
3069 641 3378 705 estterras,

1722 728 2068 798 potestatem
2102 724 2316 780 habeat
2343 725 2740 796 venundandi,
2757 725 2859 781 sed
2877 741 2981 780 nec
2994 725 3268 797 cuiquam
3284 743 3384 799 pa-

1724 818 1953 869 rentum
1990 830 2231 868 suorum
2265 814 2544 869 donandi.
2578 815 2647 869 Et
2695 813 2796 885 qui
2836 813 2944 869 hoc
2994 814 3236 887 egerint,
3270 816 3381 869 sub

1724 902 1883 956 omni
1914 902 2209 958 celeritate
2242 902 2471 958 reddito
2501 902 2684 975 pretio
2707 903 2780 958 ad
2810 902 2939 958 loca
2968 920 3135 959 sacra
3164 903 3379 975 quibus

1725 995 2081 1062 competunt,
2117 996 2501 1047 revertantur.
2536 992 2596 1047 Si
2621 997 2816 1047 autem
2840 992 2948 1047 hac
2974 992 3377 1048 observatione

1725 1084 2058 1153 contempta
2089 1080 2220 1153 quis
2254 1080 2361 1136 hoc
2392 1081 2851 1153 praesumpserit,
2885 1098 2979 1137 res
3011 1082 3281 1154 pr0prias
3322 1080 3383 1138 in

1726 1168 1856 1241 ipsa
1886 1169 2131 1225 ecclesia
2159 1168 2470 1241 relinquat,
2503 1174 2561 1226 et
2592 1171 2716 1242 ipse
2766 1170 2920 1226 foras
2968 1171 3257 1242 ejiciatur,
3311 1189 3378 1227 eo

1728 1259 1883 1329 quod
1916 1257 2120 1312 divina:
2151 1263 2434 1329 congruat
2464 1257 2671 1314 rationi
2704 1263 2769 1313 ut
2799 1259 2900 1331 qui
2931 1259 3206 1315 ecclesias
3237 1261 3383 1316 acci-

1729 1346 1920 1418 piunt,
1952 1347 2022 1402 ad
2069 1348 2410 1419 regendum,
2446 1364 2560 1403 non
2609 1349 2682 1402 ad
2731 1348 3186 1421 dispergendum
3232 1349 3383 1405 acci-

1730 1436 1914 1507 piant.
1950 1435 2139 1490 Simili
2172 1436 2343 1491 modo
2375 1434 2597 1492 nullam
2614 1435 3223 1509 habeantpotestatem
3245 1455 3384 1510 quo-

1728 1523 1871 1579 libet
1885 1525 2057 1579 modo
2086 1525 2156 1579 ad
2185 1524 2562 1580 alienandum
2587 1542 2776 1597 neque
2798 1525 3260 1582 inﬁduciandum
3283 1544 3383 1583 ne-

1730 1630 1844 1685 que
1872 1613 2361 1682 venundandum;
2398 1614 2498 1669 sed
2517 1630 2623 1669 nec
2639 1613 2764 1669 sine
2783 1613 3077 1670 voluntate
3093 1616 3385 1687 pontificis

1732 1703 1820 1757 sui
1855 1701 2101 1757 vicarios
2132 1702 2392 1757 dandum
2424 1707 2527 1757 aut
2555 1700 2771 1758 liberos
2802 1702 3241 1760 dimittendum.
3276 1705 3386 1771 Qui

1732 1791 1841 1846 hoc
1871 1791 2333 1863 praesumpserit,
2367 1794 2432 1847 ut
2461 1791 2732 1864 superius
2749 1792 3111 1860 censuimus,
3133 1792 3182 1849 si
3208 1792 3386 1849 habet

16 1878 183 1935 riatur.
209 1880 345 1937 Jnde
373 1880 577 1937 omnis
601 1881 1032 1953 presbyternon
1046 1879 1269 1936 habens
1286 1880 1621 1945 diaconum,
1658 1919 1706 1982 B
1739 1880 2152 1952 proprietatem
2186 1897 2377 1946 suam,
2411 1880 2571 1935 aliud
2603 1884 2833 1936 tantum
2865 1880 3165 1950 restituat;
3187 1882 3234 1937 si
3270 1899 3387 1938 non

15 1968 157 2040 eligat
183 1970 282 2025 sibi
309 1987 654 2041 personam,
688 1974 745 2024 et
776 1969 929 2042 plebi
962 1986 1081 2024 suis
1108 1969 1467 2037 innotescat;
1492 1974 1630 2024 tunc

19 2056 72 2109 ad
100 2058 404 2128 pontiﬁcem
420 2075 603 2113 suum
618 2056 973 2131 consignans
985 2058 1254 2125 deducat,
1271 2058 1441 2129 cujus
1456 2058 1632 2113 vitam

20 2147 272 2215 probatam
304 2147 543 2214 habeat,
579 2151 636 2202 et
667 2146 949 2202 diaconus
980 2150 1368 2202 consecretur.
1398 2148 1560 2212 Quod
1584 2148 1633 2204 si

22 2231 263 2289 distulerit
275 2235 587 2308 presbyter
596 2236 820 2302 dicens,
836 2248 902 2290 eo
920 2236 1075 2307 quod
1110 2252 1223 2291 non
1238 2235 1446 2291 habeat
1457 2236 1632 2292 talem

22 2318 598 2395 clericum,episcopus
611 2340 756 2379 suus
770 2323 1068 2395 provideat
1080 2340 1147 2377 ex
1160 2322 1403 2379 ecclesia
1414 2342 1520 2379 sua
1534 2328 1637 2379 aut

22 2409 143 2463 unde
169 2411 405 2467 voluerit
436 2411 657 2468 bonam
685 2428 1025 2484 personam:
1046 2416 1274 2466 tantum
1289 2418 1399 2478 est,
1424 2417 1487 2467 ut
1509 2413 1635 2469 sine

26 2496 224 2554 diacono
254 2517 366 2555 non
399 2500 500 2556 sit.
538 2500 966 2556 Constituimus
996 2500 1156 2555 enim
1189 2501 1634 2557 utdiaconusin

28 2601 116 2640 uno
140 2588 394 2644 cubiculo
426 2605 568 2644 cum
600 2589 936 2662 presbytero
967 2605 1073 2645 suo
1096 2594 1350 2656 maneat,
1370 2590 1635 2647 deferens

26 2673 62 2727 ei
87 2674 339 2733 honorem
370 2682 440 2733 ut
470 2678 719 2751 dignum
746 2682 868 2746 est;
904 2683 1038 2733 ante
1068 2695 1319 2749 quorum
1343 2677 1492 2734 lecta
1521 2679 1634 2735 cle-

27 2762 104 2816 rici
130 2763 291 2819 simili
305 2767 483 2822 modo
497 2783 733 2822 manere
745 2766 1070 2833 videantur,
1089 2770 1152 2821 ut
1168 2783 1400 2839 semper
1415 2768 1637 2840 absque

24 2853 344 2923 Inspectione
375 2855 521 2921 sint,
555 2859 612 2910 et
640 2855 796 2910 Deus
826 2854 1193 2927 propitiatur.
1213 2855 1338 2911 Non
1357 2855 1637 2913 existente

28 2942 316 3012 presbytero
342 2943 505 2998 intra
532 2944 796 3011 domum,
816 2943 866 2998 si
898 2942 1232 3015 ubicunque
1262 2944 1491 3010 abierit,
1523 2944 1641 3000 dia-

26 3042 171 3084 conus
197 3036 323 3101 post
354 3032 488 3103 ejus
518 3049 824 3106 egressum
854 3032 1045 3089 locum
1079 3033 1206 3104 ejus
1251 3033 1531 3103 obtineat,
1563 3034 1635 3090 ad

28 3117 418 3190 suscipiendum
450 3120 541 3176 vel
568 3122 962 3177 ordinandum
993 3122 1147 3194 quod
1182 3122 1406 3179 utilitas
1437 3123 1637 3179 domui

28 3207 117 3258 est:
146 3206 216 3261 ita
241 3207 484 3264 demum
518 3213 585 3263 ut
614 3227 731 3264 non
764 3210 1098 3283 presbytero
1145 3227 1252 3266 suo
1303 3212 1634 3283 superbiat;

1742 1968 2031 2034 habuerit,
2065 1968 2423 2041 exspoliatus
2453 1970 2729 2024 omnibus
2764 1969 2904 2026 foris
2920 1969 3213 2041 ejiciatur;
3248 1969 3388 2043 ipse

1742 2061 1938 2113 tamen
1971 2074 2062 2112 res
2094 2058 2165 2112 ad
2198 2057 2504 2113 ecclesiam
2535 2060 2707 2130 cujus
2738 2075 2831 2114 res
2847 2063 2987 2115 sunt
3007 2064 3386 2116 revertantur.

1812 2146 1877 2201 Χ.
1905 2146 2128 2202 Ad'nos
2157 2145 2443 2217 perlatum
2475 2150 2567 2202 est
2593 2164 2659 2203 eo
2672 2147 2828 2218 quod
2842 2146 3080 2219 quidam
3094 2149 3391 2221 conjugati

1743 2234 2025 2289 habentes
2055 2233 2257 2288 titulos
2299 2233 2360 2288 in
2421 2233 2637 2305 quibus
2695 2233 3042 2301 deserviant,
3092 2234 3164 2291 de
3206 2235 3390 2291 sacris

1741 2322 2005 2378 vestibus
2038 2322 2350 2377 mulierum
2382 2321 2469 2377 vel
2494 2321 2747 2377 filiarum
2780 2338 3019 2377 suarum
3043 2327 3391 2380 ornamenta

1745 2411 1982 2467 faciant.
2014 2415 2072 2467 et
2110 2410 2492 2483 proprietario
2534 2411 2669 2480 jure
2698 2410 2812 2466 sibi
2859 2411 3192 2481 defendant,
3234 2413 3388 2485 quod

1744 2499 2092 2556 Christianis
2121 2498 2461 2556 hominibus
2492 2517 2597 2555 nec
2628 2498 3169 2572 loquiconvenit,ut
3198 2518 3290 2557 res
3303 2518 3392 2557 sa-

1744 2604 1874 2643 cras
1903 2588 1989 2644 vel
2020 2604 2146 2660 qua:
2179 2588 2237 2644 in
2270 2605 2434 2645 sacro
2482 2586 2608 2645 loco
2652 2590 2997 2657 offeruntur,
3046 2589 3392 2646 mulieribus

1744 2676 1869 2733 suis
1892 2682 2179 2750 usurpent
2197 2677 2285 2733 vel
2306 2677 2441 2733 filiis
2454 2682 2556 2733 aut
2578 2677 2953 2750 parentibus:
2987 2682 3045 2734 et
3056 2678 3105 2734 si
3128 2678 3238 2735 hoc
3256 2695 3391 2752 pro-

1744 2765 1947 2821 batum
1980 2766 2173 2833 fuerit,
2207 2765 2578 2838 superiorum
2610 2765 2852 2822 feriatur
2880 2766 3186 2823 sententia.

1814 2853 1906 2910 ΧΙ.
1941 2855 2157 2910 Omnes
2188 2854 2531 2927 presbyteri,
2588 2854 2838 2921 diaconi,
2889 2854 3256 2927 subdiaconi,
3306 2855 3393 2913 vel

1745 2948 1992 2999 cunctus
2024 2942 2215 3000 clerus
2246 2943 2346 3015 qui
2378 2944 2491 2999 sub
2521 2943 2795 3015 episcopo
2827 2958 2956 2998 esse
2976 2947 3322 3010 noscuntur,
3344 2944 3395 3000 si

1712 3066 1717 3071 α
1745 3048 1956 3088 causas
1986 3031 2319 3098 habuerint,
2349 3036 2407 3086 et
2436 3031 2680 3087 minime
2708 3030 3002 3102 potuerint
3030 3030 3182 3087 inter
3210 3049 3273 3089 se
3302 3033 3397 3088 de-

1743 3120 2012 3187 liberare,
2044 3125 2185 3176 tunc
2215 3122 2287 3177 ad
2335 3121 2669 3192 pontificem
2719 3137 2894 3177 suum
2938 3121 3284 3176 conveniant
3320 3121 3394 3177 ad

1747 3226 1986 3266 causam
2017 3226 2187 3266 suam
2218 3209 2547 3264 dicendam.
2582 3209 2729 3265 Nam
2760 3226 2864 3282 per
2893 3208 3055 3265 nulla
3093 3208 3397 3265 saecularia

28 3306 131 3347 nam
160 3295 202 3349 si
231 3294 336 3351 hoc
360 3297 758 3363 attentaverit,
798 3299 870 3354 ab
919 3299 1193 3371 episcopo
1241 3315 1348 3354 suo
1395 3300 1465 3355 de
1497 3317 1632 3356 con-
1664 3283 1706 3351 C
1737 3296 1964 3369 judicia
1994 3298 2153 3353 adire
2184 3301 2569 3369 preesumant;
2598 3298 3395 3370 etquihancprteceptionem

26 3381 208 3453 temptu
236 3386 525 3457 superbia
552 3386 880 3457 judicetur:
914 3390 972 3443 et
996 3388 1067 3442 de
1097 3404 1336 3443 accessu
1380 3387 1634 3445 ecclesiae

27 3470 144 3535 quod
170 3488 341 3544 supra
370 3475 561 3530 altare
573 3477 829 3547 ponitur,
845 3493 945 3532 seu
961 3476 1350 3548 undecunque
1363 3478 1637 3533 accedere

26 3561 177 3625 potest
202 3563 307 3618 sub
338 3564 663 3620 amborum
691 3564 880 3637 sigillo
894 3565 1006 3633 sit;
1032 3568 1089 3621 et
1104 3582 1218 3620 non
1234 3583 1389 3622 unus
1420 3566 1546 3621 sine
1560 3566 1638 3621 al-

26 3647 170 3703 terius
220 3651 424 3708 notitia
472 3653 806 3724 expendere
848 3654 947 3709 ubi
1007 3654 1403 3710 necessarium
1462 3654 1638 3711 fuerit

26 3743 311 3801 presumat.

1745 3387 2222 3459 contempserint,
2255 3385 2657 3458 superioribus
2688 3386 2875 3459 poznis
2908 3387 3271 3458 subjaceant,
3314 3386 3397 3442 ita

1747 3481 1810 3530 ut
1839 3474 1899 3529 in
1931 3474 2273 3547 paenitentia
2311 3474 2430 3530 sint
2478 3474 2839 3531 abstinentes
2870 3492 2905 3530 a
2933 3475 3052 3529 vini
3101 3475 3395 3547 potatione

1743 3563 1831 3619 vel
1863 3564 1935 3620 ab
1966 3581 2070 3618 esu
2097 3563 2383 3634 carnium,
2402 3564 2584 3619 donec
2597 3564 2669 3620 ad
2685 3562 3198 3636 metropolitanum
3217 3579 3390 3619 suum

1745 3652 2045 3709 accedant.

2966 5694 3476 6101 Γ
