3810 6214
386 337 504 396 447

1044 334 1378 396 APPEND.
1429 337 1530 395 AD
1574 335 1760 397 S/EC.
1808 336 1880 395 X.
1915 371 1991 379 —
2024 335 2522 397 MONUMENTA
2566 335 3120 399 DIPLOMA'I‘ICA.
3639 342 3735 400 με

387 539 3376 966 ΜΜυινιθΜΑπθΑ

1051 1279 2449 1414 ANGI.O-SAXONUM
2547 1283 3113 1416 REGUM

1499 1579 1619 1646 QUI
1659 1579 1948 1634 SJECULO
1988 1579 2258 1634 DECIMO
2298 1579 2676 1634 FLORUERE

644 1805 1382 1934 LEGES
1524 1800 3527 1936 ECCLESIASTlC/E

1403 2085 1589 2156 (Apud
1623 2084 1830 2151 Mansi,
1861 2085 2072 2140 Concil.
2109 2084 2347 2152 (2011001.,
2379 2089 2521 2141 tom.
2554 2085 2776 2154 XVIII.)
2834 2108 2845 2117 -

1872 2302 2294 2314 ———_

1313 2498 2178 2622 ALFREDI
2271 2494 2874 2631 REGIS

1745 2777 2176 2854 Cognomento
2207 2777 2412 2838 ΜΑωιι

801 3003 1393 3091 ΡΒᾹΞῈΑΤΙΟ
1455 3003 1675 3089 S-IﬁU
1735 3002 2384 3089 APPARATUS
2445 3005 2588 3088 AD
2650 3004 3014 3094 LEGES
3072 3006 3353 3094 SUAS

1800 3205 2002 3285 (Anno
2041 3205 2354 3285 872-900.)

795 3395 989 3451 γενδίο
1017 3394 1299 3451 Guillelmi
1327 3393 1611 3449 Lombard.
1644 3410 1672 3450 ε
1701 3393 1992 3449 Saronico.
2030 3392 2154 3448 Cod.
2187 3409 2289 3448 ms.
2321 3394 2539 3466 collegii
2566 3395 2819 3466 Corporis
2851 3395 3084 3451 Christis
3115 3395 3369 3453 Cantabr.

442 3757 484 3812 Ι.
517 3756 804 3812 Dominus
837 3753 1066 3809 locutus
1095 3757 1183 3808 est
1211 3753 1452 3808 verbum
1486 3755 1556 3808 ad
1580 3753 1836 3825 Moysen,
1872 3754 2020 3808 etita
2047 3754 2103 3820 Α
2202 3753 2294 3808 ΙΧ.
2327 3755 2451 3809 Νοη
2478 3754 2773 3810 desideres
2816 3755 3062 3826 proximi
3116 3755 3199 3810 tui
3246 3755 3624 3811 hereditatem
3663 3752 3713 3805 in-

372 3846 549 3900 dixit:
584 3845 701 3915 Ego
734 3859 866 3897 sum
901 3842 1180 3897 Dominus
1212 3842 1365 3896 Deus
1399 3847 1563 3896 tuus:
1598 3843 1714 3913 Ego
1747 3847 1803 3896 te
1847 3842 2017 3897 eduxi
2119 3845 2304 3915 justo.

372 3951 441 3989 ex
465 3938 620 3987 terra
650 3931 876 4002 Egypti
918 3938 974 3985 et
1004 3947 1072 3984 ex
1121 3929 1399 3985 servitute
1440 3931 1590 4000 ejus.
1638 3931 1760 3986 Non
1808 3930 2019 4004 diligas

371 4021 519 4077 alios
549 4021 690 4075 deos
721 4018 942 4074 alienos
974 4023 1180 4090 prater
1210 4035 1300 4072 me
1332 4020 1522 4085 (Exod.
1553 4021 1668 4086 xx).

443 4110 514 4165 II.
547 4109 671 4164 Non
702 4106 981 4163 adhibeas
995 4123 1206 4162 nomen
1222 4124 1415 4162 meum
1430 4108 1502 4163 ad
1515 4107 1829 4162 vanitatem
1849 4126 1862 4175 ;
1883 4126 2019 4180 quo-

370 4198 529 4254 niam
556 4202 618 4253 tu
651 4214 766 4252 non
800 4213 861 4252 es
892 4196 1170 4252 innocens
1193 4197 1346 4267 apud
1367 4213 1477 4264 me,
1510 4196 1559 4252 si
1593 4213 1801 4251 nomen
1821 4214 2015 4252 meum

371 4288 443 4344 ad
475 4287 788 4343 vanitatem
820 4285 1118 4341 adhibeas.

440 4377 514 4433 III
549 4377 868 4432 Recordare
898 4374 1050 4430 diem
1083 4374 1320 4431 Sabbati
1369 4374 1761 4430 sanctificare:
1814 4392 2015 4446 opera-

369 4467 513 4522 mini
545 4483 644 4522 sex
673 4465 819 4532 dies,
853 4468 910 4520 et
940 4463 1187 4536 septimo
1206 4463 1589 4535 quiescite,tu
1604 4470 1661 4518 et
1683 4462 2014 4531 ﬁliustuus,

369 4560 425 4610 et
457 4555 578 4610 lilia
610 4560 734 4619 tua,
769 4559 824 4608 et
853 4570 1052 4609 servus
1078 4557 1282 4608 tuuset
1313 4552 1653 4617 aneillatua,
1688 4554 2016 4622 etjumenta

369 4649 488 4710 tua,
523 4648 580 4699 et
611 4644 710 4715 qui
743 4643 1070 4716 ingreditur
1101 4643 1252 4698 inter
1281 4647 1477 4714 portas
1527 4645 1678 4696 tuas.
1733 4641 2015 4706 Quoniam

370 4751 468 4788 sex
501 4733 707 4787 diebus
765 4732 1033 4787 Christus
1083 4731 1297 4786 creavit
1345 4730 1540 4796 chos,
1591 4735 1647 4785 et
1694 4735 1928 4798 terram,
1963 4735 2019 4786 et

372 4820 557 4876 maria
581 4825 638 4875 et
667 4837 870 4876 omnes
901 4824 1199 4876 creaturas
1220 4819 1422 4891 quain
1454 4819 1539 4874 eis
1558 4819 2019 4891 sunt,etquievit

371 4909 619 4980 septimo
651 4909 764 4964 die.
797 4909 864 4963 Et
893 4914 1199 4982 propterea
1231 4908 1515 4964 Dominus
1548 4907 1714 4962 illum
1760 4908 2015 4963 sanctifi-

368 4996 536 5052 cavit.

440 5084 532 5140 IV.
561 5085 792 5140 Honora
823 5089 1047 5156 patrem
1076 5088 1242 5139 tuum
1274 5089 1330 5140 et
1362 5089 1608 5140 matrem
1642 5089 1825 5154 tuam,
1869 5101 2018 5157 quos

369 5172 652 5230 Dominus
674 5173 835 5228 dedit
866 5172 996 5242 tibi,
1030 5177 1096 5227 ut
1126 5173 1206 5228 sis
1236 5173 1532 5246 longaevus
1565 5174 1621 5228 in
1655 5175 1846 5230 terris.

435 5263 504 5317 V.
540 5263 664 5317 Non
687 5261 943 5317 occidas.

436 5352 531 5408 Vl.
568 5352 691 5406 Non
726 5349 956 5405 fureris.

437 5441 559 5496 VII.
595 5441 720 5495 Non
754 5436 1122 5494 adultereris.

437 5530 588 5585 VIII.
624 5530 745 5584 Non
776 5528 938 5584 dicas
969 5523 1181 5582 falsum
1214 5528 1614 5585 testimonium
1645 5534 1847 5585 contra
1888 5548 2017 5602 pro-

369 5619 557 5676 ximos
589 5622 740 5674 tuos.

2199 3931 2264 3986 X.
2299 3933 2423 3986 Non
2460 3932 2637 3988 facias
2669 3931 2773 3987 tibi
2806 3949 3014 3988 aureos
3045 3932 3130 3988 vel
3163 3938 3470 4005 argenteos
3500 3933 3638 3987 deos.

2198 4021 2289 4074 XI.
2325 4021 2454 4075 Haec
2485 4020 2814 4093 suntleges,
2842 4021 3484 4093 quasipsisproponere
3505 4011 3710 4076 debesSi

2127 4108 2261 4179 quis
2293 4114 2449 4163 emat
2479 4109 2873 4164 Christianum
2907 4127 3160 4176 servum,
3195 4126 3296 4165 sex
3325 4127 3510 4166 annos
3537 4107 3709 4164 serviat.

2127 4197 2376 4269 septimo
2410 4198 2485 4252 sit
2515 4196 2660 4253 liber
2689 4198 3050 4270 gratis.Cum
3066 4197 3225 4270 quali
3239 4197 3711 4254 vestimentointra-

2124 4285 2290 4352 verit,
2325 4303 2458 4341 cum
2487 4285 2586 4341 tali
2623 4291 2814 4355 exeat;
2849 4288 2898 4342 si
2931 4287 3058 4360 ipse
3088 4304 3328 4342 uxorem
3361 4280 3711 4353 habeat,excat

2127 4391 2261 4430 cum
2293 4392 2379 4430 eo.
2415 4375 2473 4430 Si
2504 4375 2788 4432 Dominus
2819 4381 3013 4432 autem
3046 4375 3130 4430 illi
3163 4393 3400 4431 uxorem
3426 4376 3642 4441 dederit,
3665 4366 3710 4423 είί

2126 4464 2254 4536 ipsa
2284 4468 2338 4519 et
2368 4463 2532 4519 liberi
2564 4465 2692 4535 ejus
2724 4465 2972 4520 domini.

2198 4553 2256 4608 Si
2288 4570 2488 4608 servus
2519 4557 2714 4608 autem
2745 4553 3312 4610 dixeritzNoloabire
3332 4554 3706 4610 adominomeo.

2129 4659 2231 4697 nec
2264 4642 2336 4696 ab
2367 4657 2544 4697 uxore
2574 4659 2723 4710 mea,
2759 4660 2864 4698 nec
2895 4661 2928 4698 a
2958 4642 3156 4699 liberis
3187 4643 3356 4710 meis,
3392 4660 3494 4698 nec
3509 4644 3574 4698 ab
3594 4641 3708 4696 here

2127 4729 2306 4784 ditate
2338 4747 2486 4796 mea,
2517 4735 2658 4786 tunc
2689 4731 2966 4788 dominus
2995 4732 3330 4803 ejusipsum
3347 4732 3417 4786 ad
3445 4722 3709 4803 templiot‘ﬁ-

2127 4817 2282 4872 cium
2315 4819 2583 4887 adducat,
2617 4823 2673 4873 et
2702 4820 2955 4892 perforet
2999 4826 3193 4876 autem
3241 4819 3400 4874 illius
3452 4818 3651 4880 subula,
3673 4812 3707 4863 in

2127 4907 2362 4978 signum
2397 4909 2549 4980 quod
2581 4909 2660 4964 sit
2689 4925 2921 4980 semper
2948 4909 3010 4964 in
3041 4913 3340 4981 posterum
3374 4924 3588 4964 servus.

2197 4995 2321 5049 VII.
2356 4995 2514 5052 Licet
2543 4996 2676 5068 quis
2705 4997 3031 5053 vendiderit
3049 4996 3228 5052 ﬁliam
3251 5013 3424 5052 suam
3455 4997 3511 5052 in
3533 4989 3708 5051 famula-

2127 5089 2278 5150 tum,
2309 5102 2425 5141 non
2457 5085 2534 5140 sit
2582 5103 2746 5142 serva
2776 5087 2834 5141 in
2883 5086 3180 5153 omnibus,
3215 5085 3301 5141 uti
3347 5085 3473 5141 alia:
3521 5076 3705 5140 famula

2128 5173 2251 5228 Non
2285 5173 2498 5230 habeat
2522 5179 2871 5246 potestatem
2904 5192 3033 5230 eam
3065 5180 3338 5230 extraneo
3389 5191 3517 5231 meo
3560 5163 3708 5247 popu10

2131 5263 2448 5330 vendendi;
2483 5265 2583 5319 sed
2618 5265 2664 5319 si
2695 5264 2796 5319 illa
2823 5281 2937 5320 non
2969 5263 3196 5336 placeat
3225 5253 3706 5336 eiquiipsamemit

2132 5351 2389 5406 dimittat
2411 5370 2538 5408 eam
2571 5353 2816 5408 liberam
2843 5354 2914 5408 ad
2948 5357 3283 5409 extraneam
3317 5357 3567 5424 gentem.
3598 5348 3709 5406 Siau'

2132 5444 2248 5496 tem
2281 5441 2612 5513 permiserit
2642 5442 2762 5498 ﬁlio
2794 5459 2900 5497 suo
2922 5459 3044 5497 rem
3072 5458 3207 5496 cum
3237 5457 3308 5496 ea
3338 5441 3566 5508 habere,
3597 5426 3708 5494 delti

2131 5530 2386 5599 donum;
2418 5531 2612 5587 videat
2639 5535 2704 5586 ut
2734 5531 2836 5586 illa
2867 5530 3080 5586 habeat
3107 5529 3409 5597 vestitum,
3444 5535 3500 5585 et
3527 5526 3706 5601 pretium

2131 5619 2422 5690 pudieitiae
2456 5620 2602 5691 ejus,
2636 5620 2744 5676 hoc
2774 5625 2864 5676 est
2894 5620 3089 5675 dotem
3121 5617 3171 5675 ei
3196 5634 3369 5674 suam
3404 5605 3703 5692 Iargiatunsi
