3810 6214
376 279 510 338 -455
1055 275 1396 337 APPEND.
1439 277 1541 336 AD
1586 276 1770 337 SZEC.
1819 276 1889 335 X.
1922 308 1999 319 -—-
2030 274 2533 336 MONUMENTA
2576 275 3130 340 DlPLOMATlCA.
3671 277 3765 335 436

388 426 589 465 eorum
620 426 748 480 qum
774 407 886 480 ipsi
917 407 1166 464 debebat
1183 425 1297 463 non
1327 408 1677 480 praestiterit,
1702 408 1875 464 faciat
1895 412 2036 463 tunc
2062 408 2120 474 Α
2152 424 2347 462 coram
2378 407 2592 480 populo
2641 409 2864 482 absque
2918 408 3088 466 venia
3125 409 3405 482 deponat,
3449 424 3557 464 cxx
3602 407 3767 464 solidis

387 498 924 569 autejuramentum
966 497 1028 551 in
1069 500 1323 568 quatuor
1370 497 1652 564 ecclesiis,
1704 501 1761 553 et
1804 496 1853 551 si
1885 496 2036 552 alter
2145 502 2506 569 compenset.

384 585 580 657 ipsum
610 584 783 658 culpa
813 584 1064 640 eximere
1079 583 1345 654 voluerit,
1370 585 1430 640 in
1449 586 1757 641 duodecim
1775 583 2035 641 ecclesiis
2213 586 2386 641 XVII.
2418 589 2493 644 De
2522 594 2671 644 terra
2699 587 3049 644 hereditaria
3078 588 3213 657 (LL.
3250 588 3385 645 Sax.
3420 603 3475 643 c.
3508 586 3622 659 37).

382 673 493 729 hoc
526 673 718 730 faciat.
2217 674 2277 730 Si
2308 675 2443 747 quis
2474 678 2690 732 terram
2735 675 3166 733 hereditariam
3209 676 3445 742 habeat,
3502 692 3668 747 quam
3691 692 3768 747 ps-

2146 766 2339 819 rentes
2370 764 2499 835 ejus
2524 763 2636 838 ipsi
2668 763 3051 838 reliquerunt,
3075 769 3215 822 tunc
3236 765 3567 821 statuimus
3595 769 3655 819 ut
3669 780 3767 820 eam

2145 868 2262 907 non
2313 853 2588 908 vendata
2629 854 2895 927 cognatis
2950 853 3279 910 baeredibus
3336 853 3492 921 suis,
3557 851 3607 907 si
3650 853 3771 909 adsit

2147 939 2438 1012 scriptura
2466 941 2556 997 vel
2586 941 2773 1013 testis,
2808 943 2963 1015 quod
3010 941 3096 999 illi
3124 943 3245 999 viro
3287 942 3657 1015 prohibitum
3697 942 3770 1003 sit,

2148 1027 2247 1100 qui
2278 1045 2406 1084 eam
2440 1029 2513 1087 ab
2545 1028 2711 1087 initio
2744 1030 3074 1103 acquisivit,
3105 1034 3161 1087 et
3190 1030 3275 1086 illi
3308 1030 3407 1104 qui
3441 1047 3571 1087 eam
3600 1029 3769 1086 vendi-

2145 1116 2254 1184 dit,
2289 1121 2354 1173 ut
2382 1117 2465 1173 ita
2515 1119 2701 1175 facere
2751 1123 3032 1192 nequeat;
3093 1125 3151 1177 et
3194 1119 3306 1177 hoc
3350 1123 3493 1176 tunc
3541 1119 3599 1175 in
3646 1119 3765 1191 regis

2144 1204 2234 1261 vel
2262 1206 2322 1261 in
2348 1204 2604 1279 episcopi
2630 1207 2965 1267 testimonio
2989 1207 3266 1265 recitetur
3292 1225 3491 1264 coram
3541 1206 3765 1280 cognatis

2148 1311 2293 1348 SUIS.

2218 1381 2410 1437 XVIII.
2447 1387 2522 1438 De
2548 1384 2892 1440 solemnitate
2919 1383 3031 1440 diei
3055 1385 3183 1456 festi
3205 1385 3335 1445 (LL.
3368 1384 3501 1440 Sax.
3537 1401 3588 1438 c.
3619 1383 3714 1455 39).

2217 1469 2505 1531 Omnibus
2532 1470 2805 1544 ingenuis
2824 1471 3166 1529 hominibus
3183 1471 3306 1528 dies
3325 1472 3384 1527 bi
3411 1472 3534 1528 sint
3551 1471 3770 1534 remissi,

2148 1558 2402 1631 exceptis
2433 1559 2613 1616 servis
2638 1563 2695 1616 et
2722 1560 3023 1633 operariis.
3040 1560 3356 1617 Duodecim
3380 1560 3503 1618 dies
3526 1561 3587 1616 in
3606 1558 3769 1615 Natale

371 1631 515 1688 XVI.
551 1637 626 1689 De
656 1634 958 1689 violatione
1000 1633 1158 1704 pacis
1193 1634 1251 1688 in
1284 1633 1418 1688 urbe
1470 1632 1602 1705 (LL.
1665 1632 1796 1688 Sax.
1847 1633 1932 1688 c.1

2217 1648 2407 1719 )mini,
2438 1653 2495 1705 et
2518 1649 2643 1705 dies
2662 1631 2828 1705 ille—in
2843 1667 2958 1722 quo
2971 1649 3240 1707 Christus
3254 1648 3558 1707 diabolum
3578 1665 3772 1725 superl-

449 1737 691 1795 Violatas
722 1739 883 1811 pacis
916 1739 974 1793 in
1002 1739 1145 1795 urbe
1175 1739 1335 1813 regia
1362 1740 1803 1811 [compensatio]
1837 1740 1914 1795 sit
1933 1756 2040 1793 cxx
2069 1784 2117 1850 B
2148 1737 2250 1803 vit,
2265 1742 2322 1792 et
2337 1738 2392 1794 S.
2413 1728 2814 1811 Gregoriidies
2829 1738 3771 1811 memorialis,etseptemdiesantc

449 1827 698 1850 ιέΔ----..-
722 1846 733 1850 -
768 1828 821 1850 2..
863 1827 1340 1850 ---ι.ξ--ε------ιε
1400 1829 1496 1850 __-_1_
1519 1846 1538 1850 -
1593 1828 1821 1850 --ἔ-ὶ-Δε-
1875 1827 2033 1850 ---Ξ-
2147 1826 2363 1850 “--,ι.-
2428 1831 2473 1850 -ι
2513 1831 2726 1850 ---ι-..-
2758 1832 2883 1850 ---ι
2947 1831 2994 1850 -ι
3016 1845 3168 1850 --.----
3190 1828 3371 1850 ,13--2-
3406 1828 3548 1850 ιδ--ι-
3578 1828 3612 1850 ο
3652 1827 3767 1850 “-1..-

377 1827 735 1896 solidorum;
768 1828 827 1882 in
860 1827 1345 1901 archiepiscopali
1400 1829 1543 1884 urbe
1592 1828 1827 1884 violatio
1873 1827 2035 1900 pacis
2069 1826 2117 1850 ”
2146 1826 2389 1895 Pascha,
2422 1831 2479 1883 et
2510 1831 2731 1898 septem
2756 1832 2910 1901 post,
2942 1828 3378 1884 etunusdiesin
3405 1828 3555 1887 festo
3578 1827 3769 1886 S.Petri

379 1916 699 1990 nonaginta
729 1916 1086 1985 solidorum;
1122 1916 1364 1973 alterius
1415 1918 1675 1991 episcopi
1698 1922 1756 1973 et
1804 1920 2034 1974 senato-
2146 1914 3769 1990 etS.Pauli,etinautumnoplenaseptimanaantefestum

379 2006 460 2061 ris
493 2024 560 2061 Lx
592 2006 945 2073 solidorum;
979 2006 1245 2062 hominis
1276 2023 1390 2061 MCC
1411 2005 2034 2078 solidorum,triginta;
2146 2004 2209 2059 B.
2245 2004 2460 2070 Mariae,
2492 2010 2550 2060 et
2579 2022 2732 2062 unus
2762 2005 2888 2062 dies
2904 2009 3039 2061 ante
3058 2005 3509 2063 celebrationem
3538 2005 3769 2061 omnium

462 788 579 844 XV.
616 791 687 844 De
706 805 897 861 pugna
924 804 1109 845 coram
1136 796 1381 845 senatore
1411 790 1545 855 (LL.
1574 791 1705 845 Sax.
1738 806 1787 844 c.
1822 791 1932 859 34).

455 893 513 950 Si
545 894 679 967 quis
710 911 903 950 coram
936 893 1088 968 regis
1114 899 1383 950 senatore
1414 895 1471 949 in
1525 912 1814 950 concursu
1852 894 2037 967 plebis

382 987 622 1056 pugnet,
652 986 989 1055 compenset
1012 983 1218 1055 capitis
1240 983 1690 1040 aestimationem
1712 987 1769 1038 et
1782 999 2033 1056 pcenam,

381 1072 577 1147 prouti
598 1073 829 1143 justum
854 1076 961 1140 est,
995 1076 1052 1127 et
1082 1072 1143 1128 in
1178 1072 1387 1144 primis
1406 1072 1660 1147 senatori
1691 1090 1796 1128 cxx
1819 1071 2037 1128 solidos

379 1178 562 1233 poma:
595 1160 740 1217 loco.
777 1161 835 1217 Si
871 1160 1006 1234 quis
1050 1177 1406 1217 concursum
1438 1161 1638 1234 populi
1686 1162 2038 1218 extractione

379 1265 681 1305 armorum
712 1249 1105 1317 concitaverit,
1140 1250 1326 1307 solvat
1356 1250 1612 1307 senatori
1662 1267 1770 1305 cxx
1814 1250 2035 1306 solidos

377 1354 562 1410 paena:
601 1338 749 1394 loco.
814 1339 873 1393 Si
928 1339 1037 1394 hoc
1100 1356 1296 1395 coram
1356 1340 1499 1412 regii
1558 1340 1843 1395 senatoris
1892 1339 2036 1394 sub-

379 1427 605 1497 stituto,
639 1426 727 1484 vel
761 1428 916 1500 regis
946 1428 1284 1501 presbytero
1316 1430 1561 1497 accidat,
1595 1430 1670 1485 sit
1719 1445 1889 1501 paena
1925 1445 2037 1483 xxx

380 1515 572 1573 solidi.

380 2100 780 2150 sexcentarum
814 2093 2035 2168 solidorumhominis,quindecim;coloni
2145 2098 2507 2160 sanctorum,
2564 2097 2622 2149 et
2678 2098 2931 2167 quatuor
3002 2095 3129 2151 dies
3200 2095 3471 2151 Mercurii
3530 2095 3590 2151 in
3649 2110 3770 2166 qua-

377 2183 573 2240 violati
614 2183 783 2255 septi,
836 2183 1099 2261 quinque
1154 2182 1508 2240 solidorum.
1563 2182 1623 2240 Si
1669 2183 1879 2239 borum
1929 2182 2034 2238 ali-
2144 2186 2281 2237 tuor
2309 2182 2654 2255 septimanis
2676 2182 3085 2255 jejunialibus,
3138 2184 3417 2239 omnibus
3460 2183 3768 2239 hominibus

379 2273 518 2344 quid
554 2271 798 2336 accidat,
831 2288 965 2326 cum
999 2272 1287 2327 exercitus
1338 2276 1604 2347 vagatur,
1657 2271 1746 2327 vel
1773 2276 2035 2344 tempore
2144 2274 2283 2327 sunt
2312 2270 2565 2340 remissi,
2599 2288 2703 2344 pro
2752 2271 3116 2346 beneplacito
3165 2271 3500 2346 cujuslibet,
3548 2272 3650 2339 illi,
3688 2269 3766 2344 qui

367 2360 586 2432 jejunii
632 2359 1180 2432 quadragesimalis,
1237 2361 1636 2432 compensatio
1669 2360 1747 2415 sit
1795 2359 2029 2432 duplex.
2143 2359 2367 2431 aliquid
2425 2359 2485 2416 in
2536 2360 2638 2416 Dei
2669 2361 2906 2417 nomine
2944 2352 3101 2418 bene
3160 2361 3379 2428 fecerit,
3428 2360 3517 2418 vel
3574 2361 3655 2415 illi
3686 2358 3766 2431 qui

378 2449 440 2503 Si
474 2449 610 2520 quis
670 2452 932 2520 tempore
979 2448 1446 2521 Quadragesima':
1485 2448 1750 2504 velamen
1797 2466 2031 2504 sacrum
2143 2464 2279 2503 cum
2304 2446 2499 2520 aliquo
2531 2466 2637 2505 suo
2671 2466 2842 2522 opere
2882 2448 3149 2523 [aliquid]
3194 2450 3515 2522 promereri
3562 2449 3751 2524 poterit

1257 2659 1688 2776 LEGES
1786 2659 2903 2776 ECCLESIASTICIE

558 2821 652 2885 Ab
684 2824 1197 2905 ALraEDoMagno
1226 2842 1366 2904 rege
1395 2822 1755 2903 Anglorum,
1789 2831 1845 2915 et
1875 2820 2185 2961 .Gutlutirno
2214 2840 2349 2961 retge
2377 2822 2874 2902 Anglodanarum
2904 2824 2968 2884 in
2997 2823 3246 2884 concilio
3273 2843 3391 2905 quo
3418 2822 3609 2903 fndus

1806 2922 2040 2961 zmerun
2095 2920 2257 2961 sane:
2285 2921 2356 2961 ae.

1806 2920 2069 2963 inierunt
2095 2920 2257 2962 sane:
2265 2920 2356 2962 l3.

437 3008 840 3070 (Desiderantur
870 3010 924 3058 in
957 3010 1240 3060 Lombardi
1270 3009 1620 3075 Αρχαιονομίᾳ,
1641 3008 1736 3059 sed
1766 3009 1853 3059 hie
1871 3007 2173 3058 addidimus
2202 3021 2267 3056 ex
2296 3006 2523 3057 Historia
2553 3007 2870 3069 Jornalensi,
2890 3022 2986 3060 seu
3004 3008 3305 3060 Jernalensi
3325 3010 3718 3073 manuscripto.)

547 3222 796 3278 TITULI
836 3222 1084 3278 LEGUM
1123 3222 1843 3279 ECCLESIASTICARUM.
2053 3225 2096 3291 C
2134 3220 2226 3277 XI.
2288 3226 2365 3278 De
2421 3222 2773 3294 operantibus
2844 3222 3038 3279 diebus
3100 3222 3405 3279 Dominicis
3461 3223 3598 3299 (LL.
3651 3223 3761 3278 Sax.

438 3309 481 3365 Ι.
536 3314 617 3366 De
661 3311 949 3368 dilectione
986 3313 1092 3368 Dei
1130 3320 1181 3368 et
1222 3328 1356 3384 pace
1400 3312 1654 3368 Ecciesiaz
1696 3312 1832 3382 (LL.
1880 3311 2011 3367 Sax.
2270 3326 2403 3382 cap.
2434 3312 2514 3379 7).

580 3416 708 3473 cap.
746 3402 820 3467 1).
2124 3398 2245 3453 XII.
2274 3399 2350 3455 De
2364 3399 2597 3472 jejuniis
2625 3401 2882 3472 infractis
2911 3399 3046 3470 (LL.
3081 3399 3213 3456 Sax.
3247 3416 3377 3472 cap.
3408 3401 3487 3469 8).
3588 3476 3591 3477 ν

437 3488 506 3544 Il.
541 3491 614 3545 De
642 3490 1040 3561 negligentibus
1071 3491 1240 3560 legem
1255 3491 1516 3547 Christiet
1530 3493 1920 3563 paganismum
1932 3506 2015 3546 ve—
2123 3486 2272 3543 XIII.
2304 3489 2379 3543 De
2406 3487 2594 3568 diebus
2626 3491 2687 3544 in
2718 3489 2916 3561 quibus
2967 3488 3245 3545 ordalium
3290 3497 3344 3544 et
3378 3488 3760 3562 jusjurandm

506 3579 832 3633 nerantibus
856 3577 984 3647 (LL.
1019 3578 1147 3633 Sax.
1186 3595 1313 3650 cap.
1346 3581 1424 3647 2).
1828 3576 1843 3587 ”
2258 3577 2658 3650 prohibeantur
2677 3577 2804 3646 (LL.
2839 3580 2970 3633 Sax.
3004 3594 3131 3650 cap.
3158 3578 3235 3645 9).

439 3665 533 3719 III.
571 3670 652 3720 De
683 3669 894 3722 ornatis
922 3666 1066 3720 male
1094 3668 1400 3721 viventibus
1431 3668 1562 3738 (LL.
1614 3668 1745 3722 Sax.
1777 3684 1904 3739 cap.
1933 3667 2009 3736 3).
2121 3664 2263 3721 XIV.
2323 3669 2399 3721 Ne
2424 3666 2513 3721 die
2568 3668 2857 3722 Diminica
2908 3666 3065 3723 homo
3118 3668 3436 3739 foris/hctus
3499 3662 3762 3722 occidatur

436 3751 532 3807 IV.
564 3753 638 3807 De
663 3754 998 3825 presbyteris
1029 3755 1172 3824 falso
1197 3756 1687 3825 pronuntiantibus
1706 3757 1901 3827 festum
1930 3755 2013 3811 uel
2265 3754 2393 3826 (LL.
2428 3754 2563 3811 Sax.
2598 3771 2724 3827 cap.
2759 3755 2867 3823 40).

535 3839 818 3911 jejunium
845 3841 983 3904 (LL.
1017 3841 1149 3897 Sax.
1182 3857 1308 3913 cap.
1341 3842 1416 3914 3).
2119 3841 2235 3896 XV.
2280 3884 2292 3897 .
2339 3884 2351 3898 .
2398 3886 2411 3898 .
2457 3884 2471 3899 .
2510 3882 2526 3899 .
2565 3844 2675 3899 LL.
2709 3844 2838 3899 Sax.
2869 3844 3092 3916 cap.tO.

433 3926 503 3982 V.
534 3928 609 3982 De
630 3929 975 3999 presbyteris
997 3930 1156 3984 rectis
1187 3931 1437 3985 terminis
1466 3932 1702 3988 chrisma
1750 3949 1857 3987 non
1883 3948 2012 4003 per-
2121 3930 2264 3985 XVI.
2297 3932 2372 3987 De
2397 3933 2699 4006 sortilegis,
2732 3932 3189 3997 incantatoribus,
3221 3932 3496 4001 veneﬁcis,
3515 3932 3759 4004 periuris,

478 4016 841 4087 quirentibus,
873 4016 957 4071 vel
989 4017 1319 4089 baptismum
1345 4020 1674 4089 negantibus
1706 4022 1840 4090 (LL.
1875 4021 2008 4076 Sax.
2261 4027 2314 4075 et
2339 4020 2426 4075 his
2454 4021 2734 4076 similibus
2763 4020 2895 4090 (LL.
2932 4020 3063 4076 Sax.
3097 4035 3225 4091 cap.
3258 4019 3372 4088 11).

480 4121 609 4178 cap.
641 4103 722 4175 3).
2121 4106 2291 4162 XVII.
2351 4110 2426 4164 De
2464 4108 2735 4165 ordinatis
2762 4110 2847 4165 vel
2902 4110 3163 4177 alienigis
3222 4109 3281 4163 in
3338 4108 3534 4181 aliquo
3578 4109 3650 4166 de
3682 4123 3763 4179 pe-

432 4193 523 4250 XI.
549 4194 624 4250 De
649 4195 920 4266 fratribus
948 4194 1031 4250 vel
1059 4196 1303 4265 cognatis
1341 4197 1402 4251 in
1447 4212 1560 4251 una
1606 4198 2011 4269 fornicantibus
2261 4199 2430 4252 cunia
2459 4197 2542 4254 vel
2569 4199 2686 4253 vita
2704 4197 2940 4255 seductis
2962 4197 3098 4267 (LL.
3132 4197 3263 4252 Sax.
3298 4213 3426 4269 cap.
3463 4198 3580 4268 12).

540 4283 673 4356 (LL.
704 4283 837 4339 Sax.
867 4300 993 4356 cap.
1028 4284 1103 4356 4).

427 4371 549 4428 VII.
582 4375 657 4428 De
685 4371 936 4429 ordinato
965 4374 1063 4445 qui
1089 4374 1258 4429 vitam
1284 4374 1596 4446 farisfaciat
1612 4374 2013 4444 (Desideratur
2760 4391 3138 4450 PREFATIO

572 4462 632 4517 in
664 4462 843 4529 Sax.).

425 4548 590 4656 VIII:
609 4554 690 4656 lle
717 4565 808 4656 reo
836 4552 1026 4607 mortis
1053 4552 1151 4656 qui
1178 4551 1425 4622 conﬁteri
1451 4551 1722 4609 desiderat
1742 4553 2014 4610 sacerdoti
2038 4591 2086 4656 Ι)
2119 4638 2158 4656 Α
2189 4549 2236 4656 Ι;
2263 4551 2384 4606 Hoc
2412 4554 2504 4656 est
2555 4550 2870 4656 concilium
2920 4551 2996 4626 (1)
3029 4551 3185 4624 quod
3241 4550 3524 4656 Alfredus
3580 4567 3681 4606 rex
3718 4553 3766 4602 et

570 4638 702 4708 (LL.
739 4640 871 4695 Sax.
905 4656 1034 4712 cap.
1067 4638 1142 4712 5).
2038 4638 2085 4656 ¹¹
2116 4638 2355 4694 Godrun
2415 4641 2493 4711 (2)
2549 4656 2647 4695 rex
2694 4639 2997 4713 elegerunt
3052 4644 3111 4696 et
3161 4639 3580 4708 condixerunt,
3646 4652 3766 4695 cum

429 4728 516 4783 IX.
545 4729 616 4783 De
646 4728 877 4785 decimis
908 4730 1011 4784 Dei
1040 4730 1279 4795 retentis,
1310 4737 1362 4784 et
1390 4729 1522 4784 aliis
1542 4730 1775 4785 ecclesiae
1793 4734 2011 4786 rectitu-
2116 4727 2287 4800 Angli
2318 4731 2376 4783 et
2407 4728 2551 4784 Eani
2583 4729 2655 4784 ad
2687 4746 2892 4801 pacem
2929 4734 2987 4784 et
3017 4728 3387 4785 concordiam
3432 4727 3617 4800 plene
3644 4743 3768 4782 cono

534 4815 756 4872 dinibus
786 4817 917 4889 (LL.
953 4817 1084 4874 Sax.
1117 4833 1244 4889 cap.
1275 4817 1353 4890 6).
2116 4820 2422 4885 venerunt,
2456 4821 2513 4873 et
2544 4816 2858 4890 sapientes,
2890 4823 2949 4873 et
2979 4818 3080 4890 qui
3111 4821 3314 4890 postea
3333 4821 3767 4873 successerunt

428 4902 492 4957 X.
527 4908 606 4959 De
632 4905 748 4961 illis
777 4906 873 4976 qui
889 4905 1297 4961 mercandisant
1326 4904 1515 4961 diebus
1539 4906 1842 4963 Dominicis
1874 4907 2004 4980 (LL.
2118 4905 2334 4978 sepius
2363 4905 2473 4962 hoc
2503 4911 2560 4962 et
2588 4906 2825 4964 assidue
2856 4906 3277 4964 renovantesin
3299 4906 3526 4962 bonum
3552 4918 3771 4978 semper

538 4992 669 5046 Sax.
705 5008 828 5064 cap.
858 4994 940 5063 7).
2118 4995 2508 5051 adduxerunt.

400 5103 502 5186 ,(1)
533 5104 802 5190 Alfredus
825 5105 1045 5190 Anglia;
1076 5123 1192 5190 rex,
1229 5111 1397 5190 capto
1427 5124 1528 5190 an.
1573 5108 1676 5166 Cb.
1709 5112 2006 5190 866__Lon-
2115 5109 2480 5190 polis_totius
2500 5109 2728 5190 insula},
2749 5112 3103 5190 coadunat.»
3123 5108 3594 5190 Memiriitetiam
3607 5108 3769 5190 huius

400 5122 502 5186 ,(1)
533 5122 802 5161 Αιιῐιθαιιε
825 5122 1045 5233 fingitis
1076 5123 1192 5174 rex,
1229 5122 1397 5180 capto
1427 5124 1522 5164 an.
1573 5122 1676 5166 un.
1709 5122 1815 5167 866
1857 5122 2006 5169 Lon-
2115 5122 2267 5182 pons
2297 5122 2480 5166 totius
2500 5122 2728 5176 insula},
2749 5122 3103 5168 coadunat.»
3123 5122 3594 5168 Meminiteuam
3609 5122 3768 5181 nugas

356 5176 515 5258 dino,
578 5178 865 5258 synodum
914 5195 930 5231 ι
975 5195 991 5230 1
1049 5178 1380 5243 celebravit,
1434 5180 1606 5249 cujus
1668 5182 1887 5238 mentio
1943 5182 2006 5241 in
2117 5199 2145 5236 s
2186 5182 2324 5237 nodi
2353 5181 2812 5254 Harpesfeldius,
2853 5183 2995 5239 Saec.
3029 5201 3106 5254 1x,
3139 5199 3191 5238 c.
3231 5184 3284 5237 7.
3318 5180 3547 5236 PAGIUS
3580 5181 3656 5239 ad
3687 5196 3768 5235 an.

356 5246 861 5304 WintonienSIbus
890 5248 1241 5304 Annalibus:
1278 5271 1306 5299 «
1344 5250 1463 5305 Rex
1491 5251 2007 5307 devotissimusAl-
2252 5253 2376 5307 886.
2406 5269 2467 5307 n.
2500 5253 2586 5307 11.

349 5246 861 5319 Ἦὶῃιοιιῖθηείὺιιε
890 5248 1241 5319 Annalibus:
1278 5271 1306 5299 «
1344 5250 1463 5305 Rex
1491 5246 2007 5309 devotissimusAl-
2114 5246 2218 5307 Cb.
2252 5253 2376 5319 886,
2406 5246 2586 5308 nfﬂ.

350 5318 578 5394 fredus,
633 5318 826 5390 inquit
877 5318 1181 5394 Annalista
1238 5324 1304 5375 ut
1358 5320 1469 5394 viri
1527 5321 1627 5394 Dei
1684 5324 2007 5381 Grimbaldi
2186 5327 2266 5392 (2)
2297 5322 2456 5378 Idem
2486 5324 2586 5394 qui
2615 5327 2673 5379 et
2701 5324 3069 5393 Gutburnus,
3101 5325 3372 5394 Gutrum,
3396 5321 3773 5394 θεέ).Βωῖαῇ

354 5389 730 5473 sanctitatem
746 5394 808 5473 et
836 5389 1184 5473 sapientiam
1213 5392 1443 5473 cunctis
1492 5393 1822 5473 n‘otiticaret
1847 5413 2006 5473 Leone
2114 5389 2435 5473 Danorum,
2469 5389 2656 5473 ciiiad
2688 5394 2865 5473 ﬁdem
2894 5389 3109 5473 ilbi-isti
3125 5392 3405 5473 converso
3426 5390 3771 5452 Ethelstani

348 5461 556 5538 cilium
586 5477 657 5517 ex
679 5465 801 5538 tota
842 5459 1091 5538 Ang_lia,_
1121 5460 1435 5538 praesulum
1487 5468 1542 5518 et
1591 5459 1896 5535 abbatum,
1950 5472 2008 5523 et
2116 5482 2333 5538 nomen
2364 5459 2711 5538 impositum
2740 5471 2832 5524 est
2859 5467 2933 5524 ab
2963 5466 3198 5524 Alfredo
3226 5465 3330 5537 qui
3374 5480 3522 5538 eum
3558 5483 3594 5524 θ
3624 5478 3771 5522 sacro

352 5531 642 5592 nobilium
675 5530 1023 5590 virorum'in
1066 5530 1453 5603 Londoniam,
1499 5551 1627 5608 qua:
1666 5543 1755 5595 est
1784 5530 1999 5597 metro-
2119 5537 2275 5594 fonte
2304 5530 2582 5611 suscepit,
2615 5542 2958 5612 partemque
2986 5538 3152 5614 regni
3181 5530 3495 5595 concessit.
