3810 6214
81 283 167 340 45Ἰ
724 275 1386 337 ANGLO-SAXONUM
1438 270 1711 332 HEGUM
1754 271 2000 331 LEGES
2045 271 2690 333 ECCLESIASTlC/E.

3295 276 3415 338 458

80 411 252 468 LBGES
283 408 833 467 ECCLESIASTICzB
870 407 1182 464 ALFREDI
1231 408 1322 463 ET
1375 404 1652 462 GUTHU-
1683 404 1736 472 Α
1766 402 1864 459 feil
1896 403 1972 475 (4)
2029 406 2422 476 superteneat,
2484 404 2688 460 reddat
2745 404 2975 462 lasblite
3032 424 3166 463 cum
3221 407 3417 475 Dacis,

601 498 750 553 RINI
791 497 1060 553 REGUM.

128 590 161 644 Ι.
189 588 238 645 In
263 587 452 661 primis
482 590 572 643 est
602 590 666 643 ut
694 605 876 642 unum
908 587 1093 642 Deum
1127 584 1367 659 diligere
1390 584 1651 650 velint,et

76 677 196 732 omni
221 676 537 750 paganismo
568 674 772 732 sedulo
805 674 1238 731 renuntiare.Et
1266 674 1652 731 instituerunt

74 765 345 822 secularem
365 764 655 835 justitiam
704 781 808 838 pro
857 780 923 820 eo
974 764 1127 837 quod
1178 763 1443 819 sciebant
1492 763 1647 835 quod

74 871 159 910 non
203 858 440 927 poterant
485 854 654 910 multi
701 854 871 910 aliter
907 853 1202 925 castigari,
1260 852 1457 925 plures
1516 868 1649 908 vero

71 942 287 999 nolebant
312 944 379 999 ad
409 943 507 999 Dei
536 942 784 1011 cultum,
818 942 972 999 sicut
1003 942 1296 1010 deberent,
1344 940 1513 997 aliter
1558 941 1647 997 in-

72 1031 256 1087 clinare.
284 1036 345 1087 Et
372 1032 705 1088 saecularem
756 1032 1223 1089 emendationem
1267 1030 1652 1087 instituerunt

70 1136 374 1177 communem
404 1122 626 1178 Christo
655 1126 711 1177 et
735 1121 877 1195 regi,
901 1119 1259 1194 ubicumque
1284 1121 1651 1176 recusabitur

66 1206 135 1265 lex
154 1210 236 1265 Dei
254 1210 401 1281 justo
428 1211 641 1268 servari
671 1211 999 1267 secundum
1030 1209 1345 1266 dictionem
1367 1208 1645 1282 episcopi.

70 1294 118 1350 Et
154 1295 241 1351 hoc
281 1301 363 1353 est
406 1297 663 1369 primum
712 1298 971 1353 edictum
1018 1297 1309 1366 Ecclesiae,
1345 1315 1457 1370 pax
1497 1297 1649 1353 inter

68 1384 263 1454 parietes
288 1401 437 1449 suos,
468 1388 524 1441 et
551 1384 705 1459 regis
729 1385 989 1455 Hangn’d
1026 1402 1257 1457 semper
1303 1384 1650 1441 inconvulsa

66 1478 357 1542 permaneat.

117 1560 170 1615 Il.
198 1562 246 1617 Si
269 1563 390 1633 quis
420 1561 920 1619 Christianitatem
952 1580 1120 1619 suam
1154 1562 1306 1618 male
1337 1566 1546 1630 mutat,
1582 1567 1647 1618 ut

65 1648 406 1721 paganismum
434 1656 743 1709 veneretur
770 1652 962 1708 verbis
993 1651 1080 1707 vel
1111 1651 1406 1723 operibus,
1442 1652 1649 1707 reddat

64 1738 130 1791 sic
147 1755 351 1808 weram,
384 1741 467 1798 sic
494 1740 723 1811 witam,
748 1740 833 1797 sic
861 1739 1113 1809 lasblite,
1139 1742 1465 1797 secundum
1489 1742 1646 1814 quod

70 1824 237 1882 factum
261 1828 344 1885 sit.

120 1913 194 1971 Ill.
218 1917 273 1973 Et
297 1917 343 1974 si
374 1918 507 1991 quis
553 1917 861 1974 ordinatus
910 1917 1154 1987 furetur,
1195 1918 1280 1975 vel
1328 1919 1642 1992 prmlietur,

62 2003 126 2057 vel
148 2006 384 2077 perjuret,
415 2007 505 2064 vel
537 2007 877 2075 fornicatur,
909 2008 1185 2063 emendat
1230 2009 1386 2064 sicut
1425 2009 1643 2065 factum

62 2092 230 2159 erit,sic
253 2114 484 2165 weram,
520 2096 605 2152 sic
632 2096 954 2166 witam,sic
983 2096 1279 2166 lashite,et
1300 2113 1437 2170 erga
1462 2098 1644 2155 Deum

58 2181 220 2239 saltem
245 2187 500 2243 emendet
520 2186 694 2258 juxta
742 2188 1080 2243 sanctorum
1111 2202 1402 2242 canonum
1430 2188 1645 2243 doctri-

59 2286 177 2340 nam,
203 2276 253 2329 et
276 2273 529 2349 plegium
573 2273 751 2331 faciat
797 2274 955 2344 inde,
987 2274 1077 2332 vel
1128 2274 1397 2332 mittatur
1427 2275 1486 2333 in
1519 2294 1644 2334 car-

60 2373 222 2417 οωηηι

105 2446 180 2504 IV.
208 2449 267 2507 Et
287 2453 332 2508 si
362 2454 669 2526 presbyter
696 2452 981 2526 populum
1015 2470 1190 2510 suum
1223 2453 1546 2511 misdoceat
1574 2455 1646 2512 de

59 2536 166 2593 festo
187 2540 261 2595 vel
282 2542 539 2613 jejunio;
564 2543 769 2599 reddat
814 2559 928 2598 xxx
975 2541 1195 2600 solidos
1238 2560 1371 2599 cum
1421 2544 1643 2617 Anglis,

59 2626 228 2682 etcum
252 2628 413 2686 Dacis
433 2645 499 2686 III
526 2629 805 2686 dimidias
826 2647 1075 2687 marces.

104 2716 157 2768 V.
182 2716 233 2771 Si
276 2719 575 2792 presbyter
617 2720 689 2775 ad
737 2722 960 2775 rectum
1006 2719 1326 2775 terminum
1376 2724 1645 2776 sanctum

57 2798 257 2861 chrisma
283 2823 391 2863 non
415 2807 745 2881 perquirat,
774 2807 863 2863 vel
894 2807 1151 2880 baptism
1163 2825 1262 2863 um
1288 2813 1564 2882 pernegat
1594 2810 1646 2866 ei

51 2891 117 2943 cui
144 2910 349 2952 necesse
378 2897 474 2968 sit,
509 2897 720 2953 reddat
747 2896 955 2953 witam
1006 2914 1141 2953 cum
1188 2897 1392 2970 Anglis
1422 2902 1481 2954 et
1511 2916 1645 2955 cum

50 2975 180 3036 Dacis
202 2981 438 3054 lasblite,
487 2986 555 3041 id
604 2989 696 3042 est
741 3001 822 3042 xu
872 3003 1024 3043 oras.
1058 2987 1128 3042 Et
1178 2987 1249 3043 de
1289 2986 1648 3060 sublegereis

53 3069 291 3137 sapientes
317 3072 727 3141 instituerunt,
762 3078 827 3130 ut
872 3092 970 3131 rex
1014 3074 1227 3131 habeat
1263 3076 1644 3148 superiorem,

49 3157 386 3233 etepiscopus
432 3162 799 3231 inferiorem,
850 3163 964 3218 nisi
1017 3162 1254 3236 dignius
1307 3166 1650 3221 emendetur

48 3257 123 3312 pro
165 3247 266 3305 Deo
293 3256 349 3306 et
374 3269 480 3324 pro
532 3250 750 3310 saeculo
794 3253 966 3324 juxta
1013 3252 1256 3309 modum
1303 3253 1461 3323 facti,
1496 3255 1649 3312 sicut

49 3332 302 3410 episcopus
321 3340 576 3397 docebit.

97 3420 231 3481 VLSi
250 3428 360 3485 duo
389 3429 605 3486 fratres
635 3427 725 3486 vel
756 3429 872 3485 duo
904 3429 1133 3503 cognati
1157 3446 1293 3486 cum
1315 3448 1434 3488 una
1452 3431 1652 3505 aliqua

49 3506 698 3586 fornicantur,emendent
723 3518 785 3574 in
817 3518 978 3575 omni
1008 3520 1481 3591 mansuetudine,
1497 3521 1653 3579 sicut

46 3598 109 3654 eis
131 3605 508 3677 permittetur;
533 3607 617 3664 sit
644 3606 893 3674 Wita,sit
921 3607 1155 3664 lasblite
1186 3610 1509 3666 secundum
1534 3627 1652 3668 mo-

47 3683 155 3744 dum
181 3691 324 3750 facti.

93 3776 187 3835 VII.
217 3782 288 3852 (3)
317 3784 385 3840 Et
413 3785 465 3842 si
522 3784 837 3842 ordinatus
887 3784 1061 3841 homo
1109 3803 1171 3843 se
1220 3785 1556 3856 forisfaciat,
1590 3788 1650 3844 in

41 3872 186 3923 morte
205 3868 545 3942 plectendas
576 3873 811 3931 actibus
848 3878 1251 3946 exsuperetur,
1284 3879 1344 3931 et
1392 3876 1652 3949 episcopi

35 3951 210 4021 judicio
239 3966 587 4021 reservetur.

90 4042 208 4103 VIII.
239 4049 302 4105 Et
328 4051 379 4107 si
412 4052 553 4125 quis
604 4068 743 4109 reus
796 4051 1003 4117 mortis
1055 4052 1310 4125 proﬁteri
1360 4054 1650 4113 desideret

40 4134 294 4207 sacerdoti,
325 4156 645 4214 nunquam
677 4143 921 4215 negetur
949 4140 1020 4210 ei,
1053 4145 1110 4198 et
1159 4158 1362 4199 omnes
1412 4143 1653 4201 rectitu-

40 4216 167 4278 dines
183 4224 275 4283 Dei
291 4230 686 4301 paciﬁcentur
702 4228 907 4287 sedulo
924 4247 1027 4303 per
1046 4229 1148 4287 Dei
1168 4231 1625 4289 misericordiam
1637 4277 1650 4303 ,

38 4308 79 4358 εἲ
94 4324 180 4380 per
202 4315 371 4375 vitam
401 4335 593 4392 quam
627 4318 925 4391 sapientes
951 4318 1245 4376 addicent.

88 4399 253 4460 υἱεῖ
297 4406 347 4462 si
397 4408 538 4481 quis
591 4405 882 4464 decimam
932 4412 1134 4465 contra
1180 4412 1395 4479 teneat,
1450 4410 1656 4466 reddat

1754 492 1959 549 witam
1992 509 2127 549 cum
2157 492 2383 566 Anglis.
2417 494 2476 549 Si
2522 492 2654 566 quis
2693 511 2810 551 non
2841 495 3049 551 reddat
3078 495 3412 569 symbolum

1756 580 2235 650 luminis,rcddat
2264 580 2498 637 lasblite
2531 600 2666 638 cum
2696 583 3099 649 Dacis,witam
3129 602 3264 641 cum
3292 586 3410 641 An-

1757 669 1891 742 glis.
1942 670 2001 727 Si
2053 670 2185 743 quis
2236 671 2335 726 Dei
2390 671 2768 728 rectitudincs
2817 671 3043 744 aliquas
3091 673 3407 740 disforciet,

1759 758 1964 815 reddat
1994 758 2230 815 lasblite
2260 776 2395 815 cum
2426 761 2617 828 Dacis,
2648 761 2854 818 witam
2898 778 3035 817 cum
3092 761 3316 834 Anglis.
3349 763 3411 819 Si

1758 851 1962 904 contra
1990 852 2125 918 stet,
2158 852 2223 903 ut
2251 848 2553 906 hominem
2584 849 2869 918 vulneret,
2904 851 2976 907 de
3004 850 3148 906 wita
3175 867 3413 923 compo-

1758 940 1878 992 nat.
1913 936 1971 992 Si
2005 936 2263 1009 aliquem
2293 936 2528 1009 dejiciat
2574 937 2634 994 in
2686 943 2956 1008 mortem,
2991 940 3070 996 sit
3119 939 3319 1014 utlaga
3352 943 3418 997 ut

1757 1025 1941 1091 exlex,
1968 1030 2025 1081 et
2054 1030 2437 1099 persequetur
2468 1043 2603 1083 eum
2635 1043 2770 1083 cum
2802 1027 3055 1085 clamore
3086 1028 3281 1085 omnis
3311 1028 3413 1101 qui

1759 1120 1981 1170 rectum
2014 1115 2267 1171 amat.Et
2298 1115 2346 1171 si
2379 1116 2555 1172 faciat
2581 1120 2645 1171 ut
2675 1117 2975 1173 occidatur
3001 1134 3106 1189 pro
3137 1133 3204 1173 e3
3256 1118 3412 1190 quod

1757 1208 1960 1261 contra
1991 1209 2236 1273 rectum,
2261 1208 2317 1261 et
2347 1204 2500 1279 regis
2533 1205 2851 1280 imperium
2881 1209 3016 1275 stet,
3064 1206 3113 1264 si
3145 1206 3255 1263 hoc
3279 1223 3409 1280 pro-

1758 1293 1913 1349 betur
1933 1293 2126 1368 jaciat.
2145 1293 2356 1367 egildc.

1825 1398 1892 1454 X.
1926 1398 1986 1455 Si
2016 1399 2149 1471 quis
2181 1398 2241 1454 in
2270 1400 2364 1456 die
2396 1400 2700 1457 Dominica
2728 1400 3184 1474 negotiationem
3223 1402 3411 1460 facere

1756 1492 2094 1560 praesumat,
2126 1489 2333 1561 perdat
2363 1489 2559 1561 ipsum
2609 1489 2877 1562 capitale,
2910 1494 2967 1547 et
2993 1508 3073 1547 xu
3104 1508 3237 1549 oras
3275 1508 3409 1550 cum

1756 1576 1948 1647 Dacis,
1981 1582 2038 1633 et
2064 1595 2177 1633 xxx
2207 1577 2426 1635 solidos
2458 1595 2594 1635 cum
2624 1578 2850 1653 Anglis.

1826 1683 1919 1738 XI.
1955 1682 2015 1739 Si
2045 1681 2192 1740 liber
2221 1685 2427 1741 diebus
2460 1686 2623 1742 festis
2652 1687 3155 1763 operctur,perdat
3176 1686 3411 1745 liberta-

1679 1776 1725 1843 B
1756 1776 1872 1828 tem
1907 1789 2098 1841 suam,
2122 1773 2302 1829 vitam
2332 1773 2421 1830 vel
2448 1774 2701 1842 lasblite,
2729 1792 2932 1832 servus
2961 1776 3186 1851 corium
3208 1778 3414 1851 perdat

1754 1861 1841 1917 vel
1890 1860 2244 1935 hidgildum.
2287 1862 2347 1918 Si
2401 1864 2677 1920 dominus
2735 1881 2968 1921 servum
3016 1882 3192 1921 suum
3242 1871 3414 1940 cogat

1754 1950 1919 2006 festis
1949 1950 2155 2005 diebus
2183 1948 2430 2022 operari,
2458 1953 2660 2008 reddat
2680 1952 2837 2008 idem
2868 1954 3145 2011 dominus
3173 1953 3410 2012 lasblite

1754 2056 1892 2095 cum
1922 2039 2114 2109 Dacis,
2150 2043 2209 2096 et
2236 2040 2441 2096 witam
2471 2058 2605 2096 cum
2634 2040 2860 2115 Anglis.

1824 2146 1943 2202 XII.
1977 2145 2033 2200 Si
2065 2145 2215 2202 liber
2242 2146 2416 2203 homo
2450 2151 2673 2204 rectum
2696 2148 2993 2221 jejunium
3025 2150 3412 2223 frangat,red-

1755 2237 1854 2292 dat
1880 2236 2089 2292 witam
2120 2235 2205 2291 vel
2237 2235 2501 2305 lasblite;
2531 2237 2580 2293 si
2612 2253 2815 2295 servus
2844 2238 2952 2295 hoc
2983 2238 3181 2310 faciat,
3205 2240 3413 2314 perdat

1754 2324 1981 2381 corium
2011 2342 2189 2381 suum
2220 2324 2306 2382 vel
2338 2325 2691 2399 hidgildum.

1826 2432 1972 2487 XIII.
2007 2431 2307 2488 Ordalium
2356 2436 2415 2488 et
2447 2433 2872 2505 jusjurandum
2904 2435 3069 2492 festis
3112 2434 3320 2492 diebus
3351 2441 3409 2494 et

1755 2520 2034 2592 legitimis
2058 2520 2304 2592 jejuniis
2324 2520 2551 2595 legibus
2573 2528 2661 2578 est
2681 2522 3158 2581 interdictum.Et
3177 2524 3278 2598 qui
3298 2525 3408 2583 hoc

1756 2610 2011 2683 fregerit,
2047 2610 2252 2665 reddat
2280 2609 2512 2668 lasblite
2542 2628 2676 2668 cum
2706 2613 3109 2683 Dacis,witam
3141 2631 3276 2672 cum
3296 2616 3407 2671 An-

1754 2698 1886 2772 glis.

1824 2786 1967 2842 XIV.
2001 2786 2061 2843 Si
2094 2787 2219 2843 ﬁeri
2258 2788 2463 2861 possit,
2497 2806 2802 2862 nunquam
2851 2790 3147 2847 occidatur
3191 2792 3406 2866 aliquis

1757 2876 1817 2931 in
1877 2876 2022 2932 festo
2081 2876 2396 2934 Dominicis
2453 2877 2589 2950 diei,
2651 2880 2935 2952 quidquid
3004 2881 3329 2953 peccaverit
3388 2896 3408 2940 :

1756 2966 1856 3021 sed
1916 2963 2181 3038 capiatur
2235 2970 2292 3022 et
2362 2968 2626 3023 servetur
2690 2969 2874 3025 donec
2933 2972 3194 3026 transeat
3258 2968 3407 3027 festa

1756 3053 1901 3110 dies.

1679 3146 1722 3213 ί]
1828 3142 1943 3200 XV.
1977 3143 2036 3200 Si
2066 3143 2200 3216 quis
2230 3144 2371 3201 foris
2402 3146 2679 3215 factus,et
2707 3148 2778 3203 de
2809 3146 3092 3204 membris
3122 3146 3408 3206 disfactus

1757 3232 2109 3301 dimittatur,
2138 3237 2195 3290 et
2224 3233 2377 3290 idem
2424 3239 2559 3307 post
2610 3236 2984 3293 afflictionem
3024 3253 3128 3309 per
3155 3240 3410 3310 quatuor

1758 3326 1956 3378 noctes
1983 3322 2164 3391 vivat;
2198 3327 2389 3395 potest
2414 3324 2465 3380 ei
2497 3324 2772 3398 deinceps
2802 3341 2905 3398 per
2933 3326 3190 3399 episcopi
3222 3326 3407 3383 licen-

1756 3411 1900 3468 tiam
1931 3411 2247 3481 subveniri,
2265 3410 2312 3467 si
2337 3412 2471 3485 quis
2492 3413 2625 3484 ejus
2646 3413 2945 3470 doloribus
2965 3418 3023 3471 et
3045 3414 3255 3472 animai
3277 3431 3409 3472 con-

1759 3499 2094 3556 descendat.

1829 3592 1977 3643 XVI.
2023 3586 2082 3643 Si
2133 3586 2417 3660 sortilegis
2470 3588 2557 3645 vel
2606 3589 3039 3658 incantatrices,
3086 3589 3311 3664 perjuri
3357 3593 3417 3648 et

1757 3675 2020 3743 veneﬁci,
2054 3676 2547 3745 fcedae,fetidaa,vel
2580 3679 2914 3737 meretrices
2934 3679 3149 3737 alicubi
3181 3692 3414 3754 compe-

1759 3769 1944 3831 reant,
1978 3763 2310 3838 relegantur
2337 3765 2409 3822 de
2439 3766 2648 3838 patria,
2683 3768 2993 3841 desperent
3039 3769 3256 3837 omnia,
3303 3766 3418 3825 nisi

1759 3857 2009 3923 cessent,
2042 3857 2099 3911 et
2129 3854 2478 3927 profundius
2510 3858 2843 3914 emendent.

1828 3961 1995 4018 XVII.
2031 3960 2091 4017 Si
2123 3961 2431 4020 ordinatus
2479 3963 2569 4021 vel
2621 3962 2949 4038 alienigena
2996 3963 3314 4022 seducatur
3358 3963 3419 4021 in

1762 4051 1959 4124 aliquo
1989 4050 2061 4107 de
2090 4051 2361 4123 pecunia,
2392 4051 2481 4109 vel
2510 4051 2675 4122 wita,
2708 4056 2849 4110 tunc
2898 4053 3071 4111 debet
3109 4054 3161 4110 ei
3215 4055 3422 4111 adesse

1761 4157 1877 4209 rex,
1904 4139 1994 4196 vel
2024 4156 2218 4198 comes
2249 4140 2409 4197 illius
2443 4145 2693 4209 terrm,et
2713 4143 3022 4216 episcopus
3046 4142 3238 4216 gentis
3260 4142 3420 4200 illius

1761 4246 1865 4302 pro
1896 4228 2244 4302 cognatione
2275 4234 2333 4285 et
2359 4231 2657 4298 advocato,
2691 4232 2740 4287 si
2788 4230 3025 4304 penitus
3074 4230 3255 4288 alium
3303 4246 3420 4287 non

1761 4319 1993 4385 habeat,
2019 4321 2075 4374 et
2102 4319 2375 4375 emendet
2404 4319 2608 4375 sedulo
2631 4320 2805 4391 juxta
2835 4319 3074 4375 modum
3098 4318 3233 4375 facti
3256 4318 3419 4375 Chri-

1763 4411 1877 4476 sto,
1909 4410 1966 4462 et
1995 4406 2137 4479 regi,
2170 4406 2325 4463 sicut
2355 4407 2603 4475 docebit,
2635 4406 2724 4464 νει
2756 4406 2900 4463 illud
2931 4407 3151 4465 factum
3181 4407 3417 4481 profun-

35 4479 220 4548 lashlite
247 4510 379 4553 cum
408 4479 612 4567 Dacis,
646 4496 853 4552 witam
886 4512 1019 4553 cum
1050 4496 1341 4571 Anglis.Si
1375 4499 1509 4570 quis
1542 4499 1652 4555 Ro-
1682 4520 1731 4586 Β
1761 4498 1832 4553 de
1861 4495 2039 4551 nimis
2069 4494 2343 4562 vindicet,
2377 4495 2478 4568 qui
2509 4512 2609 4553 rex
2638 4495 2715 4552 sit
2744 4496 2803 4552 in
2834 4495 3071 4571 populo.

34 4639 145 4766 3J3)
172 4642 277 4700 Hoc
305 4664 423 4705 non
458 4647 760 4722 reperitur
784 4647 846 4703 in
874 4649 1178 4719 Saxonico,
1213 4652 1314 4705 aut
1343 4648 1402 4705 in
1442 4650 1654 4707 foedere

99 4717 260 4766 wardi
290 4722 444 4766 amid
474 4720 695 4766 anh-

99 4718 262 4775 wardi
290 4722 449 4795 apud
473 4718 695 4787 Lcmb.

309 5687 589 5754 Pam-non.
636 5686 1022 5752 CXXXVlll.

1765 4721 1806 4776 Ρ
1835 4648 1914 4776 (t4)
1944 4647 2000 4704 id
2027 4654 2123 4717 est,
2158 4662 2471 4705 nummum
2498 4648 2852 4715 Romanum,
2882 4646 2971 4705 vel
3001 4647 3310 4706 denarium
3352 4650 3412 4707 S.

1807 4736 1838 4776 e
1868 4736 1939 4775 r1.

1807 4736 1939 4778 etrl.

3020 5687 3093 5750 15
