3810 6214
323 394 440 456 467

980 395 1314 456 APPEND.
1361 396 1464 454 AD
1511 394 1700 455 S/EC.
1750 395 1824 454 Χ.
1863 426 1935 436 -
1966 391 2466 455 MONUMENTA
2511 396 3062 459 DlPLOMATlCA.

3602 401 3709 460 468

325 546 460 587 reus
484 529 676 596 fuerit,
699 529 798 586 ﬂat
823 528 873 585 ei
901 529 1052 601 quod
1073 527 1474 600 supradictum
1499 531 1605 582 est.
1629 527 1691 582 In
1723 527 1970 582 Cantua-
2001 524 2059 593 Α
2089 527 2322 598 quando
2353 527 2572 584 ferrum
2597 531 2880 603 projiciet,
2895 536 2951 610 et
2983 532 3051 588 ad
3077 535 3351 589 sanctum
3377 532 3555 590 altare
3574 535 3712 590 festi-

325 620 415 675 ria
443 623 581 676 sunt
603 623 731 675 octo
763 618 1071 675 monetarii
1099 617 1534 690 regis,quatuor
1563 616 1841 689 episcopi,
1862 621 1983 672 tres

323 708 588 777 abbatis;
620 713 679 764 et
711 708 769 763 in
802 707 1145 764 Roucestria
1189 711 1308 762 tres
1354 706 1527 778 regis,
1551 707 1665 760 duo
1699 705 1976 778 episcopi.

325 803 390 854 In
425 798 663 854 London
700 801 849 866 octo,
874 797 932 851 in
965 797 1210 852 Winton
1243 813 1360 862 sex,
1395 797 1454 850 in
1504 796 1707 851 Lewes
1749 796 1884 863 duo,
1918 795 1978 849 in

325 886 821 961 Hastingecestria
845 903 1019 953 unus,
1041 885 1100 940 in
1125 885 1518 958 Scheastbury
1539 885 1741 950 duo,in
1759 884 1979 941 Oxonia

325 978 462 1045 duo,
499 981 557 1032 et
587 977 647 1032 in
680 975 810 1032 aliis
843 975 1066 1046 burgis.

395 1067 516 1123 VII.
550 1067 609 1122 Si
641 1063 1083 1138 quisjudicium
1135 1063 1269 1120 ferri
1308 1063 1396 1120 vel
1441 1081 1604 1136 aqua?
1636 1064 1973 1130 vadiaverit,

327 1157 562 1213 accedat
591 1159 724 1211 ante
752 1155 940 1210 tribus
991 1154 1258 1210 noctibus
1302 1155 1373 1208 ad
1425 1153 1828 1226 presbyterum
1876 1153 1975 1225 qui

326 1246 690 1302 sanetitlcare
721 1244 889 1300 debet
921 1260 1076 1310 eum,
1100 1247 1156 1296 et
1186 1247 1390 1315 pascat
1419 1259 1481 1298 se
1512 1247 1744 1314 pane,et
1773 1241 1978 1306 sale,et

327 1339 559 1408 aqua,et
579 1333 860 1402 herbis,et
881 1332 1079 1388 audiat
1101 1332 1312 1388 missas
1333 1332 1590 1404 ipsorum
1610 1331 1974 1403 singulorum

323 1426 504 1481 trium
537 1424 786 1491 dierum,
817 1428 874 1479 et
916 1423 1141 1487 offerat,
1175 1427 1229 1475 et
1277 1425 1371 1476 eat
1416 1422 1485 1475 ad
1537 1425 1973 1476 sacrosanctam

326 1515 803 1571 communionem
853 1512 980 1584 ipsa
1032 1512 1124 1566 die
1172 1528 1289 1582 qua
1328 1510 1619 1565 ordalium
1653 1509 1976 1564 examinari

328 1604 592 1671 debebit;
624 1606 680 1658 et
722 1604 885 1673 juret
937 1601 1092 1673 quod
1134 1601 1269 1672 jure
1315 1598 1548 1671 publico
1593 1597 1669 1653 sit
1696 1599 1975 1654 innocens

329 1691 489 1748 illius
521 1690 911 1747 accusationis
942 1694 1253 1761 antequam
1286 1689 1357 1744 ad
1381 1687 1665 1744 ordalium
1687 1688 1977 1742 veniaLEt

329 1783 381 1839 si
403 1781 698 1854 judicium
730 1797 892 1852 aqua:
943 1778 1162 1850 frigidae
1209 1778 1303 1846 sit,
1337 1781 1477 1832 tunc
1525 1782 1823 1850 mergatur
1858 1794 1977 1831 una

329 1873 472 1930 ulna
501 1874 556 1927 et
587 1869 833 1926 dimidia
864 1869 922 1923 in
957 1869 1111 1922 fune.
1143 1867 1200 1922 Si
1227 1867 1441 1922 ferrum
1477 1866 1732 1922 calidum
1756 1867 1974 1933 sit,tres
2010 1897 2055 1962 Β

331 1965 531 2018 noctes
557 1963 856 2016 transeant
887 1963 1199 2030 antequam
1232 1956 1592 2029 inquiratur;
1618 1960 1674 2012 et
1713 1956 1981 2011 videatur

331 2068 544 2106 manus
575 2051 792 2121 ejus,et
823 2051 1210 2120 prosequatur
1240 2047 1432 2101 omnis
1462 2045 1638 2101 homo
1670 2045 1981 2116 compella-

329 2140 549 2196 tionem
593 2156 761 2195 suam
810 2155 924 2210 pra
961 2139 1319 2209 juramento,
1354 2134 1506 2190 sicut
1532 2152 1712 2207 supra
1759 2136 1980 2190 dictum

331 2234 442 2298 est,
477 2234 532 2284 et
553 2228 671 2284 sint
699 2232 944 2299 uterque
979 2225 1167 2297 jejuni
1216 2241 1284 2280 ex
1331 2229 1616 2296 praacepto
1669 2225 1770 2280 Dei
1804 2229 1861 2280 et
1889 2240 1980 2278 ar-

333 2318 718 2392 chiepiscopi;
752 2322 808 2373 et
838 2333 952 2372 non
986 2316 1105 2372 sint
1133 2315 1192 2370 in
1221 2315 1501 2370 alterutra
1531 2319 1693 2386 parte
1726 2313 1982 2386 amplius

333 2426 512 2482 quam
541 2409 601 2463 in
632 2407 746 2463 alia
780 2423 792 2461 :
822 2411 878 2462 et
906 2406 1016 2461 hoc
1049 2405 1124 2462 sit
1172 2404 1481 2476 utrobique
1531 2405 1838 2459 duodecim
1885 2403 1982 2458 ho-

335 2498 546 2554 mines.
579 2497 639 2553 Si
671 2500 866 2552 autem
899 2498 1206 2550 accusatus
1236 2493 1410 2548 homo
1452 2494 1732 2563 majorem
1783 2493 1981 2547 defen-

335 2589 560 2644 sionem
591 2586 804 2642 habeat
825 2601 1003 2657 quam
1025 2582 1329 2640 duodecim
1355 2581 1771 2648 hominum,sit
1787 2581 1982 2654 ipsum

336 2676 629 2734 Ordalium
665 2676 917 2732 fractum
948 2673 1006 2728 in
1033 2672 1249 2739 eo,nisi
1274 2672 1538 2727 recedere
1567 2670 1744 2725 velint
1765 2671 1835 2725 ab
1862 2669 1979 2725 illo.

406 2767 556 2822 VIII.
589 2765 670 2822 De
687 2763 906 2820 ordalio
929 2761 1299 2835 praecipimus
1316 2760 1376 2815 in
1395 2759 1630 2815 nomine
1650 2759 1832 2826 Dei,et
1848 2777 1985 2832 prae-

338 2860 504 2930 cepto
537 2853 977 2926 archiepiscopi,
1010 2855 1066 2908 et
1094 2850 1359 2907 omnium
1392 2849 1797 2922 episcoporum
1831 2865 1986 2904 meo-

337 2963 571 3014 rum,ne
593 2942 805 3016 aliquis
830 2943 1008 2998 intret
1028 2940 1353 3006 ecclesiam,
1379 2943 1689 3011 postquam
1719 2938 1874 3010 ignis
1895 2938 1983 2993 in-

340 3037 524 3091 fertur
548 3035 703 3090 unde
727 3032 1020 3104 judicium
1054 3031 1363 3085 calefacere
1396 3027 1799 3099 debet,preeter
1823 3044 1982 3099 pres-

338 3125 608 3198 byterum
639 3128 696 3178 et
715 3138 846 3177 eum
881 3119 980 3191 qui
1012 3120 1081 3174 ad
1106 3118 1397 3188 judicium
1424 3117 1612 3172 iturus
1644 3121 1749 3171 est.
1775 3117 1840 3171 Et
1869 3116 1988 3172 sint

341 3212 666 3268 mensurati
699 3227 903 3265 novem
929 3209 1106 3278 pedes
1137 3223 1170 3261 a
1198 3209 1356 3261 staca
1386 3223 1572 3277 usque
1603 3206 1672 3260 ad
1707 3222 1981 3271 meream,

2090 620 2206 684 net,
2225 621 2279 672 et
2302 618 2655 692 insigilletur
2685 638 2895 676 manus
2917 621 3044 693 ejus
3071 625 3127 677 et
3147 622 3485 695 inquiratur
3503 624 3589 679 die
3610 629 3712 680 ter-

2090 707 2170 762 tia
2200 705 2249 762 si
2283 709 2505 764 munda
2533 709 2620 765 vel
2652 708 2959 766 immunda
2996 712 3072 766 sit
3102 712 3257 766 intra
3289 712 3712 786 sigillationern;

2088 801 2147 851 et
2177 796 2275 869 qui
2305 797 2461 870 leges
2493 799 2637 854 istas
2668 800 2922 872 fregerit,
2956 799 3032 855 sit
3063 799 3450 867 ordalium,id
3481 807 3569 857 est
3581 803 3717 873 judi-

2088 885 2245 941 cium
2303 886 2390 942 vel
2452 904 2713 954 examen,
2749 890 2997 944 fractum
3047 890 3104 944 in
3155 905 3244 955 eo,
3277 894 3336 945 et
3382 891 3584 947 reddat
3611 893 3716 965 regi

2089 979 2320 1031 centum
2353 976 2554 1048 viginti
2589 977 2805 1033 solidos
2835 979 3024 1032 Witze.

2159 1065 2249 1120 IX.
2284 1065 2389 1131 Qui
2422 1065 2643 1139 aliquid
2675 1066 2836 1133 emit,
2871 1072 3029 1123 emat
3077 1085 3210 1124 cum
3267 1069 3551 1138 testibus;
3576 1075 3642 1132 et.
3672 1073 3714 1125 si

2087 1153 2500 1226 appellandum
2525 1155 2658 1211 inde
2690 1155 2784 1222 sit,
2817 1156 3056 1229 recipiat
3096 1158 3204 1213 hoc
3234 1159 3500 1214 venditor
3529 1177 3660 1215 suus
3688 1178 3717 1214 a

2087 1260 2199 1315 quo
2231 1244 2393 1310 emit,
2428 1244 2690 1314 sitliber,
2717 1247 2795 1300 sit
2827 1263 3050 1313 servus,
3084 1247 3162 1301 sit
3192 1249 3346 1319 quod
3381 1247 3459 1303 sit
3491 1265 3504 1302 ε
3535 1252 3590 1303 et
3616 1267 3713 1304 non

2086 1333 2188 1386 ﬁat
2217 1331 2436 1404 aliquid
2469 1334 2802 1406 negotiatio,
2833 1334 2921 1389 vel
2955 1335 3202 1391 forensis
3232 1337 3380 1392 actio
3411 1337 3505 1393 die
3534 1338 3716 1393 Domi-

2087 1420 2234 1475 nica.
2269 1420 2326 1474 Si
2359 1421 2489 1493 quis
2516 1422 2625 1478 hoc
2655 1425 3206 1496 praesumat,perdat
3235 1425 3433 1497 ipsum
3464 1426 3714 1498 capitale,

2086 1513 2143 1564 et
2173 1511 2446 1565 emendet
2476 1511 2940 1567 overhirnessam
2973 1529 3185 1568 meam.

2156 1599 2219 1653 Χ.
2255 1599 2361 1662 Qui
2395 1600 2607 1655 falsum
2631 1602 3035 1672 juramentum
3060 1603 3308 1675 jurabit,
3333 1608 3388 1660 et
3436 1605 3718 1660 convictus

2085 1686 2220 1742 inde
2255 1688 2444 1748 fuerit.
2470 1706 2775 1761 nunquam
2806 1695 3003 1761 postea
3029 1693 3366 1763 juramcnto
3400 1693 3614 1767 dignus
3632 1695 3719 1763 sit,

2086 1793 2191 1831 nec
2213 1777 2270 1831 in
2303 1779 2664 1833 sanctificato
2696 1780 2840 1834 atrio
2873 1779 3069 1852 aliquo
3098 1773 3311 1853 jaceat,
3346 1783 3397 1837 si
3429 1784 3718 1853 moriatur,

2086 1866 2132 1920 si
2155 1883 2267 1920 non
2291 1866 2502 1921 habeat
2521 1868 2778 1940 episcopi
2800 1869 3204 1925 testimonium
3227 1871 3284 1926 in
3310 1873 3480 1944 cujus
3504 1873 3717 1928 diceeesi

2091 1956 2185 2024 sit,
2213 1956 2364 2027 quod
2399 1957 2798 2028 paenitentiam
2843 1959 3159 2030 exceperit;
3196 1965 3254 2015 et
3284 1961 3585 2034 presbyter
3624 1962 3720 2017 hoc

2089 2045 2300 2100 referat
2340 2045 2611 2118 episcopo
2658 2046 2812 2102 infra
2857 2047 3096 2121 triginta
3151 2055 3379 2117 noctes;
3415 2055 3612 2107 utrum
3658 2053 3720 2106 ad

2091 2133 2558 2190 emendationem
2618 2140 2674 2190 et
2733 2136 3189 2193 satisfactionem
3238 2140 3482 2196 venerit.
3518 2141 3575 2196 Si
3617 2159 3719 2196 non

2091 2223 2265 2277 faciat
2311 2223 2440 2290 hoc,
2502 2230 2814 2297 componat
2861 2226 3012 2281 sicut
3067 2228 3381 2302 episcopus
3435 2229 3486 2284 ei
3537 2246 3721 2286 conce-

2091 2311 2205 2366 det.

2163 2401 2373 2456 Totum
2405 2401 2514 2458 hoc
2544 2401 2965 2468 institutum,et
2995 2405 3408 2462 confirmatum
3430 2411 3516 2463 est
3540 2409 3596 2463 in
3618 2425 3723 2462 rna-

2091 2506 2208 2559 gna
2234 2491 2454 2561 synodo
2487 2491 2640 2563 apud
2665 2492 3083 2565 Greateleyam,
3118 2493 3213 2548 cui
3264 2495 3722 2568 archiepiscopus

2091 2578 2399 2634 Wlfelmus
2432 2579 2713 2648 interfuit,
2729 2585 2786 2636 et
2815 2598 3019 2638 omnes
3041 2583 3351 2654 optimates
3374 2589 3430 2639 et
3446 2586 3722 2657 sapientes

2093 2685 2240 2740 quos
2268 2667 2663 2724 .‘Ethelstanus
2694 2687 2791 2725 rex
2820 2687 3170 2744 congregare
3201 2673 3409 2744 potuit.

2164 2759 2242 2827 (6)
2264 2757 2354 2813 XI.
2383 2757 2662 2830 Episcopo
2697 2759 2831 2830 jure
2879 2760 3131 2831 pertinet
3181 2778 3416 2818 omnem
3443 2763 3725 2818 rectitudi-

2095 2863 2228 2901 nem
2261 2863 2620 2918 promovere,
2666 2849 2762 2903 Dei
2794 2847 3068 2905 videlicet
3099 2867 3163 2904 ac
3194 2851 3413 2906 saeculi.
3450 2853 3728 2925 Imprimis

2095 2935 2266 2990 debet
2293 2952 2526 2991 omnem
2558 2935 2891 2992 ordinatum
2922 2935 3023 2992 Dei
3054 2938 3359 3006 instruere,
3382 2941 3522 3012 quid
3547 2943 3728 3012 eijure

2095 3023 2172 3078 sit
2200 3024 2578 3096 agendum,et
2609 3024 2747 3096 quid
2783 3025 3160 3081 smeularibus
3183 3027 3452 3098 judicare
3474 3030 3729 3086 debeant.

2097 3112 2272 3167 Debet
2301 3112 2474 3167 etiam
2521 3112 2721 3168 sedulo
2771 3131 2972 3186 pacem
3016 3120 3072 3169 et
3114 3117 3487 3172 concordiam
3521 3121 3729 3191 operari

2097 3218 2230 3255 cum
2265 3202 2458 3256 smculi
2484 3201 2784 3268 judicibus
2814 3203 2914 3274 qui
2948 3207 3169 3259 rectum
3202 3205 3344 3260 velle
3376 3205 3652 3279 diligunt,
3681 3208 3729 3260 in

445 3266 782 3356 mensuram
802 3266 1016 3369 pedum
1035 3296 1162 3366 ejus
1179 3294 1280 3366 qui
1302 3266 1774 3364 adjudiciumire
1793 3266 1980 3350 debet.
2015 3266 2058 3332 (ἶ
2098 3266 2610 3361 compellationum
2661 3266 3067 3364 allegationem
3116 3293 3340 3364 docere,
3376 3312 3446 3350 ne
3483 3266 3616 3367 quis
3641 3266 3729 3350 alii

339 3393 412 3448 Et
443 3391 490 3446 si
525 3407 688 3462 aqua:
710 3386 1003 3460 judicium
1036 3384 1130 3450 sit,
1165 3382 1463 3439 calefaciat
1492 3383 1675 3437 donec
1704 3383 1986 3437 excitetur

339 3482 412 3538 ad
444 3479 745 3546 bullitum,
778 3481 835 3531 et
864 3475 942 3530 sit
971 3473 1208 3529 alt'etum
1238 3473 1512 3536 ferreum,
1537 3470 1623 3526 vel
1657 3471 1985 3536 aereum,vel

340 3570 707 3644 plumbeum,
732 3565 816 3621 vel
841 3565 911 3620 de
947 3561 1237 3634 argilla,ct
1272 3560 1318 3617 si
1355 3560 1735 3632 an/ealttybla
1756 3559 1850 3626 sit,
1883 3561 1986 3614 im-

340 3663 642 3732 mergatur
658 3671 869 3712 manus
886 3657 1017 3725 post
1039 3650 1312 3720 lapidem,
1332 3649 1418 3704 vel
1441 3665 1683 3704 examen
1707 3666 1891 3721 usque
1914 3650 1984 3704 ad

341 3755 557 3818 wyrste,
576 3751 632 3801 et
661 3745 712 3800 si
737 3742 948 3814 triplex
971 3738 1264 3794 accusatio
1290 3737 1580 3808 sit,usque
1603 3739 1672 3792 ad
1696 3738 1982 3793 cubitum.

341 3838 411 3892 Et
439 3835 669 3907 quando
693 3831 984 3903 judicium
1020 3831 1287 3899 paratum
1315 3825 1442 3891 erit,
1478 3826 1882 3897 ingrediantur
1917 3844 1986 3882 ex

342 3928 588 3995 utraque
620 3923 784 3992 parte
815 3918 929 3972 duo
961 3915 1320 3979 homines,et
1349 3915 1489 3968 certi
1522 3915 1641 3969 sint
1663 3919 1727 3969 ut
1756 3915 1837 3970 ita
1857 3915 1988 3970 cali-

341 4015 484 4070 dum
515 4011 592 4069 sit
620 4009 773 4064 sicut
815 4004 1210 4078 praediximus,
1235 4007 1291 4058 et
1319 4002 1611 4057 introeant
1639 4003 1880 4059 totidem
1920 4020 1988 4059 ex

338 4103 511 4157 amba
533 4100 781 4172 parte,et
801 4093 1124 4150 consistant
1146 4108 1213 4146 ex
1244 4098 1489 4162 utraque
1508 4095 1670 4162 parte
1685 4091 1892 4162 judicii
1915 4093 1986 4147 de

334 4190 508 4263 longo
539 4185 882 4250 ecclesiamet
912 4183 1030 4238 sint
1060 4196 1262 4236 omnes
1285 4181 1498 4250 jejuni,
1523 4185 1581 4235 et
1610 4180 1681 4234 ab
1705 4181 1984 4237 uxoribus

336 4279 460 4334 suis
484 4295 544 4334 se
566 4271 961 4332 continuarint
976 4271 1106 4342 ipsa
1121 4273 1370 4336 nocte,et
1390 4274 1662 4341 aspergat
1683 4270 1986 4342 presbyter

332 4384 548 4441 aquam
579 4363 946 4421 benedictam
981 4376 1156 4430 super
1184 4375 1282 4414 eos
1312 4374 1536 4424 omnes,
1569 4363 1626 4413 et
1670 4358 1985 4414 humilient

327 4473 390 4514 se
421 4454 640 4527 singuli
673 4454 743 4508 ad
767 4467 983 4523 aquam
1017 4448 1467 4515 benedictam,et
1484 4447 1580 4502 det
1601 4448 1685 4502 eis
1704 4449 1981 4503 omnibus

323 4545 573 4603 osculari
598 4547 817 4598 textum
845 4538 1032 4596 sancti
1067 4535 1382 4609 Evangelii,
1407 4541 1462 4590 et
1493 4535 1730 4608 signum
1765 4541 1979 4591 sanctas

2095 3395 2398 3450 perperam
2433 3384 2566 3450 agat
2599 3381 3060 3452 injurejurando
3091 3381 3180 3456 vel
3211 3382 3270 3436 in
3302 3383 3549 3439 ordalio.

2166 3469 2280 3523 Nec
2310 3469 2429 3539 pati
2448 3469 2619 3524 debet
2649 3469 2906 3540 aliquam
2930 3470 3489 3527 circumventionem
3516 3474 3728 3544 injuste

2095 3573 2385 3614 mensurae
2413 3557 2499 3612 vel
2526 3558 2726 3629 injusti
2757 3559 3060 3628 ponderis;
3093 3559 3192 3614 sed
3225 3561 3497 3615 convenit
3546 3568 3609 3616 ut
3645 3578 3732 3634 per

2095 3645 2404 3701 consilium
2435 3651 2490 3701 et
2521 3647 2922 3702 testimonium
2945 3649 3307 3718 ejus,o-nnes
3333 3647 3483 3721 legis
3508 3651 3728 3714 scitum,

2094 3740 2151 3790 et
2185 3736 2354 3807 burgi
2398 3752 2692 3803 mensura,
2726 3740 2783 3790 et
2830 3753 3036 3791 omnes
3081 3737 3329 3808 pondus,
3362 3741 3641 3809 ponderis
3668 3741 3732 3793 sit

2094 3825 2416 3880 secundum
2449 3824 2762 3880 dictionem
2795 3826 2922 3895 ejus
2944 3824 3478 3892 institutum,valde
3501 3833 3736 3884 rectum;

2165 3913 2246 3968 Ne
2278 3913 2410 3985 quis
2433 3914 2763 3984 proximum
2787 3931 2964 3968 suum
2986 3914 3356 3985 seduc.it.pro
3379 3932 3500 3986 quo
3523 3918 3736 3973 decidat

2095 4001 2154 4056 in
2177 4007 2502 4073 peccatum.
2523 4003 2589 4056 Et
2609 4019 2840 4074 semper
2862 4003 3034 4058 debet
3049 4002 3416 4059 Christianus
3448 4007 3735 4077 providere

2093 4096 2295 4146 contra
2325 4092 2522 4145 omnia
2552 4108 2678 4163 quae
2712 4091 2985 4161 praedicta
3032 4096 3198 4159 sunt;
3223 4096 3280 4146 et
3309 4093 3441 4148 ideo
3483 4095 3655 4150 debet
3682 4111 3737 4148 se

2095 4181 2283 4254 magis
2308 4181 2379 4234 de
2410 4179 2677 4251 pluribus
2710 4179 3118 4244 intromittere,
3151 4185 3216 4235 ut
3258 4182 3405 4235 sciat
3448 4185 3735 4254 quomodo

2092 4285 2230 4340 grex
2260 4274 2394 4340 agat
2424 4285 2597 4340 quem
2621 4269 2694 4322 ad
2729 4268 2828 4322 Dei
2863 4284 3103 4322 manum
3135 4267 3430 4323 custodire
3462 4271 3733 4342 suscepit,

2091 4375 2162 4414 ne
2194 4356 2462 4412 diabolus
2494 4373 2627 4413 eum
2659 4355 2856 4420 laniet,
2885 4372 2990 4411 nec
3021 4355 3243 4411 malum
3275 4356 3497 4429 aliquid
3543 4377 3733 4432 super-

2090 4449 2359 4502 seminet.

2161 4537 2472 4606 Nunquam
2508 4535 2662 4590 enim
2696 4535 2805 4590 erit
2831 4534 3044 4606 populo
3077 4535 3224 4591 bene
3252 4534 3730 4607 consultum,nec

323 4633 621 4690 crucis.Et
651 4647 823 4685 nemo
857 4628 1032 4684 faciat
1063 4626 1254 4696 ignem
1289 4625 1512 4679 diutius
1543 4641 1716 4696 quam
1742 4626 1974 4680 benedi-
2007 4631 2051 4694 D
2082 4625 2256 4697 digne
2306 4624 2421 4679 Deo
2453 4624 2908 4689 conservabitur,
2945 4622 3044 4678 ubi
3093 4623 3322 4678 lucrum
3372 4623 3629 4696 impium
3676 4631 3724 4679 et

321 4721 433 4776 ctio
453 4719 818 4791 incipiat,sed
834 4717 1029 4787 jaceat
1050 4716 1266 4768 ferrum
1293 4729 1467 4784 super
1483 4714 1764 4768 carbones
1782 4729 1972 4784 usque

321 4808 390 4862 ad
406 4807 672 4873 ultimam
688 4807 1016 4860 collectam:
1039 4806 1241 4873 postea
1258 4800 1716 4871 mittatursuper
1729 4801 1972 4872 staplas,

319 4899 377 4950 et
398 4912 512 4949 non
532 4895 608 4948 sit
630 4895 749 4948 illic
770 4893 883 4947 alia
907 4891 1326 4970 locutio.quam
1353 4893 1418 4943 ut
1439 4895 1747 4959 precentur
1767 4890 1967 4945 sedulo

321 4983 506 5048 Deum
539 4982 765 5036 Patrem
797 4981 1280 5049 omnipotentem,
1300 4981 1365 5030 ut
1389 4977 1690 5032 veritatem
1715 4994 1881 5033 suam
1908 4979 1965 5032 in

321 5087 387 5127 eo
420 5068 794 5124 manifestare
824 5068 1123 5139 dignetur;
1145 5072 1201 5122 et
1232 5065 1392 5120 bibat
1419 5070 1728 5122 accusatus
1749 5083 1965 5138 aquam

321 5157 707 5221 benedictam,
736 5161 793 5211 et
823 5155 956 5209 inde
985 5161 1402 5225 conspergatur
1433 5171 1643 5210 manus
1690 5157 1818 5223 ejus
1849 5173 1966 5226 qua

308 5247 604 5320 judicium
631 5251 861 5316 portare
889 5243 1080 5308 debet,
1115 5248 1169 5296 et
1200 5243 1284 5297 sie
1315 5243 1502 5298 adeat.
1534 5243 1746 5298 Novem
1788 5245 1964 5314 pedes

316 5333 640 5392 mensurati
658 5331 1100 5401 distinguantur
1119 5331 1270 5385 inter
1291 5330 1574 5385 ternos.ln
1595 5332 1782 5401 primo
1795 5331 1961 5404 signo

313 5443 483 5482 secus
502 5428 722 5478 staeam
743 5423 936 5474 teneat
955 5420 1159 5488 pedem
1184 5436 1358 5473 suum
1379 5420 1736 5474 dextrum.ln
1761 5437 1963 5476 secun-

2082 4713 2271 4784 magis
2303 4713 2514 4768 falsum
2547 4711 2826 4785 diligitur.
2879 4712 3009 4767 Ideo
3059 4713 3273 4768 debent
3320 4729 3533 4770 omnes
3564 4713 3725 4769 amici

2082 4801 2183 4858 Dei
2210 4803 2363 4874 quod
2398 4801 2667 4873 iniquum
2714 4807 2804 4857 est
2850 4819 3141 4868 enervare,
3167 4803 3320 4872 quod
3363 4803 3607 4873 justum
3649 4809 3726 4859 est

2081 4890 2334 4947 elevare:
2359 4908 2472 4946 non
2495 4890 2615 4962 pati
2639 4895 2701 4944 ut
2726 4896 2963 4962 propter
2982 4890 3197 4946 falsum
3219 4895 3274 4946 et
3293 4891 3558 4963 pecuniae
3580 4910 3726 4964 qua»

2077 4985 2234 5034 stum
2267 4997 2327 5035 se
2359 4980 2718 5034 forisfaciant
2748 4980 3014 5035 homines
3044 4997 3182 5052 erga
3223 4997 3354 5036 vere
3400 4982 3723 5052 sapientem

2078 5068 2278 5133 Deum,
2311 5069 2404 5124 cui
2434 5068 2703 5139 displicet
2731 5069 2924 5124 omnis
2949 5067 3258 5140 injustitia.

2145 5157 2493 5212 Christianis
2525 5161 2720 5213 autem
2771 5157 3049 5213 omnibus
3098 5159 3499 5215 necessarium
3531 5166 3643 5225 est,
3671 5163 3726 5214 ut

2024 5240 2028 5244 ’
2073 5250 2295 5300 rectum
2328 5245 2596 5318 diligant,
2629 5251 2687 5301 et
2716 5247 2918 5318 iniqua
2965 5248 3376 5315 condemnent,
3410 5252 3468 5303 et
3524 5249 3721 5305 saltem

2071 5334 2292 5388 sanctis
2323 5335 2626 5390 ordinibus
2657 5337 2856 5400 evecti,
2879 5337 3112 5406 justum
3145 5353 3378 5408 semper
3404 5337 3662 5410 erigant.
3676 5344 3725 5393 et

2069 5439 2245 5493 prava
2275 5423 2587 5494 deponant.
2624 5423 2768 5478 Hinc
2799 5425 3010 5479 debent
3060 5426 3318 5497 episcopi
3345 5443 3483 5481 cum
3532 5427 3719 5484 seculi

309 5513 381 5569 do
411 5513 727 5570 transferat
757 5509 1024 5562 dextrum
1057 5508 1285 5580 pedem,
1321 5507 1379 5562 in
1411 5509 1647 5564 tertium
1699 5511 1957 5582 signum,
2061 5511 2364 5582 judicibus
2397 5512 2678 5568 interesse
2701 5514 2966 5582 judiciis,
3001 5531 3069 5569 ne
3103 5515 3470 5584 permittant,
3509 5519 3564 5572 si
3597 5535 3722 5589 pos-

383 5692 459 5760 (6)
490 5692 620 5749 Haec
651 5706 719 5746 ex
752 5687 1148 5762 manuscripto
1178 5684 1528 5744 Jornalensi.
