3810 6214
359 419 471 477 471
1004 421 1333 480 APPEND.
1384 421 1487 481 AD
1533 422 1719 481 S/EC.
1767 421 1837 479 Χ.
1872 455 1949 464 —
1981 421 2483 482 MONUMENTA
2525 421 3078 483 DIPLOMATICA.
3624 424 3729 482 4'72

358 551 531 608 detur
558 568 676 608 una
704 549 876 619 libra,
909 555 965 608 et
1012 551 1190 625 digna
1235 551 1574 626 poenitentia
1617 553 1819 610 sedulo
1868 571 1997 627 per-
2027 554 2084 622 Α
2180 555 2235 608 9.
2270 554 2338 608 Et
2384 554 2455 608 ad
2505 552 2727 609 ordinis
2756 554 2956 627 (suppl.
2985 554 3478 623 emendationem]
3510 553 3724 619 infracta

358 641 646 717 quiratur.
2108 644 2179 698 de
2201 659 2341 714 pace
2363 641 2538 715 digne
2566 647 2954 715 componatur
2984 645 3311 700 secundum
3339 644 3571 699 factum.
3594 644 3725 700 Sem-

388 718 479 787 73.
511 732 582 787 Et
609 732 680 787 ad
711 732 1178 788 emendationem
1210 732 1454 800 ordinis,
1481 733 1529 787 si
1560 733 1689 788 vitae
1721 732 1797 788 sit
1817 732 1997 788 amis-
2108 749 2211 803 per
2241 732 2395 787 enim
2429 732 2599 787 debet
2627 732 2923 804 judicium
2952 733 3195 799 factum,
3231 736 3288 788 et
3319 732 3627 788 moderatio
3651 749 3722 788 se-

352 820 645 893 sio,super
673 825 890 877 rectam
920 837 1142 877 weram
1175 821 1233 876 in
1266 822 1522 877 secundo
1553 822 1739 894 gradu
1772 822 1898 876 duae
1930 819 1997 877 li-
2108 822 2368 877 cundum
2419 838 2757 877 mensuram
2811 838 2914 895 pro
2955 822 3068 877 Deo
3099 826 3157 878 et
3187 821 3400 876 saeCulo
3427 821 3568 890 ﬁeri,
3597 826 3646 877 et
3667 822 3724 876 de

350 910 468 966 brae
500 910 819 966 reddantur
843 926 976 965 cum
1008 910 1123 966 Deo
1153 910 1331 983 digna
1356 909 1713 983 poenitentia.
1788 949 1804 966 .
1889 951 1901 964 .
1984 952 1995 965 .
2108 911 2515 967 emendatione
2539 909 2762 967 ordinis
2791 929 2907 967 una
2933 928 3069 984 pars
3098 910 3379 984 episcopi,
3413 911 3723 966 secundasit

422 1000 475 1055 4.
558 1041 571 1054 .
651 1041 664 1055 .
746 1041 758 1055 .
839 1041 851 1055 .
934 1041 947 1055 .
1029 1042 1041 1055 .
1122 1044 1136 1056 .
1218 1044 1231 1056 .
1314 1042 1327 1055 .
1408 1041 1420 1054 .
1504 1042 1516 1054 .
1597 1041 1609 1054 .
1693 1040 1705 1053 .
1791 1040 1803 1053 .
1885 1040 1898 1052 .
1978 1039 1993 1056 .
2109 999 2297 1067 altari,
2330 1000 3723 1073 tertiasocietate.VideMecsuprasubtitulo:De

419 1089 475 1144 5.
510 1088 576 1143 Et
603 1089 671 1144 ad
706 1089 1172 1145 emendationem
1204 1088 1503 1157 ordinis,si
1528 1087 1701 1161 plena
1730 1086 1999 1143 infractio
2110 1088 2292 1144 sacris
2319 1088 2622 1145 ordinibus
2651 1089 3125 1161 compensandis.

352 1179 475 1245 ﬂat,
501 1194 677 1250 super
708 1174 925 1234 rectam
956 1195 1176 1235 weram
1214 1178 1272 1233 in
1305 1183 1512 1250 quarto
1535 1179 1716 1251 gradu
1750 1194 1856 1249 qua

352 1267 512 1304 ιςιπιω
544 1268 865 1304 “magna...
890 1284 1020 1304 mm
1058 1267 1394 1304 ηωηςιοηςςη

2220 1233 2261 1285 fu
2293 1233 2523 1288 concilio
2567 1233 2944 1304 episcoporum
2993 1232 3377 1301 Londoniensi,
3409 1249 3528 1304 cap.
3564 1233 3638 1299 12,
3661 1234 3724 1287 sit

351 1267 1023 1374 ιίδξεεηιῖεάεἰαηγυπειιξξη
1058 1267 1418 1374 υωηίιεξξίίξι-
1657 1358 1858 1374 θ
1961 1373 1970 1374 θ
2107 1267 2172 1287 ’λι
2293 1267 3310 1374 ιίυηνιπυιιῖιιεῑεῖῑινίυάῖιςδηεξιιῖείίξεῑλς

424 1359 479 1411 6.
513 1357 583 1411 Et
602 1356 675 1411 ad
696 1356 1161 1412 emendationem
1188 1355 1624 1427 ordinis,super
1652 1358 1867 1410 rectam
1886 1373 2002 1412 we-
2536 1346 2745 1359 '"""'"
2803 1346 2865 1360 “"
2893 1346 3331 1439 ""‘;V"“""""“"

356 1462 482 1501 ram
512 1445 572 1500 in
604 1444 807 1517 quinto
838 1446 1021 1518 gradu
1071 1446 1331 1517 quinque
1378 1444 1538 1500 librae
1576 1449 2002 1516 componantur
2183 1446 2248 1500 Et
2278 1445 2533 1501 diximus
2580 1445 2759 1501 etiam
2813 1446 3088 1502 omnibus
3126 1445 3244 1502 illis
3274 1446 3375 1519 qui
3404 1445 3465 1500 in
3493 1449 3722 1501 nostram

355 1551 491 1589 cum
522 1534 733 1590 idonea
761 1534 1120 1607 pmnitentia.
2110 1533 2463 1606 gildscyram
2496 1534 2879 1607 [sodalitium]
2926 1534 3161 1591 vadium
3196 1535 3508 1605 dederunt,
3537 1536 3582 1590 si
3611 1551 3724 1590 con-

424 1626 480 1678 7.
515 1624 579 1679 In
599 1627 760 1679 sexto
782 1624 967 1696 gradu
990 1640 1089 1679 sex
1115 1623 1276 1679 librae
1308 1623 1630 1678 reddantur
1659 1637 1793 1677 cum
1825 1622 2004 1694 pmni-
2110 1624 2299 1696 tingat
2329 1640 2461 1677 eum
2495 1623 2633 1694 [lege
2657 1625 2866 1689 unum]
2896 1623 3066 1690 mori,
3100 1623 3295 1680 omnis
3343 1622 3605 1698 congildo
3647 1624 3725 1679 det

356 1712 561 1768 tentia.
2110 1729 2296 1767 unum
2328 1729 2539 1783 panem
2572 1716 2627 1767 et
2659 1713 3107 1787 companagium
3139 1730 3244 1788 pro
3294 1713 3494 1769 anima
3522 1714 3653 1785 ejus,
3680 1716 3727 1768 et

425 1804 477 1859 8.
512 1802 582 1858 Et
610 1802 682 1858 ad
732 1802 1215 1858 emendationem’
1248 1802 1491 1870 ordinis,
1525 1801 1773 1873 septimo
1814 1802 1998 1873 gradu
2110 1804 2303 1857 cantet
2360 1818 2543 1856 unum
2598 1802 3170 1875 quinquagenarium
3228 1801 3606 1875 psalmorum,
3656 1801 3725 1857 vel

352 1890 622 1959 infracto,
650 1885 872 1964 septem
902 1891 1069 1977 libris
1099 1908 1276 1965 super
1305 1895 1521 1947 rectam
1549 1908 1771 1946 weram
1804 1907 1999 1947 emen-
2031 1930 2078 1977 η
2113 1890 2412 1964 perquirat
2440 1891 2798 1947 cantandum
2829 1891 2982 1947 infra
3023 1889 3267 1965 triginta
3310 1894 3530 1949 noctes.
3559 1893 3723 1949 Jama-

353 1981 524 2037 detur
551 1996 686 2037 cum
717 1981 982 2054 injuncta
1012 1980 1373 2054 poenitentia.
2032 1980 2077 1995 "
2113 1981 2279 2035 (ensis
2307 1980 2407 2051 fol.
2442 1980 2527 2034 44.

1571 2328 2090 2430 ΗΟΕΙιῙ
2188 2329 2541 2430 ΒΕΔ

953 2538 1283 2626 REGIS
1345 2537 1562 2624 SEU
1621 2535 2145 2624 PBINCIPIS
2203 2535 2636 2625 TOTIUS
2690 2538 3161 2625 WALLLE

1469 2713 1782 2804 LEGES
1855 2712 2643 2805 ECGLESIASTIGIE

1728 2891 1925 2973 (Circa
1956 2910 2192 2954 annum
2220 2892 2386 2973 940.)

416 3200 519 3257 Dei
564 3194 933 3272 providentia
990 3189 1192 3250 Howe]
1243 3190 1370 3246 Dha
1417 3188 1532 3259 (10)
1582 3187 1739 3243 ﬁlius
1782 3186 1997 3255 Cadell,
2029 3188 2072 3255 α
2185 3188 2225 3244 Ι.
2260 3187 2340 3242 Ex
2360 3204 2475 3258 quo
2498 3186 2713 3243 distein
2737 3187 2817 3261 (id
2843 3195 2919 3245 est
2951 3187 3281 3259 praefectus,
3304 3188 3391 3244 vel
3410 3175 3737 3246 oeconomus)

345 3307 447 3348 rex
474 3289 659 3345 totius
705 3283 1007 3350 Cambriaz,
1040 3282 1245 3337 videns
1303 3295 1443 3335 suos
1498 3276 1790 3333 walenses
1839 3276 1995 3331 inso-
2110 3276 2171 3331 in
2192 3276 2329 3332 aula
2348 3276 2577 3333 steterit
2599 3282 2729 3348 post
2749 3277 3063 3349 prandium
3082 3276 3141 3332 in
3155 3276 3348 3334 tribus
3367 3277 3532 3335 festis
3549 3276 3727 3350 princi-

346 3380 535 3436 lentcr
588 3375 817 3449 legibus
876 3371 1058 3441 abuti,
1120 3368 1326 3426 accivit
1382 3368 1453 3422 de
1510 3365 1771 3438 quolibet
1820 3365 2001 3421 kemut
2108 3364 2339 3438 palibus
2371 3382 2593 3438 ponens
2622 3365 2683 3420 in
2716 3383 2784 3421 ea
2814 3382 3015 3437 pacem
3039 3370 3097 3423 et
3118 3366 3293 3439 regis.
3311 3366 3522 3440 regina:
3540 3365 3729 3437 etopti-

347 3468 428 3543 (id
461 3470 549 3524 est
573 3462 843 3535 centuria)
873 3460 1056 3517 totius
1095 3457 1257 3531 regni
1318 3456 1409 3512 sui
1462 3472 1561 3511 sex
1617 3453 1795 3510 laicos
1844 3454 1998 3510 viros
2108 3458 2332 3510 matum
2367 3454 2777 3527 curiaa,pacem
2800 3454 2961 3511 illam
2985 3456 3727 3529 transgredientinusquun

348 3556 693 3614 auctoritate
724 3557 782 3608 et
807 3550 1051 3608 scicntia
1078 3547 1384 3621 pollentes,
1405 3548 1462 3601 et
1490 3560 1693 3599 omnes
1724 3543 1995 3599 ecclesia-
2107 3544 2217 3599 erit
2249 3543 2539 3617 refugium
2589 3548 2647 3599 et
2673 3552 2821 3600 navt.
2853 3544 2917 3600 ιε’
2946 3543 3002 3599 η’
3032 3543 3298 3603 omnium
3352 3545 3653 3618 refugium.
3677 3543 3727 3599 Si

347 3648 527 3703 sticos
558 3643 845 3716 dignitate
875 3637 1238 3703 bacculosos,
1270 3635 1358 3690 vel
1393 3633 1884 3706 archiepiscopos,
1907 3632 1995 3687 vel
2106 3633 2240 3705 quis
2270 3650 2406 3706 ergo
2438 3633 2729 3705 refugium
2763 3633 2916 3706 regis
2945 3638 3003 3689 et
3022 3632 3287 3689 omnium
3317 3633 3628 3701 violaverit,
3642 3642 3727 3689 nec

347 3735 671 3806 episcopos,
704 3730 965 3795 abbates,
989 3725 1077 3782 vel
1106 3726 1330 3797 priores
1359 3724 1430 3778 de
1460 3739 1637 3794 regno
1670 3739 1775 3777 suo
1808 3722 1880 3777 ad
1912 3720 1994 3777 lo-
2104 3739 2380 3795 usquam,
2405 3739 2511 3779 nec
2531 3723 2604 3778 ab
2626 3723 2805 3778 unius
2835 3723 3080 3797 refugio,
3098 3723 3186 3779 vel
3207 3740 3243 3778 a
3263 3722 3507 3796 reliquis
3528 3727 3729 3780 sancto-

346 3836 481 3879 cum
530 3820 630 3892 qui
682 3817 894 3873 dicitur
945 3816 1087 3871 Guin
1135 3831 1312 3886 super
1354 3813 1475 3883 Tan“
1496 3829 1569 3883 yn
1600 3810 1782 3877 deved,
1816 3827 1993 3882 quam
2104 3829 2235 3866 rum
2267 3812 2499 3867 defendi
2533 3816 2724 3884 potest
2756 3810 2869 3868 nisi
2901 3813 2974 3868 ab
3004 3812 3271 3869 ecclesia.
3604 3826 3607 3827 '

344 3912 590 3966 domum
636 3905 819 3962 voluit
866 3903 1139 3959 aediﬁcari
1186 3900 1367 3973 virgis
1399 3899 1548 3954 albis
1580 3900 1638 3954 in
1671 3900 1993 3971 hospitium
2176 3902 2250 3955 II.
2284 3900 2387 3966 Qui
2421 3901 2707 3957 sacerdoti
2738 3901 2972 3957 sarhacd
2998 3902 3081 3970 (id
3097 3910 3177 3959 est
3198 3901 3501 3974 injuriam)
3533 3900 3725 3963 fecerit,

343 3997 458 4055 sibi
488 3997 559 4053 ad
589 3992 942 4059 venandum,
968 3990 1202 4064 quando
1224 3990 1295 4044 ad
1322 3992 1517 4061 partes
1546 3987 1814 4044 Demetia
1843 3987 1996 4044 veni-
2101 3988 2188 4045 vel
2219 4006 2355 4045 eum
2386 3988 2681 4055 occiderit,
2706 3990 2934 4062 judicio
2979 3990 3186 4063 synodi
3236 3991 3524 4063 puniatur
3547 3994 3728 4063 preter

341 4090 447 4156 ret,
476 4089 533 4142 et
561 4084 693 4139 ideo
722 4085 964 4138 vocatur
997 4081 1067 4151 Ty
1096 4078 1271 4150 Guyn.
2101 4079 2252 4148 gueli
2282 4079 2504 4135 tanavd.

412 4176 530 4232 Rex
560 4176 756 4230 autem
787 4174 843 4227 et
872 4167 1208 4243 congregati
1241 4166 1448 4221 morati
1483 4170 1622 4221 sunt
1651 4165 1868 4221 ibidem
1894 4183 1995 4238 per
2171 4169 2271 4226 III.
2305 4167 2633 4241 Hospitium
2651 4168 3043 4224 sacerdotiset
3059 4167 3408 4225 clericorum
3422 4168 3533 4226 erit
3547 4170 3731 4225 domus

336 4268 520 4321 totam
577 4259 1118 4334 Quadragesimam,
1172 4261 1405 4313 orantes
1461 4254 1832 4310 Altissimum
1892 4272 1995 4327 per
2101 4256 2387 4329 capellani
2418 4256 2587 4312 villae.
2620 4258 2952 4330 Hospitium
2983 4257 3302 4317 sacerdotis
3333 4258 3545 4332 regine
3566 4256 3733 4315 estin-

328 4353 626 4428 jejunium
658 4351 1003 4424 pcrfectum,
1038 4347 1286 4420 petendo
1336 4346 1585 4418 gratiam
1618 4344 1689 4399 ad
1722 4343 1877 4399 bona
1906 4345 1991 4398 fa-
2101 4345 2301 4401 simul.

335 4444 539 4500 cienda
556 4437 1051 4511 secundumrcgis
1071 4433 1991 4509 propositum,etdecongregatis
2172 4434 2265 4489 IV.
2301 4434 2537 4506 Olfcirad
2577 4436 2737 4491 euleu
2782 4436 2867 4502 (id
2895 4444 2989 4504 est,
3023 4436 3298 4492 sacerdos
3330 4436 3508 4509 regis)
3553 4440 3727 4492 contra

336 4532 510 4607 elegit
556 4550 656 4588 rex
706 4529 1015 4587 duodecim
1066 4526 1247 4582 laicos
1293 4524 1685 4593 doctissimos,
1719 4524 1989 4594 etjunum
2024 4558 2068 4622 Β
2101 4523 2324 4579 Pascha
2351 4523 2504 4597 regis
2526 4524 2873 4581 indumenta
2896 4523 3152 4596 habebit,
3178 4524 3401 4597 quibus
3418 4542 3564 4581 usus
3585 4524 3727 4581 estin

337 4621 617 4678 clericum
650 4618 1063 4676 doctissimum
1097 4615 1198 4688 qui
1225 4614 1544 4669 vocabatur
1582 4611 1987 4685 Blangoridus,
2024 4611 2064 4622 ”
2101 4612 2579 4684 Quadragesima.

337 4711 408 4764 ad
441 4709 816 4781 instruendae
866 4707 977 4763 sibi
1026 4704 1183 4778 leges
1222 4708 1277 4759 et
1308 4720 1475 4768 usus,
1508 4705 1572 4757 ut
1603 4701 1990 4775 propinquius
2170 4701 2237 4757 V.
2269 4701 2457 4758 Simili
2483 4703 2655 4758 modo
2675 4704 2949 4759 sacerdos
2970 4702 3182 4776 reginae
3204 4703 3396 4778 ipsius
3418 4700 3729 4760 babebitin-

336 4801 534 4871 posset
561 4799 633 4853 ad
661 4798 965 4853 veritatem
998 4799 1056 4852 et
1075 4792 1372 4866 justitiam
1404 4791 1625 4846 intendi
1663 4806 1674 4846 :
1710 4792 1767 4844 et
1790 4790 1849 4844 in
1870 4794 1988 4845 tres
2099 4790 2398 4859 dumenta,
2425 4792 2484 4846 in
2507 4792 2722 4863 quibus
2742 4792 2945 4865 regina
2965 4796 3100 4865 agat
3122 4792 3729 4865 pcenitentiam.Sacer-

335 4888 532 4958 partes
576 4884 751 4940 scribi
808 4883 1103 4956 praecepit,
1137 4898 1387 4954 quarum
1430 4878 1641 4952 prima,
1675 4877 1765 4933 lex
1815 4878 1989 4934 curiae
2097 4880 2203 4936 dos
2226 4880 2437 4954 reginae
2460 4897 2493 4935 a
2516 4879 2716 4952 regina
2734 4897 2952 4953 equum
2985 4881 3158 4937 debet
3187 4881 3425 4938 habere.
3457 4876 3730 4938 Sacerdoti

336 4990 455 5030 sum
507 4973 882 5045 quotidiana),
917 4972 1175 5029 secunda
1230 4969 1321 5026 lex
1369 4968 1593 5041 patriae,
1620 4967 1793 5023 tertia
1840 4984 1987 5024 usus
2096 4972 2152 5023 et
2173 4969 2560 5041 accipitrario,
2586 4973 2643 5024 et
2659 4970 2961 5044 penkynyt,
2987 4969 3271 5041 etjudicii
3294 4971 3493 5038 curiae,
3517 4969 3732 5041 etgura-

333 5061 1225 5133 utriusque.Tresautcmlibros
1248 5059 1394 5133 legis
1416 5057 1687 5130 praecepit
1709 5056 1833 5111 ﬁeri
1856 5073 2002 5111 cons
2092 5058 2282 5113 δίναιιά
2313 5059 2501 5130 afvyn,
2536 5058 2673 5130 equi
2704 5076 2737 5114 a
2768 5076 2901 5133 rege
2950 5063 3361 5116 restaurantur
3412 5077 3548 5116 cum
3600 5073 3726 5132 opus

333 5149 580 5221 similes,
612 5167 798 5205 unum
831 5150 903 5205 ad
933 5149 1157 5205 curiam
1189 5166 1358 5204 suam
1391 5146 1792 5220 quotidianam
1817 5146 1985 5218 sequi
2094 5146 2288 5203 fuerit.
2322 5148 2563 5202 Terram
2595 5164 2765 5203 suam
2796 5148 3017 5204 tenebit
3044 5147 3316 5205 liberam.

330 5254 581 5311 semper,
607 5242 664 5294 et
693 5237 875 5295 alium
908 5238 979 5293 ad
1012 5236 1234 5292 curiam
1269 5238 1338 5292 de
1366 5236 1625 5304 Dinewr,
1658 5240 1716 5291 et
1742 5235 1983 5291 tertium
2162 5235 2257 5290 VI.
2288 5235 2522 5307 Triplex
2543 5240 2633 5292 est
2654 5236 2917 5294 ofﬁcium
2940 5237 3263 5294 sacerdotis
3285 5239 3464 5295 curiae
3484 5237 3549 5296 in
3569 5234 3729 5312 placio

330 5330 402 5386 ad
425 5327 651 5385 curiam
673 5327 743 5382 de
763 5326 1066 5390 Aberfrau,
1090 5324 1178 5379 vel
1210 5325 1471 5398 qualibet
1501 5325 1571 5380 de
1591 5325 1781 5380 tribus
1803 5325 1981 5396 parti-
2092 5324 2188 5391 tis,
2224 5323 2443 5380 scilicet
2473 5324 2603 5380 lites
2625 5326 2909 5383 discretas
2930 5327 3001 5382 de
3021 5327 3241 5398 scripto
3262 5326 3478 5395 delere,
3502 5328 3632 5383 lites
3659 5325 3728 5379 in-

331 5419 444 5476 bus
475 5416 779 5483 Cambriae,
815 5413 1037 5470 scilicet
1065 5416 1286 5470 Guenet
1315 5419 1372 5469 et
1405 5415 1633 5487 Powys,
1668 5418 1723 5468 et
1754 5413 1982 5469 Deheu-
2091 5413 2373 5469 discretas
2392 5414 2461 5469 ad
2481 5415 2777 5485 judicium
2810 5415 2869 5470 in
2902 5416 3117 5488 scripto
3149 5432 3407 5485 servare,
3429 5418 3582 5473 et’ad
3604 5428 3727 5487 Opus

331 5508 501 5564 barth
534 5507 775 5563 haberet
806 5504 867 5558 in
900 5519 962 5558 se
983 5502 1394 5559 auctoritatem
1418 5504 1581 5575 legis,
1605 5504 1675 5559 ad
1700 5520 1848 5575 opus
1879 5520 1980 5575 pa-
2090 5502 2263 5575 regis,
2287 5507 2575 5574 quantum
2599 5506 2669 5559 ad
2694 5504 2917 5561 litteras
2936 5504 3148 5561 missas
3167 5509 3225 5561 et
3241 5506 3566 5563 mittendas
3586 5518 3728 5578 para-

331 5600 542 5654 ratam.
2089 5595 2213 5646 tum
2247 5608 2395 5660 esse,
2429 5596 2487 5647 et
2518 5610 2823 5665 nunquam
2854 5593 3169 5652 ebriatum.

403 5722 514 5794 (10)
548 5722 610 5780 Id
638 5724 728 5776 est
758 5717 918 5775 Bom'.
