3810 6214
83 419 180 480 473

738 411 1419 475 ANGLO-SAXONUM
1465 413 1741 477 REGUM
1782 412 2031 474 LEGES
2073 412 2729 475 ECGLESIASTICJE.

3315 419 3435 477 474

140 548 242 605 VII.
269 546 402 604 Tria
426 548 565 603 sunt
575 541 759 617 judici
779 542 1147 617 pertinentia,
1164 542 1385 600 scilicet
1412 544 1680 617 quaestio-
1708 550 1763 614 Α
1790 545 2030 601 brarum
2063 546 2259 602 abbati
2278 545 2573 601 medietas
2603 543 2775 613 cedit,
2808 545 2858 601 si
2890 543 3093 619 legalis
3124 547 3219 617 sit,
3242 548 3300 605 id
3325 552 3433 619 est,

87 656 171 696 nes
195 638 419 704 solvere,
451 635 580 691 lites
610 634 956 700 discernere,
989 636 1048 689 et
1076 634 1230 706 quod
1262 634 1407 706 per'j
1419 632 1677 689 udicium

87 725 397 793 discreverit,
436 741 541 797 per
580 722 980 779 vadimonium
1028 723 1398 790 confirmare,
1440 723 1489 777 si
1538 727 1679 778 tunc

87 816 282 889 litigans
303 814 350 871 ei
374 812 715 869 contradicit
734 829 837 885 per
856 811 1037 867 aliud.
1058 812 1151 867 Sic
1172 812 1293 885 agit
1314 829 1416 885 per
1434 829 1676 868 annum.

85 908 219 961 Anno
245 908 431 959 autem
462 900 656 975 elapso
687 900 1024 974 capellanus
1054 902 1225 956 adeat
1266 901 1591 970 ecclesiam,
1625 904 1682 956 et

86 1009 193 1048 cum
210 1009 270 1047 eo
290 991 587 1046 duodecim
607 989 889 1047 ofﬁciales
911 989 1085 1045 curiae
1102 988 1478 1061 digniores,et
1500 990 1683 1045 missa

87 1081 347 1147 celebrata,
362 1083 415 1135 et
438 1077 728 1135 oblatione
749 1079 821 1135 ad
847 1078 1093 1135 missam
1114 1079 1187 1135 ab
1208 1079 1486 1134 omnibus
1508 1078 1678 1146 facta,

88 1168 375 1243 capellanus
404 1169 576 1224 faciat
600 1185 735 1225 eum
757 1167 1083 1241 jurareIper
1104 1184 1337 1224 sacrum
1368 1168 1683 1224 incelebra-

87 1262 265 1326 tum,et
277 1275 375 1330 per
393 1257 591 1325 altare,
614 1262 670 1313 et
692 1256 969 1330 reliquias
1000 1257 1421 1330 superpositas,
1447 1257 1602 1330 quod
1620 1258 1681 1312 in

88 1351 183 1403 tota
203 1348 307 1402 vita
334 1364 438 1403 sua
466 1363 571 1403 nec
601 1362 790 1421 prece,
822 1363 930 1403 nec
959 1346 1166 1419 pretio,
1187 1363 1293 1402 nec
1324 1363 1540 1414 amore,
1575 1364 1680 1403 nec

89 1436 195 1492 odio
218 1435 414 1492 falsum
444 1435 696 1492 scienter
724 1434 894 1491 faciet
919 1434 1228 1507 judicium.
1262 1437 1384 1501 Quo
1414 1435 1586 1504 facto,
1607 1436 1678 1492 ad

89 1540 245 1597 regem
271 1524 514 1595 venient,
543 1524 870 1580 indicantes
917 1523 969 1580 ei
1017 1540 1144 1596 quae
1190 1523 1344 1579 circa
1387 1541 1523 1581 eum
1554 1528 1682 1581 acta

90 1614 280 1669 sunt.Si
308 1614 420 1687 regi
451 1617 685 1686 gratum
717 1613 795 1669 sit
814 1612 1072 1669 officium
1105 1630 1300 1682 suum,
1333 1613 1416 1668 illi
1448 1617 1683 1686 priesta-

91 1701 229 1769 bit,et
250 1701 525 1759 iocabitur
552 1702 615 1758 in
646 1703 782 1759 sede
816 1702 926 1757 sibi
958 1701 1172 1758 debita.
1187 1704 1351 1758 Tunc
1381 1702 1681 1758 dabuntur

94 1790 259 1846 eimier
298 1792 524 1863 elysseu,
553 1808 590 1845 a
629 1806 766 1864 rege
814 1791 1085 1859 taulbord,
1119 1807 1153 1846 a
1182 1790 1383 1865 regina
1424 1791 1678 1847 annulus

98 1895 279 1952 aureus,
303 1898 422 1954 quae
455 1881 613 1937 dona
659 1896 766 1937 nec
802 1881 1031 1950 vendet,
1066 1896 1172 1937 nec
1203 1898 1465 1954 unquam
1498 1882 1678 1937 dona-

94 1967 174 2024 bit.
198 1968 303 2026 Non
332 1970 499 2027 debet
517 1970 703 2042 judex
732 1986 881 2038 esse,
915 1969 1028 2026 nisi
1062 1969 1123 2026 in
1167 1969 1269 2026 tali
1311 1970 1680 2027 solemnitate

92 2057 409 2129 approbatur.

143 2172 263 2229 VIII.
292 2174 355 2231 Et
372 2174 420 2232 si
442 2174 660 2248 aliquis
681 2174 752 2232 de
771 2173 1046 2248 gentibus
1062 2175 1370 2233 homicidae
1390 2175 1477 2233 vel
1502 2177 1678 2234 occisi

92 2259 149 2316 sit
171 2261 597 2333 ecclesiasticus,
614 2263 799 2321 sacris
829 2263 1133 2322 ordinibus
1152 2264 1241 2321 vel
1264 2265 1525 2339 religioni
1543 2266 1684 2324 obli-

91 2353 242 2421 gatus,
260 2351 338 2408 vel
357 2352 645 2426 leprosus,
668 2351 755 2409 vel
780 2356 1003 2419 mutus,
1023 2353 1113 2410 vel
1135 2353 1371 2423 stultus,
1396 2356 1543 2414 nihil
1561 2357 1683 2412 red-

92 2436 166 2493 det
182 2438 254 2494 vel
273 2441 499 2514 recipiet
516 2458 625 2515 pro
643 2441 874 2512 gaianas
905 2441 986 2515 (id
1012 2447 1093 2498 est
1124 2442 1308 2515 pretio
1338 2443 1680 2518 homicidii).

90 2525 279 2584 Nullam
305 2533 492 2589 autem
521 2530 842 2588 vindictam
873 2546 1051 2605 super
1080 2548 1179 2589 eos
1213 2530 1303 2587 vel
1334 2533 1405 2589 ab
1436 2534 1521 2591 eis
1550 2551 1683 2608 pro-

92 2618 191 2686 pter
209 2618 443 2675 occisum
472 2620 649 2677 debet
677 2619 824 2689 fieri,
844 2637 916 2677 ne
935 2620 1082 2676 tales
1112 2620 1342 2694 possint
1371 2639 1475 2693 per
1498 2622 1684 2696 legem

90 2703 227 2761 istam
254 2708 318 2850 ad
345 2709 710 2767 reddendum
739 2709 828 2767 vel
858 2709 1257 2783 recipiendum
1286 2710 1482 2783 aliquo
1512 2714 1685 2770 modo

91 2807 253 2850 comae
293 2796 329 2850 i.

91 2796 329 2869 compelli.

142 2910 214 2968 IX.
239 2912 293 2969 Si
332 2913 422 2970 fur
465 2930 668 2971 coram
714 2913 1048 2988 presbytero
1098 2913 1287 2972 socios
1326 2931 1466 2973 suos
1496 2916 1685 2974 nomi-

92 2999 246 3056 nando
273 3004 620 3074 manifestat,
652 3007 710 3060 et
739 3003 994 3061 afﬁrmet
1033 3004 1144 3061 hoc
1165 3005 1420 3076 jurando
1448 3005 1507 3061 in
1538 3007 1685 3063 ostio

91 3091 371 3164 caemetcrii,
397 3092 459 3149 in
489 3092 645 3150 ostio
691 3092 854 3149 chori
885 3111 899 3149 :
933 3092 1222 3166 quidquid
1252 3094 1324 3151 de
1354 3093 1455 3151 illo
1485 3100 1687 3167 postea

90 3177 356 3253 contingat,
382 3183 557 3240 verbo
610 3182 935 3254 presbyteri
982 3182 1196 3239 abindc
1227 3184 1299 3240 de
1327 3183 1481 3241 dicto
1528 3184 1686 3242 illius

90 3264 269 3338 absque
295 3272 659 3328 contentione
688 3271 1045 3327 credendum
1072 3275 1181 3328 est.
1206 3271 1395 3328 Simili
1425 3275 1600 3331 modo
1622 3274 1688 3330 ﬁt
1716 3288 1759 3355 α

91 3356 278 3423 quando
298 3359 426 3432 quis
451 3378 558 3433 pro
591 3361 858 3417 mercede
889 3360 1046 3417 dicat
1086 3362 1277 3418 furem
1310 3362 1413 3433 qui
1440 3379 1561 3419 rem
1594 3363 1686 3420 fu-

90 3447 220 3501 ratus
235 3451 334 3515 est,
354 3453 411 3505 et
429 3449 541 3507 hoc
580 3447 759 3505 faciat
789 3464 985 3505 coram
1011 3450 1308 3506 sacerdote
1337 3451 1509 3507 modo
1538 3468 1685 3523 prae-

91 3536 267 3588 notato.
297 3536 352 3591 Si
381 3537 513 3608 quis
543 3537 721 3594 alicui
754 3536 1076 3609 deprwdari
1106 3536 1344 3606 dicitur,
1365 3544 1424 3595 et
1452 3538 1550 3596 ille
1588 3557 1686 3597 ne-

86 3620 279 3688 gaverit,
308 3640 339 3678 L
363 3624 675 3683 hominum
715 3625 1053 3696 juramento
1099 3625 1276 3684 habet
1318 3643 1550 3701 negare.
1580 3627 1686 3684 Hic

87 3710 153 3759 est
184 3723 320 3766 unus
364 3712 539 3771 homo
590 3729 793 3770 eorum
845 3714 939 3769 cui
986 3713 1096 3770 soli
1142 3714 1422 3784 creditur,
1461 3716 1685 3775 scilicet

86 3796 330 3869 Mmagur,
352 3802 606 3863 dictator
632 3801 941 3861 continens
969 3819 1107 3860 cum
1137 3803 1472 3862 testimonio
1492 3822 1681 3863 sacer-

88 3881 222 3955 dotis,
242 3888 286 3944 si
313 3890 434 3962 ipse
463 3907 605 3948 cum
634 3890 734 3949 illo
765 3891 866 3963 qui
891 3892 1209 3965 perdiderit
1236 3894 1457 3950 venerit
1486 3911 1682 3953 coram

86 3975 327 4057 tacet-dote
358 3981 431 4037 ad
466 3979 807 4047 ecclesiam,
829 3984 887 4037 et
916 3981 1076 4041 dicat
1101 3980 1153 4037 ei
1183 3984 1455 4040 sacerdos
1486 3984 1687 4057 probi-

86 4055 234 4144 bendo
255 4067 534 4137 similiter,
548 4085 625 4125 ne
648 4085 751 4144 pro
776 4068 893 4125 Deo
909 4070 1085 4125 ducat
1105 4086 1242 4126 eum
1272 4070 1333 4127 in
1364 4055 1680 4130 falsitatem

84 4143 167 4205 hoc
186 4152 343 4214 faciat
363 4157 425 4215 in
449 4158 605 4216 ostio
632 4156 914 4226 ecclesiis,
964 4157 1015 4215 si
1066 4158 1144 4217 ibi
1176 4160 1465 4231 juraverit
1496 4178 1558 4218 se
1584 4180 1680 4219 ve-

84 4250 184 4294 rum
199 4241 582 4314 dicere,etnon
605 4245 823 4306 falsum
842 4246 1145 4307 :similiter
1164 4247 1339 4305 faciat
1356 4250 1418 4306 in
1437 4250 1682 4309 introitu

86 4329 295 4399 cancelli,
323 4335 530 4394 deinde
581 4352 759 4408 super
806 4334 988 4393 altare
1035 4335 1193 4395 idem
1240 4338 1433 4405 faciat,
1485 4343 1542 4395 et
1584 4340 1682 4399 ille

86 4413 299 4481 quimus
338 4423 551 4480 dicitur
598 4423 793 4483 adhuc
846 4426 1142 4498 negaverit
1174 4440 1189 4480 :
1223 4428 1493 4486 sacerdos
1524 4430 1680 4486 afﬁr-

85 4507 173 4559 met
195 4510 345 4568 verbo
374 4529 482 4570 suo
532 4516 624 4569 ter
667 4513 823 4585 quod
853 4513 1018 4582 vidit,
1051 4517 1110 4573 et
1138 4515 1380 4583 audivit,
1413 4521 1468 4573 et
1499 4518 1680 4575 semel

77 4587 278 4656 iurando
305 4602 612 4658 conﬁrmet
639 4600 816 4669 illud;
841 4602 950 4657 hoc
980 4603 1152 4673 facto,
1173 4605 1273 4676 qui
1307 4605 1473 4676 prius
1503 4624 1678 4680 nega-

82 4680 189 4737 verit
216 4701 310 4757 pro
344 4691 658 4747 conﬁtente
701 4690 970 4758 habetur,
1004 4707 1109 4748 nec
1139 4692 1351 4764 poterit
1379 4696 1676 4753 contradi-

220 4773 526 4837 Mercedem
573 4779 816 4851 quidem
875 4779 1076 4839 statim
1130 4779 1369 4842 habebit
1423 4782 1523 4840 ille
1572 4785 1673 4857 qui

79 4852 287 4933 dictavit,
307 4871 362 4923 et
385 4869 561 4927 verbo
592 4867 911 4929 sacerdotis
954 4869 1333 4931 testificantis.
1371 4852 1672 4930 dictatoris

80 4956 404 5032 {munientis
422 4975 538 5015 non
565 4957 1076 5027 contradicetur,et
1093 4960 1217 5019 sint
1241 4977 1345 5032 pro
1361 4962 1673 5020 confitente

77 5026 292 5113 habetur,
323 5048 377 5100 et
401 5046 617 5107 dicitur
645 5046 756 5107 hoc
786 5047 1192 5120 dogynuariac.

131 5157 184 5214 Χ.
210 5164 333 5223 Tria
359 5175 497 5226 sunt
524 5185 739 5244 genera
768 5171 946 5244 dirwy
972 5172 1053 5242 (id
1080 5180 1174 5241 est,
1208 5172 1450 5244 multis),
1482 5192 1669 5232 unum

80 5242 133 5334 (ie
156 5265 350 5326 pugna,
380 5242 625 5316 alterum
665 5262 818 5328 treis,
857 5242 927 5316 id
967 5265 1058 5317 est
1104 5266 1297 5334 raptu,
1330 5242 1570 5320 tertium
1602 5266 1673 5321 de

78 5330 216 5428 furto.
245 5342 455 5418 Duplex
503 5354 700 5406 autem
747 5348 827 5405 sit
865 5348 1050 5422 dirvy,
1081 5354 1139 5406 et
1161 5330 1376 5423 duplex
1405 5355 1671 5423 camlurv,

78 5435 123 5519 lq
148 5430 287 5488 curia
313 5439 367 5519 et
394 5435 455 5492 in
482 5437 727 5519 ecclesia
758 5455 883 5511 quae
929 5437 1174 5496 ecclesia
1204 5439 1253 5495 si
1283 5457 1517 5499 summa
1548 5443 1670 5499 fue-

80 5507 451 5611 I:lt,-flt3.i1'1'1'gna
499 5544 623 5599 quae
662 5514 731 5582 in
773 5528 1101 5583 cmmeterio
1144 5529 1358 5601 agitur,
1390 5535 1670 5604 quatuor-

80 5595 253 5693 flecim'
269 5595 421 5668 libras
469 5595 608 5671 sunt
654 5616 979 5672 reddendas.
1014 5616 1071 5672 Si
1100 5595 1237 5673 vero
1277 5595 1456 5687 extra,
1490 5620 1547 5676 id
1581 5626 1670 5678 est

79 5699 124 5741 In
150 5695 300 5753 nodva
327 5700 402 5771 (id
428 5712 527 5772 est,
561 5704 762 5775 asvlo),
814 5708 1037 5777 septem
1081 5704 1280 5777 libre;
1315 5725 1566 5781 quarum
1598 5708 1666 5765 li-

1788 634 2183 691 ecclesiastica
2212 634 2478 691 doctrina
2506 633 2832 691 instructus
2848 638 2905 690 et
2921 634 3239 694 litteratus:
3258 638 3439 696 altera

1788 722 2072 780 medietas
2105 724 2441 796 presbytero
2472 727 2528 779 et
2557 723 2855 779 canonicis
2886 724 2966 779 ibi
2995 728 3106 780 Deo
3136 726 3438 783 servienti-

1788 812 1919 868 bus.
1953 811 2110 868 Talis
2151 812 2361 867 divisio
2401 812 2478 867 sit
2505 811 2659 867 inter
2686 812 2956 868 abbatem
2987 816 3043 868 et
3071 815 3440 887 presbyteros

1790 901 1859 956 de
1892 918 2091 973 pugna
2120 900 2355 957 illorum
2388 900 2844 969 scilicet,navtur
2872 902 2952 974 (id
2980 912 3076 970 est,
3097 903 3438 978 refugium),

1789 990 1889 1062 qui
1920 991 1992 1045 ab
2023 987 2231 1045 abbate
2262 993 2319 1045 et
2342 990 2680 1062 presbytero
2725 990 3017 1063 refugium
3064 994 3391 1065 acceperint
3423 1012 3436 1050 :

1790 1078 1989 1151 sicque
2020 1077 2299 1133 dividitur
2340 1094 2513 1134 omne
2562 1078 2717 1149 quod
2766 1081 3178 1136 tantummodo
3213 1087 3437 1151 sancto,

1789 1184 1905 1222 non
1954 1166 2141 1233 alteri,
2173 1183 2278 1222 nec
2324 1166 2423 1222 alii
2471 1167 2751 1223 abbatum
2796 1172 3087 1241 erogatur.
3123 1170 3203 1225 De
3244 1187 3442 1246 pugna

1788 1255 1847 1313 in
1863 1256 2045 1313 nodva
2067 1255 2310 1329 sanguis
2332 1259 2391 1311 et
2410 1257 2543 1312 oleis
2564 1257 2807 1312 stabunt
2834 1273 2937 1329 pro
2970 1259 3219 1315 testibus
3241 1261 3441 1318 abbati

1788 1349 1846 1402 et
1875 1344 2226 1418 presbyteris
2252 1361 2354 1417 per
2382 1344 2727 1418 dignitatem
2772 1344 3227 1405 ecclesiasticam
3260 1351 3440 1407 abba-

1789 1436 1906 1490 tite.

1858 1542 1950 1597 ΧΙ.
1984 1541 2209 1614 Lingua
2220 1543 2508 1612 quantum
2525 1540 2723 1596 omnia
2734 1544 3000 1599 membra
3012 1543 3439 1604 valet.Summa

1787 1629 2049 1685 valentia:
2079 1629 2345 1687 omnium
2384 1630 2786 1686 membrorum
2832 1635 2920 1687 est
2967 1632 3263 1708 octoginta
3312 1641 3442 1692 octo

1788 1720 1892 1776 lib.
1948 1720 2200 1793 Sanguis
2277 1719 2592 1791 cujuslibet
2661 1719 2970 1777 hominum
3045 1723 3299 1797 pretium
3350 1735 3448 1787 est

1785 1809 1993 1882 viginti
2084 1812 2336 1881 quatuor
2420 1808 2815 1865 denariorum.
2889 1812 3141 1886 Sanguis
3225 1816 3445 1877 Christi

1709 1920 1757 1985 Β
1788 1899 2043 1971 pretium
2101 1902 2190 1954 est
2240 1897 2483 1971 triginta
2557 1898 2955 1967 denariorum,
3010 1901 3234 1960 scilicet
3290 1906 3446 1965 indi-

1789 2004 1972 2062 gnum
1993 1987 2223 2043 videtur
2238 1991 2304 2041 ut
2319 1986 2420 2042 Dei
2440 1987 2683 2060 sanguis
2716 1987 2973 2045 hominis
3005 1992 3251 2049 minoris
3273 1998 3443 2068 pretii

1788 2078 1897 2134 est.

1860 2183 1977 2240 XII.
2010 2183 2221 2239 Tribus
2251 2183 2322 2239 de
2353 2183 2548 2240 causis
2577 2184 2792 2256 poterit
2819 2201 2966 2241 uxor
3003 2203 3037 2242 a
3082 2187 3205 2244 viro
3254 2188 3443 2248 diver-

1790 2277 1930 2340 tere,
1964 2276 2021 2328 et
2058 2288 2233 2329 suum
2263 2274 2436 2342 egveti
2462 2273 2543 2342 (id
2571 2280 2671 2340 est,
2703 2273 2920 2342 dotem)
2952 2274 3187 2343 habere,
3222 2278 3450 2336 scilicet

1792 2362 1841 2417 si
1863 2361 2025 2435 lepra
2040 2361 2129 2416 vir
2148 2360 2426 2429 inﬁcitur,
2444 2364 2500 2417 et
2523 2362 2571 2416 si
2595 2361 2840 2418 fetidum
2864 2363 3077 2421 habeat
3096 2365 3445 2439 anhelitum,

1793 2455 1851 2507 et
1882 2451 1933 2507 si
1962 2467 2098 2508 cum
2129 2451 2259 2523 ipsa
2287 2450 2442 2506 coire
2470 2467 2585 2507 non
2624 2450 2830 2509 valeat.
2875 2454 2988 2509 Ter
3017 2471 3052 2509 a
3081 2455 3201 2512 viro
3232 2474 3363 2526 suo,
3396 2458 3448 2515 si

1794 2540 1970 2596 aliam
2001 2540 2355 2614 cognoverit,
2368 2541 2713 2614 vynebwerth
2744 2541 2823 2615 (id
2850 2551 2948 2614 est,
2964 2543 3449 2617 satisfactionem)

1792 2646 1939 2686 uxor
1966 2628 2241 2685 habitura
2282 2634 2392 2697 est,
2424 2629 2614 2704 primo
2666 2629 2924 2687 dimidia:
2974 2632 3156 2701 librze,
3189 2638 3447 2693 secundo

1792 2719 2024 2785 libram,
2048 2718 2217 2775 tertio
2239 2735 2372 2774 cum
2393 2722 2513 2775 toto
2528 2720 2663 2792 jure
2684 2737 2790 2776 suo
2812 2719 2997 2777 libera
3020 2722 3174 2779 ditiis
3194 2724 3450 2797 (publice

1790 2807 1879 2864 vel
1913 2806 2126 2876 soluta)
2155 2807 2368 2880 poterit
2395 2808 2467 2863 ab
2500 2807 2599 2864 illo
2629 2808 2946 2865 discedere.
2977 2812 3050 2866 At
3077 2811 3128 2868 si
3158 2812 3311 2870 ultra
3339 2817 3449 2872 ter-

1792 2896 1936 2953 tiam
1981 2896 2166 2952 vicem
2217 2896 2503 2969 patienter
2554 2897 2863 2966 sustineat,
2897 2899 2968 2954 de
2998 2903 3201 2957 caetero
3245 2904 3446 2974 vyneb-

1792 2985 1976 3042 weth
2003 3002 2121 3041 non
2148 2983 2407 3040 habebit.
2431 2985 2639 3043 Bedwit
2672 2985 2811 3040 dicit
2831 2987 2986 3059 quod
3009 2990 3180 3045 tertio
3202 2990 3446 3064 triginta

1793 3072 1901 3130 sol.
1931 3077 2138 3146 quarto
2188 3072 2371 3129 libera
2417 3090 2553 3129 cum
2600 3077 2720 3130 toto
2755 3074 2892 3146 jure
2926 3092 3033 3131 suo
3063 3076 3227 3145 abiit,
3259 3078 3310 3135 si
3342 3097 3446 3152 pa—

1791 3161 2002 3219 tienter
2030 3161 2320 3219 sustineat
2350 3164 2421 3219 de
2469 3167 2674 3220 caetero
2720 3165 3067 3237 vyncbwerth
3114 3182 3229 3224 non
3270 3167 3446 3224 habe-

1794 3251 1898 3309 bit.

1863 3358 2006 3415 XIII.
2040 3358 2186 3414 Cum
2214 3357 2418 3431 puellae
2452 3375 2557 3415 suo
2594 3362 2855 3431 tempore
2898 3362 3062 3417 cowll
3093 3361 3443 3435 (vestimenti

1793 3447 2001 3521 genus)
2033 3452 2422 3520 comparetur,
2457 3447 2571 3502 nisi
2604 3464 2775 3504 mane
2803 3450 2874 3505 de
2921 3449 3020 3505 illo
3061 3454 3380 3525 antequam
3413 3470 3447 3509 a

1790 3535 1914 3592 viro
1943 3539 2259 3609 consurgat
2283 3554 2317 3591 a
2346 3536 2493 3593 lecto
2532 3536 2892 3593 voluntatem
2941 3555 3108 3594 suam
3166 3538 3442 3608 declaret,

1792 3623 1947 3680 inter
1967 3624 2155 3680 virum
2175 3629 2235 3681 et
2258 3624 2563 3681 mulierem
2603 3642 2916 3682 commune
2947 3627 3076 3683 erit.
3110 3626 3167 3682 Si
3196 3627 3319 3683 viro
3351 3629 3446 3685 de~

1792 3717 1889 3771 tur
1910 3714 2104 3787 puella
2123 3718 2351 3771 aetatem
2371 3715 2615 3783 habens,
2649 3716 2922 3788 dicatque
2942 3716 3029 3771 vir
3050 3715 3211 3772 illam
3234 3717 3306 3772 ab
3329 3716 3444 3773 alio

1791 3802 2129 3860 deﬂoratam
2181 3804 2528 3877 percepisse,
2581 3803 2793 3876 puella,
2828 3804 2877 3860 si
2925 3805 3132 3878 possit,
3183 3806 3445 3878 quinque

1791 3892 2098 3949 hominum
2118 3893 2456 3964 juramento
2486 3892 2728 3963 (scilicet
2762 3893 2945 3967 patris
2975 3897 3033 3950 et
3062 3895 3288 3963 matris,
3323 3895 3446 3951 fra-

1789 3983 1897 4038 tris
1928 3986 1987 4038 et
2015 3980 2255 4049 sororis,
2305 3986 2363 4037 et
2410 3999 2516 4038 suo
2576 3982 2835 4055 proprio)
2884 3983 2995 4039 hoc
3046 3982 3264 4039 falsum
3316 4000 3446 4041 esse

1790 4073 2019 4128 astruat
2047 4072 2104 4125 et
2131 4086 2193 4126 se
2223 4070 2296 4126 ad
2334 4068 2503 4126 illum
2535 4070 2840 4127 advenisse
2869 4070 3294 4144 incorruptam,
3327 4072 3443 4128 sci-

1788 4157 1942 4226 licet,
1977 4159 2054 4215 sit
2102 4163 2334 4215 matura
2380 4159 2438 4215 in
2487 4158 2623 4232 pilis
2667 4163 2724 4216 et
2770 4159 3072 4229 uberibus,
3105 4165 3165 4216 et
3193 4161 3241 4217 si
3271 4176 3445 4217 vene-

1790 4247 1908 4304 rint
1929 4246 2237 4306 muliebria
2258 4250 2406 4319 ejus,
2430 4248 2489 4303 id
2512 4252 2601 4304 est
2621 4249 2798 4315 teithi,
2823 4249 3013 4305 aetatis
3043 4251 3226 4317 gveric
3243 4250 3324 4319 (id
3343 4258 3441 4318 est,

1788 4336 2089 4408 ephebica).
2122 4336 2180 4392 Si
2214 4335 2402 4409 primo
2432 4336 2698 4404 tacuerit,
2732 4340 2792 4391 et
2819 4337 3076 4393 secundo
3109 4352 3237 4392 eam
3270 4353 3441 4409 agno.

1785 4425 1951 4493 verit,
1977 4429 2037 4481 et
2056 4425 2140 4481 sic
2161 4442 2347 4497 usque
2369 4426 2441 4480 ad
2462 4441 2634 4480 mane
2657 4442 2793 4481 cum
2814 4423 2919 4481 illa
2952 4424 3274 4492 dormierit,
3308 4424 3445 4482 licet

1786 4511 1948 4569 illam
2010 4518 2345 4586 corruptam
2400 4513 2686 4569 invenerit
2734 4513 2946 4587 primo,
2980 4513 3051 4569 de
3074 4513 3208 4584 jure
3233 4512 3441 4586 puellae

1790 4601 1937 4661 nihil
1978 4606 2170 4675 potest
2217 4603 2463 4658 auferre.
2490 4603 2549 4658 Si
2569 4620 2700 4658 vero
2722 4601 2921 4658 statim
2943 4601 3057 4658 hoc.
3083 4602 3327 4671 noverit,
3362 4604 3435 4659 ad

1787 4693 1940 4749 viros
1991 4691 2242 4748 surrexit
2298 4690 2610 4765 nuptiales,
2654 4690 2769 4749 alia
2815 4706 2932 4746 non
2981 4690 3436 4761 contradicente,

1782 4781 1893 4838 hoc
1921 4781 2006 4839 eis
2038 4779 2452 4850 testificaverit,
2487 4779 2634 4837 nihil
2671 4779 2724 4836 ei
2773 4780 2911 4852 jure
2962 4779 3204 4836 reddere
3263 4780 3439 4838 debe-

1781 4870 1888 4928 bit.

1851 4976 1992 5033 XIV.
2024 4976 2085 5033 Si
2105 4978 2276 5050 cujus
2320 4994 2465 5033 uxor
2503 4978 2575 5033 de
2605 4976 2718 5033 alio
2748 4975 3088 5046 infametur,
3122 4980 3180 5034 et
3206 4976 3320 5035 hoc
3350 4982 3437 5034 ta-

1780 5082 1915 5123 men
1930 5066 2323 5133 sitincertum,
2339 5065 2590 5139 septima
2606 5065 3104 5123 manumulierum
3128 5074 3431 5141 expurget.

1780 5156 2117 5212 Si-socundo
2142 5156 2479 5221 infametur,
2508 5172 2645 5211 cum
2676 5156 3138 5230 quatuordecim.
3166 5157 3226 5213 Si
3260 5158 3433 5214 tertio

1781 5261 1916 5301 cum
1947 5245 2203 5317 quadam
2237 5243 2584 5300 certitudine
2614 5245 2723 5302 hoc
2755 5246 3002 5315 dicatur,
3030 5247 3369 5318 juramento
3404 5264 3436 5301 L

1782 5333 2093 5391 mulierum
2127 5350 2189 5389 se
2222 5334 2585 5407 expurgabit.

1849 5441 1963 5497 XV.
1998 5441 2058 5496 Si
2090 5458 2207 5512 qua
2236 5441 2446 5498 mulier
2492 5444 2723 5499 datores
2767 5441 3059 5509 habuerit,
3094 5441 3173 5495 sit
3202 5440 3288 5495 vir
3316 5438 3427 5494 sub

1779 5532 1910 5587 dote
1940 5547 2048 5586 sua
2079 5545 2265 5602 usque
2322 5531 2395 5586 ad
2452 5536 2676 5605 septem
2729 5548 2952 5597 annos;
2987 5533 3043 5584 et
3074 5527 3122 5583 si
3155 5525 3429 5581 habuerit

1779 5623 1895 5676 tros
1918 5623 2115 5675 noctes
2138 5619 2207 5674 de
2230 5619 2480 5690 septimo
2512 5637 2685 5685 anno,
2709 5619 2890 5674 totius
2922 5613 3267 5671 substantias
3298 5614 3425 5683 ejus

1778 5710 2148 5766 medietatem
2178 5708 2238 5763 in
2270 5707 2513 5767 divortio
2543 5724 2744 5763 eorum
2776 5704 2987 5761 mulier
3014 5700 3427 5757 habebit.Sub-
