3810 6214
322 389 441 451 475

980 386 1319 452 ΑΡΡΕΝῙ).
1364 388 1469 450 ΑΒ
1515 388 1703 450 ΞᾹΞΟ.
1751 387 1827 448 Χ.
1860 420 1937 433 -

2127 387 2471 451 ῑυΜΕΝΤΑ
2513 382 3066 447 DIPLOMATICA.

3598 383 3699 446 476
3736 402 3747 447 ζ

320 522 538 579 stantia
558 524 753 578 autem
775 518 885 577 hoc
906 521 1078 577 modo
1100 520 1402 577 dividitur:
1427 519 1530 576 Vir
1545 537 1681 577 sues
1704 518 1960 586 habebit,
1991 521 2048 587 Α
2076 519 2292 576 dicitur
2320 535 2449 576 esse
2471 518 2767 575 desertum
2798 516 2952 591 regis
2973 521 3031 573 et
3051 514 3125 572 ob
3144 513 3256 573 hoc
3275 514 3431 589 regis
3448 518 3538 572 est
3562 516 3628 573 de
3646 534 3702 574 ea

319 611 533 668 mulier
573 628 726 668 oves.
760 614 970 666 Postea
1016 609 1227 666 mulier
1274 610 1516 678 dividat,
1548 610 1637 664 vir
1684 609 1877 681 eligat.
1901 610 1971 664 Et

318 700 517 774 primo
556 699 817 773 supellex
865 700 947 756 sic
991 699 1327 755 dividatur:
1369 700 1581 756 Omnia
1622 717 1759 755 vasa
1800 698 1968 756 lactis

316 795 526 862 praeter
556 806 741 846 unum
773 789 989 857 sinum,
1014 789 1073 844 id
1095 792 1183 845 est
1214 790 1364 845 ὀαεοί
1396 786 1659 843 mulieris
1690 793 1879 854 erunt,
1913 790 1970 842 ct

316 880 511 936 discos
532 896 736 935 omnes
755 878 993 935 habebit
1014 882 1222 949 praeter
1244 895 1471 945 unum,.
1488 881 1569 933 .et
1589 877 1689 932 illa
1716 877 1831 931 duo
1863 874 1968 930 viri

315 974 517 1037 erunt;
552 985 789 1024 currum
824 985 953 1022 vero
984 984 1118 1022 cum
1153 985 1267 1022 uno
1289 968 1455 1039 jugo,
1489 972 1545 1021 et
1576 965 1775 1021 omnia
1807 982 1965 1030 vasa,

316 1061 490 1129 potus
521 1062 577 1113 et
616 1057 771 1113 dolia
799 1057 904 1111 viri
935 1061 1125 1122 erunt,
1156 1074 1282 1128 quae
1315 1057 1566 1127 desuper
1594 1072 1727 1111 vero
1756 1053 1967 1111 mulie-

315 1146 418 1202 ris.
444 1146 503 1202 Si
523 1147 613 1201 vir
631 1145 1019 1201 incontinenti
1046 1144 1219 1201 aliam
1251 1145 1481 1201 duxerit
1510 1161 1772 1208 uxorem,
1793 1142 1966 1198 vesti-

315 1239 513 1291 menta
544 1234 717 1307 primi
748 1234 1142 1301 lecti,scilicet
1164 1234 1477 1306 repudiatae
1513 1233 1742 1288 mittere
1776 1233 1963 1288 debet.

313 1323 415 1379 Vir
462 1323 700 1380 habebit
754 1323 1079 1379 caldarium
1128 1327 1184 1378 et
1230 1326 1514 1395 tapetum,
1551 1322 1607 1375 id
1640 1327 1730 1376 est
1762 1322 1969 1392 brycan

314 1417 372 1468 et
402 1412 689 1485 pulvinar,
723 1418 778 1467 et
808 1411 1087 1479 cultrum,
1136 1418 1192 1467 et
1250 1411 1501 1467 securim
1559 1409 1876 1483 lignorum,
1912 1412 1969 1465 et

313 1502 629 1565 terebrum,
667 1506 774 1556 etc.
1116 1546 1122 1552 .

383 1591 524 1646 XVI.
560 1591 619 1648 Si
641 1608 879 1646 uxorem
911 1607 1079 1645 suam
1106 1588 1238 1660 quis
1262 1590 1388 1644 sine
1409 1589 1533 1661 lege
1555 1585 1962 1661 repudiaverit,

314 1683 373 1736 et
402 1680 574 1736 aliam
606 1679 1035 1752 superduxerit,
1064 1678 1369 1750 repudiata
1400 1679 1573 1733 debet
1602 1679 1673 1733 de
1695 1678 1828 1748 jure
1860 1677 1964 1731 rlo-

315 1768 439 1824 mui
470 1769 677 1836 redire,
712 1772 770 1823 et
798 1768 857 1822 in
890 1785 957 1823 ea
995 1783 1335 1839 permanere
1363 1784 1465 1839 per
1496 1783 1701 1822 novem
1732 1765 1877 1833 dies,
1898 1769 1967 1820 ,et

314 1858 373 1912 in
407 1874 559 1914 nono
586 1857 698 1924 die,
734 1856 782 1912 si
827 1874 860 1912 a
907 1855 1029 1911 viro
1088 1855 1326 1912 omnino
1379 1855 1731 1922 dimittatur,
1767 1855 1967 1910 omnia

315 1963 442 2019 quae
475 1945 634 2001 illius
665 1949 824 2013 sunt,
859 1945 930 2001 de
959 1945 1134 2000 domo
1183 1944 1348 2017 prius
1388 1948 1593 2000 exeant
1626 1960 1638 1998 :
1672 1948 1730 1999 et
1761 1942 1967 1999 ultima

316 2052 513 2091 rerum
566 2051 810 2090 suarum
859 2034 989 2107 ipsa
1020 2034 1089 2089 de
1120 2033 1294 2089 domo
1325 2036 1488 2089 exeat
1520 2051 1532 2088 :
1567 2037 1623 2088 et
1653 2037 1851 2105 postea
1882 2031 1967 2089 vir

314 2124 683 2196 repudiatam
714 2123 993 2195 quietem,
1021 2123 1084 2177 id
1128 2126 1218 2178 est
1256 2122 1401 2194 dilys
1431 2121 1727 2190 clamabit,
1763 2138 1965 2193 super-

314 2214 490 2269 ducta
512 2212 645 2280 alia,
671 2212 812 2284 quia
830 2212 903 2268 de
915 2214 1052 2285 jure
1073 2213 1222 2267 duas
1253 2227 1464 2267 uxores
1495 2209 1738 2266 insimul
1766 2209 1965 2265 nullus

314 2302 485 2357 debet
514 2301 748 2357 habere.
781 2302 837 2356 Si
885 2302 1018 2374 quis
1066 2316 1307 2356 uxorem
1357 2317 1524 2356 suam
1568 2299 1877 2365 dimiserit,
1910 2303 1966 2354 et

313 2394 517 2463 postea
542 2390 739 2461 ipsum
770 2390 962 2462 operis
979 2390 1069 2445 sui
1088 2388 1443 2461 paenituerit,
1460 2392 1516 2444 et
1539 2388 1637 2444 illa
1656 2387 1777 2443 viro
1801 2386 1965 2443 alteri

316 2478 453 2534 data
501 2478 716 2534 fuerit:
769 2479 818 2534 si
868 2478 1028 2550 prior
1081 2477 1168 2532 vir
1215 2495 1344 2533 eam
1407 2478 1621 2549 poterit
1678 2476 1963 2549 attingere

314 2584 500 2623 unum
532 2567 740 2639 pedem
772 2583 906 2622 cum
936 2566 1057 2622 viro
1088 2564 1268 2622 altero
1290 2567 1350 2621 in
1372 2567 1520 2621 lecto
1541 2566 1877 2631 habentem,
1908 2568 1965 2621 et

315 2655 564 2712 alterum
613 2660 790 2724 extra,
835 2655 994 2729 prior
1038 2656 1109 2711 de
1149 2656 1284 2728 jure
1333 2655 1503 2712 debet
1548 2672 1677 2710 eam
1727 2670 1963 2725 recupe-

313 2762 462 2803 rare.
1216 2788 1227 2795 ν

382 2834 552 2893 XVII.
587 2834 645 2891 Si
677 2833 888 2891 mulier
916 2837 1090 2907 negat
1118 2832 1497 2901 adulterium,
1527 2833 1624 2889 det
1656 2833 1962 2903 juramen-

311 2927 440 2980 tum
473 2943 504 2980 L
534 2924 885 2992 mulierum;
919 2922 1191 2980 similiter
1237 2922 1469 2978 adulter
1515 2938 1756 2995 negans,
1795 2921 1960 2992 jura-

312 3017 577 3070 mentum
606 3032 637 3070 ι.
667 3012 945 3069 virorum.
977 3014 1047 3068 Et
1077 3012 1266 3068 tribus
1306 3012 1377 3067 de
1422 3010 1615 3066 causis
1647 3011 1821 3065 datur
1849 3009 1962 3066 tale

302 3103 709 3175 juramentum
745 3118 757 3158 :
792 3102 841 3159 si
870 3101 1179 3158 vidcantur
1208 3100 1421 3156 mulier
1461 3101 1702 3157 veniens
1730 3100 1799 3155 de
1829 3099 1959 3155 luco

310 3207 379 3247 ex
399 3209 517 3247 una
539 3195 722 3264 parte,
747 3196 803 3247 et
822 3191 909 3247 vir
940 3190 1180 3247 veniens
1201 3206 1270 3245 ex
1291 3189 1473 3245 altera
1503 3193 1666 3261 parte
1695 3189 1958 3259 ejusdem

1997 1901 2044 1965 B

2081 611 2348 682 amaabyr
2391 608 2472 677 (id
2511 616 2612 675 est,
2660 607 2917 679 pretium
2962 604 3335 679 virginitatis)
3386 604 3610 662 habere.
3652 606 3703 662 Si

2078 698 2337 771 aliquam
2388 698 2520 770 quis
2572 697 2631 752 in
2664 697 2888 752 ἰατὴναά
2920 696 2997 767 (id
3024 703 3123 761 est,
3157 699 3359 768 raptus
3394 694 3699 765 mulierum)

2078 789 2350 854 adducat,
2378 792 2435 843 et
2463 787 2535 842 ad
2567 787 2809 841 domum
2851 785 3101 856 alicujus
3133 784 3435 858 optimatis
3465 802 3595 840 cum
3624 784 3727 840 illa.

2075 877 2253 943 vadit,
2278 878 2683 948 ﬁdejussorem
2706 892 2740 930 a
2768 875 2889 930 viro
2925 875 2995 930 de
3028 878 3145 929 toto
3169 875 3303 947 jure
3333 874 3701 939 abducta,an-

2075 970 2310 1038 tequam
2343 963 2584 1021 insimul
2616 964 2930 1031 dormiant,
2962 963 3216 1035 optimas
3244 964 3510 1035 accipiat.

2146 1055 2312 1111 XXII.
2348 1056 2489 1111 Tres
2520 1058 2714 1109 autem
2757 1057 2895 1108 sunt
2941 1051 3210 1107 homines
3243 1069 3493 1125 quorum
3526 1052 3700 1108 nullus

2076 1148 2268 1216 potest
2298 1161 2400 1217 per
2429 1160 2623 1216 regem
2650 1142 3043 1215 impignorare
3074 1145 3276 1197 contra
3306 1140 3543 1213 aliquod
3564 1142 3701 1213 judi-

2076 1231 2253 1288 cium.
2287 1232 2519 1288 Primus
2558 1237 2646 1287 est
2677 1248 2793 1303 rex,
2826 1230 2927 1285 ubi
2978 1248 3088 1286 non
3141 1230 3354 1303 poterit
3401 1232 3702 1287 secundum

2075 1321 2265 1395 legem
2296 1322 2353 1376 in
2387 1320 2484 1377 lite
2516 1325 2670 1377 stare
2711 1322 2905 1376 ceram
2947 1318 3147 1391 judice
3197 1337 3325 1388 suo,
3359 1320 3603 1393 agendo,
3632 1319 3701 1375 vel

2077 1411 2481 1482 respondendo
2507 1427 2611 1482 per
2640 1408 2983 1481 dignitatem
3009 1409 3358 1472 naturalem.
3388 1408 3475 1465 vel
3507 1426 3607 1482 per
3632 1410 3705 1464 di-

2076 1500 2359 1573 gnitatem
2390 1503 2578 1563 terrae,
2608 1501 2676 1553 ut
2706 1497 2961 1569 optimas
2990 1496 3078 1553 vel
3110 1496 3281 1553 alius.
3316 1497 3618 1554 Secundus
3633 1502 3708 1553 est

2073 1587 2504 1644 ecclesiasticus
2524 1586 2707 1643 sacris
2733 1585 3040 1641 ordinibus
3059 1585 3372 1658 obligatus.
3386 1585 3613 1642 Tertius
3629 1590 3705 1641 est

2076 1676 2506 1733 ecclesiasticus
2519 1674 2828 1747 religiosus
2840 1674 3342 1747 obligatus.Nemo
3354 1675 3511 1730 enim
3527 1691 3708 1730 secun-

2077 1767 2217 1821 dum
2250 1767 2435 1838 legem
2469 1768 2660 1837 potest
2691 1764 2829 1819 dare
2848 1763 3063 1836 pignus
3081 1764 3705 1835 contraiudicium,nisi

2079 1853 2188 1907 sub
2213 1851 2469 1925 periculo
2499 1849 2668 1923 pretii
2698 1868 2817 1905 suae
2839 1849 3071 1923 linguae,
3091 1851 3191 1906 sed
3218 1849 3449 1906 nullum
3471 1852 3703 1924 pretium

2075 1941 2461 1997 constitutum
2494 1943 2583 1995 est
2614 1939 2672 1993 in
2703 1938 2830 2012 lege
2860 1939 3060 1994 Howel
3094 1955 3268 2011 super
3305 1939 3628 1996 membrum
3656 1945 3702 1995 et

2076 2030 2448 2102 sanguinem,
2469 2028 2556 2084 vel
2576 2028 2770 2084 saraed
2789 2027 3187 2095 ecclesiastici,
3202 2032 3267 2083 ut
3279 2032 3419 2084 sunt
3434 2028 3698 2100 pradicti:

2075 2125 2131 2175 et
2162 2120 2291 2174 ideo
2340 2117 2540 2173 nullus
2588 2134 2790 2172 eorum
2841 2120 3033 2189 potest
3059 2117 3197 2171 dare
3225 2117 3466 2172 vadium
3497 2117 3564 2172 de
3583 2118 3701 2189 jure

2074 2213 2276 2265 contra
2299 2207 2593 2279 judicium
2621 2206 2708 2261 vel
2742 2222 2873 2262 cum
2899 2205 3372 2276 judicio.0mnia
3400 2210 3590 2262 autem
3614 2224 3701 2261 no-

2074 2301 2347 2353 cumenta
2376 2295 2660 2368 sacrilega
2690 2313 2817 2368 quae
2867 2295 3009 2350 fient
3045 2294 3479 2363 ecclesiasticis,
3510 2296 3701 2352 debent

2072 2387 2130 2442 in
2164 2387 2382 2460 synodo
2436 2385 2762 2441 secundum
2809 2384 2999 2458 legem
3039 2383 3495 2441 ecclesiasticam
3525 2401 3699 2441 emen-

2073 2476 2220 2533 dari.

2143 2565 2336 2621 XXIII.
2371 2566 2513 2620 Tres
2544 2567 2684 2619 sunt
2710 2562 2983 2619 homines
3018 2579 3269 2636 quorum
3302 2561 3503 2619 nullus
3529 2568 3701 2636 potest

2073 2671 2201 2711 esse
2219 2672 2321 2727 per
2351 2653 2540 2728 legem
2560 2653 2743 2725 judex
2771 2652 3001 2727 dignus.
3020 2651 3252 2707 Primus
3270 2656 3357 2708 est
3378 2653 3697 2718 mendosus,

2071 2744 2131 2800 id
2165 2749 2253 2801 est
2282 2761 2512 2811 anavus,
2544 2742 2634 2799 vel
2678 2760 2885 2810 caecus,
2916 2741 3005 2798 vel
3037 2742 3274 2811 surdus,
3300 2740 3392 2798 vel
3432 2740 3699 2814 leprosus,

2070 2834 2160 2890 vel
2193 2834 2433 2901 stultus,
2457 2832 2556 2905 qui
2586 2832 2663 2889 sit
2689 2830 2868 2888 semel
2898 2831 3115 2904 ligatus
3144 2834 3384 2904 propter
3407 2830 3696 2886 stultitiam

2073 2940 2262 2991 suam,
2326 2924 2384 2979 id
2438 2926 2526 2978 est
2576 2922 2963 2994 goy/fvyllauc,
3012 2920 3097 2977 vel
3148 2920 3251 2992 qui
3297 2921 3521 2976 nesciat
3567 2924 3697 2976 recte

2070 3013 2253 3085 loqui,
2286 3011 2375 3067 vel
2403 3027 2531 3083 cryc
2558 3011 2858 3066 anennual.
2894 3009 3198 3065 Secundus
3245 3013 3337 3064 est
3374 3008 3696 3065 ecclesiasti-

2070 3120 2175 3159 cus
2197 3101 2381 3158 sacris
2411 3099 2718 3156 ordinibus
2741 3099 2831 3155 vel
2862 3097 3129 3172 religioni
3160 3096 3696 3170 obligatus.Tertius

2069 3196 2159 3247 est
2183 3191 2370 3246 laicus
2399 3190 2524 3246 sine
2573 3192 2858 3261 potestate
2897 3186 3206 3259 judicandi
3240 3203 3346 3260 per
3374 3186 3694 3261 dignitatem

308 3277 426 3335 luci
447 3279 507 3335 in
529 3280 731 3335 eadem
753 3279 916 3347 hora,
940 3278 1026 3335 vel
1045 3278 1093 3335 si
1113 3277 1957 3349 videanturinsimuljacentes
1988 3270 2031 3338 C
2068 3285 2255 3347 terrae,
2288 3278 2379 3335 vel
2410 3278 2742 3335 servitoriae.

308 3368 420 3423 sub
446 3385 561 3425 uno
593 3367 888 3442 pallio,vel
920 3368 968 3424 si
1000 3367 1263 3424 videatur
1287 3366 1374 3422 vir
1404 3366 1554 3424 inter
1582 3367 1805 3422 femora
1833 3383 1959 3422 mu-

306 3454 489 3514 lieris.

376 3546 569 3603 XVIII.
604 3546 662 3603 Si
696 3565 813 3620 qua
841 3545 1053 3603 mulier
1081 3563 1204 3602 rem
1240 3550 1472 3619 turpem
1502 3562 1637 3601 cum
1670 3544 1782 3601 alio
1812 3543 1955 3613 viro,

302 3634 390 3690 vel
421 3636 641 3701 osculo,
673 3636 762 3692 vel
794 3654 995 3697 manu,
1028 3636 1117 3691 vel
1150 3640 1352 3708 stupro
1380 3635 1581 3708 egerit,
1615 3635 1686 3689 de
1698 3635 1834 3706 jure
1856 3651 1956 3706 po-

302 3725 421 3779 test
449 3724 743 3796 repudiari
779 3742 813 3778 a
839 3725 963 3779 viro
996 3742 1125 3793 suo,
1159 3729 1217 3780 et
1248 3723 1446 3779 omnia
1480 3724 1619 3795 jura
1648 3741 1757 3779 sua
1786 3724 1959 3780 debet

304 3811 592 3876 amittere,
628 3812 803 3867 etiam
835 3830 939 3884 pro
972 3812 1094 3868 solo
1126 3811 1344 3878 osculo,
1382 3813 1599 3868 nedum
1650 3830 1754 3885 pro
1802 3812 1952 3867 aliis.

303 3898 549 3956 Adulter
577 3917 679 3970 pro
709 3904 911 3972 stupro
941 3901 1146 3956 reddet
1164 3899 1442 3971 injuriam
1463 3916 1599 3956 cum
1629 3918 1748 3956 una
1776 3900 1957 3957 eleva-

304 3988 464 4044 tione
494 3986 579 4041 illi
610 3988 779 4058 cujus
809 4005 1043 4044 uxorem
1086 3987 1403 4059 violaverit,
1444 3990 1584 4061 quia
1630 3991 1700 4045 de
1746 4007 1956 4063 genere

307 4074 651 4132 hostilitatis
681 4079 790 4131 est.
823 4077 931 4131 Pro
978 4075 1310 4148 palpatione
1352 4094 1636 4132 manuum
1675 4077 1735 4133 in
1767 4078 1952 4146 vulva,

304 4182 435 4237 qua;
466 4164 678 4221 dicitur
705 4181 892 4237 govys,
924 4165 1128 4221 reddet
1156 4165 1434 4236 injuriam
1460 4164 1585 4221 sine
1613 4165 1952 4223 elevations.

304 4253 413 4309 Pro
445 4252 643 4309 osculo
675 4257 906 4309 tantum
939 4252 1167 4309 adulter
1196 4253 1471 4325 injuriam
1497 4255 1717 4323 reddet,
1754 4256 1956 4329 sedjde

300 4342 520 4415 injuria
547 4343 720 4399 tertia
745 4360 882 4415 pars
910 4343 1094 4411 cadet,
1129 4342 1268 4415 quia
1288 4360 1401 4399 non
1425 4343 1633 4399 habuit
1663 4361 1785 4400 rem
1819 4362 1953 4400 cum

299 4449 368 4487 ea
397 4449 467 4489 ex
500 4436 643 4500 toto,
666 4438 725 4489 et
753 4433 860 4489 hoc
891 4450 1070 4489 causa
1095 4432 1423 4504 decipiendi
1453 4450 1603 4501 eam,
1639 4432 1723 4489 sic
1753 4434 1955 4491 dicunt

299 4521 679 4594 quidam,alii
712 4539 846 4579 vero
877 4525 943 4578 ut
974 4522 1087 4577 nisi
1120 4526 1584 4595 consequuntur,
1600 4522 1948 4593 declaratur,

299 4610 785 4682 qualitercunque
814 4611 968 4667 facta
998 4610 1193 4666 fuerit.

368 4699 507 4755 XIX.
541 4700 649 4764 Qui
669 4718 903 4757 uxorem
920 4700 1173 4771 alicujus
1194 4699 1514 4768 osculatur,
1530 4704 1803 4771 quartam
1817 4718 1955 4772 par-

298 4790 417 4841 tem
465 4787 691 4859 injuriae
735 4788 786 4845 ei
834 4789 1057 4856 reddet,
1108 4788 1378 4844 similiter
1415 4789 1487 4843 de
1534 4806 1715 4861 govys,
1749 4790 1861 4845 nisi
1896 4790 1954 4844 in

297 4874 436 4930 ludo
486 4876 587 4947 qui
635 4877 849 4932 dicitur
890 4894 1061 4948 guare
1103 4877 1308 4949 raﬂhu,
1341 4876 1429 4932 vel
1460 4878 1519 4932 in
1556 4877 1835 4944 convivio,
1867 4878 1954 4935 vel

298 4963 534 5035 quando
565 4963 700 5034 quis
731 4965 802 5020 de
830 4964 1002 5038 longe
1034 4965 1276 5023 venerit.

369 5052 482 5107 XX.
513 5051 756 5125 Goronvy
786 5056 855 5109 ab
884 5055 1147 5126 morydyc
1176 5054 1405 5111 dicebat
1425 5055 1578 5127 quod
1600 5055 1686 5111 vir
1715 5056 1954 5113 alterius

298 5157 478 5196 uxore
526 5140 656 5213 ipsa
699 5141 925 5198 volente
976 5142 1244 5212 abutens,
1280 5143 1424 5199 nihil
1472 5145 1642 5201 debet
1690 5146 1950 5215 reddere,

299 5230 443 5285 dum
475 5228 685 5285 mulier
715 5230 806 5286 sui
836 5231 975 5286 facti
1022 5230 1222 5288 laudat
1269 5236 1603 5303 auctorem;
1638 5236 1739 5291 sed
1783 5236 1833 5291 si
1866 5235 1949 5291 fa-

298 5322 460 5375 ctum
492 5322 699 5375 notum
725 5318 918 5386 fuerit,
950 5318 1162 5375 mulier
1219 5318 1393 5376 habet
1439 5322 1559 5378 viro
1610 5340 1717 5383 suo
1755 5324 1952 5381 saraed

298 5408 560 5479 reddere,
592 5407 680 5465 vel
730 5408 817 5464 vir
862 5425 991 5464 eam
1040 5406 1219 5465 libere
1258 5411 1540 5482 repudiet,
1575 5415 1631 5468 et
1661 5414 1733 5469 ab
1767 5431 1834 5470 ea
1863 5414 1950 5470 di-

297 5500 505 5554 vertat.

367 5586 507 5643 XXI.
537 5589 716 5645 Nemo
750 5586 1029 5644 feminam
1061 5587 1159 5643 det
1187 5588 1309 5641 viro
1340 5591 1657 5661 antequam
1694 5592 1766 5648 de
1792 5609 1949 5649 mer-

298 5676 436 5733 cede
453 5677 690 5735 domino
715 5677 1010 5735 reddenda
1040 5677 1446 5750 ﬁdejussorem
1480 5679 1953 5751 accipiat.Puella

2138 3369 2328 3425 XXIV.
2358 3369 2500 3425 Tres
2532 3372 2671 3424 sunt
2700 3367 2782 3423 rei
2812 3369 3250 3439 conquestores,
3275 3383 3311 3422 a
3332 3382 3467 3439 rege
3487 3370 3698 3439 propter

2067 3456 2336 3531 querelas
2369 3474 2508 3514 suas
2537 3456 2840 3529 puniendi.
2866 3456 3100 3511 Primus
3127 3459 3217 3511 est
3248 3456 3351 3527 qui
3383 3456 3482 3511 det
3504 3456 3697 3528 pignus

2066 3553 2269 3604 contra
2290 3546 2582 3619 judicium
2613 3545 2767 3618 quod
2799 3562 2903 3617 per
2931 3544 3112 3611 aliud,
3136 3543 3195 3600 id
3224 3548 3315 3600 est
3340 3544 3693 3616 ghurgvystyl,

2067 3642 2125 3693 et
2157 3635 2565 3693 auctoritatem
2613 3635 2895 3707 scriptam
2927 3634 2997 3689 de
3028 3633 3259 3705 legibus
3288 3639 3496 3689 contra
3522 3633 3695 3706 ipsum

2066 3724 2279 3798 poterit
2327 3724 2698 3793 confirmari;
2746 3723 2843 3780 ille
2890 3722 3076 3796 pretio
3122 3721 3337 3795 linguae
3384 3740 3503 3778 suae
3548 3723 3697 3778 debet

2065 3814 2280 3888 puniri.
2315 3814 2623 3871 Secundus
2672 3813 2773 3885 qui
2818 3812 2917 3868 det
2952 3812 3167 3886 pignus
3196 3815 3403 3868 contra
3422 3811 3694 3883 judicium

2065 3904 2220 3976 quod
2246 3920 2423 3975 super
2442 3901 2699 3974 aliquem
2718 3901 2899 3957 alium
2923 3917 3101 3974 quam
3131 3900 3394 3973 seipsum
3421 3898 3695 3967 detur,ille

2066 4010 2172 4050 suo
2220 3994 2458 4047 camlvrv
2508 3991 2588 4063 (id
2616 3998 2711 4057 est,
2745 3989 2956 4059 multa)
3003 3990 3177 4046 debet
3224 3989 3443 4062 puniri.
3485 3988 3695 4045 Tertius

2065 4087 2173 4150 est,
2199 4080 2249 4137 si
2284 4081 2418 4153 quis
2448 4084 2641 4136 careat
2671 4078 2952 4153 dignitate
2982 4078 3695 4152 impignorandi,videlieet

2064 4170 2337 4227 sacerdos
2368 4168 2458 4224 vel
2488 4167 2640 4224 alius
2674 4186 2687 4223 :
2731 4167 2959 4224 licitum
2991 4171 3080 4224 est
3108 4167 3161 4223 ei
3193 4166 3588 4224 contradicere
3607 4168 3695 4237 ju-
3728 4198 3733 4203 η

2063 4259 2214 4315 dicio
2247 4275 2347 4331 per
2374 4257 2782 4314 auctoritatem
2814 4258 2885 4313 de
2916 4255 3145 4330 legibus
3171 4272 3183 4312 :
3212 4263 3271 4312 et
3300 4255 3349 4312 si
3379 4255 3466 4312 sic
3497 4259 3697 4312 contra-
3728 4284 3735 4293 ι

2062 4349 2237 4416 dicat,
2268 4347 2673 4418 eﬁauctoritas
2702 4347 2752 4402 ei
2786 4345 2966 4411 fallat,
2989 4346 3228 4401 camlvrv
3261 4344 3517 4401 amittat.
3538 4345 3696 4400 Nemo

2062 4441 2257 4494 autem
2289 4454 2392 4510 per
2420 4435 2715 4508 judicium
2749 4435 3074 4507 litigiosum
3105 4434 3337 4490 amittet
3375 4432 3513 4506 plus
3542 4447 3698 4505 quam

2060 4528 2321 4594 camlvrv,
2345 4524 2461 4581 nisi
2489 4541 2624 4581 vera
2652 4524 2731 4580 sit
2754 4523 3167 4597 impignoratio
3196 4522 3367 4579 vadio
3398 4526 3598 4579 contra
3613 4536 3697 4574 va-

1982 4637 2030 4701 D
2063 4617 2247 4672 dium.

2136 4703 2293 4759 XXV.
2329 4702 2394 4759 In
2423 4701 2549 4776 lege
2599 4702 2863 4758 Romana
2911 4701 3202 4774 reperitur
3234 4718 3248 4757 :
3282 4701 3390 4756 Ubi
3437 4711 3695 4756 numerus

2063 4794 2304 4850 testium
2362 4808 2479 4848 non
2533 4791 2832 4858 deﬁnitur,
2884 4790 2964 4845 ibi
3022 4790 3138 4846 duo
3199 4789 3523 4846 sufﬁciunt.
3567 4785 3698 4843 Dicit

2063 4898 2295 4954 quoque
2333 4880 2425 4937 lex
2459 4898 2471 4935 :
2506 4880 2691 4937 Unius
2740 4879 3148 4936 testimonium
3200 4896 3317 4935 non
3366 4882 3457 4934 est
3506 4874 3697 4932 admit-

2062 4971 2325 5027 tendum.
2378 4970 2497 5026 Hoc
2544 4987 2675 5026 vero
2723 4969 2937 5025 dicitur
2984 4969 3140 5041 quod
3193 4985 3400 5023 novem
3451 4963 3697 5022 homines

2063 5062 2221 5126 sunt,
2256 5074 2508 5130 quorum
2538 5056 2854 5130 unicuique
2884 5061 2941 5113 et
2967 5056 3077 5113 soli
3104 5058 3163 5113 in
3194 5056 3435 5113 ferendo
3464 5052 3698 5111 testimo-

2062 5148 2158 5204 nio
2189 5147 2547 5203 credendum
2578 5149 2685 5215 est,
2708 5147 2809 5201 sed
2841 5149 3037 5202 tamen
3062 5142 3695 5218 jurejurando.Primus

2060 5241 2169 5304 est,
2201 5235 2476 5292 dominus
2508 5235 2660 5291 inter
2697 5235 2846 5292 duos
2876 5235 3183 5304 homines;
3217 5235 3300 5290 ita
3329 5238 3527 5289 tamen
3560 5225 3695 5302 quod

2060 5344 2176 5384 non
2227 5325 2305 5381 sit
2351 5325 2638 5398 particeps
2685 5324 2808 5380 litis
2840 5328 2897 5380 et
2926 5325 3007 5379 rei
3040 5341 3108 5379 ex
3134 5322 3233 5379 lite
3264 5317 3692 5393 consequentis,

2059 5420 2118 5473 et
2144 5415 2534 5472 confiteantur
2586 5414 3017 5470 contentionem
3071 5428 3241 5469 suam
3297 5410 3467 5484 prius
3516 5419 3694 5464 coram

2060 5505 2298 5562 domino
2356 5520 2460 5559 suo
2518 5503 2720 5569 fuisse,
2755 5506 2812 5558 et
2869 5520 2984 5558 non
3039 5501 3215 5557 fuerit
3268 5500 3471 5556 undull
3508 5496 3589 5569 (id
3631 5498 3697 5548 est

2059 5593 2414 5662 uniformis).
2446 5594 2519 5648 At
2549 5591 2597 5648 si
2630 5591 2777 5648 alter
2805 5608 3007 5648 eorum
3040 5590 3362 5665 negaverit,
3393 5604 3529 5644 cum
3553 5586 3700 5658 jura.

2061 5688 2256 5741 mento
2288 5681 2542 5755 negabit.
2568 5681 2631 5739 In
2662 5680 2776 5739 alio
2811 5698 2949 5741 casu
2979 5697 3184 5739 novem
3214 5679 3343 5736 dies
3373 5678 3587 5735 dantur
3611 5671 3698 5727 do—
