3810 6214
344 332 462 393 4Τ)

1005 328 1345 391 ΑΡΡΕΝῙ).
1390 330 1494 390 AD
1537 328 1724 391 SZEC.
1771 329 1847 390 X.
1882 362 1941 373 -—

2163 330 2493 392 UMENTA
2536 331 3083 395 DIPLOMATICA.

3630 335 3741 397 480

345 465 547 531 cerint,
579 464 747 537 diruy
778 463 859 533 (id
881 470 980 533 est,
1012 461 1231 520 mulcta
1278 478 1381 518 seu
1428 460 1753 534 mulctatio)
1786 478 1986 519 eorum
2016 464 2073 531 Α
2098 466 2155 518 et
2180 462 2425 520 ecclesia
2460 463 2609 536 Yssyl
2647 466 2720 521 ab
2771 463 2868 521 illo
2917 466 3111 523 debito
3161 465 3354 524 liberae
3415 473 3613 541 erunt,
3643 471 3733 542 qui

345 572 493 629 regi.

416 645 642 703 ΧΧΖΙΧ.
675 643 909 716 Septem
933 643 1143 698 domus
1164 640 1523 713 episcopales
1544 643 1684 696 sunt
1701 640 1760 695 in
1785 641 1988 712 Dyved,

346 736 751 805 Menevia,quzn
784 736 873 788 est
903 732 1070 787 sedes
1101 729 1443 803 principalis
1474 729 1533 783 in
1574 728 1865 800 Cambria,
1898 747 1987 785 ec-

345 821 523 878 clesia
580 821 791 888 Ismael,
841 819 1083 877 ecclesia
1141 820 1463 887 Degeniam,
1511 817 1754 872 ecclesia
1816 818 1984 889 Yssyl,

344 911 590 967 ecclesia
626 911 839 982 Teylav,
871 907 1115 965 ecclesia
1149 908 1457 975 Teutidauc,
1491 906 1735 962 ecclesia
1780 912 1982 962 Kcneu.

343 1002 614 1056 Abbates.
656 1001 870 1072 Tcylav,
901 1002 959 1053 et
1006 996 1328 1069 Teulydauc,
1370 999 1427 1051 et
1471 997 1684 1065 Ismael,
1720 1001 1774 1051 et
1823 998 1984 1067 Dege-

341 1092 477 1146 nian
512 1093 784 1145 tenentur
812 1086 1003 1143 clerici
1038 1103 1166 1141 esse
1197 1090 1252 1140 et
1280 1085 1761 1141 ordinati.Ebediu
1787 1086 1986 1156 cujus-

339 1176 482 1236 libet
502 1178 747 1235 istorurn
769 1176 1005 1233 domino
1036 1175 1215 1248 Dyved
1235 1172 1655 1243 erunt,scilicet
1674 1174 1981 1230 duodecim

340 1268 613 1336 librae,vel
648 1267 747 1340 qui
781 1266 898 1322 illis
932 1264 1322 1320 successerint
1353 1264 1617 1319 reddant.
1642 1264 1881 1319 Menenio
1910 1263 1981 1317 ab

2102 552 2275 609 terris
2307 556 2525 608 carent.

2169 642 2282 697 XL.
2316 642 2397 698 De
2426 642 2580 697 furto
2611 642 3031 717 redemptionis
3060 662 3179 701 non
3210 646 3277 702 ﬁt
3305 648 3608 704 contentio
3650 666 3732 704 su-

2098 747 2201 802 per
2230 730 2473 803 aliquid,
2496 731 2610 787 nisi
2642 732 2806 804 prius
2837 732 3011 789 fuerit
3040 751 3235 791 manac
3256 752 3393 792 cum
3408 736 3733 809 juramento

2097 818 2157 873 in
2188 820 2377 875 tribus
2407 818 2571 888 locis,
2606 819 2666 874 in
2698 822 2845 877 ostio
2885 824 3224 891 coemeterii,
3258 824 3318 880 in
3368 826 3527 882 ostio
3575 827 3734 883 eccle-

2096 908 2214 976 siae,
2246 908 2305 963 in
2337 908 2483 964 ostio
2517 909 2676 965 chori
2708 927 2902 966 coram
2944 913 3282 983 presbytero
3330 913 3528 986 ipsius
3577 916 3731 973 eccle-

2097 996 2215 1062 siae,
2248 998 2433 1053 ethoc
2466 1000 2765 1072 presbyter
2796 999 2891 1056 ille
2924 1000 2982 1056 in
3009 1000 3227 1073 placito
3255 1003 3487 1060 domini
3510 1010 3731 1062 testatus

2095 1086 2192 1155 sit,
2227 1088 2397 1158 cujus
2428 1088 2601 1143 verbo
2636 1090 2992 1146 credendum
3023 1094 3113 1146 est
3157 1096 3323 1147 tunc.
3356 1093 3444 1149 De
3494 1094 3641 1151 furto
3666 1096 3730 1166 (id

2092 1184 2188 1243 est,
2225 1176 2699 1250 communicatio)
2729 1179 2975 1251 Kyssvyn
3007 1197 3121 1235 non
3154 1179 3233 1237 sit
3260 1182 3564 1239 contentio
3585 1185 3727 1255 jura-

2094 1266 2299 1333 menti,
2330 1265 2387 1320 id
2414 1270 2502 1321 est
2534 1268 2696 1337 reith,
2725 1285 2902 1340 super
2946 1268 3192 1343 aliquid,
3226 1270 3345 1327 nisi
3379 1272 3552 1345 prius
3581 1273 3729 1328 fuerit

338 1358 495 1414 omni
530 1355 725 1413 debito
754 1356 939 1412 libera
966 1357 1165 1411 manet
1194 1357 1252 1408 et
1280 1352 1490 1408 soluta.
1517 1352 1773 1407 Ecclesia
1804 1356 1984 1408 Keneu
2091 1370 2291 1409 manac
2324 1354 2382 1410 in
2415 1355 2599 1411 curia.

1575 1657 2520 1788 EDMUNDI

1772 1899 2094 1945 ANGLOBUM
2140 1901 2312 1948 REGIS

1238 2044 1681 2149 LEGES
1756 2042 2851 2150 ECCLESIAS'I‘ICZE

1708 2244 1912 2324 (Circa
1939 2261 2174 2305 annum
2202 2244 2371 2326 944.)

1828 2393 2254 2407 ἡ

572 2522 813 2581 TlTULI
852 2515 1367 2575 CAPITULORUM
1408 2513 1661 2570 PARTIS
1701 2518 1746 2568 Ι.

335 2624 382 2675 Ῑ.
416 2621 499 2674 De
527 2616 659 2672 vitae
686 2613 935 2668 castitate
962 2624 1152 2665 eorum
1178 2607 1277 2679 qui
1303 2606 1475 2660 sacris
1505 2605 1820 2660 initiantur.

336 2714 410 2764 II.
444 2709 519 2763 De
563 2703 787 2760 decimis
834 2708 885 2757 et
928 2715 1093 2756 censu
1149 2696 1527 2763 ecclesiastico,
1558 2696 1670 2749 sive
1716 2694 1985 2766 primitiis

406 2810 699 2854 seminum.

336 2890 437 2942 m.
468 2888 550 2941 De
579 2879 890 2939 homicidio.
988 2952 995 2961 θ

338 2975 433 3030 IV.
467 2978 549 3032 De
576 2987 636 3029 eo
668 2971 765 3044 qui
791 2967 1089 3025 monialem
1115 2964 1404 3037 stuprarit,
1436 2969 1487 3019 et
1512 2962 1576 3019 de
1621 2961 1910 3017 adulterio.

334 3064 404 3119 V.
438 3069 517 3121 De
539 3062 667 3135 fani
696 3058 1117 3116 instauratione.

336 3153 433 3207 VI.
467 3153 542 3207 De
563 3149 961 3222 pejerantibus,
992 3153 1043 3202 et
1072 3147 1143 3201 iis
1173 3143 1271 3215 qui
1308 3142 1539 3198 barbara
1586 3142 1914 3213 factitarunt

406 3241 703 3311 sacriﬁcia.

746 3328 908 3396 (Pars
938 3339 979 3380 II
1011 3323 1116 3379 huc
1144 3322 1290 3378 nihil
1318 3323 1573 3391 confert.)

549 3433 793 3491 TITULI
833 3429 1343 3488 CAPITULORUM
1382 3428 1638 3485 PARTIS
1671 3427 1767 3483 III.

338 3558 381 3612 Ι.
417 3560 499 3611 De
515 3551 828 3610 homicidio.

336 3646 408 3700 II.
442 3645 515 3698 De
544 3658 603 3697 eo
633 3642 730 3713 qui
786 3640 963 3694 alium
1017 3637 1349 3708 oppugnarit
1404 3636 1463 3689 in
1507 3634 1625 3691 (ede
1670 3650 1849 3702 sacra,
1882 3642 1984 3689 aut

404 3731 601 3804 oppido
630 3730 798 3800 regio.

408 3824 510 3875 III.
547 3824 622 3874 De
651 3831 856 3888 pugnae
883 3822 934 3871 et
956 3812 1246 3869 homicidii
1271 3813 1509 3867 mutetis.

407 3908 503 3963 IV.
537 3908 611 3963 Dc
638 3905 905 3975 sanguine
933 3902 1121 3975 effuso.

408 3995 476 4049 V.
511 3995 732 4051 Gratias
759 3994 895 4063 agit,
927 3990 1068 4063 quod
1094 4002 1218 4045 eum
1257 3990 1317 4044 in
1361 3988 1724 4061 proﬂigandis
1768 3991 1986 4061 furibus

338 4084 669 4159 adjuverint.

929 4185 1111 4242 PARS
1152 4184 1398 4241 PRIMA.

987 4289 1346 4331 PROOEMIUM.

410 4368 759 4427 Edmundus
791 4383 890 4423 rex
920 4366 1049 4438 ipso
1080 4363 1327 4421 solemni
1362 4362 1663 4419 Pascbatis
1691 4362 1836 4419 festo
1869 4364 1986 4420 fre-

338 4465 616 4533 quentem
638 4457 1033 4525 Londini,tam
1055 4453 1587 4510 ecclesiasticorum
1617 4468 1793 4525 quam
1815 4452 1989 4509 laico-

339 4567 493 4615 rum,
526 4552 741 4604 emtum
803 4542 1134 4610 celebravit,
1177 4542 1270 4597 cui
1318 4541 1710 4597 interfuerunt
1754 4542 1896 4610 Odo,
1931 4547 1988 4597 et

336 4638 661 4694 Vulstanus
692 4620 1454 4706 archiprtesul,plurimique
1483 4630 1582 4687 alii
1612 4630 1891 4703 episcopi,
1923 4636 1988 4684 ut

342 4725 672 4782 animorum
703 4724 1030 4795 suorum,et
1058 4737 1260 4777 eorum
1293 4719 1560 4775 omnium
1591 4720 1692 4792 qui
1723 4720 1805 4775 eis
1836 4737 1986 4775 cura:

343 4816 500 4881 sunt,
536 4813 941 4871 consuleretur
968 4809 1168 4869 saluti.

975 4926 1232 4983 CAPITU
1242 4926 1331 4981 LA
1342 4968 1355 4981 .

416 5019 461 5071 Ι.
495 5015 790 5087 Inprimis,
823 5016 924 5087 qui
955 5016 1139 5072 sacris
1171 5019 1310 5071 sunt
1338 5012 1756 5084 initiati,atque
1775 5028 1844 5068 ex
1863 5013 1987 5086 qui-

344 5107 457 5161 bus
489 5103 742 5177 populus
773 5104 875 5160 Dei
905 5104 1137 5159 virtutis
1168 5103 1499 5175 exemplum
1532 5106 1725 5175 petere
1759 5103 1992 5158 debebit

346 5195 419 5252 ad
451 5193 827 5263 imitandum,
861 5196 1019 5249 caste
1049 5193 1136 5265 (ut
1164 5209 1365 5248 eorum
1397 5193 1541 5248 feret
1566 5192 1788 5248 ordinis
1821 5193 1991 5262 ratio)

2006 2516 2055 2581 B

2156 2516 2227 2571 II.
2261 2515 2632 2573 Christianus
2663 2516 2915 2590 quisque
2961 2518 3224 2576 decimas
3273 2520 3569 2577 seminum
3614 2520 3715 2592 pri-

2095 2606 2293 2661 mitias
2325 2623 2754 2678 nummumque
2778 2606 3305 2680 eleemosynarium
3331 2610 3503 2667 illum
3527 2610 3716 2685 religio-

2094 2712 2159 2753 se
2187 2695 2459 2769 pendito;
2490 2696 2590 2769 qui
2622 2712 2737 2752 non
2769 2696 3029 2767 solverit,
3058 2698 3383 2756 anathema
3413 2705 3553 2757 esto.

2164 2786 2261 2842 III.
2284 2786 2339 2841 Si
2373 2786 2507 2858 quis
2531 2785 2788 2842 hominis
2818 2784 3132 2842 Christiani
3151 2789 3509 2861 sanguinem
3528 2789 3711 2846 effude-

2093 2876 2189 2943 rit,
2221 2876 2293 2931 ad
2345 2875 2571 2948 regium
2616 2878 2995 2947 conspectum
3041 2876 3172 2948 (etsi
3220 2876 3274 2933 ei
3323 2879 3599 2949 servierit)
3622 2894 3710 2933 non

2093 2964 2504 3032 admittitor,ni
2536 2962 2700 3036 prius
2730 2963 2788 3018 id
2820 2963 3075 3031 sceleris,
3099 2966 3272 3038 juxta
3299 2983 3376 3023 ac
3406 2968 3575 3024 fuerit
3591 2967 3631 3023 ei
3652 2966 3709 3022 ab

2092 3055 2364 3130 episcopo
2394 3053 2771 3126 imperatum,
2805 3054 3219 3126 compensarit.

2164 3143 2258 3199 IV.
2291 3143 2349 3199 Si
2385 3142 2520 3215 quis
2550 3141 2868 3200 monialem
2900 3143 3174 3216 stuparit,
3197 3148 3301 3200 aut
3336 3145 3529 3202 instar
3550 3143 3709 3202 homi-

2092 3232 2232 3289 cida:
2262 3236 2658 3305 compensate,
2690 3235 2793 3287 aut
2824 3248 2992 3288 sacra
3029 3231 3336 3305 sepultura
3390 3235 3707 3308 prohibetur.

2093 3323 2251 3379 Idem
2272 3322 2429 3392 juris
2458 3324 2601 3389 esto,
2636 3321 2684 3376 si
2716 3320 2852 3393 quis
2877 3320 3162 3378 adulterio
3190 3325 3514 3382 commisso
3543 3323 3708 3394 conju-

2092 3412 2255 3484 gium
2276 3410 2523 3465 violarit.

2161 3498 2229 3554 V.
2263 3499 2586 3571 Episcopus
2618 3498 2812 3554 omnis
2844 3499 2968 3554 suis
3013 3499 3201 3571 ipsius
3250 3503 3589 3574 sumptibus
3629 3500 3707 3556 do-

2093 3606 2257 3645 mum
2288 3588 2388 3644 Dei
2419 3588 2768 3654 instaurato,
2801 3603 3114 3660 regemque
3145 3589 3216 3644 de
3267 3590 3515 3663 reliquis
3559 3588 3706 3647 sacris

2093 3677 2316 3733 aedibus
2346 3677 2428 3746 (id
2459 3677 2613 3748 quod
2645 3676 2813 3732 valde
2842 3680 2932 3732 est
2960 3677 3388 3752 necessarium)
3425 3677 3705 3751 composite

2092 3766 2371 3823 ornandis
2396 3769 2786 3821 commoneto.

2016 3886 2059 3952 α
2168 3856 2262 3911 VI.
2294 3856 2401 3921 Qui
2432 3855 2768 3927 pejerarint,
2801 3858 2903 3910 aut
2933 3854 3184 3911 barbara
3212 3856 3541 3914 factitarint
3559 3853 3706 3913 sacri-

2097 3945 2249 4015 ﬁcia,
2281 3944 2495 4000 divinis
2542 3944 2817 4001 omnibus
2868 3944 2950 4015 [ni
2999 3944 3163 4001 ocius
3209 3945 3579 4020 resipuerint,
3607 3943 3705 4001 ani-

2094 4051 2376 4107 mumque
2435 4034 2496 4088 in
2549 4032 2761 4091 melius
2809 4032 3200 4101 emendarint]
3247 4042 3593 4109 perpetuum
3632 4048 3702 4088 ar-

2095 4127 2314 4181 centor.

2165 4214 2401 4285 (Omissa
2426 4219 2502 4268 est
2523 4228 2655 4283 pars
2682 4212 2958 4279 secundae,
2976 4213 3110 4283 quia
3138 4212 3212 4268 ad
3238 4229 3326 4270 res
3356 4214 3706 4272 ecclesiastica:

2094 4319 2204 4360 non
2231 4302 2476 4374 spectat.)

2663 4390 2842 4447 PARS
2880 4390 3168 4447 TERTIA.

2745 4496 3070 4536 PROWMIUM
3079 4521 3091 4535 .

2164 4572 2283 4643 Ego
2314 4569 2659 4626 Edmundus
2697 4586 2797 4625 rex
2840 4568 3120 4626 omnibus
3165 4570 3268 4641 qui
3319 4571 3381 4627 in
3433 4569 3703 4627 ditioneac

2094 4661 2381 4732 potestate
2431 4673 2563 4713 mea
2606 4660 2765 4725 sunt,
2801 4657 3041 4714 senibus
3090 4674 3157 4713 ac
3205 4659 3546 4728 juvenibus,
3582 4652 3704 4709 clare

2097 4746 2385 4820 significo,
2420 4762 2514 4802 me
2540 4762 2576 4801 a
2605 4745 3016 4804 scientissimis
3043 4746 3207 4820 regni
3237 4747 3356 4804 mei
3406 4748 3465 4803 in
3511 4740 3703 4801 celebri.

2096 4841 2219 4893 tam
2249 4833 2777 4905 ecclesiasticorum
2825 4851 3008 4908 quam
3058 4834 3345 4892 laicorum
3402 4828 3705 4906 frequentia,

2097 4925 2361 4982 studiose
2390 4924 2786 4997 requisivisse,
2820 4941 2935 4997 quo
2964 4925 3204 4981 tandem
3228 4928 3399 4997 pacto
3421 4920 3706 4981 Christiana

2097 5013 2508 5087 proveheretur
2537 5013 2703 5071 ﬁdes.
2729 5015 2919 5085 Atque
2949 5012 3120 5069 nobis
3156 5014 3437 5071 omnibus
3484 5021 3708 5068 commo—

2098 5102 2413 5159 dissimum
2443 5100 2636 5158 visum
2664 5106 2773 5169 est,
2808 5106 2873 5158 ut
2902 5117 3163 5159 amorem
3195 5119 3265 5159 ac
3295 5105 3559 5158 mutuam
3586 5097 3708 5152 inter

2098 5207 2303 5248 omnes
2333 5189 2795 5247 benevolentiam
2813 5207 2917 5264 per
2931 5207 3167 5248 omnem
3185 5190 3468 5248 ditionem
3485 5190 3704 5245 nostram

348 5284 467 5341 sive
486 5282 619 5349 viri,
654 5281 772 5337 sive
803 5280 1078 5336 mulieres
1104 5281 1341 5349 fuerint,
1373 5282 1554 5337 vitam
1584 5282 1939 5338 traducunto
1973 5300 1985 5338 :
2024 5260 2068 5325 Π
2099 5280 2419 5337 faveamus.
2448 5280 2675 5336 Etenim
2723 5260 2833 5336 nos
2877 5296 3084 5337 omnes
3108 5280 3321 5336 harum
3353 5280 3523 5335 taedet
3547 5270 3705 5348 quoti-

349 5373 440 5430 sin
494 5371 696 5427 minus
741 5370 801 5425 id
856 5368 1115 5437 fecerint,
1148 5373 1323 5441 prout
1374 5369 1614 5426 illorum
1663 5387 1726 5426 se
1774 5370 1992 5426 habent

349 5479 586 5531 normae,
618 5458 973 5533 plectuntor,
1004 5457 1163 5512 omni
1215 5457 1438 5513 scilicet
1482 5475 1590 5513 sua
1618 5460 1991 5530 possessione

346 5554 578 5609 terrena
629 5547 953 5606 multantor
992 5545 1126 5617 vivi,
1157 5551 1213 5602 et
1261 5546 1397 5617 (nisi
1449 5563 1642 5605 mores
1687 5549 1745 5604 in
1778 5548 1990 5604 melius

350 5637 808 5707 emendaverint)
839 5633 1051 5691 mortui
1082 5651 1248 5694 sacra
1267 5634 1644 5709 prohibentor
1664 5637 1986 5708 sepultura.

2100 5369 2409 5426 dianarum
2457 5384 2812 5441 pugnarum,
2839 5372 2895 5425 et
2938 5371 3246 5442 propterea
3292 5369 3367 5425 ad
3416 5367 3566 5424 hunc
3608 5375 3705 5417 mo-
3768 5422 3769 5431 χ

2100 5459 2240 5513 dum
2272 5456 2609 5513 statuimus.

2737 5545 3104 5603 CAPITULA.

2172 5636 2213 5691 Ι.
2249 5634 2308 5691 Si
2340 5634 2474 5708 quis
2504 5633 2685 5691 alium
2719 5635 2962 5707 posthac
3004 5634 3379 5704 interfecerit,
3410 5630 3564 5691 solus
3597 5637 3703 5682 cum
3766 5626 3767 5705 θ
