3810 6214
359 280 475 341 487

1015 277 1351 339 APPEND.
1403 279 1504 338 AD
1549 277 1737 338 SIEC.
1785 278 1861 337 X.
1894 308 1970 318 —
2002 274 2504 337 MONUMENTA
2546 274 3109 338 DIPLOMATICA.

3641 277 3736 336 488

361 410 416 466 ni
452 427 586 467 cum
617 409 741 468 suis
766 409 1144 467 ferocissimis
1170 410 1407 483 regibus
1431 424 1616 482 usque
1638 409 2001 482 Norveglam,
2033 407 2089 475 Α
2118 407 2398 481 signo,ita
2423 410 2489 463 ut
2507 408 2638 480 jam
2669 407 2924 481 amplius
2953 425 3071 465 non
3091 407 3172 466 sit
3200 409 3299 465 fas
3322 424 3515 481 neque
3530 410 3628 480 jus
3652 409 3737 467 clo

361 500 678 556 maximam
712 503 937 572 partem
964 498 1274 566 Hiberniae,
1308 514 1444 554 cum
1484 513 1593 554 sua
1641 496 2011 554 nobilissima

359 587 588 645 civitate
615 587 887 657 Dublina,
919 587 1237 662 Anglorum
1272 604 1448 661 regno
1495 588 1837 659 subjugare;
1862 602 2010 658 quos

357 677 536 734 etiam
569 694 774 734 omnes
807 676 953 733 meis
986 677 1251 750 imperiis
1281 676 1432 733 colla
1470 677 1744 745 subdere,
1776 676 1877 731 Dei
1924 675 2007 731 fa-

355 769 523 821 vente
551 766 759 839 gratia,
792 766 975 838 coegi.

429 856 791 927 Quapropter
819 859 876 909 et
904 871 1010 927 ego
1042 853 1255 910 Christi
1287 853 1532 928 gloriam
1581 858 1638 909 et
1683 852 1918 909 laudem
1947 853 2007 907 in

355 959 534 1014 regno
568 959 697 998 meo
728 941 996 1007 exaltare,
1031 947 1087 998 et
1117 944 1248 1014 ejus
1279 942 1581 998 servitium
1624 940 2005 1014 ampliﬁcare,

354 1032 595 1087 devotus
618 1031 968 1103 disposui,et
985 1048 1091 1103 per
1108 1048 1267 1088 meos
1291 1031 1491 1088 ﬁdeles
1513 1032 1790 1099 fautores,
1818 1032 2008 1087 Duns-

352 1123 555 1175 tanum
586 1119 856 1175 videlicet
907 1119 1435 1192 archiepiscopum,
1470 1124 1529 1175 et
1569 1118 2005 1175 Athelwoldum

350 1224 417 1263 ac
438 1207 779 1265 Oswaldum
801 1207 1105 1281 episcopos
1124 1209 1301 1281 (quod
1324 1208 1469 1264 mihi
1506 1209 1704 1264 Patres
1733 1208 2007 1280 spiritua-

346 1295 430 1353 les
460 1300 518 1353 et
539 1296 939 1353 consiliatores
962 1297 1128 1370 elegi)
1151 1314 1368 1371 magna
1397 1314 1465 1353 cx
1487 1298 2001 1370 parte,secundum

346 1389 499 1459 quod
531 1387 814 1459 disposui,
849 1387 1085 1460 perfeci,
1121 1392 1233 1443 etc.

417 1477 478 1533 Si
538 1476 777 1548 quidem
824 1478 1189 1548 temporibus
1240 1480 1680 1532 antecessorum
1735 1491 2001 1531 meorum

346 1582 552 1638 regum
602 1565 949 1637 Anglorum,
983 1566 1357 1633 monasteria,
1399 1569 1521 1620 tam
1580 1563 2002 1620 monachorum

346 1671 526 1726 quam
548 1653 866 1727 virginum,
894 1655 1214 1721 destructa,
1250 1654 1484 1727 penitus
1514 1654 1728 1725 rejecta
1775 1652 1835 1707 in
1880 1657 2003 1709 tota

344 1742 552 1815 Anglia
584 1746 767 1811 erant,
799 1759 930 1814 qua:
958 1759 1063 1814 ego
1094 1744 1165 1798 ad
1198 1743 1299 1798 Dei
1331 1742 1564 1798 laudem
1598 1760 1700 1815 pro
1746 1740 1999 1797 remedio

345 1831 555 1887 animai
587 1848 726 1886 meas
774 1847 1068 1905 reparare,
1098 1835 1156 1886 et
1204 1848 1504 1887 servorum
1550 1836 1607 1887 et
1650 1830 1996 1887 ancillarum

346 1919 447 1975 Dei
475 1936 790 1976 numerum
830 1919 1222 1992 multiplicare
1262 1920 1481 1976 devovi.
1516 1921 1586 1975 Et
1617 1920 1759 1992 ipsis
1791 1936 1998 1992 supra-

346 2008 516 2064 dictis
557 2008 704 2064 meis
754 2009 1227 2081 cooperatoribus
1276 2012 1513 2065 strenue
1570 2008 1994 2075 annitentibus,

334 2097 462 2168 jam
489 2098 879 2170 quadraginta
908 2102 965 2154 et
993 2106 1213 2171 septem
1247 2098 1604 2154 monasteria
1622 2114 1756 2153 cum
1786 2114 1995 2152 mona-

343 2184 468 2240 chis
497 2191 554 2241 et
582 2184 1130 2241 sanctimonialibus
1180 2184 1457 2241 constitui
1490 2202 1503 2239 :
1538 2190 1594 2240 et
1642 2183 1692 2240 si
1730 2183 1997 2239 Christus

342 2274 525 2329 vitam
561 2274 708 2336 mihi
742 2274 947 2330 tandiu
980 2274 1352 2342 concesserit,
1377 2289 1564 2345 usque
1593 2273 1665 2329 ad
1711 2272 1998 2345 quinqua-

347 2362 641 2433 gesimum
702 2362 1068 2418 remissionis
1122 2376 1434 2419 numerum
1483 2361 1565 2431 (id
1614 2368 1690 2417 est
1725 2360 1993 2432 jubilaai),

344 2467 485 2505 mea:
516 2451 733 2506 devotae
764 2450 866 2506 Dei
898 2450 1311 2506 muniﬁcentiae
1357 2448 1712 2506 oblationem
1758 2454 1993 2521 proten-

344 2539 479 2593 dere
512 2538 762 2593 decrevi.

414 2626 578 2682 Unde
611 2642 765 2681 nunc
795 2625 855 2681 in
888 2628 1158 2699 praesenti
1186 2627 1628 2695 monasterium,
1659 2628 1812 2699 quod
1846 2644 1990 2700 prie-

342 2714 538 2771 dictus
561 2716 911 2771 reverendus
931 2715 1241 2788 episcopus
1262 2715 1664 2783 Oswaldus,in
1685 2717 1820 2773 sede
1845 2716 1992 2788 epis-

341 2802 529 2876 copali
560 2804 1073 2877 Wiogreceastere,
1099 2804 1157 2859 in
1191 2804 1410 2862 honore
1439 2807 1653 2860 sanctis
1684 2804 1783 2861 Dei
1823 2805 1991 2877 geni-

2120 497 2256 552 ricis
2287 496 2642 553 reclamandi
2673 497 2995 571 quidquam
3021 497 3188 567 inde;
3211 498 3432 571 quippe
3450 498 3549 570 qui
3578 499 3737 573 magis

2117 587 2440 659 elegerunt,
2475 604 2607 642 cum
2641 587 2734 642 sui
2765 586 2987 643 ordinis
3016 586 3276 658 periculo
3307 592 3368 643 et
3395 586 3736 644 ecclesiastici

2118 672 2384 729 beneﬁcii
2415 672 2745 745 dispendio,
2775 673 2900 730 suis
2930 673 3210 731 uxoribus
3247 673 3543 731 adhaerere
3588 692 3735 748 quam

2117 766 2232 817 Deo
2263 765 2419 817 caste
2449 766 2506 817 et
2533 762 2811 819 canonice
2841 763 3077 819 servire.
3103 764 3173 820 Et
3202 762 3334 819 ideo
3384 768 3593 820 cuncta
3630 782 3734 839 qua

2119 848 2203 905 illi
2236 850 2307 905 de
2336 849 2580 907 ecclesia
2609 852 3022 924 possederunt,
3050 868 3184 908 cum
3208 852 3337 925 ipsa
3365 851 3624 921 ecclesia,
3639 854 3734 910 sive

2117 939 2529 1008 ecclesiastica,
2545 940 2667 996 sive
2697 940 3016 1011 saecularia,
3035 945 3158 997 tam
3186 940 3430 998 mobilia
3458 958 3628 1014 quam
3644 940 3733 997 im-

2118 1027 2379 1093 mobilia,
2402 1028 2547 1099 ipsis
2573 1029 2669 1085 Dei
2691 1029 2872 1086 servis
2894 1029 3199 1087 monachis
3220 1031 3294 1086 ab
3314 1030 3426 1087 hac
3446 1030 3541 1086 die
3568 1046 3735 1104 perpe-

2120 1116 2352 1172 tualiter
2368 1118 2537 1191 regiae
2553 1118 2967 1174 muniﬁcentiae
2976 1121 3112 1191 jure
3124 1119 3400 1192 deinceps
3412 1119 3734 1193 possidenda

2114 1206 2280 1261 trado
2312 1209 2370 1262 et
2400 1206 2703 1280 consigno,
2735 1207 2817 1263 ita
2845 1206 3111 1277 ﬁrmiter,
3145 1214 3212 1263 ut
3242 1208 3390 1264 nulli
3410 1208 3732 1282 principum,

2116 1310 2220 1349 nec
2241 1294 2416 1350 etiam
2448 1294 2552 1352 ulli
2582 1295 2854 1368 episcopo
2886 1297 3243 1364 succedenti,
3275 1297 3364 1353 fas
3414 1297 3464 1352 si
3505 1302 3604 1353 aut
3629 1297 3732 1353 lici-

2111 1386 2240 1439 tum
2272 1383 2595 1455 quidquam
2625 1383 2761 1440 inde
2790 1386 3154 1455 subtrahere,
3173 1390 3275 1442 aut
3304 1387 3629 1459 pervadere,
3649 1392 3735 1442 aut

2112 1472 2184 1528 ab
2218 1488 2420 1528 eorum
2450 1475 2734 1545 potestate
2764 1473 3087 1547 subripere,
3121 1479 3179 1530 et
3202 1474 3262 1529 in
3292 1475 3627 1532 clericorum
3648 1476 3734 1547 jus

2113 1560 2326 1616 iterum
2357 1561 2683 1630 traducere,
2717 1563 2980 1635 quandiu
3009 1564 3154 1620 ﬁdes
3185 1563 3519 1621 Christiana
3549 1565 3606 1621 in
3640 1568 3732 1620 An-

2111 1648 2230 1721 glia
2260 1651 2615 1723 perduravit,
2640 1656 2750 1707 etc.

2183 1739 2355 1795 Facta
2384 1744 2523 1795 sunt
2542 1738 2664 1796 haec
2681 1757 2832 1797 anno
2857 1740 3167 1797 Dominicis
3190 1742 3607 1799 incarnationis
3624 1742 3732 1812 961i,

2105 1826 2422 1884 indictione
2452 1843 2573 1900 vm,
2608 1830 2769 1903 regni
2797 1847 2931 1886 vero
2980 1831 3192 1903 Edgari
3235 1831 3554 1904 Anglorum
3598 1834 3731 1905 regis

2105 1921 2287 1985 sexto,
2324 1917 2384 1972 in
2416 1917 2574 1990 regia
2606 1919 2749 1974 urbe
2780 1935 2906 1992 quas
2947 1919 3018 1974 ab
3068 1919 3299 1976 incolis.
3327 1963 3341 1976 .
3370 1962 3383 1976 .
3411 1963 3426 1977 .
3456 1965 3470 1977 .
3502 1922 3730 1977 nomina-

2105 2010 2228 2073 tur;
2261 2005 2321 2060 in
2355 2006 2533 2061 natali
2564 2005 2818 2074 Domini,
2853 2007 3167 2064 festivitate
3192 2004 3535 2065 Sanctorum
3579 2010 3731 2066 Inno—

2106 2095 2385 2163 centium,
2421 2095 2565 2153 feria
2595 2100 2824 2169 quarta.
2854 2132 2868 2141 -

2691 2201 3184 2242 SUBSCRIPTIONES.

2174 2273 2292 2346 Ego
2321 2273 2565 2345 Eadgar,
2589 2273 2847 2331 basileus
2877 2275 3199 2348 Anglorum
3228 2280 3287 2333 et
3316 2276 3626 2351 imperator
3647 2293 3727 2332 re-

2102 2377 2243 2433 gum
2263 2361 2549 2435 gentium,
2573 2380 2707 2419 cum
2725 2379 3015 2421 consensu
3037 2369 3094 2421 et
3111 2364 3456 2439 principum
3485 2372 3541 2423 et
3567 2365 3728 2422 archi-

2100 2450 2509 2522 episcoporum
2544 2464 2831 2519 meorum,
2864 2452 3017 2510 hanc
3063 2454 3531 2512 muniﬁcentiam
3574 2455 3725 2527 signo

2101 2539 2293 2595 crucis
2322 2540 2651 2597 corroboro.

2170 2628 2288 2700 Ego
2308 2628 2559 2697 ΛΞΜ-ἰὼ,
2583 2629 2786 2702 regina
2814 2630 3104 2702 consensi,
3121 2634 3179 2687 et
3205 2632 3378 2703 signo
3407 2632 3589 2689 crucis
3606 2648 3727 2687 con-

2100 2716 2347 2772 ﬁrmavi.

2166 2806 2287 2877 Ego
2316 2804 2602 2875 Dunstan,
2636 2806 3111 2881 archiepiscopus
3138 2808 3595 2868 Dorobernensis
3641 2808 3727 2865 Ec-

340 2891 506 2947 tricis
535 2891 727 2947 Marias
757 2892 1154 2965 ampliﬁcavit,
1186 2897 1243 2949 et
1272 2892 1591 2948 eliminatis
1642 2893 1988 2949 clericorum
2096 2892 2285 2949 clesize
2315 2884 2550 2963 Christi,
2582 2896 2852 2953 consensi
2877 2902 2936 2952 et
2960 2896 3309 2970 subscripsi.

339 2980 545 3037 maniis
573 2985 630 3037 et
661 2979 889 3054 spurcis
918 2981 1497 3055 lasciviis,religiosis
1534 2982 1631 3038 Dei
1662 2982 1842 3039 servis
1872 2999 1994 3039 mo-

338 3070 543 3126 nachis
573 3087 703 3126 meo
725 3087 1016 3127 consensu
1046 3076 1103 3127 et
1135 3073 1326 3128 favore
1348 3071 1642 3128 confultus
1661 3071 1991 3142 [al.,suti'ul-

2167 2983 2283 3054 Ego
2303 2982 2534 3052 Oscitel,
2554 2983 3031 3058 archiepiscopus
3054 2985 3447 3045 Eboracensis
3465 2984 3723 3050 Ecclesia,

2094 3070 2363 3127 consensi
2395 3076 2453 3128 et
2474 3071 2820 3146 subscripsi.

338 3157 456 3232 tus]
479 3158 723 3215 locavit:
750 3176 856 3233 ego
879 3160 1025 3232 ipsis
1048 3160 1383 3216 monasticae
1406 3160 1703 3233 religionis
1732 3161 1873 3216 viris
1904 3177 1990 3216 re-
2023 3147 2066 3213 C
2174 3161 2292 3232 Ego
2318 3160 2529 3233 Aferic,
2553 3162 2689 3218 dux.

339 3246 454 3318 gali
478 3246 824 3303 auctoritate
843 3246 1211 3318 conﬁrmo,et
1233 3248 1474 3305 consilio
1497 3254 1554 3305 et
1576 3248 1990 3321 astipulatione

339 3334 672 3408 principum
693 3340 751 3392 et
772 3335 1127 3408 optimatum
1149 3354 1415 3393 meorum
1438 3337 1745 3393 corroboro
1767 3341 1823 3393 ct
1851 3353 1989 3393 con-

2168 3250 2288 3322 Ego
2317 3249 2643 3322 Bruthnod,
2677 3251 2814 3308 dux.

2170 3338 2288 3411 Ego
2319 3337 2606 3412 Adrigari,
2639 3339 2777 3396 dux.

973 3707 1690 3845 CHARTA
1800 3707 2335 3847 REGIS
2436 3708 3104 3850 EDGARI

1258 3986 1404 4026 NOVO
1441 3987 1749 4029 WINTONIE
1786 3988 2145 4029 MONASTERIO
2177 3987 2329 4036 QUOD
2368 3988 2565 4029 HYDAM
2602 3989 2822 4029 VOCANT

1876 4133 2204 4206 Concessa,

336 4296 404 4351 In
451 4311 557 4369 qua
604 4295 928 4367 angelorum
978 4298 1146 4369 refert
1193 4299 1520 4354 creationem
1571 4307 1734 4373 atque
1776 4299 2010 4372 lapsum,
2042 4298 2318 4356 hominem
2358 4298 2485 4370 fieri
2532 4299 2602 4355 ad
2648 4300 3030 4371 capessendum
3055 4314 3181 4355 cum
3202 4300 3361 4371 prole
3386 4316 3491 4356 sua
3524 4314 3731 4357 uacuum

398 4395 524 4467 jam
555 4395 798 4467 ipsorum
826 4394 1092 4453 ordinem.
1130 4395 1354 4466 Invidet,
1390 4399 1591 4469 inquit,
1624 4397 1722 4454 hoc
1748 4398 2022 4467 diabolus,
2051 4395 2352 4477 fraudeque
2395 4399 2825 4454 circumventum
2868 4399 2960 4453 sui
3001 4414 3126 4453 cum
3166 4397 3325 4469 prole
3370 4396 3555 4455 reddit
3593 4397 3731 4455 simi-

407 4494 548 4561 lem;
579 4494 676 4549 hos
724 4495 985 4550 misertus
1039 4494 1283 4551 Christus
1326 4495 1574 4565 redemit,
1606 4504 1659 4553 et
1712 4497 1806 4553 hos
1856 4498 2000 4553 inter
2056 4497 2235 4566 ipsum
2263 4510 2445 4563 regem
2489 4495 2787 4565 Edgarum,
2822 4497 2920 4566 qui
2965 4503 3115 4552 tanta
3161 4503 3353 4566 raptus
3393 4497 3730 4567 benignitate,

408 4599 580 4647 totum
607 4607 663 4647 se
690 4591 926 4665 effundit
951 4593 1008 4647 in
1038 4594 1433 4664 gratitudinem
1460 4602 1510 4649 et
1541 4596 1681 4651 bona
1709 4611 1891 4667 opera.
1924 4595 2137 4651 Christo
2168 4594 2342 4665 igitur
2368 4600 2420 4648 et
2446 4583 2689 4665 familia
2716 4608 2835 4651 sua:
2874 4594 3125 4665 plurima
3169 4594 3351 4650 condit
3389 4595 3730 4657 monasteria,

408 4705 688 4762 unumque
718 4690 818 4746 hoc
852 4690 1175 4761 Wintoniae;
1201 4694 1355 4765 cujus
1376 4694 1654 4749 camabitis
1682 4695 1816 4750 vitae
1846 4692 2066 4761 regulas
2095 4700 2148 4748 et
2178 4692 2477 4748 honestatis
2507 4694 2756 4765 imponit,
2787 4699 2898 4748 tam
2933 4692 3323 4750 ecclesiasticas
3367 4708 3542 4765 quam
3580 4707 3734 4751 δεινω-

412 4786 575 4842 lares.

1846 4888 2050 4970 (Anno
2080 4890 2251 4971 966.)

411 5040 524 5111 (l2)
554 5040 763 5115 Incipit
789 5043 991 5102 charta
1019 5047 1307 5120 privilegii
1337 5047 1551 5121 Edgari
1574 5047 1984 5121 benignissimi
2013 5053 2061 5118 Ι)
2156 5050 2518 5123 omnipotenti
2541 5049 2768 5106 Domino
2814 5048 3040 5121 ejusque
3081 5048 3345 5119 genitn'ci
3388 5046 3594 5107 [ariae
3634 5048 3736 5120 ejus

338 5129 621 5204 principis
652 5147 931 5190 concessa
960 5151 1105 5191 novo
1135 5136 1490 5195 monasterio
1504 5136 1805 5194 Wintonio
1828 5137 1985 5210 quod

338 5219 511 5277 modo
531 5218 697 5293 Hyda
724 5220 1080 5294 appellatur;
1104 5225 1275 5295 cujus
1318 5224 1555 5283 rubrica
1584 5226 1672 5282 sic
1701 5226 1986 5284 cancella-

335 5313 434 5367 tur
462 5325 480 5369 :

335 5399 533 5457 Encas
557 5414 659 5456 rex
684 5397 785 5456 hoc
806 5401 1169 5472 privilegium
1194 5418 1329 5460 novo
1360 5404 1531 5463 edidit
1554 5408 1906 5476 monasterio,
1923 5422 1988 5463 ac

2097 5138 2280 5196 laudis
2305 5138 2595 5210 magnalia
2618 5139 2898 5195 concessit.

2678 5233 3091 5293 CAPITULUM
3128 5234 3170 5291 Ι.

2167 5315 2571 5389 Omnipotens,
2600 5316 2782 5374 totius
2812 5314 3093 5373 machina
3141 5313 3434 5386 conditor,

2094 5404 2308 5479 pietate
2340 5406 2611 5465 universa
2640 5406 2885 5465 miriﬁce
2916 5405 3257 5464 moderatur
3282 5421 3421 5480 qua
3464 5402 3733 5469 coan

405 5553 513 5629 (12)
541 5552 625 5612 Ex
651 5551 928 5613 chronica
958 5553 1297 5612 monasterii
1327 5554 1750 5616 Wintoniensis
1792 5558 1950 5634 quod
1974 5558 2134 5634 Hyda
2170 5556 2488 5628 dicebatur,
