3810 6214
65 292 159 354 489
376 296 383 297 “
726 294 1387 355 ANGLO-SAXONUM
1437 291 1712 353 ΠΕΟοΜ
1758 292 2003 355 LEGES
2053 297 2698 359 ECCLESIASTICE.
3300 303 3420 366 £90

70 425 149 499 qui
176 430 439 481 comtcrno
460 423 725 482 videlicet
742 426 947 493 Verbo,
971 428 1237 498 quaedam
1259 443 1326 481 ex
1349 424 1530 481 nihilo
1549 424 1664 482 cdi-
1692 425 1748 491 Α
1778 441 1911 482 cum
1942 427 2186 485 Domino
2218 447 2470 502 regnans
2498 433 2883 488 conscendere
2923 436 3256 494 maerebius
3286 454 3423 495 con-

66 516 148 580 dit,
168 515 414 587 quadam
445 530 517 571 ex
545 514 775 571 informi
802 515 1037 573 subtilis
1080 517 1286 573 artifex
1318 514 1659 588 propagavit
1770 514 2003 571 fidebat.
2040 516 2274 573 Invidus
2308 518 2488 591 igitur
2516 518 2623 574 hoc
2656 520 3124 579 animadvertens
3144 525 3420 595 Zabulus,

61 604 286 659 materia.
306 603 582 677 Angelica
606 604 818 677 quippe
839 612 1125 672 creatura,
1151 610 1216 660 ut
1244 605 1515 661 informis
1545 622 1663 660 ma—
1772 604 1955 661 nimia
2003 606 2312 678 perculsus
2370 607 2607 675 invidia,
2651 608 2851 665 rimari
2899 610 3107 666 callide
3154 619 3426 672 versutus

63 693 195 760 teris,
225 691 395 748 nullis
444 693 619 751 rebus
656 693 1062 765 existentibus,
1085 693 1365 750 divinitus
1414 694 1665 750 formata
1772 699 2042 764 coeperat,
2066 695 2167 766 qui
2198 695 2450 763 insidiis,
2483 714 2555 753 ne
2600 698 2671 753 ad
2721 700 2947 754 tantam
2980 700 3241 757 numinis
3289 720 3427 759 con-

61 780 311 838 luculento
332 776 689 854 resplenduit
707 781 1238 855 vultu.Male,prob
1264 781 1663 840 dolorilibero
1772 782 2075 838 scenderet
2119 783 2390 856 gloriam,
2424 785 2708 842 subdolus
2757 787 3079 860 deciperet;
3122 806 3226 862 pro
3274 790 3429 847 nihi-

61 874 198 926 utens
233 869 488 939 arbitrio,
512 872 841 927 contumaci
883 888 1167 943 arrogans
1203 872 1384 940 fastu,
1407 871 1663 928 Creatori
1770 870 1826 927 lo
1857 871 2001 927 forte
2051 872 2273 930 ducens
2309 890 2607 942 concessa,
2641 875 2846 932 illicita
2901 877 3152 935 nimium
3206 879 3430 936 allube-

61 958 407 1016 universitatis
429 959 699 1017 famulari
721 961 1071 1034 dedignans,
1097 962 1480 1033 semetipsum
1502 961 1662 1016 Crea-
1773 961 1988 1015 scendo
2020 959 2290 1031 laudans,
2324 963 2628 1021 mulierem
2664 963 2985 1022 admodum
3017 967 3285 1041 fragilem
3318 969 3433 1041 pel-

61 1049 146 1104 tori
165 1049 752 1121 aequiparans,azterni
774 1050 1036 1106 barathri
1071 1050 1359 1107 incendiis
1380 1068 1514 1107 cum
1539 1050 1665 1106 suis
1772 1049 1929 1106 lexit.
1955 1052 2089 1116 Qua
2121 1052 2212 1107 sui
2245 1053 2580 1111 detrimenti
2631 1054 2873 1119 minime
2921 1062 3214 1126 contenta,
3238 1059 3429 1115 virum

60 1137 400 1210 complicibus
426 1138 752 1208 demersus,
766 1139 895 1213 jugi
929 1139 1136 1196 merito
1167 1140 1463 1196 cruciatur
1490 1139 1666 1197 mise-
1774 1139 2144 1198 muliebriter
2170 1142 2391 1199 victum
2422 1143 2655 1201 blandis
2685 1145 3061 1203 suasionibus
3091 1147 3423 1217 delinitur'n,

60 1227 143 1281 ria.
168 1227 273 1283 Hoc
316 1226 513 1300 itaque
558 1228 814 1285 themate
846 1228 1025 1285 totius
1075 1228 1311 1286 sceleris
1359 1234 1664 1302 peccatum
1773 1228 1929 1299 exili,
1962 1229 2237 1287 heumalo
2265 1235 2502 1304 gustato
2533 1232 2644 1288 sibi
2675 1233 2930 1291 similem
2963 1236 3206 1305 faciens,
3238 1238 3428 1309 perdi-

59 1332 288 1372 exorsum
317 1321 421 1372 est.
1774 1317 1877 1373 dit.
2320 1328 2328 1335 ‘

115 1415 171 1469 ll.
200 1415 363 1482 Quare
389 1415 662 1473 hominem
690 1416 956 1481 condidit,
985 1433 1033 1472 ei
1060 1417 1194 1489 quid
1224 1419 1279 1472 ei
1303 1419 1591 1473 commisit.
1774 1425 2156 1503 V._Quo_m_odo
2184 1427 2249 1483 in
2278 1428 2379 1482 hac
2405 1429 2632 1503 miseria
2677 1430 2928 1487 omnibus
2970 1432 3178 1503 privati
3208 1435 3425 1490 virtuti-

112 1514 369 1569 Evacuata
396 1513 715 1586 animaque
765 1515 944 1586 [forte,
972 1531 1228 1588 namque
1268 1515 1479 1585 Hann]
1514 1514 1616 1587 poli

1918 1514 1943 1551 s
1970 1497 2685 1588 dejiciuaturhmndemque
2724 1497 3108 1574 cataclysmate
3137 1504 3219 1560 de.
3256 1548 3270 1560 .
3308 1548 3321 1562 .
3356 1547 3369 1561 .
3407 1549 3419 1562 .

63 1567 165 1657 me
211 1567 1662 1678 mea"esse;‘aesaes"esse;
1846 1567 1985 1678 με’θέ
2016 1569 2283 1678 dempti-9
2316 1571 2547 1641 Hum-l-

60 1706 287 1748 summus
315 1688 497 1747 totius
535 1691 818 1747 bonitatis
846 1693 1080 1748 Arbiter
1126 1692 1354 1749 lucidas
1386 1673 1665 1749 ccelorum
1846 1673 2084 1747 Utrique
2116 1676 2351 1732 tandem
2386 1676 2639 1749 meatis
2677 1678 2885 1750 Privati
2916 1680 3228 1750 θάοηενίίεν
3263 1699 3429 1755 Pam‘

61 1780 197 1834 sedes
231 1794 337 1835 non
389 1780 521 1835 sine
579 1780 802 1836 cultore
860 1797 1072 1853 passus
1118 1787 1369 1854 torpere,
1402 1782 1667 1838 formatis
1692 1797 1742 1863 Β
1773 1762 1884 1818 ἀίεί
1904 1763 2427 1863 Pupinia-"1W9,
2454 1766 2512 1821 in
2546 1767 2849 1863 Pl‘wsenlis
2868 1769 2997 1823 νίίδθ
3022 1787 3285 1863 ωτξι-ῐηηε
3314 1773 3425 1828 mi-

62 1884 117 1921 εχ
161 1867 367 1924 informi
434 1866 685 1925 materia
749 1852 1112 1925 divémamm
1182 1852 1379 1926 rémm
1438 1871 1658 1943 specie-
1694 1852 1739 1863 “’
1772 1852 2002 1908 serrimi
2054 1852 2430 1923 dejiciuntur,
2480 1860 2921 1913 contemnentes
2977 1859 3359 1926 conditorem,
3394 1879 3428 1917 a

62 1956 170 2023 bus,
207 1956 494 2013 hominem
549 1958 786 2013 tandem
848 1975 918 2013 ex
972 1958 1112 2014 limo
1173 1941 1497 2029 conditum;
1531 1962 1662 2017 vim
1769 1942 1996 1995 cunctis
2020 1941 2414 2013 insequuntur
2435 1943 2813 1999 creatis.\'ita
2841 1946 3212 2013 desiit,mors
3242 1949 3423 2005 inole-

60 2045 302 2116 ερίηουιο
329 2042 403 2102 ad
447 2047 543 2103 sui
593 2047 865 2103 formavit
914 2047 1386 2117 similitudinem,
1413 2049 1503 2103 cui
1536 2050 1661 2104 uni,
1768 2030 1870 2084 vit.
1892 2029 2187 2085 Virtutum
2221 2036 2449 2086 caterva
2487 2032 2809 2099 recedente,
2832 2033 3106 2091 vitiorum
3148 2037 3424 2094 cumulus

58 2148 188 2190 versa
211 2136 377 2192 totius
433 2136 619 2192 cosmi
674 2137 985 2208 superﬁcie
1026 2138 1258 2194 condita
1315 2138 1561 2210 subjicie

1920 2118 2071 2174 assit.
2106 2119 2461 2176 Succedente
2492 2123 2770 2192 nepotum
2811 2123 3104 2195 prosapia,
3138 2126 3424 2182 successit

59 2222 270 2296 seipsum
300 2242 557 2298 suosque
588 2206 854 2298 posteros
904 2225 1015 2281 sibi
1061 2226 1333 2297 subjecit,
1367 2206 1563 2299 quater

1915 2206 2067 2263 alata
2112 2206 2424 2264 criminum
2480 2209 2720 2282 collegio
2761 2210 3064 2282 (collectio)
3105 2231 3120 2269 :
3165 2214 3419 2272 universi

57 2314 157 2383 ejus
182 2296 514 2370 exsecutura
540 2296 854 2386 posteritas
874 2296 1217 2387 angelorum
1239 2296 1539 2389 suppleret
1558 2334 1661 2372 nu-
1766 2313 1901 2395 (illm
1934 2296 2059 2395 suis.
2090 2296 2409 2353 sceleribus
2440 2298 2853 2395 catadysmﬁte
2882 2301 3129 2395 ᾷεξωριί,
3156 2305 3417 2395 tfmdfm},

56 2416 261 2471 merum,
282 2402 562 2460 ctelorum
598 2403 838 2460 sedibus
861 2403 1137 2476 superbia
1165 2408 1436 2477 turgente
1467 2406 1659 2461 detru-
1766 2390 1895 2477 09m
1944 2388 2251 2477 “ﬁliisque
2277 2402 2468 2477 ’δεκαε
2518 2388 3235 2477 νεεθνγαὶὶεννῒαὶλθεεθηάο
3273 2393 3415 2449 deﬁ-

54 2506 175 2547 ευω,
936 2473 954 2476 ’
1270 2473 1296 2477 ⁷
1766 2474 1947 2530 ciunt.
1972 2473 2144 2531 Vitiis
2166 2473 2396 2546 copiose
2423 2475 2822 2549 surgentibus,
2838 2476 3113 2536 Conditor
3131 2494 3193 2537 se
3223 2479 3421 2537 homi-

96 2579 167 2636 IIL
198 2581 435 2650 Qualiter
462 2584 530 2639 in
554 2582 817 2655 paradiso
843 2585 965 2639 sine
993 2584 1228 2639 crimine
1252 2591 1595 2641 conversatus
1765 2579 1900 2655 nem
1934 2562 2151 2655 fecisse
2170 2563 2443 2655 indoluit.
2468 2565 2768 2655 Postremo
2800 2564 3135 2625 misericors
3166 2570 3423 2627 mortali-

785 2656 878 2711 δίε.
1760 2651 1897 2720 bus,
1920 2655 1985 2706 ut
2015 2650 2313 2723 pollicitus
2343 2656 2452 2718 est,
2484 2653 2796 2711 succurrit.

105 2742 194 2806 Qui
226 2742 599 2816 paradisiacze
646 2741 963 2815 voluptatis
1015 2744 1353 2800 amoenitate
1407 2743 1652 2813 locatus,
1799 2749 1892 2806 VI.
1919 2749 2199 2826 Quomodo
2223 2751 2476 2826 Christus
2504 2759 2669 2807 natus
2693 2768 2797 2826 sua
2826 2769 2926 2809 nos
2949 2757 3207 2826 passione
3233 2756 3387 2814 rede-

53 2830 232 2889 nullins
279 2832 358 2891 rei
407 2832 745 2906 patiebatur
774 2831 1171 2906 dispendium,
1203 2834 1305 2890 sed
1366 2834 1417 2891 ei
1475 2837 1557 2891 tot

1555 2833 1656 2891 ius
2116 2823 2238 2892 mit,
2261 2831 2314 2878 et
2340 2823 2497 2878 aetas
2527 2823 2885 2880 conscendere
2909 2823 3059 2897 fecit.

53 2919 216 2975 mundi
269 2922 338 2978 ad
396 2924 606 2978 votum
663 2920 1080 2994 suppeditabat
1133 2921 1399 2979 facultas.
1451 2923 1656 2980 Totius
1831 2919 2007 2977 Stella
2037 2919 2277 2976 emicuit
2322 2920 2633 2988 matutina,
2666 2937 2793 2992 quas
2844 2938 2952 2978 suo
3004 2923 3170 2980 radio
3217 2928 3428 2996 mundi

51 3024 258 3084 namque
299 3010 582 3068 bonitatis
643 3010 905 3067 ubertate
964 3010 1179 3067 fruenti
1236 3010 1398 3067 nulla
1453 3012 1506 3068 ei
1563 3024 1655 3069 res
1763 3010 2037 3067 tenebras
2075 3009 2320 3081 fugaret.
2358 3010 2576 3066 Fausta
2620 3009 2982 3082 resplenduit
3012 3011 3220 3083 Maria,
3255 3016 3426 3087 cujus

50 3096 211 3156 instita
248 3100 577 3158 resistebat.
612 3100 818 3161 Amore
867 3098 1190 3157 Altitbrono
1239 3101 1441 3157 devote
1487 3102 1655 3158 obse-
1693 3167 1726 3176 Δ
1765 3104 1929 3156 utero
1960 3096 2229 3171 virginali
2259 3097 2526 3155 Christus
2568 3097 2939 3156 ineifabiliter
2979 3100 3195 3169 editus,
3227 3120 3424 3176 pecca-

47 3187 207 3257 quenti
226 3193 490 3249 creatura
514 3191 729 3244 cuncta
754 3188 1153 3244 famulabatur
1172 3189 1455 3261 subjecta.
1478 3191 1652 3247 Frue-
1685 3167 1727 3234 (ἶ
1765 3193 1959 3244 torum
1992 3167 2264 3243 tenebras
2295 3187 2583 3244 mediator
2611 3186 3112 3246 clementissimus
3143 3167 3417 3266 dempsit.

48 3273 186 3331 batur
232 3276 604 3334 laetabundus
653 3276 944 3332 Creatoris
998 3276 1275 3351 tripudio,
1308 3283 1365 3333 et
1421 3280 1655 3352 angelo-
1764 3276 1965 3349 Viguit
1986 3275 2256 3332 Christus
2286 3274 2602 3334 virtutibus
2624 3276 2855 3349 plenus.
2880 3277 3191 3336 Incanduit
3218 3280 3423 3340 Judzea

50 3378 148 3420 rum
192 3365 451 3424 alacriter
502 3366 781 3423 utebatur
827 3367 1140 3423 consortio.
1175 3367 1299 3424 Non
1349 3384 1481 3424 eum
1532 3385 1657 3425 cor-
1764 3364 1990 3438 ingenti
2021 3364 2528 3438 rancore’repleta.
2553 3366 2800 3422 Carnem
2834 3367 3163 3439 suscipiens
3193 3386 3298 3441 pro
3319 3387 3420 3428 no-

43 3454 217 3522 poralis
260 3455 612 3512 debilitabat
669 3453 1064 3523 imbecillitas,
1101 3472 1204 3511 nec
1262 3456 1443 3511 animi
1503 3457 1657 3513 aiﬂi-
1767 3453 1857 3509 bis
1890 3453 2006 3526 pati
2034 3451 2244 3520 voluit;
2270 3454 2425 3525 quod
2453 3455 2581 3526 ejus
2602 3455 2896 3527 permissu
2918 3456 3118 3511 infelix
3138 3459 3420 3515 andactor

41 3541 176 3611 gebat
201 3545 473 3601 anxietas.
500 3544 630 3600 Non
655 3544 878 3617 thypbo
909 3543 1054 3601 levis
1080 3545 1425 3618 raptabatur
1454 3564 1657 3620 super-
1767 3541 2082 3614 complevit
2130 3542 2353 3597 Judaea.
2397 3543 2579 3616 Ligno
2638 3543 2854 3616 quippe
2910 3545 3226 3617 perditum,
3274 3545 3419 3621 ligni

41 3629 143 3697 ωδε,
171 3635 263 3690 sed
292 3653 400 3691 suo
448 3651 515 3691 se
565 3634 932 3707 eonjungens
964 3634 1208 3702 auctori,
1236 3633 1483 3691 humilis
1535 3635 1658 3708 pol-
1768 3631 2058 3688 scandens
2086 3630 2389 3703 gabulum,
2423 3648 2611 3705 genus
2642 3632 2889 3690 redemit
2916 3633 3263 3691 humanum.
3286 3636 3421 3692 Uni-

41 3715 162 3776 lebat
186 3722 439 3780 miriﬁce.
472 3723 605 3780 Non
653 3739 788 3779 eum
838 3723 1034 3781 inanis
1082 3724 1383 3779 tumidum
1415 3726 1661 3792 vexabat
1767 3738 1964 3778 versas
1995 3736 2251 3792 namque
2295 3720 2603 3778 hominum
2635 3722 2861 3778 dmmon
2912 3723 3178 3781 nationes
3224 3724 3423 3782 ludiﬁ-

41 3808 203 3879 gloria,
237 3814 334 3869 sed
391 3814 673 3869 devotum
704 3812 992 3868 Creatoris
1052 3813 1471 3885 magniﬁcabat
1537 3831 1659 3871 me—
1770 3810 1955 3867 cando
1988 3809 2457 3881 insultans,jure
2503 3816 2570 3866 ut
2617 3811 2879 3868 mandati
2926 3816 3423 3887 transgressorem

44 3900 207 3957 moria.
227 3902 345 3959 Non
372 3902 602 3959 invidia
629 3918 763 3958 eum
795 3901 984 3958 alieno
1026 3903 1336 3974 torquebat
1365 3904 1626 3975 profectu
1649 3963 1663 3989 ,
1770 3898 2098 3989 possidens,
2123 3903 2308 3954 morte
2333 3899 2621 3957 multabat
2642 3905 2938 3973 perpetua.
2961 3902 3214 3975 Sanguis
3233 3921 3366 3961 vero
3391 3922 3426 3961 a

39 3988 115 4042 sed
148 3990 387 4048 charitas
428 3991 660 4065 jugiter
705 3990 1014 4047 laetabatur
1062 3991 1355 4063 amplexu.
1389 3992 1514 4048 Non
1567 3986 1657 4049 ira
1770 3988 2022 4044 mortuis
2044 3986 2293 4043 ultorem
2326 3989 2583 4061 trophaeo
2615 3989 2808 4045 crucis
2829 3990 3043 4047 divisit.
3070 3991 3327 4050 Praedam
3352 3993 3424 4051 de

39 4079 357 4137 cruciabatur
395 4080 678 4147 infestus,
710 4080 816 4136 sed
870 4080 1175 4137 cbaritatis
1233 4080 1663 4153 tranquillitate
1771 4075 3424 4151 perﬂdileonisoretulit,secumqucsuperzetberavehens

38 4160 313 4226 leviabatur
339 4169 845 4243 patientissimas.
870 4170 995 4225 Non
1052 4185 1187 4225 eum
1222 4170 1464 4227 tristitia
1520 4188 1662 4228 σιω·
1769 4166 2042 4239 superius
2073 4166 2666 4239 angelorumccetibus
2696 4168 3067 4237 consociavit,
3092 4175 3158 4225 ut
3186 4187 3320 4227 cum
3352 4187 3420 4228 eo

40 4268 139 4311 rore
182 4259 519 4329 deﬁciebat,
582 4258 687 4314 sed
757 4258 956 4331 gaudii
1014 4258 1295 4330 spiritalis
1362 4276 1464 4330 spe
1531 4259 1660 4333 pol-
1769 4255 2069 4312 communi
2098 4255 2477 4313 contubernio
2504 4256 2783 4325 fruentes,
2807 4257 3066 4314 bonitate
3097 4259 3414 4331 perspicui,

39 4337 158 4419 lente
205 4346 463 4405 ﬂorebat.
507 4349 638 4404 Non
699 4347 944 4403 avaritia
1003 4347 1252 4402 nimium
1302 4347 1663 4406 incitabatur
1765 4345 2049 4400 virtutum
2092 4344 2355 4399 omnium
2408 4344 2670 4401 ubertate
2717 4344 2933 4413 referti,
2974 4350 3239 4417 expertes
3286 4360 3419 4419 pec-

41 4417 263 4501 cupidus,
296 4435 398 4491 sed
455 4432 822 4507 dapsilitatis
871 4434 1066 4490 studio
1119 4435 1492 4491 exercebatur
1539 4436 1659 4493 lar-
1767 4433 1915 4501 cati,
1978 4431 2138 4488 omni
2203 4432 2545 4505 contagione
2609 4433 2852 4504 privati,
2908 4433 3035 4489 sine
3100 4435 3216 4491 ﬁne
3282 4417 3416 4507 post

38 4516 290 4607 gissimus.
321 4523 446 4581 Non
484 4522 692 4579 illicito
741 4524 1034 4580 massicus
1076 4523 1479 4581 delectabatur
1508 4527 1650 4582 edu-
1684 4542 1730 4607 D
1765 4523 1923 4580 diem
1980 4519 2186 4594 judicii
2253 4520 2594 4577 restauratis
2648 4522 2990 4594 corporibus
3054 4522 3415 4584 exsultantes

37 4602 114 4673 lio,
130 4611 215 4665 sed
248 4614 529 4684 parcitate
561 4615 869 4669 contentus
909 4610 1070 4668 licito
1105 4612 1380 4668 utebatur
1409 4614 1647 4672 cibario.
1684 4602 1721 4607 —
1761 4613 2090 4685 regnarent.
2132 4610 2291 4666 Hanc
2339 4608 2694 4682 praecipuam
2745 4610 2874 4666 sine
2926 4610 3104 4667 dubio
3163 4611 3413 4685 gloriam

39 4690 134 4751 Non
172 4697 392 4759 luxuria
438 4718 582 4759 eum
632 4700 979 4759 stimulabat
1026 4702 1269 4769 nefaria,
1303 4703 1406 4759 sed
1461 4705 1650 4760 conti-
1761 4699 2155 4767 credentibus,
2177 4696 2276 4772 qui
2307 4697 2610 4755 Trinitatis
2651 4715 2913 4771 verasque
2963 4699 3205 4757 unitatis
3235 4702 3413 4759 ﬁdem

40 4787 198 4843 uentis
225 4794 567 4864 competens
609 4788 1052 4862 constringebat
1096 4789 1170 4846 ad
1218 4790 1488 4863 praemia;
1524 4808 1653 4848 om-
1765 4791 1935 4847 bonis
1988 4787 2334 4845 insudantes
2395 4787 2669 4860 operibus
2727 4792 3045 4857 sectantur,
3097 4788 3415 4863 pollicitus,

39 4871 172 4932 nium
210 4878 538 4955 polycrates
583 4879 892 4945 virtutum,
925 4879 1154 4935 cunctis
1206 4895 1412 4936 carens
1459 4881 1658 4939 adver-
1766 4896 1881 4935 non
1951 4877 2323 4933 credentibus
2382 4875 2737 4948 supplicium
2804 4877 3063 4934 minatus
3134 4883 3418 4939 aeternum

38 4962 119 5030 sis,
146 4968 407 5027 omnibus
441 4969 664 5026 ﬂorens
703 4966 1023 5042 prosperis,
1058 4968 1164 5024 rite
1207 4967 1465 5041 pollebat
1494 4970 1657 5044 inge-
1766 4966 2063 5041 perpetuis
2122 4965 2383 5023 barathri
2433 4965 2739 5036 incendiis,
2780 4966 3114 5038 justissima
3163 4986 3419 5044 spopon-

39 5063 180 5110 nuus.
1767 5058 1873 5114 dit.
2693 5104 2697 5109 .

37 5144 110 5204 IV.
131 5151 384 5227 Quomodo
404 5157 608 5214 aetum
634 5154 754 5212 sine
770 5163 946 5211 morte
963 5156 1320 5212 conscendere
1339 5157 1541 5227 conﬁde

1642 5200 1656 5227 ’
2049 5144 2172 5200 VII.
2210 5144 2279 5199 De
2314 5144 2565 5201 benevolo
2594 5147 2740 5215 regis
2766 5147 3145 5205 meditamine.

138 5232 184 5279 et
206 5226 461 5286 diabolus
490 5228 717 5285 invidus
746 5244 815 5283 ne
847 5227 1159 5284 ascenderet
1190 5226 1532 5299 impediebat.
1644 5226 1648 5227 ⁷
1840 5234 1985 5292 Hinc
2014 5249 2120 5306 ego
2170 5233 2457 5306 Edgarus,
2481 5234 2680 5291 divina
2725 5235 2951 5293 favente
3004 5238 3194 5310 gratia
3240 5238 3423 5295 totius

92 5321 183 5384 Qui
210 5326 369 5397 prole
418 5327 497 5383 ad
549 5338 864 5383 numerum
915 5328 1166 5397 patrata,
1190 5326 1660 5399 superbientium
1768 5322 2033 5381 Albionis
2063 5320 2342 5389 basileus,
2370 5322 2570 5377 rimari
2594 5340 2947 5398 magnopere
2969 5342 3257 5400 coeperam
3281 5325 3425 5397 quid

39 5409 338 5482 angelorum
381 5417 663 5474 universa
708 5415 1027 5472 comitante
1071 5416 1367 5487 prosapia,
1400 5416 1513 5471 ﬁne
1545 5416 1661 5473 loto
1771 5424 2014 5487 operum
2067 5410 2266 5466 studio
2298 5417 2737 5480 exercerem,ut
2784 5415 2855 5470 ad
2905 5418 3129 5472 tantam
3175 5413 3429 5486 gloriam-

38 5492 191 5569 Πανία,
215 5504 339 5563 sine
365 5506 548 5574 loco.,
576 5503 788 5579 Hann]
812 5507 1049 5577 gustato
1080 5502 1227 5576 ligni
1255 5504 1416 5559 vetiti
1446 5504 1662 5575 fructu,
1771 5498 2136 5576 perveniens,
2169 5498 2381 5555 Christi
2433 5504 2889 5575 sanctorumque
2936 5504 3064 5575 ejus
3114 5499 3257 5555 oculo
3305 5499 3424 5556 col-

42 5587 291 5654 cthereos
321 5598 557 5655 ueterum
603 5592 988 5653 beatitudinis
1033 5595 1347 5667 suggestus
1377 5593 1665 5654 triniatim
1770 5591 2095 5651 locatorum
2165 5588 2545 5649 contubernio
2610 5594 2922 5650 coronatus
2980 5591 3223 5657 fruerer,
3292 5590 3427 5647 tan-

319 5723 591 5792 PATBOL.
639 5719 1019 5786 CXXXVIII.
3025 5712 3101 5776 16
