3810 6214
357 316 469 376 491

1021 315 1355 377 APPEND.
1385 315 1506 374 -ΛΠ
1553 311 1740 375 SJEC.
1791 314 1864 372 Χ.
1897 346 1974 356 -
2001 308 2502 376 MONUMENTA
2549 313 3100 376 DlPLOMATICA.

3627 317 3725 374 492

357 455 596 522 tamque
651 448 864 504 inferni
935 447 1232 504 miseriam
1301 447 1624 502 divitarem.
1689 446 2006 517 Instigante
2037 451 2082 515 Α
2116 446 2178 500 Χ.
2203 448 2278 502 De
2307 447 2532 503 illorum
2566 449 2913 504 anathemate
2942 449 3042 520 qui
3080 447 3366 505 monachis
3404 449 3728 506 insidiantur.

358 539 572 595 etenim
606 537 838 594 Domini
880 536 1210 601 clementia,
1242 535 1496 592 occurrit
1526 534 1720 590 animo
1757 539 1835 588 ut
1884 535 2009 606 ipse

356 627 708 682 criminibus
764 643 1054 682 cessarem
1095 625 1341 692 cunctis,
1375 629 1547 696 atque
1605 623 1774 679 bonis
1825 622 2009 694 operi-

356 716 467 772 bus
521 715 823 782 insistens,
857 715 1045 770 forma
1100 715 1288 770 factus
1334 713 1516 786 gregi,
1552 728 1856 784 quousque
1907 729 2007 766 no-

355 804 461 860 stri
495 803 800 876 regiminis
831 803 1253 877 gubernamine
1285 803 1559 874 degentes
1585 801 2004 856 lucrifacerem.

355 893 650 958 Quosdam
681 891 862 964 igitur
909 891 1288 947 suasionibus
1321 890 1576 945 invitans
1625 889 1697 944 ad
1747 889 2004 962 praemia,

355 981 642 1053 quosdam
673 979 994 1036 terroribus
1027 979 1383 1052 compellens
1432 979 1503 1034 ad
1552 977 1821 1050 gloriam,
1857 979 2009 1032 bona

357 1069 672 1138 adiﬁcans,
718 1069 892 1135 mala,
945 1073 1010 1124 ut
1064 1069 1311 1124 Domino
1368 1067 1614 1123 faciente
1671 1067 1855 1139 potui,
1888 1067 2008 1120 dis-

357 1157 562 1232 sipavi.
613 1159 908 1231 Scriptum
965 1157 1180 1230 quippe
1236 1174 1340 1228 per
1391 1157 1706 1212 Jeremiam
1768 1155 2007 1210 memini

358 1247 702 1321 prophetam
739 1264 752 1301 :
787 1250 928 1302 Ecce
971 1248 1230 1303 constitui
1259 1255 1307 1302 te
1335 1263 1496 1318 super
1524 1253 1705 1314 gentes
1753 1253 1803 1300 et
1847 1261 2010 1316 super

358 1354 548 1407 regna,
583 1345 643 1392 ut
697 1337 916 1402 evellas,
949 1345 1000 1392 et
1055 1337 1324 1403 destruas,
1356 1344 1406 1390 et
1461 1335 1761 1406 disperdas,
1798 1343 1848 1390 et
1905 1335 2010 1389 dis-

357 1429 522 1499 sipes,
581 1435 636 1482 et
691 1426 953 1496 aediﬁces,
1011 1434 1062 1480 et
1115 1425 1327 1496 plantes
1382 1428 1604 1491 (Jerem.
1657 1424 1720 1494 1).
1766 1423 2008 1478 Talibus

353 1516 541 1588 igitur
567 1515 908 1570 exhortatus
940 1513 1300 1578 doctoribus,
1331 1513 1546 1584 quibus
1583 1529 1688 1567 nos
1725 1511 2008 1566 Dominus

359 1621 464 1678 per
506 1603 848 1676 prophetam
897 1601 1213 1657 clementer
1259 1601 1584 1667 admonuit,
1617 1618 1796 1672 agens
1845 1601 2034 1656 Chri-.

361 1699 454 1750 sto
482 1694 709 1748 favente
741 1693 797 1747 in
828 1691 1000 1746 terris
1050 1691 1203 1762 quod
1254 1690 1378 1762 ipse
1417 1691 1578 1760 juste
1626 1690 1745 1762 egit
1792 1689 1850 1744 in
1899 1707 2007 1745 cce-

359 1781 454 1848 lis,
491 1781 781 1838 extricans
827 1779 1092 1836 videlicet
1141 1779 1370 1836 Domini
1417 1780 1648 1834 cultura
1692 1779 2005 1834 criminum
2040 1815 2086 1880 Β

360 1870 694 1944 spurcities,
727 1870 1011 1924 virtutum
1044 1868 1271 1924 semina
1301 1868 1541 1923 sedulus
1572 1867 1827 1940 agricola
1857 1867 2008 1922 inse-

359 1977 472 2016 1⁸111.

457 2057 602 2114 νΙΙΙ.
636 2061 757 2128 Qua
783 2059 995 2113 ratione
1023 2057 1246 2183 cleﬂicos
1277 2057 1594 2139 eliminatis,
1623 2057 1912 2112 monachos

1033 2145 1092 2183 co
1139 2137 1336 2183 ocavzt.

1033 2137 1336 2184 collocavit.

431 2227 670 2284 Timone
719 2244 792 2281 ne
849 2230 1126 2282 aeternam
1179 2225 1536 2282 incurrerent
1599 2226 1915 2294 miseriam,
1961 2224 2011 2280 si

357 2318 570 2389 adepta
599 2319 888 2388 potestate
917 2333 1033 2370 non
1081 2315 1330 2370 facerem
1363 2315 1516 2386 quod
1549 2315 1697 2386 ipse,
1725 2315 1824 2386 qui
1873 2331 2008 2386 ope-

360 2410 525 2461 ratur
552 2405 749 2460 omnia
779 2421 905 2476 quzn
956 2405 1013 2458 in
1073 2403 1213 2458 coelo
1271 2403 1394 2458 vult
1448 2408 1506 2457 et
1563 2404 1621 2457 in
1678 2407 1853 2469 terra,
1885 2403 2010 2458 suis

357 2493 640 2566 exemplis
683 2495 886 2563 justus
941 2492 1302 2547 examinator
1360 2492 1632 2561 innotuit,
1663 2492 2006 2546 vitiosorum

359 2600 575 2639 cuneos
619 2581 1032 2637 canonicorum
1083 2598 1114 2635 e
1172 2580 1417 2635 divorsis
1466 2581 1645 2635 nostri
1707 2580 2011 2652 regiminis

358 2671 639 2729 ccenobiis
691 2671 904 2728 Christi
936 2670 1188 2726 vicarius
1237 2669 1562 2738 eliminavi;
1615 2671 1769 2740 quod
1829 2669 2016 2724 nullis

356 2760 502 2816 mihi
552 2759 1070 2816 intercessionibus
1103 2759 1380 2830 prodesse
1433 2763 1719 2830 poterant,
1753 2759 1852 2814 sed
1901 2776 2009 2830 po-

355 2849 496 2915 tius,
518 2854 582 2906 ut
612 2850 817 2905 beatus
843 2849 924 2904 ait
955 2849 1288 2919 Gregorius,
1317 2847 1464 2920 justi
1494 2847 1812 2904 vindictam
1841 2848 2007 2904 Judi-

347 2938 439 2999 fcis
466 2942 864 3011 provocarent,
887 2938 988 3009 qui
1030 2937 1264 2992 vicariis
1295 2937 1567 2992 vitiorum
1609 2937 1786 2992 naavis
1816 2941 2010 2993 conta-

356 3027 586 3094 minati,
617 3044 734 3084 non
789 3033 1026 3098 agentes
1080 3043 1206 3098 quae
1265 3027 1419 3082 Deus
1467 3027 1729 3098 jubendo
1759 3025 2006 3092 volebat,

347 3117 557 3172 omnia
613 3133 739 3188 quae
811 3113 1048 3169 nolebat
1114 3113 1358 3169 rebelles
1421 3115 1742 3182 faciebant;
1803 3115 2010 3170 avidus

2189 535 2247 589 Si
2283 541 2477 592 autem
2511 536 2772 609 qualibet
2811 538 3135 604 occasione,
3169 535 3399 593 diabolo
3427 537 3728 612 instigante,

2119 625 2444 696 contigerit,
2473 631 2540 680 ut
2571 625 2722 681 fastu
2753 625 3147 698 superbientis
3177 627 3732 700 arrogantiaa,dejecti

2117 713 2404 779 canonici,
2428 713 2850 770 monachorum
2876 731 3134 788 gregem,
3159 731 3336 788 quem
3361 731 3468 789 ego
3485 731 3733 772 venerans

2117 817 2252 856 cum
2285 807 2515 874 pastore
2545 802 2602 856 in
2635 802 2734 858 Dei
2773 803 3056 859 constitui
3105 803 3497 876 possessione,
3519 803 3733 876 dejicere.

2115 888 2450 947 insidiando
2480 890 2791 958 voluerint,
2825 881 3035 965 agatur
3075 893 3149 948 de
3195 891 3278 950 eis
3307 897 3365 950 et
3394 894 3466 949 de
3494 893 3732 950 omnibus

2117 979 2216 1051 qui
2250 980 2509 1052 quolibet
2536 998 2778 1038 munere
2807 982 3002 1037 caecati
3035 982 3316 1052 juvamen
3347 981 3433 1038 eis
3469 981 3733 1056 impende-

2117 1067 2256 1136 rint,
2291 1070 2448 1142 quod
2497 1074 2696 1125 actum
2755 1071 2946 1126 estde
2989 1070 3215 1144 angelis
3269 1071 3732 1144 superbientibus,

2116 1161 2172 1212 et
2224 1158 2708 1230 deprotoplasto
2750 1158 2967 1216 diaboli
3025 1161 3230 1216 fraude
3279 1161 3541 1229 seducto,
3573 1165 3630 1216 ut
3653 1177 3734 1232 pa-

2117 1245 2293 1337 radisi
2339 1245 2606 1337 videlicet
2653 1246 2943 1337 limitibus
2989 1250 3167 1337 Vorte,
3200 1247 3527 1304 liminibus.
3559 1249 3733 1337 Hann]

2117 1333 2590 1408 sublimibusque
2629 1336 2906 1392 cmlorum
2959 1336 3243 1392 sedilibus
3291 1337 3480 1408 ejecti,
3513 1354 3638 1393 cum
3677 1333 3733 1391 iis

2119 1423 2218 1494 qui
2270 1423 2498 1478 Domini
2556 1417 2907 1480 famulatum
2955 1429 3352 1496 aspernantes
3409 1430 3737 1497 contempse-

2117 1517 2275 1577 runt,
2315 1513 2574 1568 barathri
2630 1513 2918 1569 incendiis
2975 1513 3378 1586 detrusi,jugi
3435 1516 3738 1571 crucientur

2119 1601 2374 1658 miseria.
2419 1605 2532 1657 Nec
2591 1603 2726 1658 inde
2778 1602 2961 1659 evulsi
3017 1619 3080 1658 se
3138 1601 3462 1675 glorientur
3515 1603 3738 1662 evasisse

2119 1695 2428 1761 tormenta,
2451 1691 2552 1745 sed
2591 1707 2726 1746 cum
2759 1691 2913 1747 Juda
2941 1691 3159 1746 Christi
3203 1690 3499 1763 proditore
3526 1695 3738 1763 ejusque

2117 1780 2520 1852 complicibus.
2552 1779 2876 1836 Acheronte
2925 1779 3332 1852 conglutinati,
3377 1779 3586 1854 frigore
3629 1780 3738 1836 stri-
3787 1809 3789 1818 ι

2121 1871 2344 1934 dentes,
2405 1870 2632 1924 fervore»
2684 1869 2927 1940 perusti,
2976 1867 3177 1925 latitia
3237 1867 3476 1941 privati,
3526 1885 3736 1925 mwrore

2119 1957 2296 2027 anxii,
2322 1957 2542 2013 catenis
2572 1957 2760 2030 igneis
2791 1957 3122 2030 compediti,
3155 1956 3428 2014 lictorum
3461 1963 3614 2014 metu
3639 1975 3738 2030 per-

2119 2045 2288 2114 culsi,
2322 2045 2610 2102 scelerum
2649 2045 2932 2102 memoria
2981 2045 3234 2112 confusi,
3266 2046 3450 2102 totius
3491 2046 3735 2103 bonitatis

2118 2135 2517 2191 recordatione
2575 2135 2803 2203 semoti,
2846 2140 3062 2192 aeterno
3121 2134 3404 2207 lugubres
3455 2134 3740 2208 puniantur

2119 2223 2401 2280 cruciatu.

2367 2313 2470 2392 XI._
2489 2315 2622 2369 Item
2642 2313 2708 2370 de
2737 2315 3082 2370 anathemate
3113 2313 3522 2371 insidiantium.

2189 2403 2296 2465 Qui
2326 2407 2521 2458 autem
2543 2403 2670 2472 jam
2704 2401 3011 2474 praedictos
3051 2403 3182 2459 novi
3223 2403 3646 2460 Wintoniensis
3671 2419 3738 2457 ec-

2118 2491 2306 2546 clesia:
2356 2491 2597 2546 caenobii
2644 2491 2984 2557 monachos,
3028 2491 3116 2546 vel
3164 2492 3464 2564 quoslibet
3507 2493 3737 2564 ejusdem

2119 2579 2343 2636 ordinis
2365 2585 2560 2634 nostro
2593 2580 2876 2652 regimine
2903 2581 3198 2653 degentes,
3223 2583 3614 2648 monasteriis,
3634 2597 3738 2652 qua

2117 2669 2390 2723 vitiorum
2424 2667 2723 2740 spurcitiis
2744 2685 3095 2740 expurgans,
3113 2668 3256 2725 Jesu
3272 2669 3506 2726 Christo
3527 2669 3738 2726 Domino

2119 2763 2337 2826 nostro,
2369 2757 2523 2812 vieto
2557 2757 2838 2823 daemone,
2884 2756 3189 2829 acquisivi,
3221 2753 3531 2814 eli-minare
3559 2753 3740 2830 presu-

2118 2863 2286 2902 mens
2305 2845 2572 2913 voluerit,
2588 2845 2899 2901 anathema
2921 2846 3025 2914 sit;
3051 2851 3108 2902 et
3129 2847 3333 2902 eadem
3362 2843 3739 2903 maledictione

2118 2953 2236 3008 qua
2265 2936 2400 2992 Cain
2429 2933 2741 3006 parricida,
2769 2934 2869 3006 qui
2903 2935 3142 2991 fratrem
3175 2952 3351 2991 suum
3386 2936 3546 3003 Abel,
3569 2935 3742 2992 stimu-

2118 3024 2276 3078 lante
2308 3022 2544 3090 invidia,
2579 3021 2792 3079 lividus
2833 3023 3130 3079 interemit
3159 3023 3460 3096 mastigia,
3484 3024 3739 3080 adductas

2117 3117 2226 3179 est,
2261 3111 2387 3168 sine
2429 3111 2677 3167 termino
2719 3116 2986 3167 teneatur
3021 3109 3338 3179 obnoxius;
3371 3117 3548 3184 atque
3575 3112 3633 3167 in
3658 3110 3739 3167 Dei

356 3185 672 3276 inquisitor
701 3205 1005 3259 advertens
1044 3207 1240 3275 gratos
1287 3203 1534 3259 Domino
1583 3203 2005 3258 monachorum
2037 3185 2080 3251 (ἶ
2122 3201 2523 3274 persecutione
2551 3200 2826 3256 continuo
2859 3217 3256 3272 perseverans,
3275 3200 3336 3256 in
3369 3201 3480 3258 hac
3499 3203 3614 3256 vita
3637 3199 3742 3256 nul-

359 3310 597 3360 cuneos,
632 3292 730 3364 qui
763 3309 866 3364 pro
911 3291 1078 3347 nobis
1127 3292 1535 3347 incunctanter
1563 3289 2006 3357 intercederent,

360 3383 542 3439 nostri
591 3382 746 3454 juris
804 3381 1178 3437 monasteriis
1222 3383 1461 3436 devotus
1521 3381 1780 3436 hilariter
1832 3381 2006 3436 collo-

359 3489 504 3529 οᾶνι.

359 3571 448 3628 IX.
483 3571 632 3639 Quod
659 3571 835 3626 sancti
870 3571 1112 3641 Spiritus
1149 3569 1332 3635 gratia
1371 3576 1722 3640 compunctus
1761 3568 2010 3624 abbatem

534 3651 584 3698 et
611 3643 899 3698 monachos
931 3643 989 3695 in
1017 3656 1152 3698 novo
1183 3641 1466 3695 constituit
1489 3641 1837 3696 monasterio.

349 3767 354 3770 -
428 3741 544 3794 Hac
575 3739 772 3809 itaque
815 3735 1270 3805 rationo,sancti
1325 3735 1578 3806 Spiritus
1623 3742 1876 3792 attactus
1908 3739 2008 3793 fla-

353 3825 533 3893 mine,
569 3825 760 3880 locum
792 3824 1023 3878 Domini
1053 3824 1348 3878 mundans
1382 3824 1802 3881 Wintoniensis
1835 3826 2010 3882 eccle-

351 3914 472 3981 size,
497 3911 628 3968 novi
657 3911 998 3967 monasterii
1031 3909 1398 3966 arcisterium
1427 3911 1610 3984 [forte,
1635 3915 2006 3970 asceterium.

350 4004 537 4060 Hann.
600 4002 699 4056 hoc
753 4007 864 4068 est,
926 3995 1388 4065 monasterium]
1465 4006 1664 4056 nostro
1740 4001 2012 4060 salvatori

349 4093 595 4164 ejusque
641 4087 909 4162 genitrici
969 4103 1202 4159 semper
1256 4087 1466 4160 virgini
1527 4089 1742 4156 Mariae,
1775 4095 1832 4146 et
1890 4109 2010 4148 om.

347 4181 525 4238 nibus
581 4175 944 4251 apostolicis,
995 4194 1132 4232 cum
1193 4177 1417 4233 caeteris
1475 4179 1718 4244 sanctis,
1753 4179 2009 4238 dicatum

349 4268 697 4328 restauravi.
731 4266 935 4324 Sciens
987 4265 1273 4338 scriptum
1309 4283 1322 4321 :
1355 4267 1796 4323 Consentientes
1826 4274 1883 4326 et
1929 4271 2010 4326 fa-

345 4360 574 4418 cientes
614 4357 740 4430 pari
772 4356 1259 4428 constringuntur
1287 4373 1458 4427 pmna
1488 4355 1840 4425 rebellionis,
1874 4359 2011 4415 Om-

343 4448 660 4522 nipotentis
702 4445 998 4502 voluntati
1050 4444 1369 4501 obviantes.
1423 4445 1857 4502 Possessionem
1906 4448 2012 4508 Do-

2119 3291 2240 3346 lum
2265 3289 2574 3363 dignitatis
2595 3289 2860 3362 acquirat
2889 3289 3190 3355 honorem,
3214 3306 3322 3346 nec
3343 3290 3406 3346 in
3429 3291 3621 3347 futuro
3639 3291 3744 3345 sine

2117 3379 2356 3436 miseria
2385 3395 2690 3450 nunquam
2736 3378 3140 3450 persistat,sed
3169 3395 3305 3434 cum
3337 3379 3565 3435 Anania
3589 3384 3644 3436 et
3667 3378 3747 3433 Sa-

2118 3468 2287 3542 phira
2339 3484 2458 3523 una
2504 3472 2642 3540 Styx
2689 3467 2998 3540 porragine
3025 3469 3185 3540 [forte
3211 3469 3511 3542 voragine]
3556 3467 3748 3540 ejulau-

2116 3561 2232 3613 tem
2268 3555 2538 3612 crucians
2570 3555 3012 3628 complectatur.

2257 3645 2375 3700 XII.
2409 3646 2482 3701 De
2513 3645 2880 3702 benedictione
2910 3647 3199 3702 monachos
3229 3649 3626 3703 venerantium.

2188 3735 2534 3806 Quicunque
2566 3733 2949 3806 praetitulatos
2981 3734 3301 3791 monachos
3332 3734 3508 3791 bonis
3536 3734 3746 3808 quibus-

2116 3823 2258 3879 libet
2291 3821 2654 3895 locupletans
2705 3823 2892 3878 ditare
2922 3822 3187 3894 voluerit,
3211 3823 3452 3880 Greater
3489 3823 3745 3880 cunetite-

2111 3930 2263 3980 .nens
2313 3912 2630 3968 clementer
2677 3929 2778 3968 eos
2824 3928 3146 3985 eorumque
3189 3914 3537 3986 progeniem
3591 3912 3746 3968 totius

2118 4003 2380 4057 ubertate
2403 4000 2805 4074 prosperitatis
2826 4001 2922 4056 hic
2936 4006 2993 4057 et
3011 4000 3070 4057 in
3089 4002 3286 4057 futuro
3303 4001 3520 4058 saeculo
3535 4000 3746 4058 ditando

2117 4089 2449 4164 locupletet.
2467 4089 2709 4162 Scriptis
2733 4090 3004 4146 decenter
3033 4107 3234 4146 eorum
3255 4091 3319 4146 in
3341 4090 3493 4148 libro
3512 4091 3636 4148 vita
3662 4105 3745 4144 no-

2119 4180 2396 4244 minibus,
2421 4195 2555 4234 cum
2579 4178 2810 4234 Christo
2841 4179 3165 4252 portionem
3201 4178 3261 4234 in
3293 4178 3580 4237 caelorum
3607 4177 3746 4236 habi-

2115 4268 2327 4324 taculis
2356 4267 2632 4336 habeant,
2657 4268 2758 4340 qui
2807 4267 3126 4325 monachos
3176 4285 3341 4338 suos,
3373 4287 3528 4342 quos
3560 4266 3749 4325 nostris

2117 4361 2500 4430 congregatos
2557 4355 2922 4428 temporibus
2985 4355 3266 4430 possidet,
3294 4356 3385 4413 vel
3433 4359 3649 4418 verbis,
3677 4353 3748 4410 vel

2117 4447 2306 4514 factis,
2341 4444 2672 4524 sanctitatis
2701 4447 2896 4502 studio
2926 4445 3360 4502 honoraverint.

357 4539 798 4610 miniusurpaio
867 4552 981 4592 non
1024 4533 1342 4602 sustinens,
1376 4533 1617 4590 clericos
1647 4534 1961 4592 lascivientt

2187 4553 2302 4608 [ΙΙΙ.
2338 4553 2535 4622 Quales
2563 4561 2614 4608 et
2641 4553 2879 4624 qualiter
2903 4555 3159 4610 monachi
3186 4555 3248 4610 in
3279 4556 3380 4612 hoc
3405 4557 3723 4613 monasterio

342 4628 554 4700 repuli,
596 4643 664 4682 ac
719 4641 896 4680 veros
955 4623 1059 4679 Dei
1118 4623 1369 4678 cultores
1427 4623 1768 4678 monachico
1825 4627 2010 4697 gradu

340 4720 687 4788 fungentes,
744 4713 842 4786 qui
903 4711 1290 4786 pro.nostris
1348 4716 1802 4784 nostrorumque
1858 4714 2002 4770 inibi

342 4803 772 4876 quiescentium
806 4801 1140 4858 excessibus
1188 4800 1392 4856 sedulo
1426 4801 1849 4857 intercederent
1879 4820 1998 4859 scr-

337 4893 499 4957 vitio,
523 4908 640 4963 quo
671 4907 870 4946 eorum
913 4890 1432 4946 intercessionibus
1475 4891 1659 4945 nostri
1693 4891 1996 4962 regiminis

340 4985 530 5037 status
574 4980 791 5050 vigeret
849 4981 1138 5044 munitus,
1197 4979 1467 5035 abbatem
1512 4978 1740 5034 Christo
1799 4997 1998 5054 coope-

343 5073 510 5124 rante
542 5068 784 5139 eligens,
817 5069 1140 5122 Altitbrono
1173 5068 1477 5138 subjectus
1511 5067 1626 5122 illic
1665 5069 1867 5124 devote
1897 5088 1994 5124 or-

345 5156 559 5213 dinavi.
592 5157 709 5210 Hoc
758 5155 1004 5210 subnixo
1035 5157 1362 5226 eillagitans
1423 5157 1782 5228 deposco,ut
1837 5161 1991 5231 quod

341 5247 404 5302 in
435 5245 560 5301 suis
591 5243 701 5314 egi,
735 5243 844 5297 hoc
891 5247 1024 5314 agat
1055 5243 1112 5296 in
1146 5243 1289 5298 mihi
1321 5245 1392 5298 ab
1427 5245 1550 5315 ipso
1599 5245 1846 5314 collatis,
1881 5248 1990 5303 sci-

332 5335 469 5393 licet
518 5333 883 5390 adversarios
933 5338 1166 5386 nostros
1213 5333 1512 5402 dejiciens,
1538 5335 1758 5390 amicos
1807 5337 1991 5393 subli-

332 5425 552 5483 mando
585 5419 885 5496 provehat,
911 5425 977 5475 ut
1022 5420 1297 5476 inimicos
1343 5428 1555 5477 sanetae
1588 5423 1686 5479 Dei
1720 5424 1989 5483 Ecclesia

329 5513 690 5586 deprimens,
715 5508 935 5566 amicos
964 5509 1093 5582 ejus
1123 5507 1439 5566 monachos
1468 5511 1738 5568 videlicet
1767 5513 1991 5572 beatiﬁ-

327 5617 470 5666 oans
490 5596 840 5677 justiﬂcavi.

2741 4634 3142 4682 conserventur.

2185 4712 2504 4786 chularcs
2527 4713 2706 4786 igitur
2725 4713 3019 4783 monachi,
3041 4731 3154 4771 non
3180 4714 3521 4785 saeculares,
3547 4717 3604 4772 in
3625 4731 3748 4788 pra.-

2111 4801 2249 4867 fato,
2273 4801 2502 4858 Christo
2550 4802 2778 4871 comite,
2804 4804 3078 4876 degentes
3125 4805 3514 4873 monasterio,
3561 4803 3751 4878 regule

2108 4907 2203 4946 mo
2212 4889 2335 4945 ribu
2345 4907 2371 4944 s
2391 4891 2814 4971 obtemperent,
2832 4892 3032 4949 Patres
3046 4895 3390 4950 venerantes
3406 4894 3750 4967 spirituales.

2106 4984 2442 5035 sanctorum
2467 4980 2704 5036 Patrum
2739 4980 3047 5038 imitentur
3075 4981 3365 5054 exempla,
3389 4983 3474 5038 nil
3509 4989 3750 5058 agentes,

2104 5067 2218 5123 nisi
2242 5068 2398 5140 quod
2415 5068 2748 5125 communis
2771 5070 3111 5126 monasterii
3129 5071 3444 5143 regula,vel
3473 5074 3749 5143 majorum

2105 5157 2522 5213 demonstravit
2541 5161 2816 5214 norma.A
2833 5157 3212 5216 saecularibus
3229 5160 3414 5233 igitur
3427 5163 3668 5234 pompis
3683 5175 3751 5215 re-

2102 5244 2266 5309 moti,
2281 5249 2402 5301 toto
2427 5246 2558 5301 nisu
2583 5247 2842 5318 corporis
2863 5247 3199 5303 custodiant
3219 5253 3278 5303 et
3299 5249 3516 5306 animae
3541 5250 3748 5306 castita-

2099 5338 2238 5390 tem.
2256 5334 2618 5390 Humilitatis
2639 5335 2831 5391 studio
2852 5335 3222 5408 pollentes,et
3241 5338 3462 5410 corpus
3485 5338 3750 5412 parcimo»

2100 5422 2208 5478 nia:
2231 5423 2427 5494 vigore
2449 5423 2803 5496 minuentes,
2821 5425 2998 5481 alacri
3019 5425 3428 5500 constringant
3449 5426 3750 5484 animalh-

2097 5511 2256 5568 vium
2284 5511 2534 5569 convivae
2555 5513 2712 5570 intra
2733 5514 2936 5570 urbem
2974 5519 3257 5586 perpetuo
3295 5515 3622 5574 interdicta
3641 5513 3748 5572 ﬁeri

2099 5601 2465 5662 erubescant.
2492 5602 2556 5658 In
2587 5601 2814 5661 civitate
2838 5603 3135 5677 degentes,
3159 5603 3218 5661 in
3251 5605 3570 5667 refectorio
3601 5621 3746 5683 pom-
