3810 6214
77 330 173 387 493

731 329 1408 390 ANGLO-SAXONUM
1454 329 1722 390 IIEGUM
1771 331 2020 391 LlCGl‘IS
2068 331 2714 394 liCCLESIASTlC/E.

3309 338 3427 397 494

78 460 264 533 patiens
292 459 647 532 lascivasque
678 459 1043 516 saecularium
1075 460 1314 516 delicias
1357 465 1417 515 ut
1452 459 1672 515 melan-
1703 463 1752 527 Α
1785 461 2066 517 vientium
2103 463 2482 518 annihilando
2514 464 2813 535 dejiciens,
2834 466 3161 523 Conditoris
3182 467 3271 523 sui
3300 485 3430 539 pas-

78 548 287 605 choliam
316 547 848 621 aporiantes,licitis
882 549 1240 605 charitatum
1265 553 1508 605 utantur
1527 549 1679 606 ciba-

76 639 183 706 riis;
211 642 358 693 extra
387 638 751 694 refectorium
776 644 972 697 autem
995 640 1257 707 minimo,
1284 639 1392 694 nisi
1420 639 1476 694 in
1500 640 1675 694 domo

74 727 395 782 inﬁrmorum
428 727 622 799 aegroti
654 727 1057 794 decubuerint,
1091 729 1330 783 edentes
1360 727 1516 783 licite
1547 744 1673 798 qua:

68 815 191 887 jussi
217 816 441 871 fuerint.
473 815 633 871 Sacri
664 817 1000 889 summique
1033 817 1258 873 ordinis
1308 817 1593 889 hospites,
1628 816 1674 872 si

74 906 190 960 ratio
208 905 463 978 exegerit,
488 908 542 960 et
562 905 847 979 peregrini
875 906 1148 974 ordinati,
1173 905 1346 978 longo
1389 910 1673 962 terrarum

73 994 227 1066 spatio
250 994 560 1061 venientes,
592 995 663 1050 ad
707 995 937 1051 abbatis
989 1012 1253 1051 mensam
1284 996 1343 1050 in
1376 994 1675 1050 refcctorio

73 1084 365 1140 cautissime
395 1083 740 1151 invitentur;
774 1083 940 1139 laicis
970 1084 1029 1139 in
1062 1084 1313 1156 hospitio
1352 1084 1677 1139 condecens

72 1173 369 1229 exhibentur
383 1171 742 1229 humanitas.
756 1173 1176 1237 Monachorum
1196 1173 1495 1245 quispiam
1518 1189 1677 1228 man-

72 1261 282 1315 ducandi
310 1260 393 1317 vel
420 1259 657 1316 bibendi
679 1277 814 1317 cum
838 1261 922 1316 eis
945 1261 1267 1316 secundum
1301 1261 1537 1316 Patrum
1571 1261 1675 1315 de-

69 1356 195 1405 creta
234 1349 519 1409 licentiam
566 1367 683 1406 non
743 1349 986 1417 habeat;
1021 1350 1079 1405 in
1132 1350 1435 1406 refectorio
1479 1354 1674 1405 autem

71 1439 239 1494 edendi
267 1455 437 1495 causa
469 1438 552 1495 vel
585 1438 822 1494 bibendi
857 1456 972 1495 non
1016 1438 1489 1505 introducantur,
1524 1438 1672 1494 Pau-

69 1544 221 1597 peres,
252 1534 310 1584 ut
335 1527 572 1596 Christi,
604 1527 829 1601 ingenti
880 1528 1073 1584 cordis
1123 1528 1527 1600 suscipiantur
1575 1527 1675 1582 tri-

70 1615 224 1686 pudio.

420 1706 565 1762 XIV.
601 1710 684 1761 De
712 1706 972 1761 abbatum
1001 1707 1278 1762 electione.

125 1794 428 1850 Divinarum
470 1795 666 1850 studio
719 1795 1157 1867 Scripturarum
1208 1794 1674 1850 luculentissime

70 1883 257 1951 eruditi,
309 1883 643 1940 orationum
704 1884 1032 1956 frequentia
1090 1884 1329 1941 assidue
1384 1885 1674 1956 occupati,

70 1971 316 2028 charitatis
337 1974 611 2045 amplexu
644 1972 952 2041 latissimi,
989 1973 1121 2028 fidei
1159 1973 1434 2029 exercitio
1480 1990 1677 2045 prom-

67 2061 298 2132 ptissimi,
319 2079 419 2136 spe
449 2061 808 2135 provehente
838 2061 1243 2130 sincerissimi,
1268 2079 1407 2134 pace
1436 2080 1673 2118 concor-

66 2150 183 2205 diter
204 2152 312 2219 tixi,
342 2152 731 2223 omniumque
778 2152 1063 2207 virtutum
1114 2151 1252 2206 flore
1291 2153 1567 2219 decorati,
1600 2153 1673 2207 ad

69 2238 207 2294 finem
236 2245 710 2314 usque,cccptum
744 2243 917 2295 tantae
945 2240 1225 2297 bonitatis
1246 2239 1673 2308 initium,Chri-

66 2332 134 2383 sto
166 2330 412 2400 juvante,
458 2330 865 2404 perducentes,
912 2330 1116 2385 eadem
1171 2329 1407 2402 gloriosi
1465 2331 1674 2385 fruan-

65 2420 138 2471 tur
182 2417 450 2488 libertate,
493 2436 677 2491 quam
736 2419 943 2475 beatus
991 2422 1275 2491 patronus
1323 2419 1674 2474 Benedictus

63 2508 292 2564 omnibus
321 2507 540 2582 regula:
582 2512 867 2581 prazcepto
895 2508 1181 2578 subjectis
1212 2507 1487 2573 instituit,
1517 2507 1672 2563 scili-

63 2599 132 2649 cet
154 2601 211 2652 ut
236 2602 359 2669 post
398 2598 641 2654 abbatis
688 2597 914 2653 obitum
964 2602 1107 2653 tunc
1164 2597 1445 2668 temporis
1478 2615 1675 2670 regen-

60 2684 134 2748 tis,
160 2686 434 2743 abbatem.
470 2729 488 2744 .
525 2728 539 2742 .
578 2728 591 2741 .
630 2728 643 2741 .
675 2687 947 2742 ordinent
997 2686 1464 2758 congregatione,
1497 2703 1671 2759 quem

61 2772 145 2827 sibi
173 2776 349 2832 omnis
378 2793 633 2832 concors
662 2776 1050 2849 congregatio,
1080 2776 1199 2829 sive
1228 2791 1363 2846 pars
1404 2776 1673 2847 quamvis

60 2861 262 2921 minima
318 2864 818 2939 congregationis,
866 2864 1176 2920 salubriori
1238 2864 1475 2937 elegerit
1532 2882 1670 2920 con-

57 2949 177 3007 silio.

58 3056 145 3114 XV.
195 3062 430 3129 Qualiter
486 3079 591 3119 rex
645 3062 895 3118 abbatem
951 3068 1002 3117 et
1064 3062 1354 3117 monachos
1408 3077 1669 3117 venerans

618 3136 631 3146 ’
725 3135 961 3189 muniat.

111 3218 271 3294 Reges
299 3222 517 3296 itaque,
549 3222 885 3295 quicunque
909 3221 1091 3277 nostri
1119 3221 1333 3276 fuerint
1364 3237 1661 3277 successo-
1696 3208 1737 3275 C

56 3310 351 3377 rcs,nullam
382 3298 721 3368 extraneum
757 3327 1066 3383 personam
1092 3312 1196 3381 jus
1226 3310 1556 3382 tyrannidis
1578 3327 1670 3365 su-

56 3410 136 3466 per
157 3401 463 3458 monachos
494 3405 861 3456 exercentem
896 3400 1222 3471 imponant,
1246 3415 1317 3454 ne
1348 3400 1492 3454 forte
1514 3399 1667 3454 Deus

53 3499 128 3540 eos
152 3488 516 3558 damnans,et
547 3506 726 3563 regno
748 3490 1000 3562 deponat
1029 3490 1236 3545 etvita.
1253 3488 1513 3543 Electum
1534 3506 1666 3543 vero

52 3589 76 3627 a
100 3574 351 3634 fratribus
383 3579 607 3635 Christi
637 3579 920 3634 vicarium
966 3578 1277 3651 dignanter
1320 3577 1664 3650 suscipiant,

49 3678 259 3739 eumque
288 3668 597 3725 charitatis
621 3668 753 3740 igne
780 3668 1045 3724 succensi
1080 3667 1488 3739 locupletando
1504 3683 1668 3722 vene-

50 3759 239 3825 rentur;
279 3758 591 3829 juvamen,
652 3757 1004 3829 inquantum
1064 3756 1400 3829 indiguerit,
1449 3756 1663 3812 Christi

50 3856 208 3899 amore
235 3845 877 3920 compuncti,alacriter
897 3846 1260 3918 impendant.
1286 3846 1488 3900 Mutuo
1508 3863 1667 3900 nam-

46 3942 135 3998 que
159 3936 455 3991 confortati
477 3935 808 4007 juvamine,
843 3934 902 3990 in
939 3934 1100 3990 nullo
1134 3952 1167 3990 a
1198 3934 1411 4007 regulm
1452 3952 1665 4007 praece-

48 4020 137 4086 ptis
162 4023 580 4092 discordantes,
596 4023 825 4080 Domini
860 4041 1118 4098 gregem,
1148 4040 1264 4080 non
1297 4023 1661 4093 mercenarii,

47 4109 125 4162 Sed
149 4118 401 4183 pastores
433 4113 1023 4186 ﬁdissimi,luporum
1055 4113 1297 4169 rictibus
1321 4113 1660 4178 eximentes,

47 4194 275 4272 intrepidi
305 4203 653 4260 defendant.

46 4298 159 4358 XVI.
190 4307 429 4376 Qualiter
475 4310 652 4366 abbas
697 4317 748 4365 et
796 4310 1051 4366 monachi
1088 4326 1265 4382 regem
1295 4328 1328 4365 α
1356 4310 1665 4366 dtemonum

545 4383 845 4438 tentatione
869 4382 1130 4454 eripiant.

100 4466 268 4523 Abbas
296 4476 501 4528 autem
530 4469 715 4526 armis
745 4470 1080 4527 succinctus
1104 4470 1668 4541 spiritualibus,mo-

47 4554 324 4615 nachorum
358 4577 550 4616 cuneo
583 4559 717 4615 hinc
764 4560 900 4617 inde
929 4559 1202 4627 vallatus,
1240 4558 1663 4626 charismatum
1694 4581 1740 4645 Β

46 4641 324 4704 caelestium
357 4667 490 4706 rore
523 4648 822 4721 perfusus,
856 4666 1054 4706 aereas
1106 4649 1440 4705 daemonum
1487 4666 1664 4720 expu-

42 4743 195 4798 gnans
221 4739 537 4808 versutias,
566 4755 782 4811 regem,
818 4756 1171 4810 omnemque
1223 4738 1313 4793 sui
1365 4737 1666 4811 regiminis

42 4822 515 4896 clerum,Christo,
551 4829 723 4899 cujus
752 4827 967 4884 virtute
1006 4827 1308 4895 dimicant,
1334 4829 1597 4898 juVante,
1634 4845 1668 4882 a

40 4908 209 4968 rabida
234 4912 493 4971 hostium
536 4916 942 4988 persecutione
992 4915 1375 4971 invisibilium
1427 4915 1668 4971 solerter

41 4996 249 5065 sPiritus
271 5003 471 5076 gladia
491 5005 832 5071 defendens,
867 5004 1001 5061 ﬁdei
1024 5008 1192 5061 scuto
1234 5005 1437 5059 subtili
1473 5008 1666 5077 prote—

38 5097 156 5153 gens
181 5094 490 5161 tutamine,
524 5094 769 5151 robusto
818 5094 1091 5166 proelians
1142 5093 1461 5167 triumpho,
1496 5094 1664 5150 miles

40 5174 215 5246 eripiat
240 5181 697 5255 imperterritus.

38 5277 180 5341 XVII.
212 5289 466 5357 Qualiter
498 5307 599 5345 rex
628 5290 876 5347 abbatem
904 5298 953 5347 et
982 5291 1273 5347 monachos
1294 5290 1361 5346 ab
1384 5291 1671 5347 hominum

496 5365 876 5434 persecutione
904 5361 1174 5434 defendat.

100 5442 205 5502 Rex
231 5449 434 5506 itidem
463 5455 755 5519 terrenus,
788 5451 1041 5507 caelestis
1073 5454 1264 5507 castra
1301 5450 1452 5524 regis
1485 5451 1671 5507 fortis-

47 5531 173 5589 simo
201 5538 486 5596 roborans
517 5538 1055 5611 munimine,armis
1078 5539 1460 5597 saecularibus
1478 5540 1679 5596 visibi-

44 5611 122 5679 les
148 5636 488 5705 expugnans
518 5630 1287 5705 adversarios,hostiumque
1320 5629 1540 5687 rabiem
1572 5647 1682 5689 sac-

1787 568 1895 605 cua
1916 567 2268 623 gregemque
2283 552 2532 608 sollicita
2554 552 3023 626 inexpugnabilis
3042 560 3437 611 tuaturrusto—

1754 642 1755 645 ’
1787 640 2214 712 dia,quatenus
2251 643 2319 697 ad
2354 643 2483 696 vitaz
2517 643 2778 701 brevium
2815 643 3175 715 perveniens,
3209 644 3439 700 aeternis

1785 727 2117 801 tripudians
2141 730 2368 786 fruatur
2398 731 2591 799 bonis,
2617 750 2743 805 qua:
2776 749 2879 787 nec
2904 731 3109 788 oculus
3130 733 3322 789 videre
3345 732 3443 788 ali-

1787 824 2074 889 quatenus
2107 820 2296 891 potuit
2327 820 2645 889 humanus,
2680 838 2785 877 nec
2818 821 2876 877 in
2910 821 3168 878 hominis
3208 839 3307 879 cor
3353 821 3443 877 ul-

1787 905 2018 963 latenus
2051 909 2314 964 ascendit
2344 926 2471 981 qua:
2505 910 2850 983 praeparavit
2884 912 3035 966 Deus
3061 910 3440 985 diligentibus

1787 1012 1868 1052 se.
3146 1018 3155 1021 “

1951 1087 2141 1142 XVIII.
2176 1089 2251 1143 De
2278 1091 2601 1146 monasticae
2622 1092 2978 1161 possessionis
3009 1090 3274 1147 libertate.

1859 1175 1987 1229 Sint
2019 1176 2239 1247 praefati
2266 1178 2605 1233 monasterii
2633 1180 2997 1246 rura,omnis
3014 1179 3433 1235 monachorum

1786 1265 2176 1334 possessioﬁn
2210 1266 2385 1322 rebus
2417 1268 2650 1339 magnis
2671 1267 2759 1322 vel
2783 1267 3049 1336 modicis,
3078 1267 3328 1323 internis
3349 1268 3433 1323 vel

1785 1354 2059 1420 externis,
2095 1354 2151 1408 in
2193 1356 2437 1409 urbanis
2467 1355 2553 1410 vel
2583 1356 2961 1424 suburbanis,
2984 1357 3239 1429 prtediis,
3273 1374 3437 1412 cam—

1787 1440 1899 1512 pis,
1932 1442 2136 1513 pratis,
2169 1444 2424 1514 pascuis,
2468 1444 2652 1509 silvis,
2706 1445 3079 1513 molendinis,
3113 1445 3433 1501 rivulorum

1788 1531 2082 1595 cursibus,
2116 1537 2331 1588 interna
2362 1533 2627 1589 libertate
2659 1535 2715 1589 in
2749 1534 2960 1591 Christi
3001 1534 3236 1591 nomine
3280 1536 3436 1607 ejus-

1788 1635 1900 1691 que
1931 1620 2240 1677 Genitricis
2270 1622 2470 1677 ditata.

1787 1725 1927 1780 XIX.
1964 1726 2115 1795 Quod
2145 1728 2335 1782 nullus
2362 1728 2727 1803 saecularium
2775 1732 3099 1787 monasterii
3138 1732 3436 1803 possessio-

2302 1816 2429 1856 nem
2455 1802 2649 1857 illicite
2678 1811 2919 1873 usurpet.

1858 1903 2235 1960 Sa'cularium
2264 1905 2559 1978 quispiam
2592 1923 2739 1962 ausu
2770 1909 3078 1963 temerario
3100 1909 3201 1979 jus
3240 1913 3435 1979 tyran-

1786 1992 1941 2047 nidis
1975 2010 2089 2047 non
2124 1992 2180 2047 in
2213 1993 2425 2048 Christi
2477 1993 2705 2049 cultura
2738 2000 3243 2066 praesumptuosus
3271 2012 3434 2051 exer-

1784 2086 1942 2148 ceat;
1978 2099 2093 2137 non
2137 2082 2382 2147 minuet,
2411 2081 2737 2154 instigante
2755 2082 3005 2151 diabolo,
3038 2084 3194 2156 quod
3244 2086 3432 2140 sancti

1785 2170 2038 2242 Spiritus
2062 2170 2342 2226 instinctu
2365 2176 2484 2227 tam
2507 2190 2540 2226 a
2564 2188 2655 2227 me
2672 2189 2848 2243 quam
2862 2173 3432 2245 apraedecessoribus

1785 2259 1951 2325 meis,
1986 2276 2208 2314 necnon
2233 2278 2265 2314 a
2291 2259 2591 2315 catholicis
2622 2260 2928 2332 utriusque
2958 2278 3128 2317 sexus
3178 2261 3430 2317 homini-

1784 2348 1917 2416 bus,
1951 2347 2219 2421 largiflua
2240 2365 2582 2404 concessum
2614 2353 2703 2404 est
2720 2349 3073 2421 dapsilitate.

2118 2455 2230 2509 .\'.\'.
2263 2456 2337 2510 De
2368 2455 2737 2510 benedictione
2760 2456 3100 2523 augentium.

1852 2561 2099 2633 Augenti
2133 2560 2353 2616 tribuat
2392 2579 2585 2616 rerum
2636 2566 2978 2617 cunctarum
3029 2562 3229 2634 Opifex
3272 2566 3430 2618 tran-

1785 2648 2035 2721 quillum
2054 2650 2184 2704 vita":
2211 2651 2514 2721 prmsentis
2535 2650 3193 2723 excursum,longzevum
3212 2651 3433 2713 instan-

1784 2739 1859 2792 tis
1882 2738 2457 2811 temporis,futurum
2488 2744 2714 2797 aeternae
2730 2739 3109 2796 beatitudinis
3130 2739 3428 2810 talionem,

1780 2828 2167 2883 sufficientem
2220 2828 2564 2883 victualium
2620 2829 2965 2894 ubertatem,
2998 2828 3432 2885 interminabile

1777 2916 2181 2988 prosperitatis
2213 2922 2618 2988 augmentum,
2649 2917 2948 2989 copiosum
2981 2916 3266 2985 virtutum
3301 2934 3428 2972 om-

1776 3005 1941 3061 nium
1963 3007 2263 3076 juvamen.

2073 3113 2212 3169 XXI.
2248 3118 2324 3169 De
2347 3113 2727 3169 maledictione
2752 3114 3138 3170 minuentium.

1848 3220 2205 3277 Minuentem
2231 3224 2508 3293 perpetua
2528 3220 2823 3292 possideat
2843 3222 3106 3292 miseria;
3122 3222 3180 3278 in
3197 3223 3425 3278 Domini

1778 3327 2025 3365 manens
2056 3309 2477 3381 persecutione,
2493 3310 2622 3381 ejus
2644 3310 2952 3367 Genitricis
2974 3316 3428 3385 sanctorumque

1777 3399 2039 3454 omnium
2074 3399 2333 3454 incurrat
2364 3399 2676 3466 offensam;
2702 3402 3002 3470 prmsentis
3032 3399 3157 3454 vitae
3180 3401 3430 3456 adversi-

1776 3493 1865 3542 tas
1899 3487 1978 3541 illi
2016 3504 2248 3560 semper
2279 3487 2535 3553 eveniat;
2569 3486 2730 3542 nulla
2760 3488 2844 3543 eis
2877 3488 3158 3544 bonitatis
3207 3488 3431 3543 accidat

1776 3577 2165 3650 prosperitas;
2201 3576 2402 3631 omnia
2441 3577 2568 3647 ejus
2622 3576 2851 3648 peculia
2894 3576 3118 3632 inimici
3168 3581 3429 3633 astantes

1776 3666 2083 3737 diripiant;
2108 3666 2167 3720 in
2200 3665 2395 3720 futuro
2418 3669 2634 3731 autem,
2653 3665 2847 3720 salerni
2871 3666 3269 3722 miserrimum
3293 3683 3427 3722 cum

1775 3755 1958 3810 hzedis
1991 3756 2050 3809 in
2073 3754 2313 3810 sinistra
2334 3754 2591 3826 positum
2622 3756 2903 3811 damnent
2919 3756 3287 3821 cruciatus,si
3312 3773 3426 3811 non

1774 3845 2176 3900 satisfactione
2201 3845 2597 3900 emendaverit
2612 3862 2885 3917 congrua
2914 3846 3071 3918 quod
3104 3845 3162 3900 in
3194 3844 3425 3901 Domini

1774 3951 2068 4007 usurpans
2099 3934 2348 3990 detraxit
2379 3951 2643 3990 censura.

1772 4042 1940 4096 XXII.
1977 4043 2182 4110 Quibus
2210 4042 2383 4097 modis
2412 4042 2772 4099 saecularibus
2801 4042 3180 4114 obtemperent,
3202 4050 3254 4098 et
3284 4042 3426 4114 quod

1843 4114 2034 4168 nullus
2095 4121 2276 4169 reatus
2332 4114 2429 4168 hoc
2503 4115 2720 4169 Domini
2766 4116 3127 4186 privilegium
3178 4116 3429 4170 minuere

1844 4186 2042 4241 valeat.

1844 4291 2059 4347 Tribus
2078 4292 2486 4347 tantummodo
2509 4291 3110 4359 eausis,szecularibus
3134 4292 3429 4363 obtempe-

1775 4384 1904 4437 rent
1954 4381 2280 4453 praeceptis,
2316 4384 2441 4434 rata
2477 4379 2745 4435 videlicet
2788 4379 3174 4451 expeditione,
3206 4379 3425 4452 pontis,

1750 4469 1995 4541 parcisvc
2027 4467 2491 4536 constructione;
2515 4466 2660 4523 alias
2685 4471 2899 4523 aeterna
2921 4467 3084 4523 ditati
3105 4466 3431 4540 glorientur

1773 4559 2061 4615 libertate.
2096 4557 2314 4612 Reatus
2362 4556 2665 4628 quidpiam
2718 4556 2787 4621 si,
2820 4555 3097 4611 incitante
3144 4557 3427 4621 daemone,

1776 4649 2074 4714 seductus,
2108 4645 2196 4701 vel
2245 4646 2448 4713 abbas,
2477 4644 2567 4701 vel
2598 4646 2843 4700 fratrum
2878 4643 3091 4716 aliquis
3123 4644 3426 4719 fragiliter,

1779 4736 1933 4809 quod
1966 4735 2138 4803 absit,
2154 4733 2773 4805 contraxerit,justitia
2795 4738 3081 4807 purgante
3104 4730 3429 4790 secundum

1777 4824 1989 4898 regula":
2032 4827 2386 4898 praeceptum
2420 4822 2673 4878 abolitus
2711 4823 3045 4892 damnetur,
3080 4827 3432 4896 maneatque.

1775 4916 2024 4987 praefatae
2079 4912 2489 4968 munificentia:
2534 4911 2774 4966 libertas
2803 4910 3128 4967 Altithrono
3161 4930 3263 4986 per
3293 4930 3431 4969 nos-

1774 5009 1924 5059 tram
1956 5002 2351 5058 humilitatem
2375 5000 2666 5069 oblata,ad
2691 5000 3115 5057 monachorum
3138 5019 3284 5059 usus
3306 5019 3433 5077 gra-

1773 5092 1917 5147 tuite
1950 5091 2060 5145 sibi
2096 5089 2508 5146 famulantium
2540 5088 3147 5158 inviolabilis,a3terna
3168 5091 3433 5148 libertate

1772 5181 2055 5252 jucunda,
2090 5178 2231 5250 quia
2257 5178 2429 5246 Deus,
2465 5178 2564 5250 qui
2597 5178 2746 5234 hanc
2778 5179 3065 5253 privilegii
3101 5180 3432 5255 largifluam

1783 5266 2507 5339 donationem,locumque
2540 5285 2673 5323 cum
2706 5269 2984 5325 universa
3012 5270 3433 5327 monachorum

1769 5358 2028 5425 familia,
2039 5358 2297 5429 juraque
2329 5356 2527 5412 omnia
2558 5374 2722 5413 sacro
2749 5359 3012 5430 subjecta
3031 5360 3292 5415 coenobio
3307 5372 3437 5429 pos-

1788 5449 2286 5518 sidet,nunquam
2318 5449 2543 5501 reatum
2572 5447 3009 5515 commisit,nec
3039 5445 3157 5502 ullo
3173 5458 3436 5516 unquam

1789 5542 2050 5610 tempore
2083 5534 2430 5593 committet.
2446 5535 2535 5591 Sit
2559 5535 2738 5609 igitur
2756 5537 2995 5609 praefata
3022 5534 3261 5590 libertas
3280 5536 3440 5588 aeter-

1792 5645 1889 5698 na,
1924 5626 2063 5704 quia
2093 5627 2249 5686 Deus
2278 5624 2566 5685 libertatis
2595 5641 2902 5703 possessor
2928 5627 3181 5683 aeternus
3206 5624 3313 5680 est.

3358 5804 3603 5903 1""
