3810 6214
60 378 159 441 501

759 373 1432 439 ANGLO-SAXONUM
1481 375 1756 438 ItEGUM
1801 376 2054 439 LEGES
2100 375 2747 439 ECCLESIASTICE.

3330 378 3448 439 502

62 511 122 566 ab
164 523 334 565 uxore
383 524 493 565 sua
540 506 600 564 in
649 508 854 565 diebus
906 507 1069 564 festis
1112 512 1170 563 et
1219 506 1389 563 statis
1413 507 1680 580 jejuniis.
1715 509 1769 576 Î‘
1870 509 1981 565 XL.
2016 508 2305 565 Docemus
2336 508 2533 578 etiam,
2566 510 2722 582 quod
2746 510 3015 565 sacerdos
3038 527 3341 584 nunquam
3374 506 3469 569 sit~

120 599 294 655 XXVI.
330 598 622 654 Docemus
671 598 869 664 etiam,
908 602 974 653 ut
1034 598 1352 670 presbyteri
1413 597 1687 653 ecclesias

62 688 364 745 custodiant
392 704 531 742 cum
563 686 722 742 omni
744 687 1112 743 veneratione
1131 688 1203 742 ad
1225 685 1685 742 ecclesiasticum

63 777 451 844 ministerium,
484 780 540 832 et
568 776 638 831 ad
671 792 885 847 purum
933 776 1257 841 servitium,
1281 780 1338 830 et
1387 776 1458 829 ad
1494 775 1687 831 nullas

64 867 186 922 alias
213 882 330 933 res;
363 881 556 936 neque
586 865 664 919 sit
692 864 913 937 aliquid
948 864 1154 919 inutile
1187 863 1485 935 ibi,neque
1518 863 1577 919 in
1608 865 1688 918 vi-

64 957 218 1021 cima;
250 972 362 1010 non
393 955 810 1028 permittantur
837 971 985 1008 vana
1035 952 1345 1025 colloquia,
1380 969 1483 1007 nec
1526 970 1685 1007 vana:

66 1045 511 1116 actiones,neque
532 1043 805 1099 indecora
824 1042 1197 1115 compotatio,
1214 1058 1402 1114 neque
1426 1059 1685 1114 unquam

66 1134 158 1190 alia
180 1133 418 1201 vanitas,
456 1148 643 1205 neque
673 1133 828 1187 intra
858 1132 1113 1188 ecclesia:
1145 1148 1343 1203 sepem
1380 1131 1543 1186 canis
1575 1130 1687 1186 ali-

66 1222 176 1294 quis
191 1223 396 1289 veniat,
422 1238 613 1294 neque
643 1238 951 1294 porcorum
980 1221 1176 1291 plures
1208 1238 1386 1292 quam
1427 1219 1562 1292 quis
1593 1237 1685 1276 re-

66 1328 175 1385 gere
201 1311 398 1385 possit.

122 1402 315 1456 XXVII.
347 1402 639 1457 Docemus
670 1400 953 1467 etiam,ut
983 1399 1127 1454 nihil
1160 1400 1219 1454 in
1248 1397 1494 1455 ecclesia
1525 1415 1686 1470 repo-

69 1495 232 1557 natur,
262 1491 415 1563 quod
449 1490 667 1553 ibidem
700 1488 978 1545 indecens
1008 1489 1104 1545 sit.

123 1580 340 1635 XXVIII.
365 1580 659 1635 Docemus
709 1578 908 1643 etiam,
939 1582 1007 1633 ut
1043 1579 1287 1647 (omnes)
1320 1578 1376 1633 in
1430 1575 1683 1632 ecclesiae

71 1669 303 1725 encaeniis
333 1667 506 1724 valde
536 1668 717 1724 sobrii
752 1667 891 1734 sint,
925 1672 981 1721 et
1018 1666 1331 1739 diligenter
1361 1671 1544 1732 orent,
1579 1683 1684 1721 nec

71 1758 259 1829 pocula,
291 1774 482 1829 neque
505 1757 727 1829 aliquid
762 1755 969 1811 inutile
999 1756 1077 1812 ibi
1110 1761 1432 1812 exerceant.

131 1846 283 1902 XXIX.
317 1848 612 1902 Docemus
643 1845 843 1911 etiam,
878 1849 942 1900 ut
968 1845 1024 1899 in
1058 1844 1303 1900 ecclesia
1334 1861 1505 1899 nemo
1528 1861 1685 1916 sepe-

73 1933 229 2001 liatur,
248 1935 354 1990 nisi
378 1935 608 1990 sciatur
635 1934 792 2007 quod
824 1934 881 1989 in
913 1933 1031 1989 vita
1059 1935 1168 1989 Deo
1201 1934 1344 1989 bene
1376 1932 1681 2005 placuerit,

73 2028 124 2078 ut
144 2024 259 2079 inde
278 2024 599 2095 judicetur,
633 2023 791 2095 quod
822 2023 897 2079 sit
928 2022 1230 2095 sepultura
1260 2021 1493 2094 dignus.

125 2113 261 2169 XXX.
291 2115 582 2170 Docemus
615 2113 813 2183 etiam,
841 2116 907 2167 ut
936 2113 1205 2168 sacerdos
1238 2112 1294 2166 in
1330 2110 1494 2166 nulla
1512 2111 1685 2166 domo

74 2201 276 2258 missam
300 2202 574 2271 celebret,
608 2202 722 2257 nisi
756 2202 815 2257 in
847 2201 1203 2257 consecratis
1232 2200 1513 2267 ecclesiis,
1540 2217 1686 2272 pra:-

73 2295 296 2363 terquam
321 2293 393 2348 ob
426 2296 752 2348 extremam
785 2290 1038 2362 alicujus
1067 2290 1493 2361 aegritudinem.

128 2381 294 2435 XXXI.
325 2382 619 2438 Docemus
679 2380 878 2446 etiam,
927 2384 993 2435 ut
1050 2379 1322 2435 sacerdos
1380 2394 1683 2449 nunquam

76 2469 243 2525 saltem
270 2471 512 2526 missam
544 2468 798 2526 celebret
826 2468 938 2525 nisi
973 2485 1150 2541 super
1170 2471 1572 2523 consecratum
1608 2466 1686 2522 al-

76 2560 188 2613 tare.
1180 2567 1197 2582 '

128 2647 314 2703 XXXII.
350 2649 640 2703 Docemus
685 2647 886 2711 etiam,
926 2650 991 2701 ut
1045 2647 1318 2701 sacerdos
1378 2661 1683 2717 nunquam

77 2736 279 2791 missam
310 2737 565 2793 celebret
600 2736 823 2807 absque
856 2735 1024 2802 libro,
1048 2739 1105 2790 et
1137 2735 1212 2789 sit
1242 2752 1428 2790 canon
1460 2735 1509 2790 ei
1552 2738 1684 2789 ante

75 2825 236 2881 oculos
264 2826 507 2897 positus,
540 2825 593 2879 si
619 2824 778 2891 velit,
813 2841 885 2879 ne
916 2824 1060 2879 forte
1092 2822 1397 2896 impingat.

126 2913 337 2970 XXXIII.
372 2919 662 2971 Docemus
688 2914 884 2981 etiam,
908 2918 972 2968 ut
1004 2912 1251 2985 quilibet
1280 2914 1551 2969 sacerdos
1582 2912 1683 2967 ha-

75 3002 180 3058 beat
204 3004 550 3076 corporalem
585 3007 828 3070 vestem,
863 3019 996 3058 cum
1030 3003 1272 3058 missam
1325 3001 1597 3067 celebrat,
1630 3005 1685 3056 et

74 3092 374 3149 subuculam
397 3094 511 3150 sub
532 3092 669 3147 alba
698 3094 887 3157 sua,et
907 3091 1105 3146 omnia
1125 3090 1469 3146 vestimenta
1490 3089 1683 3145 missa;

76 3179 230 3238 debite
256 3186 541 3239 contexta.

128 3269 338 3326 XXXIV.
369 3272 666 3327 Docemus
693 3268 890 3335 etiam,
923 3274 988 3325 ut
1014 3267 1258 3341 quilibet
1290 3268 1560 3323 sacerdos
1591 3268 1681 3321 di-
1712 3252 1755 3317 C

75 3354 282 3429 ligenter
308 3365 490 3426 curet,
524 3363 593 3414 ut
621 3358 844 3413 bonum
874 3362 931 3414 et
960 3358 1166 3413 saltem
1191 3358 1425 3428 justum
1467 3355 1685 3412 librum

77 3444 271 3505 habeat.

130 3535 615 3594 XXXV.Docemus
644 3535 845 3601 etiam,
878 3539 943 3590 ut
976 3534 1174 3591 nullus
1225 3535 1495 3590 sacerdos
1526 3532 1686 3589 solus

78 3622 279 3681 missam
308 3626 579 3694 celebret,
613 3624 663 3680 si
695 3641 811 3680 non
843 3624 1057 3680 habeat
1086 3640 1219 3679 eum
1275 3623 1375 3695 qui
1421 3622 1533 3695 ipsi
1566 3639 1684 3678 res-

80 3713 314 3777 pendeat.

130 3800 337 3860 XXXVI.
372 3808 660 3860 Docemus
690 3802 887 3870 etiam,
913 3805 977 3856 ut
1010 3799 1257 3874 quilibet
1278 3800 1548 3856 sacerdos
1574 3801 1688 3855 Eu-

77 3886 366 3948 charistiam
425 3891 687 3964 accipiat
734 3891 1037 3963 jejunans,
1070 3890 1184 3945 nisi
1235 3889 1308 3945 ob
1367 3893 1687 3945 extremam

79 3980 432 4049 aegritudinem
443 4025 456 4036 .

131 4066 366 4126 XXXVII.
400 4072 695 4128 Docemus
767 4068 965 4136 etiam,
1026 4072 1091 4123 ut
1160 4067 1359 4123 nullus
1420 4068 1689 4123 sacerdos

82 4169 171 4208 uno
196 4158 277 4213 die
304 4162 516 4233 saepius
539 4174 722 4231 quam
757 4163 844 4214 ter
872 4158 943 4213 ad
976 4174 1278 4213 summum
1321 4156 1563 4211 missam
1599 4173 1690 4211 ce-

81 4239 247 4301 Iebret.

137 4332 699 4394 XXXVIIIDocemus
728 4336 1004 4401 etiam,ut
1034 4336 1304 4391 sacerdos
1336 4350 1568 4406 semper
1586 4333 1688 4389 ha-

86 4417 187 4475 beat
228 4431 480 4495 paratam
541 4424 994 4490 Eucharistiam,
1036 4427 1209 4496 prout
1237 4440 1381 4495 opus
1415 4422 1608 4491 fuerit,
1634 4426 1691 4478 et

87 4504 202 4565 hanc
228 4513 525 4588 diligenter
557 4515 617 4568 in
653 4513 904 4585 puritate
933 4512 1241 4578 custodiat,
1275 4516 1331 4566 et
1374 4516 1569 4566 caveat
1620 4529 1689 4566 ne

88 4592 437 4668 inveterescat,
462 4605 512 4660 si
562 4607 759 4659 autem
810 4600 1236 4669 inveteraverit,
1272 4604 1334 4655 ut
1381 4600 1563 4671 accipi
1597 4617 1691 4655 ne-
1720 4623 1767 4686 D

88 4692 243 4752 queat,
256 4694 386 4746 tunc
417 4692 803 4748 eomburatur
830 4691 889 4745 in
922 4707 1069 4763 puro
1090 4689 1308 4761 igne,et
1328 4689 1551 4744 cineres
1582 4689 1691 4743 sub

87 4771 217 4830 altari
247 4781 648 4849 condantur,et
676 4779 984 4853 diligenter
1013 4778 1168 4850 apud
1191 4778 1373 4833 Deum
1396 4777 1685 4845 emendet,

87 4862 164 4930 qui
182 4864 276 4922 hoc
303 4870 571 4941 neglexit.

142 4950 346 5012 XXXIX.
384 4960 670 5014 Docemus
717 4958 914 5025 etiam,
965 4962 1031 5012 ut
1062 4957 1335 5012 sacerdos
1387 4971 1689 5027 nunquam

90 5051 360 5106 Presumat
403 5048 653 5103 missam
705 5045 1018 5111 celebrare,
1051 5045 1168 5100 nisi
1213 5044 1411 5099 omnia
1459 5044 1689 5114 habeat,

92 5141 193 5195 Quae
218 5133 280 5186 ad
309 5134 367 5190 S.
400 5136 832 5191 Eucharistiam
865 5135 1179 5208 pertinent,
1213 5133 1322 5188 hoc
1354 5137 1444 5188 est
1483 5148 1690 5204 puram

94 5214 420 5289 oblationem,
452 5229 511 5280 et
557 5224 759 5278 vinum
812 5239 1047 5294 purum,
1080 5227 1135 5277 et
1188 5238 1402 5292 aquam
1464 5238 1693 5293 puram.

94 5300 169 5358 Va:
195 5305 268 5362 illi
290 5312 385 5381 qui
418 5314 663 5368 missam
697 5312 934 5367 inchoat
983 5316 1296 5382 antequam
1347 5310 1466 5365 hzec
1498 5310 1698 5364 omnia

97 5386 294 5451 habeat!
315 5398 471 5455 Etvae
495 5400 579 5456 illi
603 5402 704 5473 qui
725 5400 1025 5471 impurum
1051 5400 1191 5471 quid
1214 5398 1376 5453 addit
1406 5398 1551 5453 illis!
1590 5398 1694 5453 hoc

99 5478 253 5539 simile
274 5494 420 5545 esset
446 5490 495 5545 ei
528 5491 685 5562 quod
734 5489 919 5545 Î´Î¹Î¹á¾±Ï‰á½·
971 5490 1251 5549 fecerunt,
1284 5504 1417 5543 cum
1466 5492 1693 5543 acetum

99 5570 143 5619 et
166 5569 228 5625 fel
257 5574 419 5631 simul
450 5579 784 5642 miscerent,
817 5581 872 5631 et
918 5576 1060 5632 illud
1112 5580 1313 5647 postea
1361 5575 1586 5628 Christo
1635 5574 1691 5627 in

102 5650 376 5720 ludibrium
406 5668 791 5739 porrigorent.

1798 598 2012 670 dignus
2044 598 2287 655 missam
2319 598 2628 665 celebrare,
2665 599 2763 671 qui
2799 616 2912 654 non
2962 600 3087 671 ipse
3132 602 3189 655 S.
3222 601 3448 658 Eucha-

1796 688 2023 743 ristiam
2056 689 2330 761 percipit;
2365 705 2471 743 nec
2502 692 2905 744 consecratum
2940 705 3198 760 unquam
3250 692 3441 746 denuo

1797 782 2185 833 consecretur.
2566 822 2574 828 .

1866 866 2006 921 XLI.
2042 867 2329 921 Docemus
2360 866 2559 933 etiam,
2596 870 2657 920 ut
2688 865 2932 938 quilibet
2962 866 3111 922 calix
3144 868 3311 923 fusus
3348 867 3442 936 sit,

1795 955 1854 1011 in
1879 973 1991 1027 quo
2025 954 2468 1010 S.Eucharistia
2501 960 2964 1023 consecretur,ct
2997 956 3052 1010 in
3086 956 3277 1029 ligneo
3300 974 3447 1013 nun~

1797 1062 1973 1117 quam
2005 1049 2394 1100 consecretur.

1867 1134 2034 1189 XLII.
2067 1134 2351 1189 Docemus
2383 1133 2580 1200 etiam,
2614 1138 2677 1188 ut
2708 1134 2923 1202 omnia,
2959 1151 3085 1206 quae
3135 1134 3303 1190 altari
3347 1154 3447 1210 ap-

1796 1223 2210 1296 propinquant,
2246 1226 2301 1277 ct
2333 1222 2403 1277 ad
2434 1221 2739 1277 ecclesiam
2783 1223 3095 1295 pertinent,
3126 1223 3245 1278 sint
3283 1223 3447 1280 valde

1796 1329 1963 1384 pura,
1996 1317 2050 1367 et
2080 1312 2252 1384 digne
2284 1311 2657 1382 disposita,et
2688 1311 2833 1366 nihil
2866 1312 3209 1383 (impurum)
3243 1330 3446 1385 appro-

1795 1401 2039 1473 pinquet
2060 1400 2332 1465 illud,sed
2349 1402 2659 1471 reponatur
2676 1400 3073 1455 sanctuarium
3086 1401 3250 1456 valde
3270 1401 3445 1457 hono-

1796 1490 1973 1555 ritice,
2007 1495 2064 1546 et
2111 1507 2344 1562 semper
2390 1488 2585 1544 lumen
2646 1490 2846 1545 ardeat
2901 1489 2961 1545 in
3012 1489 3274 1562 ecclesia,
3308 1507 3442 1546 cum

1797 1579 1979 1635 missa
2011 1580 2375 1633 decantatur.

1864 1668 2053 1723 XLIII.
2090 1672 2373 1722 Docemus
2406 1666 2679 1733 etiam,ut
2716 1683 2827 1719 non
2866 1666 3194 1739 negligatur
3222 1667 3442 1740 aliquid

1793 1761 2221 1822 consecratum,
2255 1774 2368 1811 non
2420 1773 2572 1828 aqua
2620 1763 2976 1823 consecrata,
3021 1772 3125 1811 nec
3182 1755 3289 1819 sal,
3339 1774 3443 1811 nec

1796 1846 1953 1907 thus.
1989 1862 2092 1901 nec
2126 1844 2313 1916 panis,
2349 1861 2452 1899 nec
2475 1844 2693 1915 aliquid
2724 1847 3013 1898 sanctum.

1864 1935 2347 1989 XLIV.I)ocemus
2369 1932 2639 1997 etiam,ut
2668 1932 2829 1987 nulla
2860 1950 3003 1988 uxor
3034 1932 3213 1987 altare
3241 1950 3445 2006 appro-

1793 2024 2037 2096 pinquet
2067 2023 2327 2095 quandiu
2360 2022 2541 2076 missa
2573 2020 2920 2075 celebratur.

1864 2114 2026 2168 XLV.
2065 2113 2347 2167 Docemus
2401 2110 2597 2176 etiam,
2640 2114 2705 2164 ut
2752 2111 2914 2180 justo
2974 2114 3126 2166 stato
3183 2115 3443 2182 tempore

1794 2217 2079 2273 campana
2139 2200 2423 2273 pulsetur,
2459 2205 2515 2253 et
2570 2200 2843 2254 sacerdos
2900 2199 3145 2269 quilibet
3204 2204 3441 2254 cantum

1794 2309 1967 2346 suum
2025 2290 2325 2345 horarium
2386 2288 2445 2342 in
2496 2288 2740 2343 ecclesia
2798 2287 3027 2359 psallat,
3067 2292 3123 2343 et
3169 2288 3248 2344 ibi
3306 2305 3440 2344 eum

1793 2380 1893 2435 Dei
1928 2379 2133 2434 timore
2166 2376 2367 2433 scdulo
2399 2380 2540 2444 oret,
2576 2382 2631 2431 et
2662 2394 2764 2449 pro
2798 2377 2954 2432 omni
3010 2375 3225 2449 populo
3268 2377 3445 2431 inter-

1794 2469 1978 2524 cedat.

1865 2558 2053 2613 XLVI.
2093 2558 2374 2611 Docemus
2406 2556 2603 2617 etiam,
2638 2558 2701 2608 ut
2732 2555 3000 2608 sacerdos
3031 2554 3441 2621 smcularis,vel

1794 2644 2193 2702 conventualis
2226 2643 2462 2716 aliquis,
2482 2661 2597 2697 non
2630 2642 2823 2697 veniat
2857 2642 3005 2697 intra
3028 2643 3242 2697 ostium
3266 2642 3443 2699 eccle-

1794 2736 2033 2802 siae,nec
2067 2735 2217 2789 intra
2252 2732 2596 2798 sacrarium,
2616 2732 2837 2803 absque
2868 2732 3286 2803 superpelliceo
3310 2750 3439 2799 suo,

1793 2839 1982 2894 neque
2039 2820 2246 2877 saltem
2299 2821 2367 2874 ad
2419 2820 2619 2883 altare,
2655 2823 2717 2873 ut
2749 2819 2825 2873 ibi
2871 2819 3165 2874 ministret
3217 2820 3440 2892 absque

1791 2911 2003 2966 vestitu
2037 2909 2156 2964 illo.

1862 2999 2079 3054 XLVII.
2118 2999 2401 3053 Docemus
2431 2989 2701 3061 etiam,ut
2732 2994 2931 3050 nullus
2963 2994 3144 3051 sacris
3175 2996 3441 3052 initiatus

1774 3089 1967 3143 .homo
1987 3091 2291 3141 tonsuram
2314 3101 2482 3139 suam
2507 3087 2820 3150 consecret,
2845 3099 2949 3143 nec
2978 3100 3105 3139 eam
3138 3084 3288 3139 male
3316 3090 3444 3140 ton-

1792 3179 1913 3233 deri
1946 3176 2262 3249 permittat,
2284 3191 2388 3228 nec
2418 3175 2660 3229 barbam
2695 3190 2861 3228 suam
2895 3191 2997 3246 per
3025 3173 3260 3246 aliquod
3294 3178 3440 3230 tem-

1795 3286 1904 3341 pus
1943 3267 2079 3333 alat,
2114 3265 2408 3337 siquidem
2438 3263 2903 3319 benedictionem
2938 3265 3057 3331 Dci,
3086 3269 3142 3320 et
3171 3265 3230 3320 S.
3266 3265 3438 3334 Petri,

1794 3361 1851 3413 et
1881 3359 2141 3411 nostram
2170 3354 2381 3408 habere
2409 3352 2568 3407 velit.

1864 3444 2106 3500 XLVIII.
2140 3443 2427 3497 Docemus
2485 3441 2681 3509 etiam,
2730 3446 2794 3495 ut
2851 3458 3055 3497 omnes
3112 3444 3440 3499 sacerdotes

1797 3534 1961 3590 festis
2016 3532 2222 3587 diebus
2280 3535 2336 3585 et
2385 3531 2627 3601 jejuniis
2686 3530 2993 3585 unanimes
3050 3531 3189 3597 sint,
3221 3535 3278 3586 et
3324 3547 3444 3586 om-

1796 3640 1900 3679 nes
1933 3639 2048 3677 uno
2080 3620 2251 3676 modo
2283 3623 2467 3688 orent,
2501 3636 2572 3673 ne
2604 3618 2885 3691 populum
2936 3618 2995 3673 in
3047 3634 3302 3675 errorem
3335 3620 3443 3675 du-

1797 3716 1951 3767 cant.

1865 3800 2049 3856 XLIX.
2090 3801 2373 3855 Docemus
2434 3798 2631 3865 etiam,
2680 3801 2745 3853 ut
2803 3797 3105 3869 quodlibet
3150 3798 3447 3871 jejunium

1798 3889 2179 3961 elcemosynis
2207 3888 2641 3955 honoriï¬cctur,
2677 3887 2785 3942 hoc
2817 3892 2924 3955 est,
2961 3892 3025 3942 ut
3065 3888 3334 3961 quisquis
3383 3905 3451 3943 ex

1799 3980 2099 4035 devotione
2155 3995 2294 4048 erga
2350 3981 2532 4033 Deum
2583 3976 3011 4049 eleemosynam
3061 3977 3264 4033 sedulo
3313 3978 3453 4032 dare

1798 4068 1952 4136 velit,
1986 4073 2126 4122 tunc
2150 4066 2443 4137 jejunium
2476 4065 2663 4137 ipsius
2695 4066 2811 4119 Deo
2842 4065 2915 4119 sit
2939 4066 3184 4133 gratius.

1873 4158 1935 4210 L.
1977 4158 2258 4211 Docemus
2289 4156 2486 4215 etiam.
2506 4158 2571 4208 ut
2602 4155 2931 4208 sacerdotes
2965 4155 3020 4207 in
3056 4153 3311 4211 ecclesiae
3343 4153 3453 4209 mi-

1800 4245 2058 4300 nisteriis
2085 4260 2288 4298 omnes
2311 4243 2489 4298 simul
2511 4259 2746 4313 operam
2773 4246 3000 4308 navent,
3032 4247 3090 4297 et
3125 4242 3203 4296 sit
3230 4242 3455 4313 aequale

1801 4333 2083 4388 salarium
2114 4333 2172 4387 in
2207 4332 2343 4387 anni
2378 4331 2565 4401 spatio
2597 4330 2653 4383 in
2687 4330 2963 4385 omnibus
2994 4329 3248 4385 ecclesiae
3289 4329 3455 4384 mini-

1800 4423 2016 4478 steriis.

1872 4512 1961 4566 LI.
2000 4511 2289 4565 Debemus
2317 4508 2514 4567 etiam,
2534 4512 2597 4561 ut
2627 4508 2957 4562 sacerdotes
2976 4509 3343 4577 juventutem
3367 4524 3452 4562 se-

1800 4600 1935 4656 dulo
1983 4601 2245 4667 doceant,
2289 4602 2345 4651 et
2386 4597 2457 4650 ab
2516 4594 2744 4667 opiticia
2793 4595 3049 4660 trahant,
3078 4600 3143 4649 ut
3181 4595 3449 4651 Ecclesia:

1802 4688 2084 4745 auxilium
2120 4687 2296 4757 (indel
2328 4685 2557 4740 habeat.

1871 4779 1988 4831 LII.
2028 4778 2309 4831 Docemus
2340 4773 2536 4840 etiam,
2571 4777 2636 4827 ut
2681 4773 3015 4828 sacerdotes
3066 4773 3328 4846 quolibet
3358 4775 3452 4831 die

1799 4866 1949 4922 Solis
1972 4854 2051 4921 ad
2086 4863 2367 4937 populum
2399 4862 2731 4934 praedicent,
2767 4866 2824 4917 et
2857 4880 3087 4935 semper
3116 4864 3337 4919 bonum
3382 4864 3452 4919 iis

1800 4956 2097 5027 praebeant
2125 4952 2479 5025 exemplum.

1874 5044 2014 5099 LIII.
2051 5044 2332 5098 Docemus
2358 5042 2556 5109 etiam,
2578 5045 2639 5096 ut
2671 5041 2869 5096 nullus
2913 5040 3283 5097 Christianus
3314 5059 3454 5099 san-

1802 5134 2039 5205 guinem
2072 5132 2336 5186 comedat
2368 5130 2619 5201 alicujus
2650 5131 2901 5203 generis.

1880 5220 2019 5275 LIV.
2058 5225 2336 5275 Docemus
2359 5220 2556 5289 etiam,
2590 5224 2654 5273 ut
2684 5220 3015 5275 sacerdotes
3045 5220 3327 5292 populum
3361 5222 3456 5275 ad-

1807 5312 2082 5364 moneant
2134 5309 2282 5377 ejus,
2334 5309 2489 5377 quod
2548 5308 2752 5362 sedulo
2814 5310 2923 5363 Deo
2983 5310 3171 5364 facere
3220 5309 3451 5375 debent,

1807 5397 2041 5467 utjusti
2091 5396 2306 5451 sintin
2362 5396 2674 5450 reddendis
2722 5397 2964 5453 decimis
3008 5402 3065 5451 et
3099 5396 3231 5451 aliis
3254 5396 3451 5462 rebus,

1805 5488 1994 5558 primo
2051 5484 2229 5539 aratri
2276 5483 2657 5556 eleemosynis
2710 5486 2777 5539 15
2815 5486 2939 5540 dies
2988 5503 3020 5539 a
3065 5482 3363 5548 Pascbate,
3399 5486 3456 5537 et

1806 5577 2025 5630 fetuum
2058 5572 2302 5628 decimis
2335 5574 2406 5627 ad
2462 5574 2860 5639 Pentecosten,
2895 5577 2952 5628 et
3000 5572 3240 5636 frugum
3290 5574 3455 5625 terrae

1803 5665 1874 5719 ad
1906 5663 2171 5719 omnium
2202 5666 2538 5718 sanctorum
2571 5662 2852 5731 (festum),
2884 5663 2941 5716 et
2967 5652 3191 5713 denarii
3213 5656 3275 5711 S.
3308 5656 3461 5714 Petri
