3810 6214
319 362 441 427 503
983 367 1317 428 ΑιιΡΕΝι).
1364 368 1465 426 AD
1511 367 1700 426 S/EC.
1747 367 1823 427 X.
1856 365 1984 425 ——l

2171 366 2469 429 IMENTA
2514 368 3069 431 DlPLOMA'l‘lCA.
3622 368 3738 431 504

322 498 395 555 ad
428 497 577 555 Petri
608 499 849 564 festum,
882 503 937 555 et
965 516 1175 556 census
1205 498 1459 556 ecclesiae
1491 498 1562 554 ad
1595 496 1828 553 Martini
1861 498 1967 551 t'es-
1996 500 2051 566 Α
2078 503 2280 573 Magna
2306 501 2398 554 hic
2448 499 2670 573 lacuna,
2693 502 2808 557 sive
2850 503 3091 573 spatium
3136 505 3197 559 in
3242 520 3346 563 ma.
3397 507 3621 573 codice,
3650 523 3737 561 cui

324 591 473 647 tum,
2121 571 2127 573 ’
2284 580 2479 628 caetera
2508 571 2652 627 alias
2684 571 2991 633 insertum:
3020 573 3302 631 videbatur
3326 578 3528 635 scriba.

398 677 506 735 LV.
538 677 827 733 Docemus
872 677 1070 744 etiam,
1132 682 1196 733 ut
1250 677 1581 734 sacerdotes
1639 676 1720 731 ita
1777 673 1976 747 populi
2157 678 2471 735 Przevcniat
2501 679 2656 735 hunc
2687 679 2977 736 famulum
3007 684 3200 747 tuum,
3223 698 3446 753 quaso,
3469 682 3735 754 Domine,

327 764 756 837 eleemosynam
788 767 1245 833 distribuant,ut
1275 766 1392 821 illis
1426 771 1543 821 tam
1572 765 1755 821 Deum
1788 763 1979 836 propi-
2087 765 2486 822 misericordia
2518 772 2639 836 tua,
2664 772 2728 823 ut
2759 785 2966 824 omnes
2994 768 3337 842 iniquitates
3382 772 3518 842 ejus
3568 772 3736 828 celeri

327 854 477 913 tium
513 855 777 921 reddant,
813 872 988 928 quam
1014 855 1293 929 populum
1328 856 1397 910 ad
1432 854 1832 925 eleemosynas
1880 869 1978 907 as-
2087 852 2453 927 indulgentia
2481 854 2785 911 deleantur
2816 873 2919 930 per
2954 857 3154 915 Jesum
3204 858 3509 916 Christum
3543 862 3739 916 Domi.

330 947 625 1000 suescant.
2090 960 2231 999 num
2264 948 2551 999 nostrum.

404 1032 541 1088 LVI.
578 1033 863 1088 Docemus
931 1034 1128 1103 etiam,
1194 1037 1259 1088 ut
1324 1033 1653 1088 sacerdotes
1722 1031 1980 1103 psalmos

333 1126 587 1188 cantent,
615 1138 748 1177 cum
780 1122 1177 1195 eleemosynas
1202 1121 1582 1189 distribuunt,
1608 1126 1666 1177 et
1696 1137 1981 1192 pauperes

333 1209 641 1285 diligenter
690 1215 875 1283 orent,
928 1216 992 1267 ut
1048 1212 1139 1267 his
1190 1229 1291 1283 pro
1350 1211 1562 1284 populo
1621 1210 1984 1265 intercedant

334 1298 556 1359 sedulo.

407 1388 572 1446 LVII.
607 1390 893 1446 Docemus
924 1390 1203 1456 etiam,ut
1240 1390 1572 1446 sacerdotes
1600 1388 1711 1443 sibi
1744 1391 1984 1443 caveant

334 1478 406 1541 ab
440 1478 736 1545 ebrietate,
770 1484 827 1534 et
853 1479 1012 1534 illam
1047 1478 1357 1552 diligenter
1387 1476 1860 1549 reprehendendo
1894 1476 1983 1530 in-

334 1567 624 1622 terdicant
656 1567 788 1622 aliis
815 1568 1174 1623 hominibus.

409 1656 599 1713 LVIII.
632 1656 920 1712 Docemus
949 1656 1150 1722 etiam,
1182 1659 1248 1710 ut
1276 1655 1473 1710 nullus
1505 1655 1777 1711 sacerdos
1807 1654 1987 1710 sitne-

340 1743 695 1810 revisiarius,
729 1763 834 1801 nec
865 1744 1063 1817 aliquo
1114 1746 1288 1801 modo
1325 1761 1587 1801 scurram
1620 1750 1756 1817 agat
1784 1760 1987 1800 secum

343 1834 491 1906 ipso,
523 1834 611 1889 vel
643 1833 803 1904 aliis;
836 1836 936 1890 sed
977 1836 1074 1900 sit,
1104 1835 1259 1891 sicut
1308 1834 1573 1889 ordinem
1621 1834 1752 1904 ejus
1801 1835 1983 1890 decet.

344 1926 603 1999 prudens
635 1927 690 1979 et
718 1924 1102 1980 venerandus.

419 2016 556 2072 LIX.
593 2014 877 2071 Docemus
909 2014 1106 2080 etiam,
1140 2016 1205 2069 ut
1234 2014 1564 2070 sacerdotes
1595 2031 1630 2070 a
1658 2014 1996 2087 juramento

346 2103 551 2163 sedulo
607 2104 721 2159 sibi
772 2110 1031 2173 caveant,
1063 2107 1119 2158 et
1168 2102 1311 2158 illud
1360 2101 1527 2159 valde
1577 2102 1753 2159 etiam
1798 2102 1998 2174 prohi—

344 2195 541 2252 beant.

422 2288 529 2345 LX.
566 2291 848 2344 Docemus
878 2284 1152 2351 etiam,ut
1172 2281 1372 2338 nullus
1398 2281 1667 2338 sacerdos
1689 2279 2001 2337 mulierum

349 2376 713 2436 consortium
743 2373 922 2430 nimis
952 2371 1235 2437 amet,sed
1261 2370 1465 2443 diligat
1486 2370 1806 2444 legitimam
1832 2387 2001 2425 suam

351 2482 615 2531 uxorem,
648 2465 706 2519 id
738 2467 829 2518 est
858 2461 1173 2517 Ecclesiam
1207 2478 1398 2516 suam.

425 2556 563 2613 LXI.
601 2556 884 2610 Docemus
914 2550 1112 2616 etiam,
1147 2554 1210 2605 ut
1239 2548 1439 2604 nullus
1489 2548 1762 2603 sacerdos
1813 2549 2005 2603 adstet

354 2645 501 2703 falso
534 2640 890 2708 testimonio,
924 2656 1111 2710 neque
1142 2655 1176 2692 a
1198 2636 1458 2693 consiliis
1490 2638 1686 2692 furum
1717 2637 1811 2693 sit.

426 2734 594 2793 LXII.
630 2733 917 2788 Docemus
950 2727 1147 2795 etiam,
1183 2731 1248 2783 ut
1278 2726 1551 2783 sacerdos
1583 2742 1888 2799 nunquam
1910 2743 2009 2780 or-

358 2825 517 2883 dalia
538 2821 752 2887 visitet,
779 2819 1259 2890 autjuramenta.

431 2914 624 2970 LXIII.
657 2911 944 2967 Docemus
973 2907 1173 2971 etiam,
1206 2909 1271 2959 ut
1309 2905 1581 2961 sacerdos
1630 2903 2009 2975 contra‘itha—

362 3020 505 3063 num
538 3018 654 3061 non
675 3000 839 3072 juret
866 2997 924 3053 in
955 2994 1451 3068 compurgationc,
1478 2992 1592 3050 nisi
1623 2993 1838 3051 thanus
1869 3010 2011 3066 prte-

352 3093 944 3238 juxlizfi‘litDocemus
972 3171 1168 3243 etiam,
1190 3177 1254 3229 ut
1282 3172 1556 3229 sacerdos
1582 3189 1696 3229 non
1730 3172 1806 3227 sit
1839 3188 2010 3227 vena-

2161 1032 2403 1099 Exaudi,
2437 1051 2653 1106 quaeso,
2688 1034 2952 1100 Domine,
2985 1036 3320 1109 supplicum
3366 1056 3573 1113 preces
3622 1040 3739 1097 cla-

2091 1120 2378 1177 mantium
2410 1123 2483 1181 ad
2515 1127 2589 1192 te,
2624 1141 2840 1197 quaeso,
2875 1124 3137 1182 Domine.

2164 1211 2235 1265 ll.
2270 1211 2611 1284 Quicunque
2634 1217 2723 1269 cst
2763 1213 3025 1270 medicus
3064 1214 3399 1273 animarum
3431 1217 3737 1276 hominum

2091 1302 2148 1354 et
2178 1314 2378 1353 earum
2411 1299 2666 1355 actiones
2700 1301 2875 1369 norit,
2901 1304 3135 1359 studeat
3162 1303 3516 1369 divisionem
3544 1312 3607 1364 et
3634 1309 3743 1364 dis-

2092 1387 2632 1460 crimen,quomodo
2650 1389 2955 1447 hominum
2980 1392 3314 1451 actionibus
3334 1396 3738 1467 paenitentiam

2093 1476 2390 1548 injungat;
2426 1482 2683 1533 attamen
2716 1496 2831 1535 non
2862 1481 3215 1538 condemnet
3248 1499 3371 1552 eos,
3407 1502 3606 1558 neque
3648 1487 3742 1543 de-

2095 1582 2328 1637 sperare
2359 1565 2549 1622 faciat.
2584 1566 2727 1622 Cum
2759 1567 2935 1625 homo
2967 1569 3177 1628 delicta
3217 1588 3327 1629 sua
3372 1573 3429 1631 ei
3479 1576 3740 1633 conﬁteri

2092 1654 2239 1725 vult,
2273 1655 2544 1711 exaudiat
2573 1673 2709 1712 eum
2740 1657 2927 1730 primo
2960 1659 3461 1734 patienter,quam
3488 1666 3744 1736 prudens

2096 1743 2285 1815 ipsius
2317 1743 2393 1797 sit
2421 1744 2695 1815 intentio;
2722 1746 2767 1802 si
2793 1747 2930 1802 velit
2956 1752 3014 1803 et
3041 1749 3228 1820 possit
3254 1749 3561 1809 humiliter
3575 1756 3744 1810 actio-

2097 1848 2201 1887 nes
2232 1850 2371 1887 suas
2402 1834 2685 1893 conﬁteri.
2717 1839 2772 1891 et
2820 1840 2882 1891 tu
2931 1836 3241 1909 percipias,
3273 1841 3437 1912 quod
3467 1843 3741 1914 paeniteat

2105 1927 2477 1993 peccatorum
2509 1940 2773 1993 suorum,
2807 1925 2950 1982 doce
2981 1925 3176 1999 ipsum
3209 1934 3482 1986 amanter
3528 1938 3588 1991 et
3618 1949 3743 1988 eum

2106 2009 2530 2067 misericordia.
2568 2013 2627 2068 Si
2651 2030 2766 2070 non
2800 2014 2985 2086 possit
3015 2015 3276 2075 actiones
3307 2035 3461 2083 suas
3503 2022 3753 2078 conﬁteri

2107 2102 2163 2157 et
2192 2103 2386 2156 reatus
2417 2118 2557 2157 suos
2589 2102 2938 2159 examinare.

2182 2188 2275 2243 III.
2312 2190 2611 2265 Interroga
2642 2208 2775 2248 eum
2809 2193 2879 2248 de
2911 2194 3176 2252 moribus
3196 2195 3473 2269 ipsius,et
3496 2205 3756 2272 extorque

2113 2282 2309 2333 reatus
2338 2278 2590 2346 illius,et
2613 2297 2833 2354 expone
2865 2282 3125 2343 actiones
3152 2285 3370 2356 ejus,et
3400 2289 3597 2362 cogita
3613 2290 3753 2362 quod

2114 2384 2419 2439 nunquam
2453 2369 2667 2426 debeas
2697 2372 2899 2428 eodem
2955 2373 3127 2430 modo
3166 2374 3443 2446 judicare
3480 2378 3685 2435 divites
3710 2384 3759 2433 et

2114 2473 2423 2528 pauperes,
2461 2457 2675 2515 liberos
2706 2463 2763 2516 et
2786 2478 3003 2527 servos,
3033 2479 3203 2519 senes
3233 2471 3291 2521 et
3309 2465 3758 2537 juvenes,sanos

2114 2549 2171 2600 et
2200 2546 2493 2618 infirmos,
2527 2548 2789 2604 humiles
2822 2554 2879 2605 et
2910 2553 3213 2623 superbos,
3247 2553 3429 2611 fortes
3461 2560 3517 2612 et
3537 2557 3760 2621 debiles,

2115 2633 2297 2690 sacris
2330 2635 2593 2692 initiatos
2614 2642 2672 2692 et
2692 2636 2892 2694 laicos.

2187 2725 2496 2789 Quodlibet
2530 2728 2745 2783 factum
2762 2729 2946 2800 judex
2967 2731 3226 2803 prudens
3246 2731 3584 2791 discernere
3600 2736 3753 2791 debet

2118 2814 2455 2887 prudenter,
2494 2817 2728 2888 quando
2762 2818 2981 2875 factum
3013 2820 3111 2888 sit,
3145 2825 3203 2879 et
3234 2822 3359 2890 ubi,
3389 2823 3483 2880 vel
3513 2823 3758 2896 quando;

2118 2902 2278 2958 nullo
2296 2907 2555 2976 tempore
2568 2904 2858 2977 injustam
2876 2909 3231 2979 permissum
3250 2913 3630 2979 est,attamen
3641 2911 3755 2984 quis

2119 2992 2327 3047 diebus
2359 2992 2522 3049 festis
2553 2998 2611 3049 et
2622 2994 2869 3066 jejuniis
2891 3002 2947 3052 et
2975 2995 3119 3055 locis
3149 2998 3374 3059 festivi:
3412 3018 3593 3074 quam
3640 2999 3757 3057 dili-

2119 3080 2461 3155 gentissime
2489 3082 2562 3138 ab
2591 3099 2657 3140 eo
2690 3084 2801 3140 sibi
2833 3090 3052 3141 caveat.
3087 3087 3154 3145 Et
3183 3092 3405 3159 quanto
3438 3088 3758 3162 potentioris

2124 3174 2181 3224 et
2210 3171 2449 3241 majoris
2480 3171 2703 3227 ordinis
2735 3172 2911 3229 homo
2957 3174 3054 3240 sit,
3081 3179 3243 3232 tanto
3295 3178 3540 3251 gravius
3582 3194 3756 3236 eorum

364 3276 475 3337 tor,
500 3283 688 3339 neque
708 3263 1130 3335 accipitrarius,
1164 3278 1351 3334 neque
1382 3264 1629 3334 potator,
1653 3262 1753 3316 sed
1788 3260 2008 3316 incum-
2037 3242 2079 3313 (ἶ
2120 3258 2235 3314 Deo
2267 3275 2322 3313 e'.
2353 3276 2548 3316 coram
2600 3262 2821 3317 mundo
2852 3261 3208 3335 injustitiam
3238 3268 3559 3324 emendem
3584 3268 3754 3331 debet,

362 3362 466 3416 bat
493 3356 660 3413 libris
691 3354 838 3421 suis,
869 3351 1019 3408 sicut
1050 3351 1314 3407 ordinem
1345 3351 1534 3423 ipsius
1565 3350 1747 3405 decet.

433 3447 593 3507 LXV.
627 3446 915 3501 Docemus
942 3440 1140 3509 etiam,
1170 3444 1235 3495 ut
1259 3439 1509 3511 quilibet
1551 3438 1824 3495 sacerdos
1873 3457 2011 3494 con-

361 3522 674 3596 fessionem
731 3536 790 3589 et
846 3530 1247 3603 paenitentiam
1306 3528 1511 3584 doceat
1569 3544 1705 3583 eum
1754 3528 1853 3600 qui
1898 3528 2009 3600 ipsi

361 3627 688 3691 conﬁtetur,
719 3626 777 3677 et
808 3621 880 3677 ad
909 3617 1377 3675 emendationem
1410 3633 1646 3688 quoque
1676 3616 1932 3687 adjuvet,
1957 3619 2014 3671 et

362 3718 575 3788 azgroto
598 3712 657 3767 S.
681 3706 1108 3765 Eucharistiam
1143 3703 1415 3775 prwbeat,
1441 3720 1575 3758 cum
1607 3702 1657 3760 ei
1703 3721 1853 3775 opus
1901 3709 2009 3773 est,

363 3808 423 3859 et
455 3802 633 3872 ungat
654 3797 821 3852 illum
851 3792 1167 3867 quoque,si
1200 3792 1306 3847 hoc
1335 3791 1642 3859 desideret,
1666 3797 1722 3847 et
1752 3796 1884 3865 post
1911 3793 2012 3848 ob-

368 3892 515 3947 itum
543 3886 855 3957 diligenter
888 3882 1165 3947 involvat;
1191 3896 1377 3950 neque
1401 3879 1771 3951 permittatur
1792 3880 2015 3953 aliquid

365 3993 582 4037 vanum
613 3973 766 4029 circa
791 3987 1022 4042 corpus,
1054 3969 1153 4025 sed
1186 3984 1322 4023 cum
1351 3968 1450 4024 Dei
1492 3967 1700 4023 timore
1748 3970 2016 4026 decenter

365 4064 701 4140 sepeliatur.

439 4153 628 4211 LXVI.
663 4152 946 4207 Docemus
968 4146 1237 4215 etiam,ut
1258 4144 1503 4217 quilibet
1523 4146 1792 4201 sacerdos
1819 4145 2012 4202 oleum

366 4244 581 4303 habeat
600 4244 722 4297 tam
754 4238 827 4294 ad
857 4235 1433 4308 baptismum,quam
1457 4234 1528 4289 ad
1564 4238 1809 4305 aegrotos
1836 4234 2013 4292 inun-

362 4333 619 4408 gendos;
651 4328 731 4385 sit
756 4326 934 4389 etiam
967 4328 1208 4398 paratus
1232 4322 1335 4395 jus
1366 4322 1564 4396 populi
1587 4328 1643 4379 et
1672 4323 2012 4380 Christiani-

362 4438 558 4480 smum
609 4416 813 4476 sedulo
863 4430 1201 4489 promovere
1250 4412 1456 4485 quovis
1510 4413 1683 4467 modo
1714 4417 1834 4468 tam
1865 4414 2014 4473 bene

358 4509 749 4586 praedicando,
782 4522 958 4579 quam
1004 4504 1223 4560 bonum
1277 4501 1609 4574 exemplum
1659 4502 2007 4573 praebendo;

2122 3348 2399 3420 quoniam
2424 3353 2628 3421 potens
2659 3354 2715 3405 et
2746 3352 3039 3424 impotens
3069 3371 3184 3410 non
3235 3362 3495 3427 possunt
3535 3355 3758 3430 aqualis

2122 3452 2298 3491 onera
2329 3437 2561 3507 habere,
2597 3456 2701 3494 nec
2734 3439 3004 3497 infirmus
3054 3442 3223 3499 firmo
3270 3443 3491 3501 similis
3530 3463 3679 3512 esse;
3707 3443 3755 3499 bi

2122 3542 2258 3599 ergo
2289 3530 2430 3581 sunt
2460 3527 2862 3601 distinguendi
2894 3533 2951 3585 et
2981 3529 3231 3587 discreta
3260 3532 3651 3592 discernendi.

2195 3614 2288 3669 IV.
2320 3614 2579 3671 Posthaec
2638 3621 2842 3691 surgat
2894 3618 3200 3676 humiliter
3256 3622 3330 3677 ad
3387 3624 3755 3687 confessorem

2123 3720 2319 3771 suum,
2354 3708 2411 3759 et
2467 3703 2622 3759 dicat
2676 3706 2864 3777 primo
2900 3708 3055 3781 :Ego
3099 3709 3271 3765 credo
3320 3710 3382 3765 in
3439 3711 3753 3776 Dominum,

2124 3809 2425 3848 summum
2448 3793 2798 3865 Patrem,om
2810 3793 2973 3852 nium
2996 3813 3193 3854 rerum
3222 3799 3690 3871 gubernatorem,
3708 3802 3755 3853 et

2124 3879 2182 3935 in
2216 3880 2453 3949 Filium,
2486 3885 2542 3936 et
2585 3881 2643 3938 in
2696 3883 2978 3955 Spiritum
3034 3891 3339 3955 sanctum;
3373 3892 3435 3943 et
3462 3905 3571 3962 ego
3607 3887 3754 3949 credo

2122 3969 2309 4025 vivere
2340 3974 2473 4041 post
2504 3976 2778 4039 mortem;
2813 3978 2869 4028 et
2898 3989 3003 4046 ego
3034 3975 3205 4030 credo
3237 3992 3549 4050 resurgere
3577 3977 3632 4033 in
3674 3975 3752 4030 die

2114 4058 2348 4129 judicii,
2377 4062 2433 4114 et
2481 4076 2654 4116 omne
2698 4060 2811 4117 hoc
2855 4063 3027 4118 credo
3075 4079 3178 4135 per
3223 4063 3329 4121 Dei
3372 4066 3685 4138 potentiam
3707 4067 3754 4117 et

2124 4147 2586 4203 misericordiam
2620 4149 2748 4219 ejus
2783 4150 3012 4206 mereri.

2192 4233 2259 4287 V.
2291 4234 2360 4287 Et
2390 4238 2530 4289 tunc
2561 4234 2716 4290 dicat
2746 4234 2942 4292 animo
2976 4236 3276 4309 poenitenti
3305 4243 3363 4295 et
3401 4239 3610 4296 humili
3638 4255 3754 4295 con-

2122 4321 2433 4379 fessionem
2461 4340 2630 4379 suam
2661 4324 3019 4391 confessario
3052 4344 3181 4398 suo,
3207 4325 3508 4399 inclinans
3538 4327 3753 4387 humili-

2121 4415 2227 4478 ter,
2259 4415 2317 4467 et
2341 4410 2425 4467 sic
2456 4411 2612 4469 dicat
2643 4428 2656 4466 :

2192 4499 2325 4573 Ego
2362 4502 2643 4556 confiteor
2695 4502 3087 4574 omnipotenti
3143 4503 3284 4570 Deo,
3308 4508 3368 4560 et
3424 4503 3754 4563 confessario

357 4608 499 4658 tunc
529 4598 811 4671 largietur
838 4595 891 4652 ei
922 4594 1076 4652 Deus
1098 4590 1470 4664 omnipotens
1497 4591 1651 4663 quod
1685 4590 1795 4664 ipsi
1827 4591 2008 4647 maxi-
2040 4611 2087 4675 ι)
2122 4604 2270 4656 meo,
2307 4588 2596 4660 spirituali
2629 4588 2876 4656 medico,
2900 4590 3103 4647 omnia
3129 4596 3371 4663 peccata
3404 4594 3753 4668 mea,quibus

359 4707 452 4745 me
480 4693 781 4758 acceptum
809 4683 939 4740 erit.

431 4774 646 4832 LXVII.
674 4774 960 4831 Docemus
990 4770 1187 4838 etiam,
1205 4772 1269 4824 ut
1291 4767 1539 4840 quilibet
1560 4768 1830 4823 sacerdos
1854 4768 2007 4824 norit

360 4863 880 4936 respondere,cum
910 4858 1168 4915 chrisma
1198 4855 1365 4925 tollit,
1383 4853 1522 4928 quid
1554 4855 1612 4910 in
1645 4855 2008 4913 orationibus

362 4970 466 5026 pro
499 4968 629 5024 rege
658 4953 714 5005 et
746 4950 1015 5021 episcopo
1049 4946 1264 5003 fecerit.

874 5100 963 5154 DE
1003 5094 1509 5153 CGNFESSIONE.

434 5217 476 5273 Ι.
510 5214 751 5283 Quando
796 5213 1007 5285 aliquis
1055 5212 1299 5268 voluerit
1349 5210 1777 5269 confessionem
1824 5212 2011 5268 facere

357 5307 731 5383 peccatorum
764 5300 1285 5367 suorum,viriliter
1313 5305 1466 5374 agat,
1482 5305 1537 5355 et
1569 5317 1682 5355 non
1706 5301 2013 5357 erubescat

356 5393 622 5453 conﬁteri
679 5389 917 5459 scelera,
951 5394 1010 5445 et
1072 5389 1326 5444 facinora
1373 5406 1435 5445 se
1478 5390 1839 5458 accusando;
1874 5391 2014 5462 quia

355 5488 493 5547 inde
548 5482 707 5540 venit
763 5476 1148 5551 indulgentia,
1185 5482 1241 5533 et
1290 5477 1429 5549 quia
1477 5476 1603 5532 sine
1646 5478 2015 5534 confessione

356 5573 518 5631 nulla
565 5576 655 5629 est
712 5567 899 5625 venia.
929 5565 1226 5623 Confessio
1275 5568 1431 5621 enim
1491 5570 1679 5631 sanat,
1726 5566 2015 5623 confessio

350 5661 659 5735 justificat.

2118 4693 2221 4749 per
2242 4675 2664 4750 malignitatem
2696 4678 2941 4750 spiritus
2970 4696 3237 4752 unquam
3252 4680 3519 4755 pollutus
3540 4681 3749 4753 fui,sive

2117 4766 2176 4821 in
2208 4765 2394 4834 factis,
2429 4763 2548 4821 sive
2577 4766 2634 4822 in
2667 4766 3141 4840 cogitationibus,
3159 4770 3281 4827 sive
3308 4788 3451 4829 cum
3476 4770 3753 4837 masculis,

2116 4854 2234 4909 sive
2263 4870 2397 4909 cum
2429 4854 2683 4921 feminis,
2717 4854 2803 4911 vel
2836 4873 2969 4912 cum
3003 4856 3199 4929 aliqua
3226 4864 3518 4933 creatura,
3544 4865 3754 4935 peccata

2119 4941 2410 4998 naturalia
2440 4943 2558 4999 sive
2589 4945 3110 5015 praeternaturalia.

2189 5030 2284 5086 VI.
2320 5031 2613 5088 Confiteor
2641 5032 3115 5109 gastrimargiam
3147 5035 3419 5095 ciborum
3452 5043 3575 5095 tam
3604 5051 3753 5097 mane

2121 5136 2298 5192 quam
2330 5136 2587 5192 vespere.
2613 5121 2905 5178 Conﬁteor
2935 5139 3172 5181 omnem
3200 5125 3535 5194 avaritiam,
3548 5132 3609 5184 et
3634 5123 3753 5182 invi

2120 5210 2299 5277 diam,
2330 5213 2387 5264 et
2416 5210 2858 5283 detractionem,
2889 5215 2945 5267 et
2974 5212 3236 5287 bilingue
3273 5214 3508 5286 vitium,
3542 5214 3753 5273 menda-

2123 5299 2299 5366 cium,
2335 5302 2393 5354 et
2420 5298 2701 5371 injustam
2732 5299 3003 5372 gloriam,
3036 5305 3092 5358 et
3121 5302 3553 5376 vaniloquium,
3588 5309 3641 5360 et
3682 5303 3753 5357 in-

2116 5389 2341 5460 justam
2373 5387 2894 5460 magniﬁcentiam,
2925 5394 2983 5444 et
3010 5406 3246 5447 omnem
3277 5393 3752 5465 superbiamapﬂl

2125 5478 2196 5534 ad
2216 5476 2475 5549 corporis
2500 5476 2611 5531 mei
2638 5494 2881 5549 pravum
2904 5478 3218 5535 consilium
3239 5482 3756 5540 accidit.Confiteor

2128 5566 2282 5638 quod
2317 5566 2494 5620 nimis
2525 5582 2677 5638 saepe
2708 5566 2914 5623 fuerim
2947 5568 3168 5640 peccati
3198 5574 3422 5641 auctor,
3454 5576 3517 5628 et

2129 5655 2341 5725 fautor,
2375 5657 2433 5709 et
2458 5653 2679 5725 peccati
2710 5654 2999 5726 conscius,
3033 5660 3092 5712 et
3120 5658 3343 5730 peccati
3372 5658 3595 5735 doctor.
