3810 6214
43 373 151 435 5οό

756 370 1434 434 ANGLO-SAXONUM
1482 370 1754 433 REGUM
1801 369 2046 432 LEGES
2092 369 2739 446 ECCLESIAS'I‘ICE;

3331 372 3454 439 506

103 505 220 562 VII.
253 504 554 564 Conﬁteor
573 504 751 561 animi
774 504 888 560 mei
910 503 1316 570 homicidium,
1333 509 1389 561 et
1411 503 1686 576 perjuria,
1722 506 1772 574 Α
1876 504 1966 561 1V.
2003 505 2070 560 Et
2101 504 2235 562 inde
2267 504 2362 566 die
2381 505 2539 561 Jovis
2561 510 2694 562 ante
2715 505 2935 564 Pascha
2956 524 3159 566 omnes
3178 509 3249 565 ad
3275 527 3450 567 suum

42 600 88 650 et
111 594 553 665 seditionem,et
571 593 926 668 superbiam,
954 593 1282 666 neglectum
1319 597 1674 666 praeceptum

45 683 149 739 Dei.
179 683 478 740 Conﬁteor
506 683 721 749 omnia,
756 700 881 755 qua:
932 700 1194 754 unquam
1241 682 1426 738 oculis
1457 683 1570 738 vidi
1603 683 1675 738 ad

43 772 328 833 avaritiam
352 771 446 830 vel
468 773 540 827 ad
570 772 1006 839 detractionem,
1031 771 1116 826 vel
1141 773 1381 828 auribus
1404 773 1476 828 ad
1499 772 1675 830 inuti-

44 862 109 916 lia
139 861 351 928 audivi,
387 861 477 916 vel
509 878 606 916 ore
640 877 766 916 meo
795 879 944 920 vana
975 860 1206 916 locutus
1235 879 1388 918 sum.

101 951 242 1004 Vill.
276 949 572 1006 Conﬁteor
589 950 786 1005 omnia
805 950 1064 1022 corporis
1094 951 1207 1006 mei
1239 950 1674 1030 peceata,cutis,

45 1046 91 1095 et
117 1041 324 1106 carnis,
361 1044 422 1094 et
451 1039 601 1112 opis,
631 1043 689 1095 et
719 1056 1049 1106 nervorum,
1083 1044 1142 1096 et
1171 1057 1400 1108 renum,
1424 1046 1481 1096 et
1504 1041 1678 1097 carti-

47 1128 386 1202 laginu_m,et
419 1127 652 1200 linguae,
675 1132 732 1184 et
752 1128 1064 1196 labiorum,
1089 1133 1145 1184 et.
1169 1129 1446 1196 faucium,
1469 1134 1526 1185 et
1546 1131 1682 1186 den-

48 1220 192 1282 tium,
225 1222 283 1274 et
312 1234 493 1278 comae
539 1223 595 1276 et
645 1217 934 1285 medullae,
970 1222 1026 1272 ct
1058 1218 1137 1272 rei
1169 1219 1455 1291 cujusque
1487 1218 1680 1274 mollis

47 1307 117 1362 vel
140 1307 207 1362 du
218 1324 309 1375 rm,
335 1305 595 1361 humida:
618 1305 704 1361 vel
724 1305 1373 1380 siccaa.Contitcorquod
1388 1308 1682 1380 baptisma

51 1413 222 1451 meum
245 1397 418 1468 pejus
440 1396 790 1451 servaverim
809 1413 985 1468 quam
999 1395 1246 1454 Domino
1265 1414 1393 1452 meo
1412 1415 1544 1452 sum
1563 1396 1683 1470 polo

49 1484 239 1551 licitus,
263 1489 319 1540 et
351 1484 617 1540 ordinem
650 1501 870 1552 meum,
904 1502 1079 1556 quem
1115 1485 1170 1541 in
1204 1503 1464 1542 amorem
1496 1486 1594 1543 Dei
1628 1490 1684 1543 et

53 1578 362 1634 sanctorum
399 1572 588 1646 ipsius
629 1573 912 1631 debebam
964 1576 1279 1642 custodire,
1312 1581 1369 1632 et
1398 1576 1456 1632 in
1491 1593 1682 1632 meam

53 1661 221 1735 ipsius,
254 1667 538 1720 aeternam
596 1662 845 1719 salutem
892 1680 996 1737 ego
1029 1681 1144 1720 non
1177 1665 1460 1722 custodivi
1491 1666 1684 1722 debito

58 1750 220 1805 modo.
253 1751 549 1808 Confiteor
571 1752 724 1824 quod
750 1751 924 1809 horas
948 1769 1108 1808 meas
1139 1753 1450 1810 canonicas
1472 1755 1686 1827 saepius

60 1838 482 1910 neglexerim,et
512 1839 894 1918 pejoraverim
924 1841 980 1896 in
1015 1842 1387 1898 dominorum
1422 1862 1684 1900 meorum

66 1924 620 1996 animam,etDomini
641 1929 976 1988 meinomen
1003 1932 1058 1986 in
1073 1949 1288 1988 vanum
1314 1934 1688 2005 sumpserim.

123 2017 198 2072 IX.
229 2017 505 2074 Omnium
530 2020 947 2092 (peccatorum)
972 2037 1110 2094 rogo
1132 2038 1165 2076 a
1185 2021 1434 2078 Domino
1457 2041 1585 2078 meo
1609 2041 1693 2080 re-

68 2107 373 2162 missionem
400 2113 466 2164 ut
490 2125 802 2181 nunquam
825 2108 1096 2166 diabolus
1121 2110 1263 2166 mihi
1290 2112 1694 2182 insidietur,ut

63 2196 253 2267 absque
270 2197 641 2253 confessione
664 2203 719 2253 et
733 2199 1141 2254 emendatione
1159 2205 1526 2272 peccatorum
1543 2220 1693 2258 meo-

67 2300 171 2340 rum
192 2290 320 2352 (non
347 2285 610 2353 moriar),
637 2285 789 2342 sicut
811 2286 982 2342 hodie
1005 2288 1284 2342 confiteor
1304 2307 1506 2346 omnes
1529 2309 1691 2345 meos

64 2379 228 2426 reatus
258 2391 452 2432 coram
483 2374 727 2430 Domine
760 2374 1056 2436 Salvatore
1080 2374 1329 2444 Christo,
1357 2379 1454 2450 qui
1480 2380 1689 2451 guber-

60 2466 144 2515 nat
162 2462 356 2522 cmlum
391 2469 449 2519 et
483 2469 720 2528 terram,
745 2469 802 2518 et
824 2481 1017 2519 coram
1045 2465 1154 2520 hoc
1185 2471 1386 2524 sancto
1418 2468 1608 2539 altari,
1636 2473 1693 2525 et

60 2547 139 2603 his
167 2550 439 2624 reliquiis,
476 2556 534 2607 et
563 2569 757 2607 coram
791 2553 1146 2608 confessario
1189 2572 1338 2622 meo,
1373 2562 1426 2610 et
1457 2557 1690 2614 Domini

66 2639 386 2714 presbytero,
413 2645 472 2696 et
495 2658 626 2695 sum
651 2642 707 2696 in
734 2659 880 2713 pura
901 2647 958 2697 et
982 2642 1036 2696 in
1063 2660 1196 2698 vera
1221 2644 1604 2714 confessione,
1635 2652 1693 2704 et

69 2723 112 2779 in
139 2727 272 2783 bona
300 2727 601 2786 voluntate
633 2731 831 2806 omnia
860 2749 990 2790 mea
1018 2737 1253 2804 peccata
1283 2735 1616 2801 emendare,
1635 2740 1692 2791 et

69 2813 243 2871 deinde
271 2817 465 2874 taliter
496 2819 808 2885 abstinere,
843 2819 1092 2892 qualiter
1129 2838 1391 2893 unquam
1444 2824 1686 2895 possim.

124 2904 178 2960 Χ.
208 2907 269 2961 Et
296 2912 379 2973 tu,
415 2907 682 2963 Salvator
714 2908 966 2974 Christe,
1001 2909 1083 2966 sis
1114 2911 1448 2970 misericors
1480 2913 1687 2972 anima:

72 3007 203 3058 mea,
223 2999 276 3049 et
298 2995 534 3062 remitte
559 3012 622 3051 ac
645 2995 769 3052 delc
791 3001 1029 3068 peccata
1049 3003 1262 3062 mea,et
1286 3005 1481 3055 reatus
1504 3018 1686 3071 meos,

69 3096 173 3152 quae
202 3083 332 3145 olim
353 3085 443 3140 vel
478 3101 740 3158 unquam
774 3091 943 3142 antea
972 3088 1262 3154 commisi,
1287 3093 1343 3144 et
1367 3092 1478 3145 duc
1502 3109 1593 3147 me
1616 3093 1687 3148 ad

70 3169 284 3228 sublime
315 3178 484 3236 tuum
521 3169 788 3247 regnum,
814 3179 870 3230 et
898 3175 977 3229 ibi
1013 3176 1266 3232 habitem
1304 3195 1436 3234 cum
1469 3180 1688 3238 sanctis

1796 593 2047 666 quilibet
2088 592 2281 649 locum
2329 598 2778 666 congregentur,
2811 599 2868 650 et
2893 600 3085 652 cantet
3114 614 3289 672 super
3317 616 3451 656 eum

1788 683 2124 754 episcopus,
2158 688 2222 738 et
2267 682 2703 740 absolutionem
2753 684 2851 739 det
2875 702 2889 753 ;
2916 690 2976 740 et
3012 684 3108 740 ille
3139 687 3220 742 sic
3251 694 3454 760 postea

1791 772 2036 828 domum
2072 777 2395 828 revertatur
2418 788 2553 828 cum
2588 772 2847 845 episcOpi
2878 765 3282 832 benedictione
3306 792 3318 829 :
3343 776 3452 832 hoc

1785 861 1867 914 ita
1885 861 2318 916 observandum
2337 864 2426 916 est
2443 861 2516 916 ab
2540 863 2701 917 omni
2725 861 3192 918 Christianorum
3216 863 3449 936 populo.

1773 997 1781 999 _
1856 949 1922 1004 V.
1956 951 2228 1006 Attamen
2283 950 2556 1006 sacerdos
2608 949 2920 1022 diligenter
2949 951 3325 1008 considerare
3352 953 3452 1006 de-

1787 1037 1902 1104 bet,
1928 1037 2086 1110 quali
2110 1055 2244 1094 eum
2269 1038 2640 1104 contritione,
2665 1043 2721 1096 et
2744 1037 2903 1110 quali
2927 1056 3060 1096 cum
3095 1040 3457 1112 perfectione

1789 1128 2217 1199 pmnitentiam,
2246 1144 2372 1199 qua:
2405 1127 2519 1199 ipsi
2556 1127 2832 1200 imposita
2863 1132 3007 1193 erat,
3041 1145 3453 1201 compensave-

1788 1216 1885 1279 rit,
1915 1221 1972 1272 et
2005 1217 2300 1289 quomodo
2333 1216 2446 1288 ipsi
2477 1216 2887 1278 remissionem
2920 1217 3058 1274 dare
3088 1217 3313 1276 debeat.

1859 1305 1955 1360 VI.
1992 1306 2050 1362 Si
2087 1305 2274 1362 laicus
2323 1305 2503 1362 alium
2555 1304 2781 1360 occidat
2829 1304 2955 1364 sine
3002 1307 3456 1378 causa,jejunet

1790 1412 1872 1452 vn
1897 1412 2106 1462 annos,
2140 1411 2200 1450 Ill
2235 1411 2385 1467 pane
2427 1398 2486 1449 et
2519 1410 2691 1466 aqua,
2726 1411 2803 1461 ιν,
2837 1393 3011 1450 sicuti
3059 1394 3464 1452 confessarius.

1789 1502 1924 1540 eum
1963 1482 2246 1551 docuerit,
2289 1488 2346 1538 et
2377 1486 2509 1554 post
2551 1487 2775 1554 septem
2806 1499 3019 1538 annos
3075 1489 3448 1556 compenset;

1790 1581 1996 1646 postea
2027 1572 2340 1645 diligenter
2363 1571 2560 1643 lugeat
2581 1571 2862 1626 delictum
2887 1589 3081 1639 suum,
3106 1589 3223 1642 qua
3243 1573 3454 1644 poterit

1793 1663 2105 1728 industria,
2123 1662 2404 1734 quoniam
2423 1660 2784 1735 incognitum
2796 1661 3190 1733 estquomodo
3213 1656 3454 1736 accipia-

1791 1755 1889 1808 tur
1920 1750 2277 1822 poznitentite
2309 1753 2439 1821 ejus
2468 1749 2625 1822 apud
2661 1754 2862 1806 Deum.

1870 1841 1990 1895 νη.
2023 1840 2082 1896 Si
2131 1839 2267 1911 quis
2313 1825 2584 1896 alterum.
2612 1838 2873 1896 occidere
2931 1837 3086 1902 velit,
3121 1842 3177 1893 et
3208 1843 3456 1912 nequeat

1799 1929 2158 1990 voluntatem
2185 1945 2355 1983 suam
2381 1925 2880 1998 implere,jejunet
2899 1930 3016 1986 tres
3037 1943 3246 1995 annos,
3269 1945 3453 1984 unum

1800 2036 1950 2090 pane
1975 2023 2028 2073 et
2052 2035 2226 2089 aqua,
2251 2022 2309 2072 et
2329 2017 2478 2071 duos
2508 2015 2679 2071 sicuti
2702 2015 3094 2071 confessarius
3111 2013 3297 2090 ipsius
3318 2033 3452 2072 eum

1801 2106 2081 2168 docuerit.

1871 2197 2015 2252 Vill.
2051 2195 2112 2252 Si
2137 2195 2326 2251 laicus
2373 2195 2593 2250 invitus
2643 2192 2900 2266 aliquem
2951 2194 3196 2261 occidat,
3223 2196 3452 2267 jejunet

1801 2292 1917 2344 tres
1941 2302 2128 2341 annos
2155 2303 2168 2351 ;
2205 2301 2388 2340 unum
2421 2300 2568 2355 pane
2598 2286 2656 2338 et
2685 2300 2860 2355 aqua,
2883 2288 2939 2339 et
2969 2283 3115 2340 duos
3147 2283 3303 2343 sicut
3324 2302 3455 2340 con-

1802 2373 2081 2430 fessarius
2133 2373 2289 2428 illius
2340 2388 2472 2428 cum
2528 2371 2809 2438 docuerit,
2843 2375 2899 2427 et
2931 2371 3130 2446 lugeat
3175 2371 3452 2434 delictum

1800 2481 1973 2519 suum
2005 2479 2253 2534 semper.

1871 2553 1958 2608 1X.
1993 2551 2050 2608 Si
2084 2552 2162 2608 sit
2190 2550 2608 2620 subdiaconus,
2636 2549 2865 2621 jejunet
2893 2567 2995 2608 sex
3042 2568 3247 2609 annos.
3290 2551 3348 2608 Si
3379 2552 3455 2608 sit

1801 2642 2102 2707 diaconus,
2128 2643 2360 2712 jejunet
2420 2643 2643 2711 septem
2703 2657 2907 2698 annos.
2941 2639 3001 2696 Si
3033 2640 3110 2696 sit
3157 2642 3452 2711 sacerdos,

1791 2732 2020 2802 jejunet
2065 2731 2521 2800 decemoannos,
2556 2732 2613 2782 et
2658 2728 2970 2804 episcopus
3017 2746 3118 2791 x11.
3151 2733 3210 2785 et
3257 2729 3454 2804 lugeat

1798 2837 2048 2892 semper.

1867 2909 1932 2964 X.
1966 2908 2027 2964 Si
2081 2907 2214 2980 quis
2273 2907 2555 2965 infantem
2617 2923 2792 2964 suum
2861 2905 3137 2966 occiderit
3212 2907 3454 2976 invitus,

1790 2999 2023 3070 jejunet.
2083 2997 2343 3071 quinque
2397 3013 2606 3066 annos,
2669 3001 2784 3051 tros
2843 3012 2991 3068 pane
3047 3000 3103 3051 et
3161 3013 3334 3070 aqua,
3390 3002 3454 3054 ut

1798 3104 1997 3159 supra.

1871 3177 1962 3233 XI.
1996 3176 2056 3232 Si
2088 3175 2400 3248 episcopus
2439 3170 2525 3228 vel
2558 3173 2828 3230 sacerdos
2863 3173 3126 3246 aliquem
3157 3173 3450 3244 occiderit,

68 3258 166 3313 tuis
192 3265 242 3315 et
269 3261 468 3319 electis
500 3263 717 3336 absque
750 3263 861 3319 line
911 3264 970 3320 in
1003 3270 1305 3321 aeternum.
1341 3268 1469 3322 Jam
1499 3272 1554 3324 te
1587 3287 1686 3325 oro
1721 3250 1764 3317 Ο
1802 3265 2008 3338 perdat
2053 3264 2318 3321 ordinem
2367 3280 2566 3329 suum,
2599 3266 2655 3318 et
2701 3267 2909 3334 postea
2953 3262 3261 3338 diligenter
3290 3281 3454 3322 com-

68 3344 348 3418 humiliter,
365 3353 643 3408 sacerdos
666 3352 922 3419 Domini,
945 3357 1010 3408 ut
1033 3355 1114 3409 sis
1137 3355 1303 3411 testis
1327 3374 1494 3412 meus
1515 3356 1572 3412 in
1599 3358 1691 3414 die

66 3435 258 3505 judicii,
290 3446 351 3494 ut
379 3440 654 3497 diabolus
704 3446 956 3514 nequeat
987 3442 1042 3497 in
1079 3460 1171 3500 me
1205 3448 1554 3516 potestatem
1586 3447 1690 3504 ha-

69 3523 194 3590 bere,
220 3533 271 3582 et
300 3533 362 3584 ut
393 3535 456 3585 tu
493 3531 647 3602 apud
681 3529 996 3586 Dominum
1038 3531 1119 3587 sis
1155 3533 1468 3590 advocatus
1503 3552 1688 3604 meus,

72 3615 197 3682 quod
241 3623 476 3688 peccata
509 3636 638 3676 mea
663 3624 719 3674 et
749 3624 946 3674 reatus
977 3638 1139 3676 meos
1169 3623 1495 3690 emendem,
1530 3630 1586 3678 et
1617 3625 1689 3680 ab

72 3700 177 3757 aliis
203 3708 539 3777 hujusmodi
573 3709 932 3764 abstineam:
959 3710 1030 3764 ad
1064 3708 1172 3765 hoc
1206 3711 1443 3782 adjuvet
1476 3729 1566 3768 me
1588 3713 1693 3769 Do-

73 3789 255 3858 minus,
287 3796 381 3867 qui
417 3795 560 3851 vivit
591 3799 646 3852 ct
676 3800 880 3870 regnat
910 3798 966 3852 in
1001 3802 1304 3854 zeternum.
1338 3801 1543 3855 Amen.

227 3891 468 3950 MODUS
511 3893 912 3949 IMPONENDI
953 3894 1498 3952 POENITENTIAM.

131 3967 166 4020 l.
196 3969 368 4027 Senex
397 3978 457 4028 et
479 3973 738 4045 juvenis,
758 3973 916 4030 dives
948 3978 1005 4030 et
1034 3991 1278 4046 pauper,
1301 3993 1482 4032 sanus
1515 3981 1571 4032 et
1599 3977 1688 4034 in-

73 4051 760 4134 ﬁrm-as,etcujuscunque
789 4062 1103 4130 ordinis,et
1125 4057 1177 4118 si
1206 4064 1340 4136 quis
1366 4065 1588 4137 aliquid
1607 4067 1688 4122 in-

72 4141 197 4199 vitus
215 4151 550 4220 peccaverit,
573 4168 690 4207 non
725 4151 805 4207 sit
827 4151 1036 4207 similis
1065 4152 1116 4208 ei
1149 4153 1249 4224 qui
1277 4152 1606 4211 voluntarie
1633 4160 1690 4212 et

74 4237 244 4299 sponte
263 4237 332 4293 de
348 4237 648 4295 industria
668 4241 929 4312 peccavit
952 4259 964 4307 ;
992 4239 1117 4296 etsi
1142 4242 1278 4313 quis
1295 4243 1472 4298 etiam
1500 4261 1692 4300 neces-

75 4316 214 4378 sitate
241 4332 471 4384 coaetus
520 4327 853 4401 deliquerit,
887 4330 963 4385 sit
994 4330 1352 4402 protectione
1380 4336 1437 4387 et
1460 4349 1688 4389 correc-

72 4405 198 4466 tione
222 4412 365 4487 legis
390 4434 626 4490 semper
654 4418 1044 4491 dignus,qui~a
1073 4421 1420 4476 necessitate
1451 4426 1688 4479 coactus

74 4501 257 4556 eratad
283 4503 342 4559 id
374 4507 534 4578 quod
566 4508 936 4580 perpetravit.

1801 3358 2021 3426 penset.

1870 3443 1986 3500 XII.
2021 3442 2080 3498 Si
2115 3459 2257 3496 uxor
2289 3441 2568 3498 infantem
2602 3456 2776 3496 suum
2807 3445 3005 3497 enecet
3053 3441 3210 3498 intra
3240 3459 3322 3507 se,
3363 3441 3451 3500 vel

1800 3537 2112 3604 postquam
2165 3534 2339 3585 natus
2387 3529 2482 3595 sit,
2518 3532 2655 3600 potu
2707 3527 2796 3583 vel
2839 3529 2971 3586 aliis
3003 3529 3198 3596 rebus,
3225 3531 3455 3602 jejunet

1799 3620 1996 3675 decem
2027 3635 2232 3683 annos,
2268 3622 2386 3672 tres
2416 3634 2566 3690 pane
2596 3621 2651 3674 et
2681 3633 2855 3690 aqua,
2887 3622 2944 3673 et
2987 3623 3208 3690 septem
3260 3619 3451 3690 prouti

1799 3708 2191 3770 confessarius
2219 3708 2348 3779 ejus
2378 3723 2449 3762 ex
2486 3705 2887 3766 misericordia
2930 3706 2981 3762 ei
3035 3705 3362 3776 sanciverit,
3397 3711 3454 3764 et

1797 3797 2008 3853 deinde
2040 3795 2182 3851 illud
2219 3795 2435 3869 lugeat.

1867 3887 2010 3944 Xttl.
2045 3885 2103 3944 Si
2156 3885 2292 3958 quis
2339 3883 2699 3959 mancipium
2759 3902 2934 3941 suum
2991 3885 3448 3955 oceiderit,lsine

1797 3975 1969 4048 culpa
1998 3974 2057 4032 in
2093 3974 2286 4030 furore
2317 3991 2444 4043 suo,
2471 3974 2702 4047 jejunet
2732 3976 2850 4032 tres
2883 3991 3090 4046 annos,

1867 4064 2010 4120 XIV.
2061 4063 2120 4120 Si
2178 4063 2391 4118 mulier
2459 4063 2738 4118 maritum
2819 4080 3000 4126 suum
3061 4063 3326 4120 verberet
3383 4081 3452 4122 ex

1796 4153 1994 4225 aliqua
2047 4151 2353 4225 zelotypia,
2413 4155 2470 4210 et
2528 4151 2626 4208 ille
2684 4152 2818 4207 inde
2875 4153 3180 4220 moriatur,
3239 4157 3298 4210 et
3356 4152 3450 4208 ille

1797 4242 1877 4298 sit
1921 4241 2220 4309 innocens,
2260 4241 2492 4314 jejunet
2550 4245 2776 4314 septem
2834 4259 3040 4308 annos,
3075 4245 3133 4296 et
3169 4241 3219 4298 si
3249 4240 3344 4298 ille
3375 4240 3451 4298 sit

1797 4348 1957 4398 reus,
1981 4331 2211 4403 jejunet
2239 4333 2356 4385 tres
2387 4345 2594 4397 annos,
2627 4333 2684 4384 et
2714 4327 2910 4401 lugeat
2949 4329 3227 4388 dilectum
3272 4345 3447 4388 suum

1797 4435 2046 4492 semper.

1867 4507 1980 4563 XV.
2015 4507 2073 4563 Si
2106 4505 2240 4578 quis
2272 4504 2530 4577 seipsum
2587 4507 2794 4577 sponte
2852 4503 3079 4562 occidat
3123 4504 3325 4572 armis,
3357 4505 3444 4570 vel

127 4584 183 4641 ll.
197 4592 514 4685 Puodlibet
540 4595 761 4651 factum
786 4596 1276 4669 distinguendum.
1295 4602 1383 4654 est
1407 4604 1575 4656 caute
1596 4617 1684 4656 oo-
1716 4620 1758 4685 Ι)
1795 4597 1996 4669 aliqua
2024 4594 2240 4685 diaboli
2291 4593 2690 4685 instigatione,
2725 4611 2838 4649 non
2871 4597 2962 4650 est
2993 4593 3350 4666 permissum
3371 4599 3447 4685 _ut

74 4687 170 4729 ηω
196 4676 301 4738 Deo
331 4688 390 4738 et
417 4699 618 4740 coram
651 4685 897 4741 mundo.

217 4771 287 4823 Hi
313 4773 453 4827 ritus
487 4773 846 4830 observantur
875 4781 1025 4830 trans
1054 4791 1226 4844 mare,
1259 4777 1360 4832 hoc
1383 4785 1460 4833 est
1491 4794 1504 4832 :

127 4848 206 4906 ἰΙΙ.
236 4854 978 4934 thuilibetepiscopussit
999 4863 1058 4919 in
1081 4865 1215 4920 sede
1239 4882 1350 4920 sua
1367 4866 1683 4938 episcopali

75 4935 149 4992 die
172 4940 444 5018 Mercurii,
471 4966 647 5022 quem
676 4949 1046 5023 appellamus
1076 4958 1254 5025 caput
1274 4935 1516 5026 jcj-unii;
1543 4935 1683 5013 tunc

76 5025 1284 5117 Quilibetiltonum,quipeccatismortalibus
1294 5041 1558 5114 pollutus
1570 5048 1679 5115 est,

79 5115 123 5164 in
148 5115 232 5172 illa
258 5124 550 5192 provincia
581 5127 651 5181 ad
683 5144 818 5183 eum
865 5129 1059 5183 veniat
1086 5129 1188 5184 illo
1216 5131 1330 5197 die,
1362 5135 1420 5187 et
1447 5136 1684 5204 peccata

75 5205 220 5296 fusci
242 5207 686 5283 fateatur-misine
701 5220 843 5273 tunc
874 5217 1078 5277 doceat
1097 5234 1231 5274 cum
1255 5219 1676 5291 paenitentiam,

69 5295 205 5353 tum
229 5301 543 5368 quamlibet
575 5307 771 5362 reatus
801 5305 1119 5374 rationem;
1143 5308 1243 5378 qui
1277 5308 1326 5364 si
1359 5325 1584 5382 magna:
1603 5309 1680 5366 sit

75 5384 414 5475 enormitatis,
447 5398 810 5450 removeatur
858 5395 933 5450 ab
979 5395 1380 5454 ecclesiastica.
1413 5415 1675 5454 commu-

75 5478 230 5537 nione,
253 5479 501 5535 attamen
525 5482 598 5536 ad
620 5483 919 5555 propriam
944 5484 1348 5542 necessitatem
1371 5487 1675 5556 excitetur,

74 5556 118 5605 et
148 5558 522 5640 admoneatur,
558 5574 618 5625 et
641 5571 769 5643 ipse
797 5571 883 5628 sic
916 5589 1047 5628 cum
1077 5571 1246 5629 venia
1268 5575 1395 5644 ejus
1426 5576 1672 5631 domum

78 5652 320 5714 revermu
328 5671 369 5709 ιι,
477 5676 480 5678 ~

1790 4704 1893 4759 pro
1919 4685 2020 4742 tali
2054 4683 2292 4743 homine
2343 4682 2545 4742 missae
2577 4687 2911 4752 cantentur,
2947 4699 3146 4756 neque.
3167 4699 3300 4738 cum
3334 4683 3446 4740 ali-

1795 4793 1910 4848 quo
1955 4774 2166 4848 psalmi
2217 4777 2393 4832 cantu
2440 4789 2663 4845 corpus
2706 4775 2873 4828 terra:
2920 4773 3224 4841 inferatur,
3255 4791 3445 4846 neque

1792 4864 1851 4924 in
1884 4883 2034 4938 pura
2055 4862 2360 4936 sepultura
2379 4863 2578 4934 jaceat.
2607 4860 2895 4935 sepultus.
2931 4860 3082 4920 Illud
3112 4862 3270 4920 idem
3290 4863 3446 4935 judi-

1791 4953 1948 5010 cium
1981 4953 2312 5010 faciendum
2362 4955 2451 5008 cst
2497 4949 2570 5019 ei,
2602 4950 2703 5023 qui
2745 4966 2851 5022 pro
2897 4955 3068 5008 reatu.
3107 4968 3215 5010 suo
3265 4951 3444 5016 vitam

1793 5061 1957 5099 suam
1993 5041 2301 5098 tormentis
2334 5039 2482 5106 finit,
2518 5037 2721 5111 quales
2754 5043 2890 5094 sunt
2921 5040 3032 5108 fur,
3065 5041 3358 5098 homicida
3388 5046 3445 5099 et

1791 5131 2016 5190 domini
2048 5129 2328 5202 proditor.

1857 5220 1999 5276 XVI.
2034 5221 2094 5276 Si
2126 5219 2256 5292 quis
2287 5235 2348 5274 se
2379 5233 2511 5273 cum
2543 5217 2729 5274 bestia
2760 5218 2988 5291 polluit,
3019 5220 3108 5278 vel
3140 5220 3439 5282 masculus

1787 5326 1920 5366 cum
1953 5309 2085 5376 alio,
2122 5307 2172 5365 si
2221 5307 2295 5362 sit
2343 5324 2416 5364 xx
2461 5323 2772 5376 annorum,
2825 5309 3057 5380 jejunet
3102 5309 3437 5381 quindecim

1785 5415 2005 5467 annos;
2040 5403 2097 5453 et
2126 5397 2194 5453 si
2218 5396 2306 5452 vir
2354 5412 2590 5452 uxorem
2644 5414 2811 5464 suam
2865 5398 3099 5463 habeat,
3130 5401 3187 5454 et
3218 5398 3340 5468 ipse
3371 5398 3438 5450 40

1785 5505 1971 5544 annos
2001 5491 2174 5544 natus
2204 5484 2298 5554 sit,
2333 5489 2390 5539 et
2420 5483 2534 5540 tale
2569 5487 2710 5557 quid
2743 5487 3090 5551 committat,
3125 5483 3433 5550 abstineat,

1783 5577 2092 5647 etjejunet
2147 5573 2409 5646 quandiu
2461 5572 2518 5630 in
2569 5573 2713 5631 vivis
2741 5578 2849 5642 est,
2886 5579 2944 5630 et
2976 5589 3088 5627 non
3121 5575 3436 5643 praesumat

1784 5664 2015 5722 Domini
2066 5679 2276 5735 corpus
2327 5661 2642 5734 percipere,
2693 5667 3006 5734 antequam
3058 5674 3218 5716 mors
3265 5656 3432 5722 illum

3371 5839 3563 5887 κερ-κ
