  <div class='ocr_page' id='page_1' title='image "/cluster/home/n/w/nwhite01/storage/ocr_20150623/138/uva.x000829786/261.png"; bbox 0 0 3810 6214; ppageno 0'>
   <div class='ocr_carea' id='block_1_1' title="bbox 349 366 468 455">
    <p class='ocr_par' dir='ltr' id='par_1_1' title="bbox 349 366 468 455">
     <span class='ocr_line' id='line_1_1' title="bbox 349 366 468 455; baseline -0.059 0"><span class='ocrx_word' id='word_1_1' title='bbox 349 366 468 455; x_wconf 73' lang='lat'><strong>307</strong></span> 
     </span>
    </p>
   </div>
   <div class='ocr_carea' id='block_1_2' title="bbox 1012 368 3089 442">
    <p class='ocr_par' dir='ltr' id='par_1_2' title="bbox 1012 368 3089 442">
     <span class='ocr_line' id='line_1_2' title="bbox 1012 368 3089 442; baseline -0 -2"><span class='ocrx_word' id='word_1_2' title='bbox 1012 375 1347 440; x_wconf 86' lang='lat' dir='ltr'>APPEND.</span> <span class='ocrx_word' id='word_1_3' title='bbox 1393 374 1497 435; x_wconf 85' lang='lat' dir='ltr'>AD</span> <span class='ocrx_word' id='word_1_4' title='bbox 1542 372 1728 433; x_wconf 69' lang='lat' dir='ltr'>SEO.</span> <span class='ocrx_word' id='word_1_5' title='bbox 1775 370 1847 431; x_wconf 91' lang='grc' dir='ltr'><strong>Χ.</strong></span> <span class='ocrx_word' id='word_1_6' title='bbox 1882 401 1960 416; x_wconf 87' lang='grc'>--</span> <span class='ocrx_word' id='word_1_7' title='bbox 1989 368 2493 435; x_wconf 83' lang='lat' dir='ltr'>MONUMENTA</span> <span class='ocrx_word' id='word_1_8' title='bbox 2536 373 3089 442; x_wconf 79' lang='lat' dir='ltr'>DIPLOMATICA.</span> 
     </span>
    </p>
   </div>
   <div class='ocr_carea' id='block_1_3' title="bbox 3648 378 3754 440">
    <p class='ocr_par' dir='ltr' id='par_1_3' title="bbox 3648 378 3754 440">
     <span class='ocr_line' id='line_1_3' title="bbox 3648 378 3754 440; baseline 0 0"><span class='ocrx_word' id='word_1_9' title='bbox 3648 378 3754 440; x_wconf 78' lang='grc'>508</span> 
     </span>
    </p>
   </div>
   <div class='ocr_carea' id='block_1_4' title="bbox 353 503 3754 585">
    <p class='ocr_par' dir='ltr' id='par_1_4' title="bbox 353 503 3754 585">
     <span class='ocr_line' id='line_1_4' title="bbox 353 503 3754 585; baseline -0.003 -5"><span class='ocrx_word' id='word_1_10' title='bbox 353 527 567 581; x_wconf 81' lang='lat' dir='ltr'>avocet.</span> <span class='ocrx_word' id='word_1_11' title='bbox 599 517 839 577; x_wconf 88' lang='lat' dir='ltr'>Juvenis</span> <span class='ocrx_word' id='word_1_12' title='bbox 867 519 925 572; x_wconf 87' lang='lat' dir='ltr'>et</span> <span class='ocrx_word' id='word_1_13' title='bbox 947 510 1232 585; x_wconf 86' lang='lat' dir='ltr'>insipiens</span> <span class='ocrx_word' id='word_1_14' title='bbox 1267 508 1478 565; x_wconf 80' lang='lat' dir='ltr'>acriter</span> <span class='ocrx_word' id='word_1_15' title='bbox 1503 506 1858 573; x_wconf 80' lang='lat' dir='ltr'>verberetur,</span> <span class='ocrx_word' id='word_1_16' title='bbox 1892 503 1991 576; x_wconf 81' lang='lat' dir='ltr'><strong>qui</strong></span> <span class='ocrx_word' id='word_1_17' title='bbox 2022 508 2077 573; x_wconf 81' lang='grc' dir='ltr'><strong>Α</strong></span> <span class='ocrx_word' id='word_1_18' title='bbox 2177 505 2419 563; x_wconf 86' lang='lat' dir='ltr'>XXVIII.</span> <span class='ocrx_word' id='word_1_19' title='bbox 2452 507 2509 563; x_wconf 86' lang='lat' dir='ltr'>Si</span> <span class='ocrx_word' id='word_1_20' title='bbox 2541 510 2842 583; x_wconf 77' lang='lat' dir='ltr'>presbyter</span> <span class='ocrx_word' id='word_1_21' title='bbox 2867 511 2957 567; x_wconf 85' lang='lat' dir='ltr'>vel</span> <span class='ocrx_word' id='word_1_22' title='bbox 2986 513 3314 570; x_wconf 81' lang='lat' dir='ltr'>monachus</span> <span class='ocrx_word' id='word_1_23' title='bbox 3343 513 3655 570; x_wconf 83' lang='lat' dir='ltr'>hominem</span> <span class='ocrx_word' id='word_1_24' title='bbox 3674 530 3754 569; x_wconf 84' lang='lat' dir='ltr'>oc-</span> 
     </span>
    </p>
   </div>
   <div class='ocr_carea' id='block_1_5' title="bbox 350 602 1035 686">
    <p class='ocr_par' dir='ltr' id='par_1_5' title="bbox 350 602 1035 686">
     <span class='ocr_line' id='line_1_5' title="bbox 350 602 1035 686; baseline -0.022 -14"><span class='ocrx_word' id='word_1_25' title='bbox 350 615 467 671; x_wconf 87' lang='lat' dir='ltr'>tale</span> <span class='ocrx_word' id='word_1_26' title='bbox 489 612 628 686; x_wconf 90' lang='lat' dir='ltr'>quid</span> <span class='ocrx_word' id='word_1_27' title='bbox 659 602 1035 664; x_wconf 79' lang='lat' dir='ltr'>commiserit.</span> 
     </span>
    </p>
   </div>
   <div class='ocr_carea' id='block_1_6' title="bbox 420 685 1993 771">
    <p class='ocr_par' dir='ltr' id='par_1_6' title="bbox 420 685 1993 771">
     <span class='ocr_line' id='line_1_6' title="bbox 420 685 1993 771; baseline -0.015 -12"><span class='ocrx_word' id='word_1_28' title='bbox 420 685 588 759; x_wconf 87' lang='lat' dir='ltr'><strong>XVII.</strong></span> <span class='ocrx_word' id='word_1_29' title='bbox 621 700 682 756; x_wconf 89' lang='lat' dir='ltr'><strong>Si</strong></span> <span class='ocrx_word' id='word_1_30' title='bbox 715 696 847 771; x_wconf 85' lang='lat' dir='ltr'>quis</span> <span class='ocrx_word' id='word_1_31' title='bbox 876 690 1229 751; x_wconf 84' lang='lat' dir='ltr'>adulterium</span> <span class='ocrx_word' id='word_1_32' title='bbox 1274 685 1607 750; x_wconf 83' lang='lat' dir='ltr'>committit,</span> <span class='ocrx_word' id='word_1_33' title='bbox 1632 700 1734 755; x_wconf 88' lang='lat' dir='ltr'>per</span> <span class='ocrx_word' id='word_1_34' title='bbox 1763 686 1993 754; x_wconf 87' lang='lat' dir='ltr'>septen-</span> 
     </span>
    </p>
   </div>
   <div class='ocr_carea' id='block_1_7' title="bbox 350 774 1995 850">
    <p class='ocr_par' dir='ltr' id='par_1_7' title="bbox 350 774 1995 850">
     <span class='ocr_line' id='line_1_7' title="bbox 350 774 1995 850; baseline -0.016 1"><span class='ocrx_word' id='word_1_35' title='bbox 350 794 515 850; x_wconf 91' lang='lat' dir='ltr'>nium</span> <span class='ocrx_word' id='word_1_36' title='bbox 544 790 737 846; x_wconf 88' lang='lat' dir='ltr'>tribus</span> <span class='ocrx_word' id='word_1_37' title='bbox 782 785 988 842; x_wconf 90' lang='lat' dir='ltr'>diebus</span> <span class='ocrx_word' id='word_1_38' title='bbox 1020 782 1079 836; x_wconf 91' lang='lat' dir='ltr'>iu</span> <span class='ocrx_word' id='word_1_39' title='bbox 1109 776 1479 835; x_wconf 82' lang='lat' dir='ltr'>hebdomade</span> <span class='ocrx_word' id='word_1_40' title='bbox 1499 775 1731 846; x_wconf 82' lang='lat' dir='ltr'>jejunet</span> <span class='ocrx_word' id='word_1_41' title='bbox 1759 788 1907 845; x_wconf 89' lang='lat' dir='ltr'>pane</span> <span class='ocrx_word' id='word_1_42' title='bbox 1937 774 1995 825; x_wconf 88' lang='lat' dir='ltr'>et</span> 
     </span>
    </p>
   </div>
   <div class='ocr_carea' id='block_1_8' title="bbox 351 866 1410 957">
    <p class='ocr_par' dir='ltr' id='par_1_8' title="bbox 351 866 1410 957">
     <span class='ocr_line' id='line_1_8' title="bbox 351 866 1410 957; baseline -0.021 -16"><span class='ocrx_word' id='word_1_43' title='bbox 351 900 523 957; x_wconf 85' lang='lat' dir='ltr'>aqua,</span> <span class='ocrx_word' id='word_1_44' title='bbox 557 881 675 937; x_wconf 86' lang='lat' dir='ltr'><strong>sive</strong></span> <span class='ocrx_word' id='word_1_45' title='bbox 706 876 781 934; x_wconf 86' lang='lat' dir='ltr'><strong>sit</strong></span> <span class='ocrx_word' id='word_1_46' title='bbox 799 891 963 943; x_wconf 87' lang='lat' dir='ltr'>uxor,</span> <span class='ocrx_word' id='word_1_47' title='bbox 994 872 1113 927; x_wconf 86' lang='lat' dir='ltr'>sive</span> <span class='ocrx_word' id='word_1_48' title='bbox 1144 866 1410 923; x_wconf 89' lang='lat' dir='ltr'>maritus.</span> 
     </span>
    </p>
   </div>
   <div class='ocr_carea' id='block_1_9' title="bbox 419 948 1994 1039">
    <p class='ocr_par' dir='ltr' id='par_1_9' title="bbox 419 948 1994 1039">
     <span class='ocr_line' id='line_1_9' title="bbox 419 948 1994 1039; baseline -0.017 -10"><span class='ocrx_word' id='word_1_49' title='bbox 419 948 614 1029; x_wconf 80' lang='lat' dir='ltr'><strong>XVIII.</strong></span> <span class='ocrx_word' id='word_1_50' title='bbox 645 967 700 1023; x_wconf 83' lang='lat' dir='ltr'><strong>Si</strong></span> <span class='ocrx_word' id='word_1_51' title='bbox 736 964 869 1039; x_wconf 89' lang='lat' dir='ltr'>quis</span> <span class='ocrx_word' id='word_1_52' title='bbox 901 962 1208 1033; x_wconf 83' lang='lat' dir='ltr'>conjugem</span> <span class='ocrx_word' id='word_1_53' title='bbox 1257 971 1428 1012; x_wconf 89' lang='lat' dir='ltr'>suam</span> <span class='ocrx_word' id='word_1_54' title='bbox 1481 952 1713 1019; x_wconf 84' lang='lat' dir='ltr'>deserit,</span> <span class='ocrx_word' id='word_1_55' title='bbox 1747 955 1804 1006; x_wconf 92' lang='lat' dir='ltr'>et</span> <span class='ocrx_word' id='word_1_56' title='bbox 1833 948 1994 1039; x_wconf 90' lang='lat' dir='ltr'>ducit</span> 
     </span>
    </p>
   </div>
   <div class='ocr_carea' id='block_1_10' title="bbox 348 1038 1995 1121">
    <p class='ocr_par' dir='ltr' id='par_1_10' title="bbox 348 1038 1995 1121">
     <span class='ocr_line' id='line_1_10' title="bbox 348 1038 1995 1121; baseline -0.016 -3"><span class='ocrx_word' id='word_1_57' title='bbox 348 1062 522 1119; x_wconf 88' lang='lat' dir='ltr'>aliam</span> <span class='ocrx_word' id='word_1_58' title='bbox 554 1038 813 1121; x_wconf 83' lang='lat' dir='ltr'>uxorem,</span> <span class='ocrx_word' id='word_1_59' title='bbox 836 1050 1191 1109; x_wconf 78' lang='lat' dir='ltr'>adulterium</span> <span class='ocrx_word' id='word_1_60' title='bbox 1214 1043 1546 1109; x_wconf 86' lang='lat' dir='ltr'>committit,</span> <span class='ocrx_word' id='word_1_61' title='bbox 1580 1057 1695 1096; x_wconf 88' lang='lat' dir='ltr'>non</span> <span class='ocrx_word' id='word_1_62' title='bbox 1718 1038 1995 1095; x_wconf 83' lang='lat' dir='ltr'>conceda-</span> 
     </span>
    </p>
   </div>
   <div class='ocr_carea' id='block_1_11' title="bbox 347 1127 1991 1220">
    <p class='ocr_par' dir='ltr' id='par_1_11' title="bbox 347 1127 1991 1220">
     <span class='ocr_line' id='line_1_11' title="bbox 347 1127 1991 1220; baseline -0.018 -12"><span class='ocrx_word' id='word_1_63' title='bbox 347 1155 446 1207; x_wconf 87' lang='lat' dir='ltr'>tur</span> <span class='ocrx_word' id='word_1_64' title='bbox 472 1150 520 1207; x_wconf 92' lang='lat' dir='ltr'>ei</span> <span class='ocrx_word' id='word_1_65' title='bbox 571 1146 792 1220; x_wconf 84' lang='lat' dir='ltr'>aliquid</span> <span class='ocrx_word' id='word_1_66' title='bbox 838 1158 1041 1199; x_wconf 89' lang='lat' dir='ltr'>eorum</span> <span class='ocrx_word' id='word_1_67' title='bbox 1084 1136 1332 1210; x_wconf 87' lang='lat' dir='ltr'>jurium,</span> <span class='ocrx_word' id='word_1_68' title='bbox 1364 1148 1494 1204; x_wconf 68' lang='lat' dir='ltr'>quas</span> <span class='ocrx_word' id='word_1_69' title='bbox 1523 1130 1595 1184; x_wconf 89' lang='lat' dir='ltr'>ad</span> <span class='ocrx_word' id='word_1_70' title='bbox 1627 1127 1991 1220; x_wconf 75' lang='lat' dir='ltr'>Christianos</span> 
     </span>
    </p>
   </div>
   <div class='ocr_carea' id='block_1_12' title="bbox 342 1215 1991 1315">
    <p class='ocr_par' dir='ltr' id='par_1_12' title="bbox 342 1215 1991 1315">
     <span class='ocr_line' id='line_1_12' title="bbox 342 1215 1991 1315; baseline -0.019 -16"><span class='ocrx_word' id='word_1_71' title='bbox 342 1240 656 1315; x_wconf 89' lang='lat' dir='ltr'>pertinent,</span> <span class='ocrx_word' id='word_1_72' title='bbox 671 1215 795 1291; x_wconf 63' lang='lat' dir='ltr'>nec</span> <span class='ocrx_word' id='word_1_73' title='bbox 826 1234 1200 1293; x_wconf 82' lang='lat' dir='ltr'>mortuo,nec</span> <span class='ocrx_word' id='word_1_74' title='bbox 1230 1223 1376 1293; x_wconf 91' lang='lat' dir='ltr'>vivo,</span> <span class='ocrx_word' id='word_1_75' title='bbox 1407 1236 1515 1275; x_wconf 90' lang='lat' dir='ltr'>nec</span> <span class='ocrx_word' id='word_1_76' title='bbox 1542 1216 1859 1289; x_wconf 88' lang='lat' dir='ltr'>sepeliatur</span> <span class='ocrx_word' id='word_1_77' title='bbox 1888 1215 1991 1270; x_wconf 88' lang='lat' dir='ltr'>ho-</span> 
     </span>
    </p>
   </div>
   <div class='ocr_carea' id='block_1_13' title="bbox 346 1307 1988 1387">
    <p class='ocr_par' dir='ltr' id='par_1_13' title="bbox 346 1307 1988 1387">
     <span class='ocr_line' id='line_1_13' title="bbox 346 1307 1988 1387; baseline -0.017 0"><span class='ocrx_word' id='word_1_78' title='bbox 346 1307 440 1387; x_wconf 75' lang='lat' dir='ltr'>mo</span> <span class='ocrx_word' id='word_1_79' title='bbox 472 1330 563 1385; x_wconf 90' lang='lat' dir='ltr'>hic</span> <span class='ocrx_word' id='word_1_80' title='bbox 593 1341 728 1383; x_wconf 90' lang='lat' dir='ltr'>cum</span> <span class='ocrx_word' id='word_1_81' title='bbox 762 1317 1126 1378; x_wconf 82' lang='lat' dir='ltr'>Christianis.</span> <span class='ocrx_word' id='word_1_82' title='bbox 1159 1317 1228 1370; x_wconf 88' lang='lat' dir='ltr'>Et</span> <span class='ocrx_word' id='word_1_83' title='bbox 1258 1314 1414 1368; x_wconf 91' lang='lat' dir='ltr'>idem</span> <span class='ocrx_word' id='word_1_84' title='bbox 1447 1310 1621 1365; x_wconf 88' lang='lat' dir='ltr'>etiam</span> <span class='ocrx_word' id='word_1_85' title='bbox 1669 1307 1833 1362; x_wconf 80' lang='lat' dir='ltr'>uxori</span> <span class='ocrx_word' id='word_1_86' title='bbox 1868 1307 1988 1361; x_wconf 83' lang='lat' dir='ltr'>ﬁat.</span> 
     </span>
    </p>
   </div>
   <div class='ocr_carea' id='block_1_14' title="bbox 342 1395 1994 1491">
    <p class='ocr_par' dir='ltr' id='par_1_14' title="bbox 342 1395 1994 1491">
     <span class='ocr_line' id='line_1_14' title="bbox 342 1395 1994 1491; baseline -0.016 -16"><span class='ocrx_word' id='word_1_87' title='bbox 342 1422 412 1476; x_wconf 89' lang='lat' dir='ltr'>Et</span> <span class='ocrx_word' id='word_1_88' title='bbox 443 1419 841 1491; x_wconf 81' lang='lat' dir='ltr'>cognatorum,</span> <span class='ocrx_word' id='word_1_89' title='bbox 879 1408 976 1481; x_wconf 86' lang='lat' dir='ltr'>qui</span> <span class='ocrx_word' id='word_1_90' title='bbox 1006 1407 1163 1462; x_wconf 89' lang='lat' dir='ltr'>idem</span> <span class='ocrx_word' id='word_1_91' title='bbox 1211 1400 1472 1468; x_wconf 86' lang='lat' dir='ltr'>fecerint,</span> <span class='ocrx_word' id='word_1_92' title='bbox 1506 1399 1709 1491; x_wconf 74' lang='lat' dir='ltr'>perdat</span> <span class='ocrx_word' id='word_1_93' title='bbox 1749 1395 1994 1491; x_wconf 78' lang='lat' dir='ltr'>quilibet</span> 
     </span>
    </p>
   </div>
   <div class='ocr_carea' id='block_1_15' title="bbox 342 1486 1993 1581">
    <p class='ocr_par' dir='ltr' id='par_1_15' title="bbox 342 1486 1993 1581">
     <span class='ocr_line' id='line_1_15' title="bbox 342 1486 1993 1581; baseline -0.016 -15"><span class='ocrx_word' id='word_1_94' title='bbox 342 1511 444 1581; x_wconf 88' lang='lat' dir='ltr'>jus</span> <span class='ocrx_word' id='word_1_95' title='bbox 472 1486 669 1572; x_wconf 76' lang='lat' dir='ltr'>suum,</span> <span class='ocrx_word' id='word_1_96' title='bbox 705 1501 817 1557; x_wconf 85' lang='lat' dir='ltr'>nisi</span> <span class='ocrx_word' id='word_1_97' title='bbox 867 1500 1042 1554; x_wconf 84' lang='lat' dir='ltr'>citius</span> <span class='ocrx_word' id='word_1_98' title='bbox 1089 1491 1295 1549; x_wconf 85' lang='lat' dir='ltr'>reverti</span> <span class='ocrx_word' id='word_1_99' title='bbox 1345 1495 1402 1547; x_wconf 90' lang='lat' dir='ltr'>et</span> <span class='ocrx_word' id='word_1_100' title='bbox 1445 1486 1648 1545; x_wconf 90' lang='lat' dir='ltr'>sedulo</span> <span class='ocrx_word' id='word_1_101' title='bbox 1703 1486 1993 1559; x_wconf 84' lang='lat' dir='ltr'>corrigere</span> 
     </span>
    </p>
   </div>
   <div class='ocr_carea' id='block_1_16' title="bbox 339 1597 1990 1752">
    <p class='ocr_par' dir='ltr' id='par_1_16' title="bbox 339 1597 1990 1752">
     <span class='ocr_line' id='line_1_16' title="bbox 339 1597 1990 1752; baseline 0 -15"><span class='ocrx_word' id='word_1_102' title='bbox 339 1597 553 1742; x_wconf 53' lang='lat' dir='ltr'><strong>veIXIIIX.</strong></span> <span class='ocrx_word' id='word_1_103' title='bbox 615 1682 674 1739; x_wconf 89' lang='lat' dir='ltr'>Si</span> <span class='ocrx_word' id='word_1_104' title='bbox 733 1679 866 1752; x_wconf 85' lang='lat' dir='ltr'>quis</span> <span class='ocrx_word' id='word_1_105' title='bbox 921 1676 1135 1732; x_wconf 90' lang='lat' dir='ltr'>habeat</span> <span class='ocrx_word' id='word_1_106' title='bbox 1197 1687 1437 1728; x_wconf 83' lang='lat' dir='ltr'>uxorem</span> <span class='ocrx_word' id='word_1_107' title='bbox 1494 1673 1551 1724; x_wconf 91' lang='lat' dir='ltr'>et</span> <span class='ocrx_word' id='word_1_108' title='bbox 1605 1667 1990 1723; x_wconf 72' lang='lat' dir='ltr'>concubinam</span> 
     </span>
    </p>
   </div>
   <div class='ocr_carea' id='block_1_17' title="bbox 344 1755 1991 1841">
    <p class='ocr_par' dir='ltr' id='par_1_17' title="bbox 344 1755 1991 1841">
     <span class='ocr_line' id='line_1_17' title="bbox 344 1755 1991 1841; baseline -0.013 -12"><span class='ocrx_word' id='word_1_109' title='bbox 344 1774 541 1841; x_wconf 88' lang='lat' dir='ltr'>etiam,</span> <span class='ocrx_word' id='word_1_110' title='bbox 573 1771 774 1828; x_wconf 91' lang='lat' dir='ltr'>nullus</span> <span class='ocrx_word' id='word_1_111' title='bbox 822 1766 1094 1824; x_wconf 82' lang='lat' dir='ltr'>sacerdos</span> <span class='ocrx_word' id='word_1_112' title='bbox 1137 1762 1188 1818; x_wconf 89' lang='lat' dir='ltr'>ei</span> <span class='ocrx_word' id='word_1_113' title='bbox 1214 1761 1423 1820; x_wconf 89' lang='lat' dir='ltr'>.ullum</span> <span class='ocrx_word' id='word_1_114' title='bbox 1468 1758 1701 1831; x_wconf 83' lang='lat' dir='ltr'>aliquod</span> <span class='ocrx_word' id='word_1_115' title='bbox 1731 1755 1991 1811; x_wconf 85' lang='lat' dir='ltr'>officium</span> 
     </span>
    </p>
   </div>
   <div class='ocr_carea' id='block_1_18' title="bbox 2104 594 3750 675">
    <p class='ocr_par' dir='ltr' id='par_1_18' title="bbox 2104 594 3750 675">
     <span class='ocr_line' id='line_1_18' title="bbox 2104 594 3750 675; baseline 0.009 -27"><span class='ocrx_word' id='word_1_116' title='bbox 2104 594 2816 668; x_wconf 89' lang='lat' dir='ltr'>ciderit,perdatordinem</span> <span class='ocrx_word' id='word_1_117' title='bbox 2831 604 3531 675; x_wconf 87' lang='lat' dir='ltr'>suum,etjejunetdecem</span> <span class='ocrx_word' id='word_1_118' title='bbox 3546 619 3750 663; x_wconf 77' lang='lat' dir='ltr'>annos:</span> 
     </span>
    </p>
   </div>
   <div class='ocr_carea' id='block_1_19' title="bbox 2105 683 3753 764">
    <p class='ocr_par' dir='ltr' id='par_1_19' title="bbox 2105 683 3753 764">
     <span class='ocr_line' id='line_1_19' title="bbox 2105 683 3753 764; baseline 0.005 -26"><span class='ocrx_word' id='word_1_119' title='bbox 2105 683 2364 757; x_wconf 88' lang='lat' dir='ltr'>quinque</span> <span class='ocrx_word' id='word_1_120' title='bbox 2393 703 2543 758; x_wconf 90' lang='lat' dir='ltr'>pane</span> <span class='ocrx_word' id='word_1_121' title='bbox 2572 692 2627 743; x_wconf 90' lang='lat' dir='ltr'>ct</span> <span class='ocrx_word' id='word_1_122' title='bbox 2658 695 2901 761; x_wconf 88' lang='lat' dir='ltr'>aqua,et</span> <span class='ocrx_word' id='word_1_123' title='bbox 2918 692 3182 763; x_wconf 79' lang='lat' dir='ltr'>quinque</span> <span class='ocrx_word' id='word_1_124' title='bbox 3210 692 3403 750; x_wconf 90' lang='lat' dir='ltr'>tribus</span> <span class='ocrx_word' id='word_1_125' title='bbox 3422 693 3641 748; x_wconf 86' lang='lat' dir='ltr'>diebus</span> <span class='ocrx_word' id='word_1_126' title='bbox 3664 709 3753 764; x_wconf 83' lang='lat' dir='ltr'>per</span> 
     </span>
    </p>
   </div>
   <div class='ocr_carea' id='block_1_20' title="bbox 2103 772 3751 853">
    <p class='ocr_par' dir='ltr' id='par_1_20' title="bbox 2103 772 3751 853">
     <span class='ocr_line' id='line_1_20' title="bbox 2103 772 3751 853; baseline 0.007 -26"><span class='ocrx_word' id='word_1_127' title='bbox 2103 772 2533 832; x_wconf 81' lang='lat' dir='ltr'>hebdomadam</span> <span class='ocrx_word' id='word_1_128' title='bbox 2550 794 2565 845; x_wconf 90' lang='lat'><strong>;</strong></span> <span class='ocrx_word' id='word_1_129' title='bbox 2583 782 2638 833; x_wconf 91' lang='lat' dir='ltr'>et</span> <span class='ocrx_word' id='word_1_130' title='bbox 2654 778 2896 851; x_wconf 87' lang='lat' dir='ltr'>reliquis</span> <span class='ocrx_word' id='word_1_131' title='bbox 2919 780 3147 835; x_wconf 83' lang='lat' dir='ltr'>fruatur</span> <span class='ocrx_word' id='word_1_132' title='bbox 3177 781 3307 837; x_wconf 91' lang='lat' dir='ltr'>cibo</span> <span class='ocrx_word' id='word_1_133' title='bbox 3339 787 3541 848; x_wconf 86' lang='lat' dir='ltr'>suo,et</span> <span class='ocrx_word' id='word_1_134' title='bbox 3562 780 3751 853; x_wconf 76' lang='lat' dir='ltr'>lugeat</span> 
     </span>
    </p>
   </div>
   <div class='ocr_carea' id='block_1_21' title="bbox 2101 861 2872 940">
    <p class='ocr_par' dir='ltr' id='par_1_21' title="bbox 2101 861 2872 940">
     <span class='ocr_line' id='line_1_21' title="bbox 2101 861 2872 940; baseline 0.012 -25"><span class='ocrx_word' id='word_1_135' title='bbox 2101 861 2378 918; x_wconf 90' lang='lat' dir='ltr'>delictum</span> <span class='ocrx_word' id='word_1_136' title='bbox 2414 881 2589 921; x_wconf 90' lang='lat' dir='ltr'>suum</span> <span class='ocrx_word' id='word_1_137' title='bbox 2622 884 2872 940; x_wconf 85' lang='lat' dir='ltr'>semper.</span> 
     </span>
    </p>
   </div>
   <div class='ocr_carea' id='block_1_22' title="bbox 2173 942 3810 1040">
    <p class='ocr_par' dir='ltr' id='par_1_22' title="bbox 2173 942 3810 1040">
     <span class='ocr_line' id='line_1_22' title="bbox 2173 942 3810 1040; baseline 0.004 -27"><span class='ocrx_word' id='word_1_138' title='bbox 2173 959 2463 1017; x_wconf 85' lang='lat' dir='ltr'>Diaconus</span> <span class='ocrx_word' id='word_1_139' title='bbox 2490 968 2617 1019; x_wconf 88' lang='lat' dir='ltr'>octo</span> <span class='ocrx_word' id='word_1_140' title='bbox 2651 982 2798 1037; x_wconf 89' lang='lat' dir='ltr'>pane</span> <span class='ocrx_word' id='word_1_141' title='bbox 2829 970 2887 1021; x_wconf 84' lang='lat' dir='ltr'>et</span> <span class='ocrx_word' id='word_1_142' title='bbox 2916 972 3162 1039; x_wconf 87' lang='lat' dir='ltr'>aqua,et</span> <span class='ocrx_word' id='word_1_143' title='bbox 3184 967 3430 1040; x_wconf 88' lang='lat' dir='ltr'>reliquis</span> <span class='ocrx_word' id='word_1_144' title='bbox 3462 972 3526 1023; x_wconf 90' lang='lat' dir='ltr'>ut</span> <span class='ocrx_word' id='word_1_145' title='bbox 3554 985 3745 1040; x_wconf 84' lang='lat' dir='ltr'>supra.</span> <span class='ocrx_word' id='word_1_146' title='bbox 3808 942 3810 967; x_wconf 46' lang='grc'><strong>⁵</strong></span> 
     </span>
    </p>
   </div>
   <div class='ocr_carea' id='block_1_23' title="bbox 2172 1047 3333 1129">
    <p class='ocr_par' dir='ltr' id='par_1_23' title="bbox 2172 1047 3333 1129">
     <span class='ocr_line' id='line_1_23' title="bbox 2172 1047 3333 1129; baseline 0.007 -27"><span class='ocrx_word' id='word_1_147' title='bbox 2172 1047 2431 1106; x_wconf 85' lang='lat' dir='ltr'>Clericus</span> <span class='ocrx_word' id='word_1_148' title='bbox 2462 1068 2519 1109; x_wconf 84' lang='lat' dir='ltr'>IV</span> <span class='ocrx_word' id='word_1_149' title='bbox 2550 1070 2735 1109; x_wconf 84' lang='lat' dir='ltr'>annos</span> <span class='ocrx_word' id='word_1_150' title='bbox 2762 1073 2774 1121; x_wconf 92' lang='lat'><strong>;</strong></span> <span class='ocrx_word' id='word_1_151' title='bbox 2806 1073 2862 1110; x_wconf 81' lang='lat' dir='ltr'>VI</span> <span class='ocrx_word' id='word_1_152' title='bbox 2895 1072 3043 1128; x_wconf 91' lang='lat' dir='ltr'>pane</span> <span class='ocrx_word' id='word_1_153' title='bbox 3072 1060 3129 1112; x_wconf 88' lang='lat' dir='ltr'>et</span> <span class='ocrx_word' id='word_1_154' title='bbox 3158 1073 3333 1129; x_wconf 88' lang='lat' dir='ltr'>aqua.</span> 
     </span>
    </p>
   </div>
   <div class='ocr_carea' id='block_1_24' title="bbox 2172 1136 3577 1218">
    <p class='ocr_par' dir='ltr' id='par_1_24' title="bbox 2172 1136 3577 1218">
     <span class='ocr_line' id='line_1_24' title="bbox 2172 1136 3577 1218; baseline 0.009 -27"><span class='ocrx_word' id='word_1_155' title='bbox 2172 1136 2379 1195; x_wconf 89' lang='lat' dir='ltr'>Laicus</span> <span class='ocrx_word' id='word_1_156' title='bbox 2405 1157 2445 1196; x_wconf 92' lang='lat' dir='ltr'>v</span> <span class='ocrx_word' id='word_1_157' title='bbox 2472 1157 2655 1197; x_wconf 91' lang='lat' dir='ltr'>annos</span> <span class='ocrx_word' id='word_1_158' title='bbox 2680 1160 2694 1212; x_wconf 88' lang='lat'><strong>;</strong></span> <span class='ocrx_word' id='word_1_159' title='bbox 2726 1160 2789 1198; x_wconf 82' lang='lat' dir='ltr'>In</span> <span class='ocrx_word' id='word_1_160' title='bbox 2818 1161 2967 1216; x_wconf 89' lang='lat' dir='ltr'>pane</span> <span class='ocrx_word' id='word_1_161' title='bbox 2997 1148 3048 1200; x_wconf 79' lang='lat' dir='ltr'>et</span> <span class='ocrx_word' id='word_1_162' title='bbox 3077 1161 3251 1217; x_wconf 73' lang='lat' dir='ltr'>aqua,</span> <span class='ocrx_word' id='word_1_163' title='bbox 3278 1149 3343 1200; x_wconf 86' lang='lat' dir='ltr'>ut</span> <span class='ocrx_word' id='word_1_164' title='bbox 3373 1162 3577 1218; x_wconf 83' lang='lat' dir='ltr'>supra.</span> 
     </span>
    </p>
   </div>
   <div class='ocr_carea' id='block_1_25' title="bbox 2171 1237 3742 1312">
    <p class='ocr_par' dir='ltr' id='par_1_25' title="bbox 2171 1237 3742 1312">
     <span class='ocr_line' id='line_1_25' title="bbox 2171 1237 3742 1312; baseline 0.003 -20"><span class='ocrx_word' id='word_1_165' title='bbox 2171 1237 2355 1293; x_wconf 82' lang='lat' dir='ltr'><strong>XXIX.</strong></span> <span class='ocrx_word' id='word_1_166' title='bbox 2406 1239 2475 1295; x_wconf 90' lang='lat' dir='ltr'>Si</span> <span class='ocrx_word' id='word_1_167' title='bbox 2523 1240 2655 1312; x_wconf 88' lang='lat' dir='ltr'>quis</span> <span class='ocrx_word' id='word_1_168' title='bbox 2712 1241 2894 1298; x_wconf 89' lang='lat' dir='ltr'>sacris</span> <span class='ocrx_word' id='word_1_169' title='bbox 2954 1242 3249 1298; x_wconf 86' lang='lat' dir='ltr'>initiatum</span> <span class='ocrx_word' id='word_1_170' title='bbox 3304 1243 3603 1309; x_wconf 89' lang='lat' dir='ltr'>occiderit,</span> <span class='ocrx_word' id='word_1_171' title='bbox 3668 1242 3742 1297; x_wconf 77' lang='lat' dir='ltr'>vel</span> 
     </span>
    </p>
   </div>
   <div class='ocr_carea' id='block_1_26' title="bbox 2102 1328 3743 1405">
    <p class='ocr_par' dir='ltr' id='par_1_26' title="bbox 2102 1328 3743 1405">
     <span class='ocr_line' id='line_1_26' title="bbox 2102 1328 3743 1405; baseline 0.003 -24"><span class='ocrx_word' id='word_1_172' title='bbox 2102 1328 2403 1400; x_wconf 85' lang='lat' dir='ltr'>pmprium</span> <span class='ocrx_word' id='word_1_173' title='bbox 2435 1330 2766 1401; x_wconf 89' lang='lat' dir='ltr'>proximum</span> <span class='ocrx_word' id='word_1_174' title='bbox 2800 1335 3136 1405; x_wconf 90' lang='lat' dir='ltr'>cognatum,</span> <span class='ocrx_word' id='word_1_175' title='bbox 3171 1333 3403 1389; x_wconf 86' lang='lat' dir='ltr'>deserat</span> <span class='ocrx_word' id='word_1_176' title='bbox 3450 1337 3671 1389; x_wconf 85' lang='lat' dir='ltr'>terram</span> <span class='ocrx_word' id='word_1_177' title='bbox 3695 1340 3743 1386; x_wconf 82' lang='lat' dir='ltr'>et</span> 
     </span>
    </p>
   </div>
   <div class='ocr_carea' id='block_1_27' title="bbox 2101 1416 3741 1495">
    <p class='ocr_par' dir='ltr' id='par_1_27' title="bbox 2101 1416 3741 1495">
     <span class='ocr_line' id='line_1_27' title="bbox 2101 1416 3741 1495; baseline 0.002 -24"><span class='ocrx_word' id='word_1_178' title='bbox 2101 1416 2533 1488; x_wconf 83' lang='lat' dir='ltr'>possessionem</span> <span class='ocrx_word' id='word_1_179' title='bbox 2559 1435 2751 1487; x_wconf 88' lang='lat' dir='ltr'>suam,</span> <span class='ocrx_word' id='word_1_180' title='bbox 2776 1423 2832 1475; x_wconf 89' lang='lat' dir='ltr'>et</span> <span class='ocrx_word' id='word_1_181' title='bbox 2853 1419 3024 1476; x_wconf 79' lang='lat' dir='ltr'>faciat</span> <span class='ocrx_word' id='word_1_182' title='bbox 3045 1419 3216 1476; x_wconf 89' lang='lat' dir='ltr'>sicuti</span> <span class='ocrx_word' id='word_1_183' title='bbox 3240 1437 3394 1495; x_wconf 90' lang='lat' dir='ltr'>papa</span> <span class='ocrx_word' id='word_1_184' title='bbox 3411 1421 3741 1477; x_wconf 77' lang='lat' dir='ltr'>instruxerit</span> 
     </span>
    </p>
   </div>
   <div class='ocr_carea' id='block_1_28' title="bbox 2101 1506 2845 1581">
    <p class='ocr_par' dir='ltr' id='par_1_28' title="bbox 2101 1506 2845 1581">
     <span class='ocr_line' id='line_1_28' title="bbox 2101 1506 2845 1581; baseline 0.004 -21"><span class='ocrx_word' id='word_1_185' title='bbox 2101 1522 2256 1572; x_wconf 92' lang='lat' dir='ltr'>eum,</span> <span class='ocrx_word' id='word_1_186' title='bbox 2289 1511 2346 1562; x_wconf 89' lang='lat' dir='ltr'>et</span> <span class='ocrx_word' id='word_1_187' title='bbox 2375 1506 2574 1580; x_wconf 84' lang='lat' dir='ltr'>lugeat</span> <span class='ocrx_word' id='word_1_188' title='bbox 2596 1524 2845 1581; x_wconf 88' lang='lat' dir='ltr'>semper.</span> 
     </span>
    </p>
   </div>
   <div class='ocr_carea' id='block_1_29' title="bbox 2169 1604 3743 1676">
    <p class='ocr_par' dir='ltr' id='par_1_29' title="bbox 2169 1604 3743 1676">
     <span class='ocr_line' id='line_1_29' title="bbox 2169 1604 3743 1676; baseline 0.001 -17"><span class='ocrx_word' id='word_1_189' title='bbox 2169 1604 2329 1659; x_wconf 90' lang='lat' dir='ltr'><strong>XXX.</strong></span> <span class='ocrx_word' id='word_1_190' title='bbox 2361 1605 2420 1659; x_wconf 91' lang='lat' dir='ltr'>Si</span> <span class='ocrx_word' id='word_1_191' title='bbox 2450 1606 2751 1676; x_wconf 86' lang='lat' dir='ltr'>presbyter</span> <span class='ocrx_word' id='word_1_192' title='bbox 2778 1606 2864 1662; x_wconf 87' lang='lat' dir='ltr'>vel</span> <span class='ocrx_word' id='word_1_193' title='bbox 2898 1606 3220 1664; x_wconf 87' lang='lat' dir='ltr'>monachus</span> <span class='ocrx_word' id='word_1_194' title='bbox 3260 1608 3635 1664; x_wconf 86' lang='lat' dir='ltr'>concubitum</span> <span class='ocrx_word' id='word_1_195' title='bbox 3667 1609 3743 1663; x_wconf 84' lang='lat' dir='ltr'>Ia-</span> 
     </span>
    </p>
   </div>
   <div class='ocr_carea' id='block_1_30' title="bbox 2101 1693 3740 1771">
    <p class='ocr_par' dir='ltr' id='par_1_30' title="bbox 2101 1693 3740 1771">
     <span class='ocr_line' id='line_1_30' title="bbox 2101 1693 3740 1771; baseline 0.004 -24"><span class='ocrx_word' id='word_1_196' title='bbox 2101 1693 2325 1749; x_wconf 87' lang='lat' dir='ltr'>scivum</span> <span class='ocrx_word' id='word_1_197' title='bbox 2371 1700 2651 1761; x_wconf 80' lang='lat' dir='ltr'>exerceat,</span> <span class='ocrx_word' id='word_1_198' title='bbox 2697 1694 2785 1751; x_wconf 86' lang='lat' dir='ltr'>vel</span> <span class='ocrx_word' id='word_1_199' title='bbox 2844 1696 3183 1771; x_wconf 88' lang='lat' dir='ltr'>conjugium</span> <span class='ocrx_word' id='word_1_200' title='bbox 3238 1696 3436 1764; x_wconf 85' lang='lat' dir='ltr'>violet,</span> <span class='ocrx_word' id='word_1_201' title='bbox 3460 1698 3740 1769; x_wconf 78' lang='lat' dir='ltr'>jejunetx</span> 
     </span>
    </p>
   </div>
   <div class='ocr_carea' id='block_1_31' title="bbox 2102 1782 3737 1856">
    <p class='ocr_par' dir='ltr' id='par_1_31' title="bbox 2102 1782 3737 1856">
     <span class='ocr_line' id='line_1_31' title="bbox 2102 1782 3737 1856; baseline 0.003 -20"><span class='ocrx_word' id='word_1_202' title='bbox 2102 1799 2311 1849; x_wconf 90' lang='lat' dir='ltr'>annos,</span> <span class='ocrx_word' id='word_1_203' title='bbox 2343 1788 2401 1838; x_wconf 91' lang='lat' dir='ltr'>et</span> <span class='ocrx_word' id='word_1_204' title='bbox 2436 1782 2633 1856; x_wconf 85' lang='lat' dir='ltr'>lugeat</span> <span class='ocrx_word' id='word_1_205' title='bbox 2661 1800 2911 1856; x_wconf 87' lang='lat' dir='ltr'>semper.</span> <span class='ocrx_word' id='word_1_206' title='bbox 2945 1786 3236 1842; x_wconf 90' lang='lat' dir='ltr'>Diaconus</span> <span class='ocrx_word' id='word_1_207' title='bbox 3260 1802 3363 1856; x_wconf 83' lang='lat' dir='ltr'>vn,</span> <span class='ocrx_word' id='word_1_208' title='bbox 3394 1785 3638 1843; x_wconf 85' lang='lat' dir='ltr'>clericus</span> <span class='ocrx_word' id='word_1_209' title='bbox 3668 1804 3737 1853; x_wconf 79' lang='lat' dir='ltr'>vi,</span> 
     </span>
    </p>
   </div>
   <div class='ocr_carea' id='block_1_32' title="bbox 344 1846 3419 1947">
    <p class='ocr_par' dir='ltr' id='par_1_32' title="bbox 344 1846 3419 1947">
     <span class='ocr_line' id='line_1_32' title="bbox 344 1846 3419 1947; baseline -0.002 -10"><span class='ocrx_word' id='word_1_210' title='bbox 344 1866 581 1937; x_wconf 63' lang='grc' dir='ltr'>Ρνωεῖθι</span> <span class='ocrx_word' id='word_1_211' title='bbox 636 1876 771 1916; x_wconf 71' lang='lat' dir='ltr'>cum</span> <span class='ocrx_word' id='word_1_212' title='bbox 828 1852 1193 1947; x_wconf 52' lang='grc' dir='ltr'>(Ππίεῖξδηίβθ</span> <span class='ocrx_word' id='word_1_213' title='bbox 1396 1850 1467 1947; x_wconf 61' lang='grc' dir='ltr'>θιξί</span> <span class='ocrx_word' id='word_1_214' title='bbox 1526 1846 1989 1944; x_wconf 55' lang='grc' dir='ltr'>θωθηδδίίοηῗω</span> <span class='ocrx_word' id='word_1_215' title='bbox 2022 1880 2069 1945; x_wconf 85' lang='grc' dir='ltr'><strong>Β</strong></span> <span class='ocrx_word' id='word_1_216' title='bbox 2101 1846 2309 1927; x_wconf 83' lang='lat' dir='ltr'>Laicus</span> <span class='ocrx_word' id='word_1_217' title='bbox 2338 1890 2374 1926; x_wconf 89' lang='lat' dir='ltr'>v</span> <span class='ocrx_word' id='word_1_218' title='bbox 2404 1846 2621 1947; x_wconf 52' lang='lat' dir='ltr'>faunis]</span> <span class='ocrx_word' id='word_1_219' title='bbox 2654 1877 2718 1928; x_wconf 94' lang='lat' dir='ltr'>ut</span> <span class='ocrx_word' id='word_1_220' title='bbox 2745 1846 2983 1947; x_wconf 74' lang='lat' dir='ltr'>propter</span> <span class='ocrx_word' id='word_1_221' title='bbox 3012 1846 3419 1931; x_wconf 76' lang='lat' dir='ltr'>homicidium.</span> 
     </span>
    </p>
   </div>
   <div class='ocr_carea' id='block_1_33' title="bbox 343 1934 1993 2017">
    <p class='ocr_par' dir='ltr' id='par_1_33' title="bbox 343 1934 1993 2017">
     <span class='ocr_line' id='line_1_33' title="bbox 343 1934 1993 2017; baseline -0.012 -9"><span class='ocrx_word' id='word_1_222' title='bbox 343 1934 683 2017; x_wconf 75' lang='lat' dir='ltr'>revertatur,</span> <span class='ocrx_word' id='word_1_223' title='bbox 712 1963 891 2005; x_wconf 88' lang='lat' dir='ltr'>unam</span> <span class='ocrx_word' id='word_1_224' title='bbox 940 1942 1185 2000; x_wconf 87' lang='lat' dir='ltr'>retineat</span> <span class='ocrx_word' id='word_1_225' title='bbox 1233 1939 1343 1996; x_wconf 91' lang='lat' dir='ltr'>sibi</span> <span class='ocrx_word' id='word_1_226' title='bbox 1404 1938 1525 2011; x_wconf 85' lang='lat' dir='ltr'>sive</span> <span class='ocrx_word' id='word_1_227' title='bbox 1578 1952 1837 2003; x_wconf 83' lang='lat' dir='ltr'>uxorem,</span> <span class='ocrx_word' id='word_1_228' title='bbox 1873 1934 1993 1990; x_wconf 90' lang='lat' dir='ltr'>sive</span> 
     </span>
    </p>
   </div>
   <div class='ocr_carea' id='block_1_34' title="bbox 343 2040 749 2097">
    <p class='ocr_par' dir='ltr' id='par_1_34' title="bbox 343 2040 749 2097">
     <span class='ocr_line' id='line_1_34' title="bbox 343 2040 749 2097; baseline -0.012 0"><span class='ocrx_word' id='word_1_229' title='bbox 343 2040 749 2097; x_wconf 85' lang='lat' dir='ltr'>concubinam.</span> 
     </span>
    </p>
   </div>
   <div class='ocr_carea' id='block_1_35' title="bbox 412 2117 1989 2190">
    <p class='ocr_par' dir='ltr' id='par_1_35' title="bbox 412 2117 1989 2190">
     <span class='ocr_line' id='line_1_35' title="bbox 412 2117 1989 2190; baseline -0.011 -5"><span class='ocrx_word' id='word_1_230' title='bbox 412 2129 524 2185; x_wconf 91' lang='lat' dir='ltr'>XX.</span> <span class='ocrx_word' id='word_1_231' title='bbox 556 2127 614 2183; x_wconf 84' lang='lat' dir='ltr'><strong>Si</strong></span> <span class='ocrx_word' id='word_1_232' title='bbox 641 2127 731 2182; x_wconf 93' lang='lat' dir='ltr'>vir</span> <span class='ocrx_word' id='word_1_233' title='bbox 777 2141 911 2181; x_wconf 93' lang='lat' dir='ltr'>cum</span> <span class='ocrx_word' id='word_1_234' title='bbox 959 2120 1201 2178; x_wconf 89' lang='lat' dir='ltr'>alterius</span> <span class='ocrx_word' id='word_1_235' title='bbox 1261 2117 1521 2190; x_wconf 88' lang='lat' dir='ltr'>legitima</span> <span class='ocrx_word' id='word_1_236' title='bbox 1569 2131 1746 2171; x_wconf 87' lang='lat' dir='ltr'>uxore</span> <span class='ocrx_word' id='word_1_237' title='bbox 1802 2118 1989 2180; x_wconf 89' lang='lat' dir='ltr'>coeat,</span> 
     </span>
    </p>
   </div>
   <div class='ocr_carea' id='block_1_36' title="bbox 343 2203 1988 2279">
    <p class='ocr_par' dir='ltr' id='par_1_36' title="bbox 343 2203 1988 2279">
     <span class='ocr_line' id='line_1_36' title="bbox 343 2203 1988 2279; baseline -0.01 -6"><span class='ocrx_word' id='word_1_238' title='bbox 343 2218 432 2275; x_wconf 89' lang='lat' dir='ltr'>vel</span> <span class='ocrx_word' id='word_1_239' title='bbox 463 2234 610 2274; x_wconf 83' lang='lat' dir='ltr'>uxor</span> <span class='ocrx_word' id='word_1_240' title='bbox 636 2231 770 2272; x_wconf 90' lang='lat' dir='ltr'>cum</span> <span class='ocrx_word' id='word_1_241' title='bbox 804 2211 1043 2269; x_wconf 86' lang='lat' dir='ltr'>alterius</span> <span class='ocrx_word' id='word_1_242' title='bbox 1091 2208 1288 2265; x_wconf 83' lang='lat' dir='ltr'>uxoris</span> <span class='ocrx_word' id='word_1_243' title='bbox 1318 2206 1580 2279; x_wconf 88' lang='lat' dir='ltr'>legitimo</span> <span class='ocrx_word' id='word_1_244' title='bbox 1604 2205 1871 2276; x_wconf 84' lang='lat' dir='ltr'>conjuge,</span> <span class='ocrx_word' id='word_1_245' title='bbox 1900 2203 1988 2274; x_wconf 88' lang='lat' dir='ltr'>je-</span> 
     </span>
    </p>
   </div>
   <div class='ocr_carea' id='block_1_37' title="bbox 334 2296 1992 2381">
    <p class='ocr_par' dir='ltr' id='par_1_37' title="bbox 334 2296 1992 2381">
     <span class='ocr_line' id='line_1_37' title="bbox 334 2296 1992 2381; baseline -0.011 -17"><span class='ocrx_word' id='word_1_246' title='bbox 334 2308 506 2381; x_wconf 89' lang='lat' dir='ltr'>junet</span> <span class='ocrx_word' id='word_1_247' title='bbox 534 2309 757 2378; x_wconf 89' lang='lat' dir='ltr'>septem</span> <span class='ocrx_word' id='word_1_248' title='bbox 794 2318 1001 2369; x_wconf 87' lang='lat' dir='ltr'>annos,</span> <span class='ocrx_word' id='word_1_249' title='bbox 1036 2304 1154 2354; x_wconf 91' lang='lat' dir='ltr'>tres</span> <span class='ocrx_word' id='word_1_250' title='bbox 1184 2313 1333 2369; x_wconf 89' lang='lat' dir='ltr'>pane</span> <span class='ocrx_word' id='word_1_251' title='bbox 1363 2301 1419 2351; x_wconf 87' lang='lat' dir='ltr'>et</span> <span class='ocrx_word' id='word_1_252' title='bbox 1448 2311 1619 2367; x_wconf 89' lang='lat' dir='ltr'>aqua,</span> <span class='ocrx_word' id='word_1_253' title='bbox 1654 2297 1710 2349; x_wconf 91' lang='lat' dir='ltr'>et</span> <span class='ocrx_word' id='word_1_254' title='bbox 1739 2296 1992 2364; x_wconf 85' lang='lat' dir='ltr'>quatuor</span> 
     </span>
    </p>
   </div>
   <div class='ocr_carea' id='block_1_38' title="bbox 342 2381 1988 2457">
    <p class='ocr_par' dir='ltr' id='par_1_38' title="bbox 342 2381 1988 2457">
     <span class='ocr_line' id='line_1_38' title="bbox 342 2381 1988 2457; baseline -0.012 -3"><span class='ocrx_word' id='word_1_255' title='bbox 342 2397 495 2454; x_wconf 88' lang='lat' dir='ltr'>sicut</span> <span class='ocrx_word' id='word_1_256' title='bbox 523 2393 917 2452; x_wconf 88' lang='lat' dir='ltr'>confessarius</span> <span class='ocrx_word' id='word_1_257' title='bbox 946 2405 1082 2446; x_wconf 91' lang='lat' dir='ltr'>eum</span> <span class='ocrx_word' id='word_1_258' title='bbox 1113 2385 1466 2452; x_wconf 89' lang='lat' dir='ltr'>docuerit,et</span> <span class='ocrx_word' id='word_1_259' title='bbox 1486 2384 1682 2457; x_wconf 84' lang='lat' dir='ltr'>lugeat</span> <span class='ocrx_word' id='word_1_260' title='bbox 1711 2381 1988 2438; x_wconf 89' lang='lat' dir='ltr'>delictum</span> 
     </span>
    </p>
   </div>
   <div class='ocr_carea' id='block_1_39' title="bbox 341 2499 799 2556">
    <p class='ocr_par' dir='ltr' id='par_1_39' title="bbox 341 2499 799 2556">
     <span class='ocr_line' id='line_1_39' title="bbox 341 2499 799 2556; baseline -0.013 -13"><span class='ocrx_word' id='word_1_261' title='bbox 341 2501 518 2543; x_wconf 89' lang='lat' dir='ltr'>suum</span> <span class='ocrx_word' id='word_1_262' title='bbox 549 2499 799 2556; x_wconf 89' lang='lat' dir='ltr'>semper.</span> 
     </span>
    </p>
   </div>
   <div class='ocr_carea' id='block_1_40' title="bbox 412 2561 1988 2645">
    <p class='ocr_par' dir='ltr' id='par_1_40' title="bbox 412 2561 1988 2645">
     <span class='ocr_line' id='line_1_40' title="bbox 412 2561 1988 2645; baseline -0.01 -14"><span class='ocrx_word' id='word_1_263' title='bbox 412 2574 552 2631; x_wconf 87' lang='lat' dir='ltr'><strong>XXI.</strong></span> <span class='ocrx_word' id='word_1_264' title='bbox 585 2572 645 2629; x_wconf 90' lang='lat' dir='ltr'>Si</span> <span class='ocrx_word' id='word_1_265' title='bbox 677 2588 806 2645; x_wconf 63' lang='lat' dir='ltr'>qua;</span> <span class='ocrx_word' id='word_1_266' title='bbox 835 2586 982 2624; x_wconf 83' lang='lat' dir='ltr'>uxor</span> <span class='ocrx_word' id='word_1_267' title='bbox 1007 2568 1157 2623; x_wconf 89' lang='lat' dir='ltr'>duos</span> <span class='ocrx_word' id='word_1_268' title='bbox 1190 2566 1396 2619; x_wconf 89' lang='lat' dir='ltr'>fratres</span> <span class='ocrx_word' id='word_1_269' title='bbox 1424 2562 1484 2617; x_wconf 87' lang='lat' dir='ltr'>in</span> <span class='ocrx_word' id='word_1_270' title='bbox 1520 2561 1857 2634; x_wconf 85' lang='lat' dir='ltr'>conjugium</span> <span class='ocrx_word' id='word_1_271' title='bbox 1891 2578 1988 2617; x_wconf 89' lang='lat' dir='ltr'>su-</span> 
     </span>
    </p>
   </div>
   <div class='ocr_carea' id='block_1_41' title="bbox 342 2647 1992 2732">
    <p class='ocr_par' dir='ltr' id='par_1_41' title="bbox 342 2647 1992 2732">
     <span class='ocr_line' id='line_1_41' title="bbox 342 2647 1992 2732; baseline -0.011 -12"><span class='ocrx_word' id='word_1_272' title='bbox 342 2667 485 2728; x_wconf 89' lang='lat' dir='ltr'>mat,</span> <span class='ocrx_word' id='word_1_273' title='bbox 519 2677 705 2718; x_wconf 89' lang='lat' dir='ltr'>unum</span> <span class='ocrx_word' id='word_1_274' title='bbox 738 2661 870 2732; x_wconf 91' lang='lat' dir='ltr'>post</span> <span class='ocrx_word' id='word_1_275' title='bbox 897 2655 1101 2723; x_wconf 92' lang='lat' dir='ltr'>alium,</span> <span class='ocrx_word' id='word_1_276' title='bbox 1126 2651 1351 2725; x_wconf 89' lang='lat' dir='ltr'>judicio</span> <span class='ocrx_word' id='word_1_277' title='bbox 1381 2649 1611 2707; x_wconf 85' lang='lat' dir='ltr'>obnoxii</span> <span class='ocrx_word' id='word_1_278' title='bbox 1645 2652 1786 2704; x_wconf 89' lang='lat' dir='ltr'>sunt</span> <span class='ocrx_word' id='word_1_279' title='bbox 1806 2647 1911 2715; x_wconf 90' lang='lat' dir='ltr'>illi,</span> <span class='ocrx_word' id='word_1_280' title='bbox 1935 2651 1992 2703; x_wconf 88' lang='lat' dir='ltr'>et</span> 
     </span>
    </p>
   </div>
   <div class='ocr_carea' id='block_1_42' title="bbox 341 2739 1993 2823">
    <p class='ocr_par' dir='ltr' id='par_1_42' title="bbox 341 2739 1993 2823">
     <span class='ocr_line' id='line_1_42' title="bbox 341 2739 1993 2823; baseline -0.011 -14"><span class='ocrx_word' id='word_1_281' title='bbox 341 2751 532 2810; x_wconf 88' lang='lat' dir='ltr'>seduli</span> <span class='ocrx_word' id='word_1_282' title='bbox 575 2751 636 2806; x_wconf 92' lang='lat' dir='ltr'>in</span> <span class='ocrx_word' id='word_1_283' title='bbox 680 2745 1022 2823; x_wconf 76' lang='lat' dir='ltr'>paenitentia</span> <span class='ocrx_word' id='word_1_284' title='bbox 1077 2743 1197 2799; x_wconf 89' lang='lat' dir='ltr'>sint</span> <span class='ocrx_word' id='word_1_285' title='bbox 1249 2740 1509 2813; x_wconf 90' lang='lat' dir='ltr'>quandiu</span> <span class='ocrx_word' id='word_1_286' title='bbox 1564 2739 1785 2805; x_wconf 90' lang='lat' dir='ltr'>vivunt,</span> <span class='ocrx_word' id='word_1_287' title='bbox 1819 2740 1993 2810; x_wconf 85' lang='lat' dir='ltr'>prout</span> 
     </span>
    </p>
   </div>
   <div class='ocr_carea' id='block_1_43' title="bbox 341 2827 1989 2903">
    <p class='ocr_par' dir='ltr' id='par_1_43' title="bbox 341 2827 1989 2903">
     <span class='ocr_line' id='line_1_43' title="bbox 341 2827 1989 2903; baseline -0.012 -4"><span class='ocrx_word' id='word_1_288' title='bbox 341 2840 734 2898; x_wconf 89' lang='lat' dir='ltr'>confessarius</span> <span class='ocrx_word' id='word_1_289' title='bbox 745 2852 947 2894; x_wconf 89' lang='lat' dir='ltr'>eorum</span> <span class='ocrx_word' id='word_1_290' title='bbox 960 2830 1424 2903; x_wconf 88' lang='lat' dir='ltr'>docueritipsos;</span> <span class='ocrx_word' id='word_1_291' title='bbox 1449 2832 1504 2884; x_wconf 90' lang='lat' dir='ltr'>et</span> <span class='ocrx_word' id='word_1_292' title='bbox 1520 2828 1579 2883; x_wconf 92' lang='lat' dir='ltr'>in</span> <span class='ocrx_word' id='word_1_293' title='bbox 1600 2844 1801 2883; x_wconf 92' lang='lat' dir='ltr'>eorum</span> <span class='ocrx_word' id='word_1_294' title='bbox 1825 2827 1989 2883; x_wconf 90' lang='lat' dir='ltr'>obitu</span> 
     </span>
    </p>
   </div>
   <div class='ocr_carea' id='block_1_44' title="bbox 342 2913 1989 2988">
    <p class='ocr_par' dir='ltr' id='par_1_44' title="bbox 342 2913 1989 2988">
     <span class='ocr_line' id='line_1_44' title="bbox 342 2913 1989 2988; baseline -0.012 -1"><span class='ocrx_word' id='word_1_295' title='bbox 342 2931 612 2988; x_wconf 87' lang='lat' dir='ltr'>sacerdos</span> <span class='ocrx_word' id='word_1_296' title='bbox 643 2928 818 2984; x_wconf 78' lang='lat' dir='ltr'>faciat</span> <span class='ocrx_word' id='word_1_297' title='bbox 846 2925 919 2982; x_wconf 90' lang='lat' dir='ltr'>iis</span> <span class='ocrx_word' id='word_1_298' title='bbox 949 2922 1230 2988; x_wconf 84' lang='lat' dir='ltr'>officium,</span> <span class='ocrx_word' id='word_1_299' title='bbox 1265 2918 1418 2975; x_wconf 86' lang='lat' dir='ltr'>sicut</span> <span class='ocrx_word' id='word_1_300' title='bbox 1445 2915 1792 2973; x_wconf 88' lang='lat' dir='ltr'>Christianis</span> <span class='ocrx_word' id='word_1_301' title='bbox 1820 2916 1904 2983; x_wconf 86' lang='lat' dir='ltr'>ﬁt,</span> <span class='ocrx_word' id='word_1_302' title='bbox 1940 2913 1989 2969; x_wconf 91' lang='lat' dir='ltr'>si</span> 
     </span>
    </p>
   </div>
   <div class='ocr_carea' id='block_1_45' title="bbox 340 3004 1991 3093">
    <p class='ocr_par' dir='ltr' id='par_1_45' title="bbox 340 3004 1991 3093">
     <span class='ocr_line' id='line_1_45' title="bbox 340 3004 1991 3093; baseline -0.01 -17"><span class='ocrx_word' id='word_1_303' title='bbox 340 3018 719 3093; x_wconf 88' lang='lat' dir='ltr'>promiserint</span> <span class='ocrx_word' id='word_1_304' title='bbox 737 3032 798 3072; x_wconf 87' lang='lat' dir='ltr'>se</span> <span class='ocrx_word' id='word_1_305' title='bbox 828 3013 1040 3069; x_wconf 89' lang='lat' dir='ltr'>melius</span> <span class='ocrx_word' id='word_1_306' title='bbox 1069 3009 1381 3067; x_wconf 89' lang='lat' dir='ltr'>emendare</span> <span class='ocrx_word' id='word_1_307' title='bbox 1409 3005 1682 3074; x_wconf 91' lang='lat' dir='ltr'>voluisse,</span> <span class='ocrx_word' id='word_1_308' title='bbox 1700 3004 1991 3061; x_wconf 90' lang='lat' dir='ltr'>sidiutius</span> 
     </span>
    </p>
   </div>
   <div class='ocr_carea' id='block_1_46' title="bbox 339 3107 639 3164">
    <p class='ocr_par' dir='ltr' id='par_1_46' title="bbox 339 3107 639 3164">
     <span class='ocr_line' id='line_1_46' title="bbox 339 3107 639 3164; baseline -0.017 0"><span class='ocrx_word' id='word_1_309' title='bbox 339 3107 639 3164; x_wconf 83' lang='lat' dir='ltr'>vixissent.</span> 
     </span>
    </p>
   </div>
   <div class='ocr_carea' id='block_1_47' title="bbox 411 3182 1988 3265">
    <p class='ocr_par' dir='ltr' id='par_1_47' title="bbox 411 3182 1988 3265">
     <span class='ocr_line' id='line_1_47' title="bbox 411 3182 1988 3265; baseline -0.01 -13"><span class='ocrx_word' id='word_1_310' title='bbox 411 3195 581 3252; x_wconf 83' lang='lat' dir='ltr'><strong>XXII.</strong></span> <span class='ocrx_word' id='word_1_311' title='bbox 615 3194 674 3250; x_wconf 89' lang='lat' dir='ltr'><strong>Si</strong></span> <span class='ocrx_word' id='word_1_312' title='bbox 693 3192 827 3265; x_wconf 86' lang='lat' dir='ltr'>quis</span> <span class='ocrx_word' id='word_1_313' title='bbox 853 3191 914 3246; x_wconf 92' lang='lat' dir='ltr'>in</span> <span class='ocrx_word' id='word_1_314' title='bbox 945 3189 1142 3261; x_wconf 90' lang='lat' dir='ltr'>aliquo</span> <span class='ocrx_word' id='word_1_315' title='bbox 1170 3187 1420 3243; x_wconf 89' lang='lat' dir='ltr'>nefando</span> <span class='ocrx_word' id='word_1_316' title='bbox 1450 3184 1665 3258; x_wconf 83' lang='lat' dir='ltr'>peccati</span> <span class='ocrx_word' id='word_1_317' title='bbox 1698 3182 1988 3239; x_wconf 90' lang='lat' dir='ltr'>consortio</span> 
     </span>
    </p>
   </div>
   <div class='ocr_carea' id='block_1_48' title="bbox 344 3272 1988 3359">
    <p class='ocr_par' dir='ltr' id='par_1_48' title="bbox 344 3272 1988 3359">
     <span class='ocr_line' id='line_1_48' title="bbox 344 3272 1988 3359; baseline -0.009 -18"><span class='ocrx_word' id='word_1_318' title='bbox 344 3282 753 3359; x_wconf 86' lang='lat' dir='ltr'>permanserit,</span> <span class='ocrx_word' id='word_1_319' title='bbox 786 3279 1116 3352; x_wconf 87' lang='lat' dir='ltr'>usquedum</span> <span class='ocrx_word' id='word_1_320' title='bbox 1164 3276 1343 3331; x_wconf 90' lang='lat' dir='ltr'>vitam</span> <span class='ocrx_word' id='word_1_321' title='bbox 1379 3290 1548 3330; x_wconf 88' lang='lat' dir='ltr'>suam</span> <span class='ocrx_word' id='word_1_322' title='bbox 1575 3272 1743 3328; x_wconf 82' lang='lat' dir='ltr'>finiat</span> <span class='ocrx_word' id='word_1_323' title='bbox 1766 3273 1988 3344; x_wconf 90' lang='lat' dir='ltr'>absque</span> 
     </span>
    </p>
   </div>
   <div class='ocr_carea' id='block_1_49' title="bbox 341 3359 1989 3444">
    <p class='ocr_par' dir='ltr' id='par_1_49' title="bbox 341 3359 1989 3444">
     <span class='ocr_line' id='line_1_49' title="bbox 341 3359 1989 3444; baseline -0.008 -14"><span class='ocrx_word' id='word_1_324' title='bbox 341 3373 464 3431; x_wconf 91' lang='lat' dir='ltr'>ulla</span> <span class='ocrx_word' id='word_1_325' title='bbox 481 3368 883 3444; x_wconf 88' lang='lat' dir='ltr'>resipiscentia</span> <span class='ocrx_word' id='word_1_326' title='bbox 897 3384 910 3436; x_wconf 92' lang='lat'><strong>;</strong></span> <span class='ocrx_word' id='word_1_327' title='bbox 925 3384 1040 3423; x_wconf 91' lang='lat' dir='ltr'>non</span> <span class='ocrx_word' id='word_1_328' title='bbox 1053 3366 1323 3422; x_wconf 90' lang='lat' dir='ltr'>novimus</span> <span class='ocrx_word' id='word_1_329' title='bbox 1343 3362 1578 3436; x_wconf 89' lang='lat' dir='ltr'>aliquod</span> <span class='ocrx_word' id='word_1_330' title='bbox 1602 3361 1651 3417; x_wconf 91' lang='lat' dir='ltr'>ei</span> <span class='ocrx_word' id='word_1_331' title='bbox 1674 3359 1989 3417; x_wconf 88' lang='lat' dir='ltr'>consilium</span> 
     </span>
    </p>
   </div>
   <div class='ocr_carea' id='block_1_50' title="bbox 342 3450 1985 3536">
    <p class='ocr_par' dir='ltr' id='par_1_50' title="bbox 342 3450 1985 3536">
     <span class='ocr_line' id='line_1_50' title="bbox 342 3450 1985 3536; baseline -0.009 -18"><span class='ocrx_word' id='word_1_332' title='bbox 342 3460 738 3536; x_wconf 88' lang='lat' dir='ltr'>suppeditare,</span> <span class='ocrx_word' id='word_1_333' title='bbox 750 3457 865 3514; x_wconf 91' lang='lat' dir='ltr'>nisi</span> <span class='ocrx_word' id='word_1_334' title='bbox 890 3456 1043 3530; x_wconf 90' lang='lat' dir='ltr'>quod</span> <span class='ocrx_word' id='word_1_335' title='bbox 1058 3455 1167 3511; x_wconf 89' lang='lat' dir='ltr'>hoc</span> <span class='ocrx_word' id='word_1_336' title='bbox 1178 3454 1251 3511; x_wconf 91' lang='lat' dir='ltr'>ad</span> <span class='ocrx_word' id='word_1_337' title='bbox 1266 3452 1663 3524; x_wconf 90' lang='lat' dir='ltr'>Deijudicium</span> <span class='ocrx_word' id='word_1_338' title='bbox 1678 3450 1985 3523; x_wconf 87' lang='lat' dir='ltr'>pertineat,</span> 
     </span>
    </p>
   </div>
   <div class='ocr_carea' id='block_1_51' title="bbox 343 3544 1023 3622">
    <p class='ocr_par' dir='ltr' id='par_1_51' title="bbox 343 3544 1023 3622">
     <span class='ocr_line' id='line_1_51' title="bbox 343 3544 1023 3622; baseline -0.01 -16"><span class='ocrx_word' id='word_1_339' title='bbox 343 3566 532 3622; x_wconf 90' lang='lat' dir='ltr'>neque</span> <span class='ocrx_word' id='word_1_340' title='bbox 563 3552 755 3621; x_wconf 87' lang='lat' dir='ltr'>potest</span> <span class='ocrx_word' id='word_1_341' title='bbox 782 3544 1023 3603; x_wconf 84' lang='lat' dir='ltr'>absolvi.</span> 
     </span>
    </p>
   </div>
   <div class='ocr_carea' id='block_1_52' title="bbox 411 3628 1990 3706">
    <p class='ocr_par' dir='ltr' id='par_1_52' title="bbox 411 3628 1990 3706">
     <span class='ocr_line' id='line_1_52' title="bbox 411 3628 1990 3706; baseline -0.008 -11"><span class='ocrx_word' id='word_1_342' title='bbox 411 3638 606 3695; x_wconf 88' lang='lat' dir='ltr'><strong>XXIII.</strong></span> <span class='ocrx_word' id='word_1_343' title='bbox 638 3636 698 3693; x_wconf 92' lang='lat' dir='ltr'>Si</span> <span class='ocrx_word' id='word_1_344' title='bbox 728 3653 875 3691; x_wconf 89' lang='lat' dir='ltr'>uxor</span> <span class='ocrx_word' id='word_1_345' title='bbox 904 3632 1102 3706; x_wconf 91' lang='lat' dir='ltr'>aliqua</span> <span class='ocrx_word' id='word_1_346' title='bbox 1131 3633 1484 3704; x_wconf 88' lang='lat' dir='ltr'>desponsata</span> <span class='ocrx_word' id='word_1_347' title='bbox 1510 3629 1739 3699; x_wconf 87' lang='lat' dir='ltr'>sit,non</span> <span class='ocrx_word' id='word_1_348' title='bbox 1770 3628 1846 3685; x_wconf 88' lang='lat' dir='ltr'>sit</span> <span class='ocrx_word' id='word_1_349' title='bbox 1867 3645 1990 3701; x_wconf 92' lang='lat' dir='ltr'>per-</span> 
     </span>
    </p>
   </div>
   <div class='ocr_carea' id='block_1_53' title="bbox 344 3717 1989 3796">
    <p class='ocr_par' dir='ltr' id='par_1_53' title="bbox 344 3717 1989 3796">
     <span class='ocr_line' id='line_1_53' title="bbox 344 3717 1989 3796; baseline -0.006 -13"><span class='ocrx_word' id='word_1_350' title='bbox 344 3728 595 3783; x_wconf 90' lang='lat' dir='ltr'>missum</span> <span class='ocrx_word' id='word_1_351' title='bbox 626 3729 692 3781; x_wconf 91' lang='lat' dir='ltr'>ut</span> <span class='ocrx_word' id='word_1_352' title='bbox 720 3723 936 3796; x_wconf 88' lang='lat' dir='ltr'>aliquis</span> <span class='ocrx_word' id='word_1_353' title='bbox 965 3721 1117 3778; x_wconf 88' lang='lat' dir='ltr'>alius</span> <span class='ocrx_word' id='word_1_354' title='bbox 1143 3720 1233 3776; x_wconf 90' lang='lat' dir='ltr'>vir</span> <span class='ocrx_word' id='word_1_355' title='bbox 1260 3736 1390 3775; x_wconf 88' lang='lat' dir='ltr'>eam</span> <span class='ocrx_word' id='word_1_356' title='bbox 1419 3718 1504 3773; x_wconf 92' lang='lat' dir='ltr'>illi</span> <span class='ocrx_word' id='word_1_357' title='bbox 1534 3718 1837 3791; x_wconf 85' lang='lat' dir='ltr'>eripiat;si</span> <span class='ocrx_word' id='word_1_358' title='bbox 1856 3717 1989 3791; x_wconf 89' lang='lat' dir='ltr'>quis</span> 
     </span>
    </p>
   </div>
   <div class='ocr_carea' id='block_1_54' title="bbox 342 3809 1402 3879">
    <p class='ocr_par' dir='ltr' id='par_1_54' title="bbox 342 3809 1402 3879">
     <span class='ocr_line' id='line_1_54' title="bbox 342 3809 1402 3879; baseline -0.008 -8"><span class='ocrx_word' id='word_1_359' title='bbox 342 3817 453 3871; x_wconf 94' lang='lat' dir='ltr'>hoc</span> <span class='ocrx_word' id='word_1_360' title='bbox 482 3813 702 3879; x_wconf 84' lang='lat' dir='ltr'>fecerit,</span> <span class='ocrx_word' id='word_1_361' title='bbox 734 3812 812 3868; x_wconf 91' lang='lat' dir='ltr'>sit</span> <span class='ocrx_word' id='word_1_362' title='bbox 840 3809 1402 3868; x_wconf 82' lang='lat' dir='ltr'>excommunicatus.</span> 
     </span>
    </p>
   </div>
   <div class='ocr_carea' id='block_1_55' title="bbox 414 3895 1987 3972">
    <p class='ocr_par' dir='ltr' id='par_1_55' title="bbox 414 3895 1987 3972">
     <span class='ocr_line' id='line_1_55' title="bbox 414 3895 1987 3972; baseline -0.006 -13"><span class='ocrx_word' id='word_1_363' title='bbox 414 3899 604 3959; x_wconf 87' lang='lat' dir='ltr'><strong>XXIV.</strong></span> <span class='ocrx_word' id='word_1_364' title='bbox 638 3899 698 3957; x_wconf 89' lang='lat' dir='ltr'><strong>Si</strong></span> <span class='ocrx_word' id='word_1_365' title='bbox 729 3900 862 3972; x_wconf 93' lang='lat' dir='ltr'>quis</span> <span class='ocrx_word' id='word_1_366' title='bbox 893 3915 1027 3953; x_wconf 93' lang='lat' dir='ltr'>cum</span> <span class='ocrx_word' id='word_1_367' title='bbox 1059 3898 1263 3954; x_wconf 82' lang='lat' dir='ltr'>fraude</span> <span class='ocrx_word' id='word_1_368' title='bbox 1293 3912 1403 3951; x_wconf 88' lang='lat' dir='ltr'>sua</span> <span class='ocrx_word' id='word_1_369' title='bbox 1430 3911 1668 3951; x_wconf 83' lang='lat' dir='ltr'>uxorem</span> <span class='ocrx_word' id='word_1_370' title='bbox 1695 3895 1784 3952; x_wconf 87' lang='lat' dir='ltr'>vel</span> <span class='ocrx_word' id='word_1_371' title='bbox 1812 3895 1987 3968; x_wconf 91' lang='lat' dir='ltr'>virgi-</span> 
     </span>
    </p>
   </div>
   <div class='ocr_carea' id='block_1_56' title="bbox 2171 1969 3737 2044">
    <p class='ocr_par' dir='ltr' id='par_1_56' title="bbox 2171 1969 3737 2044">
     <span class='ocr_line' id='line_1_56' title="bbox 2171 1969 3737 2044; baseline 0.002 -20"><span class='ocrx_word' id='word_1_372' title='bbox 2171 1969 2353 2025; x_wconf 88' lang='lat' dir='ltr'><strong>XXXI.</strong></span> <span class='ocrx_word' id='word_1_373' title='bbox 2388 1970 2446 2026; x_wconf 93' lang='lat' dir='ltr'><strong>Si</strong></span> <span class='ocrx_word' id='word_1_374' title='bbox 2484 1972 2787 2044; x_wconf 75' lang='lat' dir='ltr'>presbyter</span> <span class='ocrx_word' id='word_1_375' title='bbox 2831 1970 2919 2027; x_wconf 87' lang='lat' dir='ltr'>vel</span> <span class='ocrx_word' id='word_1_376' title='bbox 2967 1973 3294 2029; x_wconf 88' lang='lat' dir='ltr'>monachus</span> <span class='ocrx_word' id='word_1_377' title='bbox 3338 1974 3430 2029; x_wconf 90' lang='lat' dir='ltr'>vel</span> <span class='ocrx_word' id='word_1_378' title='bbox 3474 1973 3737 2030; x_wconf 88' lang='lat' dir='ltr'>diaconus</span> 
     </span>
    </p>
   </div>
   <div class='ocr_carea' id='block_1_57' title="bbox 2100 2056 3732 2135">
    <p class='ocr_par' dir='ltr' id='par_1_57' title="bbox 2100 2056 3732 2135">
     <span class='ocr_line' id='line_1_57' title="bbox 2100 2056 3732 2135; baseline 0.002 -22"><span class='ocrx_word' id='word_1_379' title='bbox 2100 2056 2423 2131; x_wconf 88' lang='lat' dir='ltr'>legitimam</span> <span class='ocrx_word' id='word_1_380' title='bbox 2448 2078 2684 2116; x_wconf 82' lang='lat' dir='ltr'>uxorem</span> <span class='ocrx_word' id='word_1_381' title='bbox 2703 2061 2900 2128; x_wconf 88' lang='lat' dir='ltr'>habet,</span> <span class='ocrx_word' id='word_1_382' title='bbox 2916 2067 3232 2135; x_wconf 88' lang='lat' dir='ltr'>antequam</span> <span class='ocrx_word' id='word_1_383' title='bbox 3255 2067 3623 2120; x_wconf 87' lang='lat' dir='ltr'>consecratus</span> <span class='ocrx_word' id='word_1_384' title='bbox 3644 2063 3732 2125; x_wconf 85' lang='lat' dir='ltr'>sit,</span> 
     </span>
    </p>
   </div>
   <div class='ocr_carea' id='block_1_58' title="bbox 2100 2149 3734 2226">
    <p class='ocr_par' dir='ltr' id='par_1_58' title="bbox 2100 2149 3734 2226">
     <span class='ocr_line' id='line_1_58' title="bbox 2100 2149 3734 2226; baseline 0.001 -22"><span class='ocrx_word' id='word_1_385' title='bbox 2100 2165 2228 2205; x_wconf 90' lang='lat' dir='ltr'>eam</span> <span class='ocrx_word' id='word_1_386' title='bbox 2262 2149 2491 2206; x_wconf 88' lang='lat' dir='ltr'>deserat</span> <span class='ocrx_word' id='word_1_387' title='bbox 2520 2155 2573 2206; x_wconf 91' lang='lat' dir='ltr'>et</span> <span class='ocrx_word' id='word_1_388' title='bbox 2604 2151 2839 2207; x_wconf 90' lang='lat' dir='ltr'>ordines</span> <span class='ocrx_word' id='word_1_389' title='bbox 2881 2151 3140 2225; x_wconf 83' lang='lat' dir='ltr'>recipiat,</span> <span class='ocrx_word' id='word_1_390' title='bbox 3173 2156 3231 2208; x_wconf 89' lang='lat' dir='ltr'>et</span> <span class='ocrx_word' id='word_1_391' title='bbox 3264 2157 3470 2225; x_wconf 87' lang='lat' dir='ltr'>postea</span> <span class='ocrx_word' id='word_1_392' title='bbox 3516 2156 3734 2226; x_wconf 82' lang='lat' dir='ltr'>propter</span> 
     </span>
    </p>
   </div>
   <div class='ocr_carea' id='block_1_59' title="bbox 2100 2237 3731 2315">
    <p class='ocr_par' dir='ltr' id='par_1_59' title="bbox 2100 2237 3731 2315">
     <span class='ocr_line' id='line_1_59' title="bbox 2100 2237 3731 2315; baseline 0 -22"><span class='ocrx_word' id='word_1_393' title='bbox 2100 2237 2479 2294; x_wconf 89' lang='lat' dir='ltr'>concubitum</span> <span class='ocrx_word' id='word_1_394' title='bbox 2514 2238 2674 2296; x_wconf 90' lang='lat' dir='ltr'>illam</span> <span class='ocrx_word' id='word_1_395' title='bbox 2724 2257 2877 2312; x_wconf 69' lang='lat' dir='ltr'>saepe</span> <span class='ocrx_word' id='word_1_396' title='bbox 2931 2241 3191 2315; x_wconf 89' lang='lat' dir='ltr'>recipiat,</span> <span class='ocrx_word' id='word_1_397' title='bbox 3217 2242 3452 2314; x_wconf 85' lang='lat' dir='ltr'>jejunet</span> <span class='ocrx_word' id='word_1_398' title='bbox 3508 2241 3731 2314; x_wconf 84' lang='lat' dir='ltr'>quilibet</span> 
     </span>
    </p>
   </div>
   <div class='ocr_carea' id='block_1_60' title="bbox 2098 2328 3672 2404">
    <p class='ocr_par' dir='ltr' id='par_1_60' title="bbox 2098 2328 3672 2404">
     <span class='ocr_line' id='line_1_60' title="bbox 2098 2328 3672 2404; baseline 0.001 -22"><span class='ocrx_word' id='word_1_399' title='bbox 2098 2343 2298 2382; x_wconf 89' lang='lat' dir='ltr'>eorum</span> <span class='ocrx_word' id='word_1_400' title='bbox 2325 2331 2606 2401; x_wconf 87' lang='lat' dir='ltr'>tanquam</span> <span class='ocrx_word' id='word_1_401' title='bbox 2640 2345 2743 2402; x_wconf 90' lang='lat' dir='ltr'>pro</span> <span class='ocrx_word' id='word_1_402' title='bbox 2772 2328 3108 2397; x_wconf 90' lang='lat' dir='ltr'>homicidio,</span> <span class='ocrx_word' id='word_1_403' title='bbox 3142 2333 3199 2385; x_wconf 92' lang='lat' dir='ltr'>et</span> <span class='ocrx_word' id='word_1_404' title='bbox 3229 2329 3398 2386; x_wconf 89' lang='lat' dir='ltr'>valde</span> <span class='ocrx_word' id='word_1_405' title='bbox 3426 2330 3672 2404; x_wconf 86' lang='lat' dir='ltr'>lugeant.</span> 
     </span>
    </p>
   </div>
   <div class='ocr_carea' id='block_1_61' title="bbox 2168 2425 3729 2495">
    <p class='ocr_par' dir='ltr' id='par_1_61' title="bbox 2168 2425 3729 2495">
     <span class='ocr_line' id='line_1_61' title="bbox 2168 2425 3729 2495; baseline 0 -14"><span class='ocrx_word' id='word_1_406' title='bbox 2168 2425 2378 2481; x_wconf 84' lang='lat' dir='ltr'><strong>XXXII.</strong></span> <span class='ocrx_word' id='word_1_407' title='bbox 2413 2426 2473 2482; x_wconf 91' lang='lat' dir='ltr'><strong>Si</strong></span> <span class='ocrx_word' id='word_1_408' title='bbox 2502 2427 2798 2495; x_wconf 88' lang='lat' dir='ltr'>sacerdos,</span> <span class='ocrx_word' id='word_1_409' title='bbox 2828 2426 2917 2483; x_wconf 94' lang='lat' dir='ltr'>vel</span> <span class='ocrx_word' id='word_1_410' title='bbox 2967 2427 3294 2485; x_wconf 89' lang='lat' dir='ltr'>monachus</span> <span class='ocrx_word' id='word_1_411' title='bbox 3334 2426 3424 2484; x_wconf 87' lang='lat' dir='ltr'>vel</span> <span class='ocrx_word' id='word_1_412' title='bbox 3469 2428 3729 2484; x_wconf 85' lang='lat' dir='ltr'>diaconus</span> 
     </span>
    </p>
   </div>
   <div class='ocr_carea' id='block_1_62' title="bbox 2097 2515 3729 2590">
    <p class='ocr_par' dir='ltr' id='par_1_62' title="bbox 2097 2515 3729 2590">
     <span class='ocr_line' id='line_1_62' title="bbox 2097 2515 3729 2590; baseline -0.002 -18"><span class='ocrx_word' id='word_1_413' title='bbox 2097 2515 2186 2572; x_wconf 88' lang='lat' dir='ltr'>vel</span> <span class='ocrx_word' id='word_1_414' title='bbox 2218 2516 2403 2573; x_wconf 89' lang='lat' dir='ltr'>laicus</span> <span class='ocrx_word' id='word_1_415' title='bbox 2431 2516 2518 2572; x_wconf 89' lang='lat' dir='ltr'>vel</span> <span class='ocrx_word' id='word_1_416' title='bbox 2551 2516 2794 2572; x_wconf 91' lang='lat' dir='ltr'>clericus</span> <span class='ocrx_word' id='word_1_417' title='bbox 2827 2533 2962 2572; x_wconf 90' lang='lat' dir='ltr'>cum</span> <span class='ocrx_word' id='word_1_418' title='bbox 2995 2516 3284 2573; x_wconf 89' lang='lat' dir='ltr'>monacha</span> <span class='ocrx_word' id='word_1_419' title='bbox 3314 2522 3496 2583; x_wconf 85' lang='lat' dir='ltr'>coeat,</span> <span class='ocrx_word' id='word_1_420' title='bbox 3519 2519 3729 2590; x_wconf 84' lang='lat' dir='ltr'>jejunet</span> 
     </span>
    </p>
   </div>
   <div class='ocr_carea' id='block_1_63' title="bbox 2100 2604 3724 2679">
    <p class='ocr_par' dir='ltr' id='par_1_63' title="bbox 2100 2604 3724 2679">
     <span class='ocr_line' id='line_1_63' title="bbox 2100 2604 3724 2679; baseline 0 -20"><span class='ocrx_word' id='word_1_421' title='bbox 2100 2604 2366 2677; x_wconf 91' lang='lat' dir='ltr'>quilibet,</span> <span class='ocrx_word' id='word_1_422' title='bbox 2400 2606 2591 2677; x_wconf 90' lang='lat' dir='ltr'>prouti</span> <span class='ocrx_word' id='word_1_423' title='bbox 2623 2606 2812 2661; x_wconf 89' lang='lat' dir='ltr'>ordini</span> <span class='ocrx_word' id='word_1_424' title='bbox 2862 2622 2968 2662; x_wconf 91' lang='lat' dir='ltr'>suo</span> <span class='ocrx_word' id='word_1_425' title='bbox 3017 2605 3289 2661; x_wconf 88' lang='lat' dir='ltr'>convenit</span> <span class='ocrx_word' id='word_1_426' title='bbox 3336 2610 3607 2679; x_wconf 91' lang='lat' dir='ltr'>tanquam</span> <span class='ocrx_word' id='word_1_427' title='bbox 3635 2621 3724 2677; x_wconf 90' lang='lat' dir='ltr'>pro</span> 
     </span>
    </p>
   </div>
   <div class='ocr_carea' id='block_1_64' title="bbox 2098 2693 3726 2768">
    <p class='ocr_par' dir='ltr' id='par_1_64' title="bbox 2098 2693 3726 2768">
     <span class='ocr_line' id='line_1_64' title="bbox 2098 2693 3726 2768; baseline -0.001 -19"><span class='ocrx_word' id='word_1_428' title='bbox 2098 2693 2434 2764; x_wconf 90' lang='lat' dir='ltr'>homicidio,</span> <span class='ocrx_word' id='word_1_429' title='bbox 2469 2698 2525 2750; x_wconf 91' lang='lat' dir='ltr'>et</span> <span class='ocrx_word' id='word_1_430' title='bbox 2573 2712 2804 2768; x_wconf 90' lang='lat' dir='ltr'>semper</span> <span class='ocrx_word' id='word_1_431' title='bbox 2852 2712 2887 2749; x_wconf 87' lang='lat' dir='ltr'>a</span> <span class='ocrx_word' id='word_1_432' title='bbox 2933 2712 3108 2751; x_wconf 90' lang='lat' dir='ltr'>carne</span> <span class='ocrx_word' id='word_1_433' title='bbox 3165 2694 3493 2763; x_wconf 82' lang='lat' dir='ltr'>abstineat;</span> <span class='ocrx_word' id='word_1_434' title='bbox 3524 2700 3577 2752; x_wconf 87' lang='lat' dir='ltr'>et</span> <span class='ocrx_word' id='word_1_435' title='bbox 3613 2711 3726 2749; x_wconf 87' lang='lat' dir='ltr'>mo-</span> 
     </span>
    </p>
   </div>
   <div class='ocr_carea' id='block_1_65' title="bbox 2099 2783 3726 2857">
    <p class='ocr_par' dir='ltr' id='par_1_65' title="bbox 2099 2783 3726 2857">
     <span class='ocr_line' id='line_1_65' title="bbox 2099 2783 3726 2857; baseline -0.002 -18"><span class='ocrx_word' id='word_1_436' title='bbox 2099 2784 2272 2840; x_wconf 87' lang='lat' dir='ltr'>nialis</span> <span class='ocrx_word' id='word_1_437' title='bbox 2304 2786 2502 2841; x_wconf 86' lang='lat' dir='ltr'>decem</span> <span class='ocrx_word' id='word_1_438' title='bbox 2533 2801 2740 2855; x_wconf 88' lang='lat' dir='ltr'>annos,</span> <span class='ocrx_word' id='word_1_439' title='bbox 2773 2783 2859 2840; x_wconf 91' lang='lat' dir='ltr'>uti</span> <span class='ocrx_word' id='word_1_440' title='bbox 2890 2784 3063 2841; x_wconf 89' lang='lat' dir='ltr'>etiam</span> <span class='ocrx_word' id='word_1_441' title='bbox 3095 2785 3393 2854; x_wconf 88' lang='lat' dir='ltr'>sacerdos,</span> <span class='ocrx_word' id='word_1_442' title='bbox 3425 2789 3482 2841; x_wconf 88' lang='lat' dir='ltr'>et</span> <span class='ocrx_word' id='word_1_443' title='bbox 3509 2783 3726 2857; x_wconf 86' lang='lat' dir='ltr'>lugeant</span> 
     </span>
    </p>
   </div>
   <div class='ocr_carea' id='block_1_66' title="bbox 2099 2889 2703 2945">
    <p class='ocr_par' dir='ltr' id='par_1_66' title="bbox 2099 2889 2703 2945">
     <span class='ocr_line' id='line_1_66' title="bbox 2099 2889 2703 2945; baseline -0.003 -18"><span class='ocrx_word' id='word_1_444' title='bbox 2099 2889 2350 2945; x_wconf 89' lang='lat' dir='ltr'>semper.</span> <span class='ocrx_word' id='word_1_445' title='bbox 2700 2936 2703 2937; x_wconf 18' lang='grc' dir='ltr'><em>ν</em></span> 
     </span>
    </p>
   </div>
   <div class='ocr_carea' id='block_1_67' title="bbox 2168 2960 3725 3034">
    <p class='ocr_par' dir='ltr' id='par_1_67' title="bbox 2168 2960 3725 3034">
     <span class='ocr_line' id='line_1_67' title="bbox 2168 2960 3725 3034; baseline -0.002 -17"><span class='ocrx_word' id='word_1_446' title='bbox 2168 2962 2413 3017; x_wconf 85' lang='lat' dir='ltr'><strong>XXXIII.</strong></span> <span class='ocrx_word' id='word_1_447' title='bbox 2449 2962 2507 3018; x_wconf 92' lang='lat' dir='ltr'><strong>Si</strong></span> <span class='ocrx_word' id='word_1_448' title='bbox 2532 2961 2663 3034; x_wconf 91' lang='lat' dir='ltr'>quis</span> <span class='ocrx_word' id='word_1_449' title='bbox 2694 2979 2829 3018; x_wconf 93' lang='lat' dir='ltr'>cum</span> <span class='ocrx_word' id='word_1_450' title='bbox 2859 2962 3098 3019; x_wconf 87' lang='lat' dir='ltr'>moniali</span> <span class='ocrx_word' id='word_1_451' title='bbox 3129 2962 3284 3020; x_wconf 88' lang='lat' dir='ltr'>coire</span> <span class='ocrx_word' id='word_1_452' title='bbox 3314 2962 3501 3030; x_wconf 88' lang='lat' dir='ltr'>vellet,</span> <span class='ocrx_word' id='word_1_453' title='bbox 3532 2967 3585 3019; x_wconf 90' lang='lat' dir='ltr'>et</span> <span class='ocrx_word' id='word_1_454' title='bbox 3611 2960 3725 3034; x_wconf 85' lang='lat' dir='ltr'>ipsa</span> 
     </span>
    </p>
   </div>
   <div class='ocr_carea' id='block_1_68' title="bbox 2099 3050 3719 3126">
    <p class='ocr_par' dir='ltr' id='par_1_68' title="bbox 2099 3050 3719 3126">
     <span class='ocr_line' id='line_1_68' title="bbox 2099 3050 3719 3126; baseline -0.001 -21"><span class='ocrx_word' id='word_1_455' title='bbox 2099 3050 2296 3117; x_wconf 88' lang='lat' dir='ltr'>nollet,</span> <span class='ocrx_word' id='word_1_456' title='bbox 2322 3052 2554 3123; x_wconf 77' lang='lat' dir='ltr'>jejunet</span> <span class='ocrx_word' id='word_1_457' title='bbox 2602 3069 2786 3107; x_wconf 90' lang='lat' dir='ltr'>unum</span> <span class='ocrx_word' id='word_1_458' title='bbox 2845 3069 3067 3108; x_wconf 90' lang='lat' dir='ltr'>annum</span> <span class='ocrx_word' id='word_1_459' title='bbox 3116 3069 3220 3126; x_wconf 91' lang='lat' dir='ltr'>pro</span> <span class='ocrx_word' id='word_1_460' title='bbox 3266 3052 3487 3123; x_wconf 85' lang='lat' dir='ltr'>injusta</span> <span class='ocrx_word' id='word_1_461' title='bbox 3512 3051 3607 3107; x_wconf 87' lang='lat' dir='ltr'>illa</span> <span class='ocrx_word' id='word_1_462' title='bbox 3630 3066 3719 3104; x_wconf 90' lang='lat' dir='ltr'>vo-</span> 
     </span>
    </p>
   </div>
   <div class='ocr_carea' id='block_1_69' title="bbox 2097 3138 3721 3213">
    <p class='ocr_par' dir='ltr' id='par_1_69' title="bbox 2097 3138 3721 3213">
     <span class='ocr_line' id='line_1_69' title="bbox 2097 3138 3721 3213; baseline -0.001 -20"><span class='ocrx_word' id='word_1_463' title='bbox 2097 3138 2323 3195; x_wconf 87' lang='lat' dir='ltr'>luntate</span> <span class='ocrx_word' id='word_1_464' title='bbox 2372 3156 2521 3213; x_wconf 91' lang='lat' dir='ltr'>pane</span> <span class='ocrx_word' id='word_1_465' title='bbox 2568 3143 2625 3195; x_wconf 89' lang='lat' dir='ltr'>et</span> <span class='ocrx_word' id='word_1_466' title='bbox 2671 3157 2843 3212; x_wconf 90' lang='lat' dir='ltr'>aqua.</span> <span class='ocrx_word' id='word_1_467' title='bbox 2880 3141 2940 3196; x_wconf 89' lang='lat' dir='ltr'><strong>Si</strong></span> <span class='ocrx_word' id='word_1_468' title='bbox 2987 3141 3121 3212; x_wconf 89' lang='lat' dir='ltr'>quis</span> <span class='ocrx_word' id='word_1_469' title='bbox 3178 3141 3351 3197; x_wconf 88' lang='lat' dir='ltr'>vellet</span> <span class='ocrx_word' id='word_1_470' title='bbox 3404 3140 3549 3196; x_wconf 87' lang='lat' dir='ltr'>coire</span> <span class='ocrx_word' id='word_1_471' title='bbox 3600 3153 3721 3195; x_wconf 87' lang='lat' dir='ltr'>cum</span> 
     </span>
    </p>
   </div>
   <div class='ocr_carea' id='block_1_70' title="bbox 2019 3227 3726 3317">
    <p class='ocr_par' dir='ltr' id='par_1_70' title="bbox 2019 3227 3726 3317">
     <span class='ocr_line' id='line_1_70' title="bbox 2019 3227 3726 3317; baseline -0.003 -33"><span class='ocrx_word' id='word_1_472' title='bbox 2019 3250 2062 3317; x_wconf 69' lang='grc' dir='ltr'><strong>ρ</strong></span> <span class='ocrx_word' id='word_1_473' title='bbox 2101 3227 2343 3285; x_wconf 89' lang='lat' dir='ltr'>alterius</span> <span class='ocrx_word' id='word_1_474' title='bbox 2394 3229 2658 3302; x_wconf 88' lang='lat' dir='ltr'>legitima</span> <span class='ocrx_word' id='word_1_475' title='bbox 2715 3246 2913 3299; x_wconf 82' lang='lat' dir='ltr'>uxore,</span> <span class='ocrx_word' id='word_1_476' title='bbox 2974 3233 3033 3285; x_wconf 91' lang='lat' dir='ltr'>et</span> <span class='ocrx_word' id='word_1_477' title='bbox 3076 3229 3206 3303; x_wconf 90' lang='lat' dir='ltr'>ipsa</span> <span class='ocrx_word' id='word_1_478' title='bbox 3273 3228 3471 3297; x_wconf 90' lang='lat' dir='ltr'>nollet,</span> <span class='ocrx_word' id='word_1_479' title='bbox 3518 3230 3726 3300; x_wconf 86' lang='lat' dir='ltr'>jejunct</span> 
     </span>
    </p>
   </div>
   <div class='ocr_carea' id='block_1_71' title="bbox 2098 3317 3724 3391">
    <p class='ocr_par' dir='ltr' id='par_1_71' title="bbox 2098 3317 3724 3391">
     <span class='ocr_line' id='line_1_71' title="bbox 2098 3317 3724 3391; baseline -0.002 -18"><span class='ocrx_word' id='word_1_480' title='bbox 2098 3335 2284 3373; x_wconf 91' lang='lat' dir='ltr'>unum</span> <span class='ocrx_word' id='word_1_481' title='bbox 2329 3336 2551 3374; x_wconf 90' lang='lat' dir='ltr'>annum</span> <span class='ocrx_word' id='word_1_482' title='bbox 2601 3335 2706 3391; x_wconf 91' lang='lat' dir='ltr'>pro</span> <span class='ocrx_word' id='word_1_483' title='bbox 2755 3318 2979 3391; x_wconf 78' lang='lat' dir='ltr'>injuste</span> <span class='ocrx_word' id='word_1_484' title='bbox 3022 3317 3125 3375; x_wconf 89' lang='lat' dir='ltr'>illa</span> <span class='ocrx_word' id='word_1_485' title='bbox 3171 3317 3471 3375; x_wconf 86' lang='lat' dir='ltr'>voluntate</span> <span class='ocrx_word' id='word_1_486' title='bbox 3511 3334 3647 3391; x_wconf 87' lang='lat' dir='ltr'>pane</span> <span class='ocrx_word' id='word_1_487' title='bbox 3674 3317 3724 3371; x_wconf 85' lang='lat' dir='ltr'>ct</span> 
     </span>
    </p>
   </div>
   <div class='ocr_carea' id='block_1_72' title="bbox 2097 3424 2271 3463">
    <p class='ocr_par' dir='ltr' id='par_1_72' title="bbox 2097 3424 2271 3463">
     <span class='ocr_line' id='line_1_72' title="bbox 2097 3424 2271 3463; baseline -0.006 -1"><span class='ocrx_word' id='word_1_488' title='bbox 2097 3424 2271 3463; x_wconf 79' lang='lat' dir='ltr'>aqua.</span> 
     </span>
    </p>
   </div>
   <div class='ocr_carea' id='block_1_73' title="bbox 2134 3424 3722 3570">
    <p class='ocr_par' dir='ltr' id='par_1_73' title="bbox 2134 3424 3722 3570">
     <span class='ocr_line' id='line_1_73' title="bbox 2134 3424 3722 3570; baseline -0.002 -19"><span class='ocrx_word' id='word_1_489' title='bbox 2134 3424 2399 3552; x_wconf 63' lang='lat' dir='ltr'><strong>qXXXIV.</strong></span> <span class='ocrx_word' id='word_1_490' title='bbox 2434 3496 2492 3552; x_wconf 91' lang='lat' dir='ltr'>Si</span> <span class='ocrx_word' id='word_1_491' title='bbox 2515 3494 2648 3568; x_wconf 90' lang='lat' dir='ltr'>quis</span> <span class='ocrx_word' id='word_1_492' title='bbox 2669 3497 2821 3553; x_wconf 92' lang='lat' dir='ltr'>coire</span> <span class='ocrx_word' id='word_1_493' title='bbox 2842 3495 3012 3553; x_wconf 88' lang='lat' dir='ltr'>vellet</span> <span class='ocrx_word' id='word_1_494' title='bbox 3038 3513 3172 3554; x_wconf 90' lang='lat' dir='ltr'>cum</span> <span class='ocrx_word' id='word_1_495' title='bbox 3202 3496 3445 3553; x_wconf 68' lang='lat' dir='ltr'>alteﬁus</span> <span class='ocrx_word' id='word_1_496' title='bbox 3483 3495 3722 3570; x_wconf 89' lang='lat' dir='ltr'>legitima</span> 
     </span>
    </p>
   </div>
   <div class='ocr_carea' id='block_1_74' title="bbox 2097 3584 3720 3659">
    <p class='ocr_par' dir='ltr' id='par_1_74' title="bbox 2097 3584 3720 3659">
     <span class='ocr_line' id='line_1_74' title="bbox 2097 3584 3720 3659; baseline -0.002 -18"><span class='ocrx_word' id='word_1_497' title='bbox 2097 3585 2365 3659; x_wconf 85' lang='lat' dir='ltr'>conjuge,</span> <span class='ocrx_word' id='word_1_498' title='bbox 2397 3590 2454 3641; x_wconf 89' lang='lat' dir='ltr'>et</span> <span class='ocrx_word' id='word_1_499' title='bbox 2483 3587 2612 3658; x_wconf 91' lang='lat' dir='ltr'>ipsa</span> <span class='ocrx_word' id='word_1_500' title='bbox 2642 3585 2837 3654; x_wconf 89' lang='lat' dir='ltr'>nollet,</span> <span class='ocrx_word' id='word_1_501' title='bbox 2860 3588 3091 3659; x_wconf 74' lang='lat' dir='ltr'>jejunct</span> <span class='ocrx_word' id='word_1_502' title='bbox 3116 3590 3235 3643; x_wconf 90' lang='lat' dir='ltr'>tres</span> <span class='ocrx_word' id='word_1_503' title='bbox 3265 3584 3720 3659; x_wconf 82' lang='lat' dir='ltr'>quadragesimae</span> 
     </span>
    </p>
   </div>
   <div class='ocr_carea' id='block_1_75' title="bbox 2097 3673 3719 3748">
    <p class='ocr_par' dir='ltr' id='par_1_75' title="bbox 2097 3673 3719 3748">
     <span class='ocr_line' id='line_1_75' title="bbox 2097 3673 3719 3748; baseline -0.001 -19"><span class='ocrx_word' id='word_1_504' title='bbox 2097 3691 2247 3746; x_wconf 91' lang='lat' dir='ltr'>pane</span> <span class='ocrx_word' id='word_1_505' title='bbox 2283 3679 2340 3730; x_wconf 89' lang='lat' dir='ltr'>et</span> <span class='ocrx_word' id='word_1_506' title='bbox 2378 3691 2550 3747; x_wconf 88' lang='lat' dir='ltr'>aqua,</span> <span class='ocrx_word' id='word_1_507' title='bbox 2588 3691 2767 3730; x_wconf 88' lang='lat' dir='ltr'>unam</span> <span class='ocrx_word' id='word_1_508' title='bbox 2798 3674 2863 3748; x_wconf 83' lang='lat' dir='ltr'>in</span> <span class='ocrx_word' id='word_1_509' title='bbox 2889 3678 3106 3744; x_wconf 65' lang='lat' dir='ltr'>aestate,</span> <span class='ocrx_word' id='word_1_510' title='bbox 3139 3673 3316 3731; x_wconf 90' lang='lat' dir='ltr'>aliam</span> <span class='ocrx_word' id='word_1_511' title='bbox 3348 3675 3408 3731; x_wconf 89' lang='lat' dir='ltr'>in</span> <span class='ocrx_word' id='word_1_512' title='bbox 3439 3679 3719 3738; x_wconf 89' lang='lat' dir='ltr'>autumno,</span> 
     </span>
    </p>
   </div>
   <div class='ocr_carea' id='block_1_76' title="bbox 2099 3762 2667 3819">
    <p class='ocr_par' dir='ltr' id='par_1_76' title="bbox 2099 3762 2667 3819">
     <span class='ocr_line' id='line_1_76' title="bbox 2099 3762 2667 3819; baseline 0.002 -1"><span class='ocrx_word' id='word_1_513' title='bbox 2099 3762 2331 3819; x_wconf 88' lang='lat' dir='ltr'>tertiam</span> <span class='ocrx_word' id='word_1_514' title='bbox 2361 3763 2422 3819; x_wconf 93' lang='lat' dir='ltr'>in</span> <span class='ocrx_word' id='word_1_515' title='bbox 2453 3763 2667 3819; x_wconf 90' lang='lat' dir='ltr'>hieme.</span> 
     </span>
    </p>
   </div>
   <div class='ocr_carea' id='block_1_77' title="bbox 2167 3861 3722 3935">
    <p class='ocr_par' dir='ltr' id='par_1_77' title="bbox 2167 3861 3722 3935">
     <span class='ocr_line' id='line_1_77' title="bbox 2167 3861 3722 3935; baseline -0.002 -18"><span class='ocrx_word' id='word_1_516' title='bbox 2167 3862 2376 3918; x_wconf 87' lang='lat' dir='ltr'><strong>XXXV.</strong></span> <span class='ocrx_word' id='word_1_517' title='bbox 2411 3862 2470 3919; x_wconf 91' lang='lat' dir='ltr'><strong>Si</strong></span> <span class='ocrx_word' id='word_1_518' title='bbox 2504 3862 2637 3935; x_wconf 89' lang='lat' dir='ltr'>quis</span> <span class='ocrx_word' id='word_1_519' title='bbox 2666 3861 2804 3918; x_wconf 91' lang='lat' dir='ltr'>velit</span> <span class='ocrx_word' id='word_1_520' title='bbox 2830 3878 2968 3918; x_wconf 92' lang='lat' dir='ltr'>cum</span> <span class='ocrx_word' id='word_1_521' title='bbox 3000 3879 3177 3918; x_wconf 82' lang='lat' dir='ltr'>uxore</span> <span class='ocrx_word' id='word_1_522' title='bbox 3201 3862 3424 3935; x_wconf 80' lang='lat' dir='ltr'>injuste</span> <span class='ocrx_word' id='word_1_523' title='bbox 3452 3861 3614 3926; x_wconf 90' lang='lat' dir='ltr'>coire,</span> <span class='ocrx_word' id='word_1_524' title='bbox 3637 3862 3722 3932; x_wconf 85' lang='lat' dir='ltr'>je-</span> 
     </span>
    </p>
   </div>
   <div class='ocr_carea' id='block_1_78' title="bbox 344 3951 2987 4059">
    <p class='ocr_par' dir='ltr' id='par_1_78' title="bbox 344 3951 2987 4059">
     <span class='ocr_line' id='line_1_78' title="bbox 344 3951 2987 4059; baseline -0.006 -11"><span class='ocrx_word' id='word_1_525' title='bbox 344 4008 480 4048; x_wconf 89' lang='lat' dir='ltr'>nem</span> <span class='ocrx_word' id='word_1_526' title='bbox 512 3951 766 4045; x_wconf 55' lang='lat' dir='ltr'>invitati;</span> <span class='ocrx_word' id='word_1_527' title='bbox 788 3986 1047 4059; x_wconf 87' lang='lat' dir='ltr'>rapuerit</span> <span class='ocrx_word' id='word_1_528' title='bbox 1076 3987 1148 4042; x_wconf 93' lang='lat' dir='ltr'>ad</span> <span class='ocrx_word' id='word_1_529' title='bbox 1179 3984 1450 4040; x_wconf 91' lang='lat' dir='ltr'>illicitum</span> <span class='ocrx_word' id='word_1_530' title='bbox 1481 3985 1879 4052; x_wconf 89' lang='lat' dir='ltr'>concubitum,</span> <span class='ocrx_word' id='word_1_531' title='bbox 1915 3985 1992 4041; x_wconf 90' lang='lat' dir='ltr'>sit</span> <span class='ocrx_word' id='word_1_532' title='bbox 2090 3952 2517 4059; x_wconf 57' lang='lat' dir='ltr'>J“?f§_ff‘;_d&#39;ﬁs</span> <span class='ocrx_word' id='word_1_533' title='bbox 2548 3955 2786 4059; x_wconf 51' lang='grc' dir='ltr'>Ρίξηθξί</span> <span class='ocrx_word' id='word_1_534' title='bbox 2814 3968 2987 4024; x_wconf 66' lang='grc' dir='ltr'><strong>δίῖυδο</strong></span> 
     </span>
    </p>
   </div>
   <div class='ocr_carea' id='block_1_79' title="bbox 343 4077 1195 4139">
    <p class='ocr_par' dir='ltr' id='par_1_79' title="bbox 343 4077 1195 4139">
     <span class='ocr_line' id='line_1_79' title="bbox 343 4077 1195 4139; baseline -0.009 -2"><span class='ocrx_word' id='word_1_535' title='bbox 343 4080 441 4137; x_wconf 91' lang='lat' dir='ltr'>ille</span> <span class='ocrx_word' id='word_1_536' title='bbox 471 4077 1031 4135; x_wconf 81' lang='lat' dir='ltr'>excommunicatus.</span> <span class='ocrx_word' id='word_1_537' title='bbox 1194 4136 1195 4139; x_wconf 27' lang='grc' dir='ltr'><strong>η</strong></span> 
     </span>
    </p>
   </div>
   <div class='ocr_carea' id='block_1_80' title="bbox 414 4160 1991 4239">
    <p class='ocr_par' dir='ltr' id='par_1_80' title="bbox 414 4160 1991 4239">
     <span class='ocr_line' id='line_1_80' title="bbox 414 4160 1991 4239; baseline -0.004 -14"><span class='ocrx_word' id='word_1_538' title='bbox 414 4167 578 4225; x_wconf 88' lang='lat' dir='ltr'><strong>XXV.</strong></span> <span class='ocrx_word' id='word_1_539' title='bbox 612 4166 672 4223; x_wconf 91' lang='lat' dir='ltr'><strong>Si</strong></span> <span class='ocrx_word' id='word_1_540' title='bbox 704 4166 838 4239; x_wconf 89' lang='lat' dir='ltr'>quis</span> <span class='ocrx_word' id='word_1_541' title='bbox 870 4164 1157 4221; x_wconf 91' lang='lat' dir='ltr'>illecebris</span> <span class='ocrx_word' id='word_1_542' title='bbox 1188 4162 1313 4218; x_wconf 92' lang='lat' dir='ltr'>suis</span> <span class='ocrx_word' id='word_1_543' title='bbox 1337 4160 1577 4219; x_wconf 91' lang='lat' dir='ltr'>alterius</span> <span class='ocrx_word' id='word_1_544' title='bbox 1606 4161 1863 4218; x_wconf 90' lang='lat' dir='ltr'>hominis</span> <span class='ocrx_word' id='word_1_545' title='bbox 1892 4179 1991 4235; x_wconf 91' lang='lat' dir='ltr'>pe-</span> 
     </span>
    </p>
   </div>
   <div class='ocr_carea' id='block_1_81' title="bbox 343 4251 1990 4329">
    <p class='ocr_par' dir='ltr' id='par_1_81' title="bbox 343 4251 1990 4329">
     <span class='ocr_line' id='line_1_81' title="bbox 343 4251 1990 4329; baseline -0.005 -14"><span class='ocrx_word' id='word_1_546' title='bbox 343 4258 684 4329; x_wconf 89' lang='lat' dir='ltr'>dissequam</span> <span class='ocrx_word' id='word_1_547' title='bbox 714 4256 788 4311; x_wconf 81' lang='lat' dir='ltr'>ab</span> <span class='ocrx_word' id='word_1_548' title='bbox 808 4272 874 4311; x_wconf 90' lang='lat' dir='ltr'>eo</span> <span class='ocrx_word' id='word_1_549' title='bbox 897 4254 1139 4311; x_wconf 81' lang='lat' dir='ltr'>seducet</span> <span class='ocrx_word' id='word_1_550' title='bbox 1168 4251 1541 4308; x_wconf 89' lang='lat' dir='ltr'>scortationis</span> <span class='ocrx_word' id='word_1_551' title='bbox 1569 4268 1768 4321; x_wconf 89' lang='lat' dir='ltr'>causa,</span> <span class='ocrx_word' id='word_1_552' title='bbox 1782 4257 1840 4307; x_wconf 91' lang='lat' dir='ltr'>et</span> <span class='ocrx_word' id='word_1_553' title='bbox 1855 4268 1990 4307; x_wconf 92' lang='lat' dir='ltr'>cum</span> 
     </span>
    </p>
   </div>
   <div class='ocr_carea' id='block_1_82' title="bbox 341 4339 1993 4413">
    <p class='ocr_par' dir='ltr' id='par_1_82' title="bbox 341 4339 1993 4413">
     <span class='ocr_line' id='line_1_82' title="bbox 341 4339 1993 4413; baseline -0.005 -9"><span class='ocrx_word' id='word_1_554' title='bbox 341 4347 443 4404; x_wconf 89' lang='lat' dir='ltr'>illa</span> <span class='ocrx_word' id='word_1_555' title='bbox 472 4345 653 4402; x_wconf 90' lang='lat' dir='ltr'>invita</span> <span class='ocrx_word' id='word_1_556' title='bbox 681 4348 872 4413; x_wconf 85' lang='lat' dir='ltr'>coeat;</span> <span class='ocrx_word' id='word_1_557' title='bbox 899 4343 946 4400; x_wconf 91' lang='lat' dir='ltr'>si</span> <span class='ocrx_word' id='word_1_558' title='bbox 966 4342 1044 4399; x_wconf 89' lang='lat' dir='ltr'>sit</span> <span class='ocrx_word' id='word_1_559' title='bbox 1071 4340 1256 4400; x_wconf 89' lang='lat' dir='ltr'>sacris</span> <span class='ocrx_word' id='word_1_560' title='bbox 1284 4340 1550 4396; x_wconf 90' lang='lat' dir='ltr'>initiatus</span> <span class='ocrx_word' id='word_1_561' title='bbox 1578 4339 1774 4410; x_wconf 91' lang='lat' dir='ltr'>homo,</span> <span class='ocrx_word' id='word_1_562' title='bbox 1791 4342 1993 4413; x_wconf 91' lang='lat' dir='ltr'>perdat</span> 
     </span>
    </p>
   </div>
   <div class='ocr_carea' id='block_1_83' title="bbox 342 4430 1990 4502">
    <p class='ocr_par' dir='ltr' id='par_1_83' title="bbox 342 4430 1990 4502">
     <span class='ocr_line' id='line_1_83' title="bbox 342 4430 1990 4502; baseline -0.005 -9"><span class='ocrx_word' id='word_1_563' title='bbox 342 4437 608 4494; x_wconf 91' lang='lat' dir='ltr'>ordinem</span> <span class='ocrx_word' id='word_1_564' title='bbox 638 4451 809 4491; x_wconf 91' lang='lat' dir='ltr'>suum</span> <span class='ocrx_word' id='word_1_565' title='bbox 833 4451 847 4502; x_wconf 88' lang='lat'><strong>;</strong></span> <span class='ocrx_word' id='word_1_566' title='bbox 869 4433 919 4490; x_wconf 89' lang='lat' dir='ltr'><strong>si</strong></span> <span class='ocrx_word' id='word_1_567' title='bbox 939 4432 1015 4489; x_wconf 91' lang='lat' dir='ltr'>sit</span> <span class='ocrx_word' id='word_1_568' title='bbox 1034 4432 1239 4500; x_wconf 89' lang='lat' dir='ltr'>laicus,</span> <span class='ocrx_word' id='word_1_569' title='bbox 1265 4430 1339 4486; x_wconf 92' lang='lat' dir='ltr'>sit</span> <span class='ocrx_word' id='word_1_570' title='bbox 1360 4430 1900 4487; x_wconf 77' lang='lat' dir='ltr'>excommunicatus</span> <span class='ocrx_word' id='word_1_571' title='bbox 1918 4430 1990 4486; x_wconf 89' lang='lat' dir='ltr'>ab</span> 
     </span>
    </p>
   </div>
   <div class='ocr_carea' id='block_1_84' title="bbox 341 4520 1257 4583">
    <p class='ocr_par' dir='ltr' id='par_1_84' title="bbox 341 4520 1257 4583">
     <span class='ocr_line' id='line_1_84' title="bbox 341 4520 1257 4583; baseline -0.008 -1"><span class='ocrx_word' id='word_1_572' title='bbox 341 4525 618 4583; x_wconf 89' lang='lat' dir='ltr'>omnibus</span> <span class='ocrx_word' id='word_1_573' title='bbox 647 4522 995 4580; x_wconf 88' lang='lat' dir='ltr'>Christianis</span> <span class='ocrx_word' id='word_1_574' title='bbox 1027 4520 1257 4577; x_wconf 85' lang='lat' dir='ltr'>ofﬁciis.</span> 
     </span>
    </p>
   </div>
   <div class='ocr_carea' id='block_1_85' title="bbox 2168 4047 3720 4128">
    <p class='ocr_par' dir='ltr' id='par_1_85' title="bbox 2168 4047 3720 4128">
     <span class='ocr_line' id='line_1_85' title="bbox 2168 4047 3720 4128; baseline -0.004 -23"><span class='ocrx_word' id='word_1_575' title='bbox 2168 4049 2405 4105; x_wconf 90' lang='lat' dir='ltr'><strong>XXXVI.</strong></span> <span class='ocrx_word' id='word_1_576' title='bbox 2438 4048 2498 4105; x_wconf 91' lang='lat' dir='ltr'><strong>Si</strong></span> <span class='ocrx_word' id='word_1_577' title='bbox 2518 4050 2653 4121; x_wconf 91' lang='lat' dir='ltr'>quis</span> <span class='ocrx_word' id='word_1_578' title='bbox 2678 4049 2861 4105; x_wconf 91' lang='lat' dir='ltr'>alium</span> <span class='ocrx_word' id='word_1_579' title='bbox 2881 4066 3016 4106; x_wconf 89' lang='lat' dir='ltr'>cum</span> <span class='ocrx_word' id='word_1_580' title='bbox 3048 4049 3169 4128; x_wconf 84' lang='lat' dir='ltr'>ﬁlia</span> <span class='ocrx_word' id='word_1_581' title='bbox 3191 4066 3302 4105; x_wconf 90' lang='lat' dir='ltr'>sua</span> <span class='ocrx_word' id='word_1_582' title='bbox 3330 4047 3720 4122; x_wconf 85' lang='lat' dir='ltr'>deprehendat,</span> 
     </span>
    </p>
   </div>
   <div class='ocr_carea' id='block_1_86' title="bbox 2063 4137 3725 4212">
    <p class='ocr_par' dir='ltr' id='par_1_86' title="bbox 2063 4137 3725 4212">
     <span class='ocr_line' id='line_1_86' title="bbox 2063 4137 3725 4212; baseline -0.005 -17"><span class='ocrx_word' id='word_1_583' title='bbox 2063 4184 2065 4187; x_wconf 87' lang='lat'>.</span> <span class='ocrx_word' id='word_1_584' title='bbox 2099 4143 2438 4211; x_wconf 89' lang='lat' dir='ltr'>compenset</span> <span class='ocrx_word' id='word_1_585' title='bbox 2457 4139 2613 4211; x_wconf 91' lang='lat' dir='ltr'>apud</span> <span class='ocrx_word' id='word_1_586' title='bbox 2640 4137 2892 4212; x_wconf 73' lang='lat' dir='ltr'>[puellae]</span> <span class='ocrx_word' id='word_1_587' title='bbox 2924 4138 3164 4206; x_wconf 91' lang='lat' dir='ltr'>amicos,</span> <span class='ocrx_word' id='word_1_588' title='bbox 3179 4143 3235 4194; x_wconf 91' lang='lat' dir='ltr'>et</span> <span class='ocrx_word' id='word_1_589' title='bbox 3257 4143 3501 4211; x_wconf 74' lang='lat' dir='ltr'>uterque</span> <span class='ocrx_word' id='word_1_590' title='bbox 3520 4137 3725 4209; x_wconf 81' lang='lat' dir='ltr'>jejunet</span> 
     </span>
    </p>
   </div>
   <div class='ocr_carea' id='block_1_87' title="bbox 2100 4223 3722 4298">
    <p class='ocr_par' dir='ltr' id='par_1_87' title="bbox 2100 4223 3722 4298">
     <span class='ocr_line' id='line_1_87' title="bbox 2100 4223 3722 4298; baseline -0.004 -16"><span class='ocrx_word' id='word_1_591' title='bbox 2100 4244 2284 4283; x_wconf 90' lang='lat' dir='ltr'>unum</span> <span class='ocrx_word' id='word_1_592' title='bbox 2319 4244 2543 4283; x_wconf 91' lang='lat' dir='ltr'>annum</span> <span class='ocrx_word' id='word_1_593' title='bbox 2584 4227 2793 4283; x_wconf 90' lang='lat' dir='ltr'>diebus</span> <span class='ocrx_word' id='word_1_594' title='bbox 2826 4227 3097 4284; x_wconf 86' lang='lat' dir='ltr'>Mercurii</span> <span class='ocrx_word' id='word_1_595' title='bbox 3126 4233 3185 4284; x_wconf 88' lang='lat' dir='ltr'>et</span> <span class='ocrx_word' id='word_1_596' title='bbox 3212 4226 3456 4285; x_wconf 82' lang='lat' dir='ltr'>Veneris</span> <span class='ocrx_word' id='word_1_597' title='bbox 3485 4223 3722 4298; x_wconf 88' lang='lat' dir='ltr'>quandiu</span> 
     </span>
    </p>
   </div>
   <div class='ocr_carea' id='block_1_88' title="bbox 2098 4316 3428 4389">
    <p class='ocr_par' dir='ltr' id='par_1_88' title="bbox 2098 4316 3428 4389">
     <span class='ocr_line' id='line_1_88' title="bbox 2098 4316 3428 4389; baseline -0.001 -17"><span class='ocrx_word' id='word_1_598' title='bbox 2098 4316 2321 4383; x_wconf 83' lang='lat' dir='ltr'>vixerit,</span> <span class='ocrx_word' id='word_1_599' title='bbox 2346 4320 2402 4371; x_wconf 92' lang='lat' dir='ltr'>et</span> <span class='ocrx_word' id='word_1_600' title='bbox 2428 4316 2628 4389; x_wconf 89' lang='lat' dir='ltr'>lugeat</span> <span class='ocrx_word' id='word_1_601' title='bbox 2657 4332 2889 4388; x_wconf 88' lang='lat' dir='ltr'>semper</span> <span class='ocrx_word' id='word_1_602' title='bbox 2918 4316 3197 4372; x_wconf 88' lang='lat' dir='ltr'>delictum</span> <span class='ocrx_word' id='word_1_603' title='bbox 3229 4333 3428 4372; x_wconf 89' lang='lat' dir='ltr'>suum.</span> 
     </span>
    </p>
   </div>
   <div class='ocr_carea' id='block_1_89' title="bbox 2169 4413 3724 4486">
    <p class='ocr_par' dir='ltr' id='par_1_89' title="bbox 2169 4413 3724 4486">
     <span class='ocr_line' id='line_1_89' title="bbox 2169 4413 3724 4486; baseline -0.005 -17"><span class='ocrx_word' id='word_1_604' title='bbox 2169 4413 2436 4470; x_wconf 89' lang='lat' dir='ltr'><strong>XXXVII.</strong></span> <span class='ocrx_word' id='word_1_605' title='bbox 2467 4413 2529 4470; x_wconf 88' lang='lat' dir='ltr'><strong>Si</strong></span> <span class='ocrx_word' id='word_1_606' title='bbox 2586 4414 2720 4486; x_wconf 89' lang='lat' dir='ltr'>quis</span> <span class='ocrx_word' id='word_1_607' title='bbox 2772 4430 2907 4469; x_wconf 91' lang='lat' dir='ltr'>cum</span> <span class='ocrx_word' id='word_1_608' title='bbox 2955 4414 3145 4470; x_wconf 89' lang='lat' dir='ltr'>bestia</span> <span class='ocrx_word' id='word_1_609' title='bbox 3203 4418 3391 4480; x_wconf 87' lang='lat' dir='ltr'>coeat,</span> <span class='ocrx_word' id='word_1_610' title='bbox 3414 4414 3631 4485; x_wconf 82' lang='lat' dir='ltr'>jejunet</span> <span class='ocrx_word' id='word_1_611' title='bbox 3664 4423 3724 4463; x_wconf 86' lang='lat' dir='ltr'>xv</span> 
     </span>
    </p>
   </div>
   <div class='ocr_carea' id='block_1_90' title="bbox 2099 4498 3724 4574">
    <p class='ocr_par' dir='ltr' id='par_1_90' title="bbox 2099 4498 3724 4574">
     <span class='ocr_line' id='line_1_90' title="bbox 2099 4498 3724 4574; baseline -0.003 -15"><span class='ocrx_word' id='word_1_612' title='bbox 2099 4520 2285 4560; x_wconf 87' lang='lat' dir='ltr'>annos</span> <span class='ocrx_word' id='word_1_613' title='bbox 2310 4522 2323 4572; x_wconf 91' lang='lat'><strong>;</strong></span> <span class='ocrx_word' id='word_1_614' title='bbox 2358 4506 2486 4559; x_wconf 90' lang='lat' dir='ltr'>octo</span> <span class='ocrx_word' id='word_1_615' title='bbox 2517 4519 2666 4574; x_wconf 89' lang='lat' dir='ltr'>pane</span> <span class='ocrx_word' id='word_1_616' title='bbox 2691 4506 2748 4558; x_wconf 89' lang='lat' dir='ltr'>et</span> <span class='ocrx_word' id='word_1_617' title='bbox 2775 4519 2949 4574; x_wconf 90' lang='lat' dir='ltr'>aqua,</span> <span class='ocrx_word' id='word_1_618' title='bbox 2972 4506 3030 4557; x_wconf 89' lang='lat' dir='ltr'>et</span> <span class='ocrx_word' id='word_1_619' title='bbox 3060 4506 3286 4574; x_wconf 84' lang='lat' dir='ltr'>septem</span> <span class='ocrx_word' id='word_1_620' title='bbox 3316 4501 3464 4558; x_wconf 87' lang='lat' dir='ltr'>alios</span> <span class='ocrx_word' id='word_1_621' title='bbox 3492 4498 3724 4573; x_wconf 74' lang='lat' dir='ltr'>quolibet</span> 
     </span>
    </p>
   </div>
   <div class='ocr_carea' id='block_1_91' title="bbox 414 4589 3723 4688">
    <p class='ocr_par' dir='ltr' id='par_1_91' title="bbox 414 4589 3723 4688">
     <span class='ocr_line' id='line_1_91' title="bbox 414 4589 3723 4688; baseline -0.008 -17"><span class='ocrx_word' id='word_1_622' title='bbox 414 4613 604 4671; x_wconf 87' lang='lat' dir='ltr'><strong>XXVI.</strong></span> <span class='ocrx_word' id='word_1_623' title='bbox 639 4613 699 4669; x_wconf 86' lang='lat' dir='ltr'><strong>Si</strong></span> <span class='ocrx_word' id='word_1_624' title='bbox 731 4628 858 4685; x_wconf 70' lang='lat' dir='ltr'>quae</span> <span class='ocrx_word' id='word_1_625' title='bbox 888 4612 1050 4685; x_wconf 85' lang='lat' dir='ltr'>virgo</span> <span class='ocrx_word' id='word_1_626' title='bbox 1096 4611 1451 4682; x_wconf 88' lang='lat' dir='ltr'>desponsata</span> <span class='ocrx_word' id='word_1_627' title='bbox 1480 4611 1587 4677; x_wconf 88' lang='lat' dir='ltr'>est,</span> <span class='ocrx_word' id='word_1_628' title='bbox 1621 4613 1676 4664; x_wconf 86' lang='lat' dir='ltr'>et</span> <span class='ocrx_word' id='word_1_629' title='bbox 1706 4608 1815 4663; x_wconf 88' lang='lat' dir='ltr'>hoc</span> <span class='ocrx_word' id='word_1_630' title='bbox 1844 4612 1990 4662; x_wconf 89' lang='lat' dir='ltr'>tem-</span> <span class='ocrx_word' id='word_1_631' title='bbox 2024 4623 2069 4688; x_wconf 68' lang='grc' dir='ltr'>Ι)</span> <span class='ocrx_word' id='word_1_632' title='bbox 2099 4609 2253 4688; x_wconf 59' lang='grc' dir='ltr'>αξξυς)</span> <span class='ocrx_word' id='word_1_633' title='bbox 2266 4591 2692 4688; x_wconf 39' lang='lat' dir='ltr'>fribus-diebus</span> <span class='ocrx_word' id='word_1_634' title='bbox 2708 4590 3201 4688; x_wconf 70' lang='lat' dir='ltr'>quadragesimis,</span> <span class='ocrx_word' id='word_1_635' title='bbox 3224 4594 3284 4647; x_wconf 89' lang='lat' dir='ltr'>et</span> <span class='ocrx_word' id='word_1_636' title='bbox 3301 4591 3511 4688; x_wconf 78' lang='lat' dir='ltr'>diebus</span> <span class='ocrx_word' id='word_1_637' title='bbox 3531 4589 3723 4688; x_wconf 69' lang='lat' dir='ltr'>Mercu-</span> 
     </span>
    </p>
   </div>
   <div class='ocr_carea' id='block_1_92' title="bbox 345 4676 3721 4776">
    <p class='ocr_par' dir='ltr' id='par_1_92' title="bbox 345 4676 3721 4776">
     <span class='ocr_line' id='line_1_92' title="bbox 345 4676 3721 4776; baseline -0.003 -17"><span class='ocrx_word' id='word_1_638' title='bbox 345 4703 504 4776; x_wconf 91' lang='lat' dir='ltr'>poris</span> <span class='ocrx_word' id='word_1_639' title='bbox 533 4676 836 4758; x_wconf 79' lang='lat' dir='ltr'>intervallo</span> <span class='ocrx_word' id='word_1_640' title='bbox 869 4676 1223 4765; x_wconf 56' lang='lat' dir='ltr'>abducetur,</span> <span class='ocrx_word' id='word_1_641' title='bbox 1230 4697 1317 4754; x_wconf 92' lang='lat' dir='ltr'>vel</span> <span class='ocrx_word' id='word_1_642' title='bbox 1341 4697 1451 4752; x_wconf 91' lang='lat' dir='ltr'>sub</span> <span class='ocrx_word' id='word_1_643' title='bbox 1483 4676 1682 4768; x_wconf 88' lang='lat' dir='ltr'>aliquo</span> <span class='ocrx_word' id='word_1_644' title='bbox 1714 4701 1991 4768; x_wconf 67' lang='lat' dir='ltr'>praetextu</span> <span class='ocrx_word' id='word_1_645' title='bbox 2024 4676 2065 4688; x_wconf 57' lang='grc' dir='ltr'><strong>ν</strong></span> <span class='ocrx_word' id='word_1_646' title='bbox 2190 4686 2249 4776; x_wconf 61' lang='grc' dir='ltr'>βία</span> <span class='ocrx_word' id='word_1_647' title='bbox 2266 4679 2529 4748; x_wconf 66' lang='lat' dir='ltr'>veneris:</span> <span class='ocrx_word' id='word_1_648' title='bbox 2553 4679 2815 4752; x_wconf 65' lang='lat' dir='ltr'>quandi“</span> <span class='ocrx_word' id='word_1_649' title='bbox 2839 4679 3065 4748; x_wconf 64' lang='grc' dir='ltr'>νίΧθτίῐι</span> <span class='ocrx_word' id='word_1_650' title='bbox 3088 4685 3146 4736; x_wconf 65' lang='grc' dir='ltr'>εί</span> <span class='ocrx_word' id='word_1_651' title='bbox 3166 4679 3365 4752; x_wconf 68' lang='grc' dir='ltr'>Ιυεθδι</span> <span class='ocrx_word' id='word_1_652' title='bbox 3394 4695 3613 4750; x_wconf 61' lang='lat' dir='ltr'>semper</span> <span class='ocrx_word' id='word_1_653' title='bbox 3637 4676 3721 4730; x_wconf 66' lang='lat' dir='ltr'>de‘</span> 
     </span>
    </p>
   </div>
   <div class='ocr_carea' id='block_1_93' title="bbox 346 4784 1994 4860">
    <p class='ocr_par' dir='ltr' id='par_1_93' title="bbox 346 4784 1994 4860">
     <span class='ocr_line' id='line_1_93' title="bbox 346 4784 1994 4860; baseline -0.003 -15"><span class='ocrx_word' id='word_1_654' title='bbox 346 4791 645 4846; x_wconf 85' lang='lat' dir='ltr'>auferatur</span> <span class='ocrx_word' id='word_1_655' title='bbox 673 4790 745 4846; x_wconf 92' lang='lat' dir='ltr'>ab</span> <span class='ocrx_word' id='word_1_656' title='bbox 775 4807 841 4846; x_wconf 93' lang='lat' dir='ltr'>eo</span> <span class='ocrx_word' id='word_1_657' title='bbox 867 4787 961 4845; x_wconf 91' lang='lat' dir='ltr'>cui</span> <span class='ocrx_word' id='word_1_658' title='bbox 999 4789 1353 4860; x_wconf 88' lang='lat' dir='ltr'>desponsata</span> <span class='ocrx_word' id='word_1_659' title='bbox 1394 4790 1537 4852; x_wconf 87' lang='lat' dir='ltr'>erat,</span> <span class='ocrx_word' id='word_1_660' title='bbox 1570 4789 1629 4840; x_wconf 91' lang='lat' dir='ltr'>et</span> <span class='ocrx_word' id='word_1_661' title='bbox 1659 4784 1869 4841; x_wconf 89' lang='lat' dir='ltr'>deinde</span> <span class='ocrx_word' id='word_1_662' title='bbox 1900 4801 1994 4841; x_wconf 90' lang='lat' dir='ltr'>ac-</span> 
     </span>
    </p>
   </div>
   <div class='ocr_carea' id='block_1_94' title="bbox 347 4873 1997 4951">
    <p class='ocr_par' dir='ltr' id='par_1_94' title="bbox 347 4873 1997 4951">
     <span class='ocr_line' id='line_1_94' title="bbox 347 4873 1997 4951; baseline -0.003 -18"><span class='ocrx_word' id='word_1_663' title='bbox 347 4879 504 4934; x_wconf 88' lang='lat' dir='ltr'>cidat</span> <span class='ocrx_word' id='word_1_664' title='bbox 530 4882 597 4933; x_wconf 91' lang='lat' dir='ltr'>ut</span> <span class='ocrx_word' id='word_1_665' title='bbox 622 4878 725 4934; x_wconf 91' lang='lat' dir='ltr'>illa</span> <span class='ocrx_word' id='word_1_666' title='bbox 747 4879 807 4934; x_wconf 91' lang='lat' dir='ltr'><strong>in</strong></span> <span class='ocrx_word' id='word_1_667' title='bbox 839 4882 1217 4951; x_wconf 89' lang='lat' dir='ltr'>conspectum</span> <span class='ocrx_word' id='word_1_668' title='bbox 1248 4876 1378 4947; x_wconf 87' lang='lat' dir='ltr'>ejus</span> <span class='ocrx_word' id='word_1_669' title='bbox 1419 4873 1631 4942; x_wconf 86' lang='lat' dir='ltr'>veniat,</span> <span class='ocrx_word' id='word_1_670' title='bbox 1662 4891 1795 4933; x_wconf 88' lang='lat' dir='ltr'>cum</span> <span class='ocrx_word' id='word_1_671' title='bbox 1827 4874 1997 4930; x_wconf 91' lang='lat' dir='ltr'>venia</span> 
     </span>
    </p>
   </div>
   <div class='ocr_carea' id='block_1_95' title="bbox 346 4962 1996 5038">
    <p class='ocr_par' dir='ltr' id='par_1_95' title="bbox 346 4962 1996 5038">
     <span class='ocr_line' id='line_1_95' title="bbox 346 4962 1996 5038; baseline -0.001 -17"><span class='ocrx_word' id='word_1_672' title='bbox 346 4965 431 5021; x_wconf 92' lang='lat' dir='ltr'>illi</span> <span class='ocrx_word' id='word_1_673' title='bbox 450 4970 696 5037; x_wconf 88' lang='lat' dir='ltr'>possunt</span> <span class='ocrx_word' id='word_1_674' title='bbox 709 4965 883 5036; x_wconf 89' lang='lat' dir='ltr'>coire,</span> <span class='ocrx_word' id='word_1_675' title='bbox 905 4966 1183 5038; x_wconf 86' lang='lat' dir='ltr'>quoniam</span> <span class='ocrx_word' id='word_1_676' title='bbox 1214 4968 1419 5021; x_wconf 88' lang='lat' dir='ltr'>contra</span> <span class='ocrx_word' id='word_1_677' title='bbox 1443 4962 1803 5018; x_wconf 89' lang='lat' dir='ltr'>voluntatem</span> <span class='ocrx_word' id='word_1_678' title='bbox 1825 4980 1996 5020; x_wconf 89' lang='lat' dir='ltr'>suam</span> 
     </span>
    </p>
   </div>
   <div class='ocr_carea' id='block_1_96' title="bbox 346 5053 892 5110">
    <p class='ocr_par' dir='ltr' id='par_1_96' title="bbox 346 5053 892 5110">
     <span class='ocr_line' id='line_1_96' title="bbox 346 5053 892 5110; baseline 0.002 -1"><span class='ocrx_word' id='word_1_679' title='bbox 346 5053 448 5109; x_wconf 91' lang='lat' dir='ltr'>illa</span> <span class='ocrx_word' id='word_1_680' title='bbox 476 5053 549 5108; x_wconf 88' lang='lat' dir='ltr'>ab</span> <span class='ocrx_word' id='word_1_681' title='bbox 577 5069 643 5108; x_wconf 91' lang='lat' dir='ltr'>eo</span> <span class='ocrx_word' id='word_1_682' title='bbox 673 5054 892 5110; x_wconf 88' lang='lat' dir='ltr'>aberat.</span> 
     </span>
    </p>
   </div>
   <div class='ocr_carea' id='block_1_97' title="bbox 418 5140 1994 5212">
    <p class='ocr_par' dir='ltr' id='par_1_97' title="bbox 418 5140 1994 5212">
     <span class='ocr_line' id='line_1_97' title="bbox 418 5140 1994 5212; baseline 0.001 -14"><span class='ocrx_word' id='word_1_683' title='bbox 418 5141 641 5198; x_wconf 83' lang='lat' dir='ltr'><strong>XXVII.</strong></span> <span class='ocrx_word' id='word_1_684' title='bbox 675 5142 735 5198; x_wconf 91' lang='lat' dir='ltr'>Si</span> <span class='ocrx_word' id='word_1_685' title='bbox 797 5142 1013 5199; x_wconf 89' lang='lat' dir='ltr'>femina</span> <span class='ocrx_word' id='word_1_686' title='bbox 1068 5146 1405 5199; x_wconf 87' lang='lat' dir='ltr'>consecrata</span> <span class='ocrx_word' id='word_1_687' title='bbox 1451 5140 1547 5212; x_wconf 87' lang='lat' dir='ltr'>sit,</span> <span class='ocrx_word' id='word_1_688' title='bbox 1580 5146 1637 5198; x_wconf 91' lang='lat' dir='ltr'>et</span> <span class='ocrx_word' id='word_1_689' title='bbox 1679 5142 1891 5198; x_wconf 87' lang='lat' dir='ltr'>deinde</span> <span class='ocrx_word' id='word_1_690' title='bbox 1921 5144 1994 5199; x_wconf 90' lang='lat' dir='ltr'>ad</span> 
     </span>
    </p>
   </div>
   <div class='ocr_carea' id='block_1_98' title="bbox 348 5230 1992 5300">
    <p class='ocr_par' dir='ltr' id='par_1_98' title="bbox 348 5230 1992 5300">
     <span class='ocr_line' id='line_1_98' title="bbox 348 5230 1992 5300; baseline -0.001 -12"><span class='ocrx_word' id='word_1_691' title='bbox 348 5231 712 5288; x_wconf 87' lang='lat' dir='ltr'>mundanam</span> <span class='ocrx_word' id='word_1_692' title='bbox 734 5230 1051 5285; x_wconf 87' lang='lat' dir='ltr'>vanitatem</span> <span class='ocrx_word' id='word_1_693' title='bbox 1081 5235 1420 5300; x_wconf 88' lang='lat' dir='ltr'>revertatur,</span> <span class='ocrx_word' id='word_1_694' title='bbox 1454 5233 1512 5287; x_wconf 88' lang='lat' dir='ltr'>et</span> <span class='ocrx_word' id='word_1_695' title='bbox 1540 5230 1821 5287; x_wconf 83' lang='lat' dir='ltr'>familiam</span> <span class='ocrx_word' id='word_1_696' title='bbox 1854 5231 1992 5300; x_wconf 88' lang='lat' dir='ltr'>alat,</span> 
     </span>
    </p>
   </div>
   <div class='ocr_carea' id='block_1_99' title="bbox 348 5319 1995 5394">
    <p class='ocr_par' dir='ltr' id='par_1_99' title="bbox 348 5319 1995 5394">
     <span class='ocr_line' id='line_1_99' title="bbox 348 5319 1995 5394; baseline -0.002 -15"><span class='ocrx_word' id='word_1_697' title='bbox 348 5320 415 5379; x_wconf 83' lang='lat' dir='ltr'>et</span> <span class='ocrx_word' id='word_1_698' title='bbox 434 5319 651 5394; x_wconf 89' lang='lat' dir='ltr'>cogitet</span> <span class='ocrx_word' id='word_1_699' title='bbox 673 5333 737 5373; x_wconf 88' lang='lat' dir='ltr'>se</span> <span class='ocrx_word' id='word_1_700' title='bbox 766 5333 835 5372; x_wconf 80' lang='lat' dir='ltr'>ex</span> <span class='ocrx_word' id='word_1_701' title='bbox 864 5320 1235 5389; x_wconf 88' lang='lat' dir='ltr'>possessione</span> <span class='ocrx_word' id='word_1_702' title='bbox 1264 5336 1373 5375; x_wconf 90' lang='lat' dir='ltr'>sua</span> <span class='ocrx_word' id='word_1_703' title='bbox 1402 5321 1845 5376; x_wconf 84' lang='lat' dir='ltr'>emendaturam</span> <span class='ocrx_word' id='word_1_704' title='bbox 1867 5337 1995 5377; x_wconf 88' lang='lat' dir='ltr'>esse</span> 
     </span>
    </p>
   </div>
   <div class='ocr_carea' id='block_1_100' title="bbox 348 5404 1997 5484">
    <p class='ocr_par' dir='ltr' id='par_1_100' title="bbox 348 5404 1997 5484">
     <span class='ocr_line' id='line_1_100' title="bbox 348 5404 1997 5484; baseline -0.002 -17"><span class='ocrx_word' id='word_1_705' title='bbox 348 5410 502 5484; x_wconf 89' lang='lat' dir='ltr'>quod</span> <span class='ocrx_word' id='word_1_706' title='bbox 531 5426 565 5464; x_wconf 92' lang='lat' dir='ltr'>a</span> <span class='ocrx_word' id='word_1_707' title='bbox 592 5407 709 5464; x_wconf 93' lang='lat' dir='ltr'>Deo</span> <span class='ocrx_word' id='word_1_708' title='bbox 740 5404 1132 5473; x_wconf 88' lang='lat' dir='ltr'>declinaverit,</span> <span class='ocrx_word' id='word_1_709' title='bbox 1164 5407 1274 5463; x_wconf 90' lang='lat' dir='ltr'>hoc</span> <span class='ocrx_word' id='word_1_710' title='bbox 1303 5407 1447 5463; x_wconf 86' lang='lat' dir='ltr'>nihil</span> <span class='ocrx_word' id='word_1_711' title='bbox 1475 5412 1594 5477; x_wconf 88' lang='lat' dir='ltr'>est;</span> <span class='ocrx_word' id='word_1_712' title='bbox 1636 5409 1737 5465; x_wconf 89' lang='lat' dir='ltr'>sed</span> <span class='ocrx_word' id='word_1_713' title='bbox 1766 5409 1997 5465; x_wconf 90' lang='lat' dir='ltr'>deserat</span> 
     </span>
    </p>
   </div>
   <div class='ocr_carea' id='block_1_101' title="bbox 347 5493 1998 5572">
    <p class='ocr_par' dir='ltr' id='par_1_101' title="bbox 347 5493 1998 5572">
     <span class='ocr_line' id='line_1_101' title="bbox 347 5493 1998 5572; baseline -0.002 -16"><span class='ocrx_word' id='word_1_714' title='bbox 347 5497 568 5572; x_wconf 88' lang='lat' dir='ltr'>peccati</span> <span class='ocrx_word' id='word_1_715' title='bbox 601 5493 984 5558; x_wconf 89' lang='lat' dir='ltr'>consortium,</span> <span class='ocrx_word' id='word_1_716' title='bbox 1025 5499 1082 5549; x_wconf 88' lang='lat' dir='ltr'>et</span> <span class='ocrx_word' id='word_1_717' title='bbox 1134 5499 1454 5551; x_wconf 88' lang='lat' dir='ltr'>revertatur</span> <span class='ocrx_word' id='word_1_718' title='bbox 1482 5497 1554 5552; x_wconf 89' lang='lat' dir='ltr'>ad</span> <span class='ocrx_word' id='word_1_719' title='bbox 1586 5496 1905 5563; x_wconf 89' lang='lat' dir='ltr'>Christum,</span> <span class='ocrx_word' id='word_1_720' title='bbox 1940 5501 1998 5554; x_wconf 92' lang='lat' dir='ltr'>et</span> 
     </span>
    </p>
   </div>
   <div class='ocr_carea' id='block_1_102' title="bbox 343 5580 1992 5655">
    <p class='ocr_par' dir='ltr' id='par_1_102' title="bbox 343 5580 1992 5655">
     <span class='ocr_line' id='line_1_102' title="bbox 343 5580 1992 5655; baseline -0.001 -12"><span class='ocrx_word' id='word_1_721' title='bbox 343 5589 522 5643; x_wconf 90' lang='lat' dir='ltr'>vitam</span> <span class='ocrx_word' id='word_1_722' title='bbox 554 5600 726 5642; x_wconf 90' lang='lat' dir='ltr'>suam</span> <span class='ocrx_word' id='word_1_723' title='bbox 748 5582 919 5649; x_wconf 90' lang='lat' dir='ltr'>vivat,</span> <span class='ocrx_word' id='word_1_724' title='bbox 943 5580 1503 5638; x_wconf 89' lang='lat' dir='ltr'>sicutconfessarius</span> <span class='ocrx_word' id='word_1_725' title='bbox 1522 5583 1683 5640; x_wconf 90' lang='lat' dir='ltr'>illius</span> <span class='ocrx_word' id='word_1_726' title='bbox 1713 5586 1992 5655; x_wconf 91' lang='lat' dir='ltr'>docuerit,</span> 
     </span>
    </p>
   </div>
   <div class='ocr_carea' id='block_1_103' title="bbox 347 5664 1728 5745">
    <p class='ocr_par' dir='ltr' id='par_1_103' title="bbox 347 5664 1728 5745">
     <span class='ocr_line' id='line_1_103' title="bbox 347 5664 1728 5745; baseline -0.001 -15"><span class='ocrx_word' id='word_1_727' title='bbox 347 5679 407 5731; x_wconf 87' lang='lat' dir='ltr'>et</span> <span class='ocrx_word' id='word_1_728' title='bbox 435 5664 885 5745; x_wconf 85' lang='lat' dir='ltr'>diligentissime</span> <span class='ocrx_word' id='word_1_729' title='bbox 915 5669 1125 5726; x_wconf 89' lang='lat' dir='ltr'>deinde</span> <span class='ocrx_word' id='word_1_730' title='bbox 1152 5669 1429 5726; x_wconf 89' lang='lat' dir='ltr'>delictum</span> <span class='ocrx_word' id='word_1_731' title='bbox 1459 5672 1728 5743; x_wconf 87' lang='lat' dir='ltr'>corrigat.</span> 
     </span>
    </p>
   </div>
   <div class='ocr_carea' id='block_1_104' title="bbox 2102 4769 2535 4825">
    <p class='ocr_par' dir='ltr' id='par_1_104' title="bbox 2102 4769 2535 4825">
     <span class='ocr_line' id='line_1_104' title="bbox 2102 4769 2535 4825; baseline -0.002 0"><span class='ocrx_word' id='word_1_732' title='bbox 2102 4769 2311 4825; x_wconf 89' lang='lat' dir='ltr'>lictum</span> <span class='ocrx_word' id='word_1_733' title='bbox 2339 4785 2535 4824; x_wconf 92' lang='lat' dir='ltr'>suum.</span> 
     </span>
    </p>
   </div>
   <div class='ocr_carea' id='block_1_105' title="bbox 2128 4848 3723 4931">
    <p class='ocr_par' dir='ltr' id='par_1_105' title="bbox 2128 4848 3723 4931">
     <span class='ocr_line' id='line_1_105' title="bbox 2128 4848 3723 4931; baseline -0.005 -17"><span class='ocrx_word' id='word_1_734' title='bbox 2128 4848 2131 4851; x_wconf 62' lang='grc'><em>’</em></span> <span class='ocrx_word' id='word_1_735' title='bbox 2173 4858 2468 4914; x_wconf 86' lang='lat' dir='ltr'><strong>XXXVIII.</strong></span> <span class='ocrx_word' id='word_1_736' title='bbox 2503 4857 2562 4913; x_wconf 89' lang='lat' dir='ltr'><strong>Si</strong></span> <span class='ocrx_word' id='word_1_737' title='bbox 2595 4856 2728 4929; x_wconf 92' lang='lat' dir='ltr'>quis</span> <span class='ocrx_word' id='word_1_738' title='bbox 2760 4857 3022 4930; x_wconf 91' lang='lat' dir='ltr'>seipsum</span> <span class='ocrx_word' id='word_1_739' title='bbox 3066 4858 3303 4931; x_wconf 88' lang='lat' dir='ltr'>propria</span> <span class='ocrx_word' id='word_1_740' title='bbox 3341 4859 3415 4913; x_wconf 91' lang='lat' dir='ltr'>de</span> <span class='ocrx_word' id='word_1_741' title='bbox 3457 4855 3723 4912; x_wconf 84' lang='lat' dir='ltr'>voluntate</span> 
     </span>
    </p>
   </div>
   <div class='ocr_carea' id='block_1_106' title="bbox 2104 4942 3723 5020">
    <p class='ocr_par' dir='ltr' id='par_1_106' title="bbox 2104 4942 3723 5020">
     <span class='ocr_line' id='line_1_106' title="bbox 2104 4942 3723 5020; baseline -0.005 -16"><span class='ocrx_word' id='word_1_742' title='bbox 2104 4947 2346 5020; x_wconf 87' lang='lat' dir='ltr'>polluat,</span> <span class='ocrx_word' id='word_1_743' title='bbox 2370 4947 2602 5019; x_wconf 79' lang='lat' dir='ltr'>jejunet</span> <span class='ocrx_word' id='word_1_744' title='bbox 2630 4946 2821 5003; x_wconf 89' lang='lat' dir='ltr'>tribus</span> <span class='ocrx_word' id='word_1_745' title='bbox 2855 4947 3026 5002; x_wconf 90' lang='lat' dir='ltr'>annis</span> <span class='ocrx_word' id='word_1_746' title='bbox 3049 4971 3064 5015; x_wconf 85' lang='lat'><strong>;</strong></span> <span class='ocrx_word' id='word_1_747' title='bbox 3097 4946 3360 5019; x_wconf 84' lang='lat' dir='ltr'>quolibet</span> <span class='ocrx_word' id='word_1_748' title='bbox 3387 4942 3573 5001; x_wconf 66' lang='lat' dir='ltr'>tribu&#39;s</span> <span class='ocrx_word' id='word_1_749' title='bbox 3599 4957 3723 5015; x_wconf 87' lang='lat' dir='ltr'>qua-</span> 
     </span>
    </p>
   </div>
   <div class='ocr_carea' id='block_1_107' title="bbox 2103 5031 3722 5111">
    <p class='ocr_par' dir='ltr' id='par_1_107' title="bbox 2103 5031 3722 5111">
     <span class='ocr_line' id='line_1_107' title="bbox 2103 5031 3722 5111; baseline -0.006 -17"><span class='ocrx_word' id='word_1_750' title='bbox 2103 5036 2451 5111; x_wconf 86' lang='lat' dir='ltr'>dragesimis</span> <span class='ocrx_word' id='word_1_751' title='bbox 2479 5053 2629 5109; x_wconf 88' lang='lat' dir='ltr'>pane</span> <span class='ocrx_word' id='word_1_752' title='bbox 2657 5040 2715 5092; x_wconf 90' lang='lat' dir='ltr'>et</span> <span class='ocrx_word' id='word_1_753' title='bbox 2742 5053 2916 5109; x_wconf 90' lang='lat' dir='ltr'>aqua,</span> <span class='ocrx_word' id='word_1_754' title='bbox 2949 5041 3009 5092; x_wconf 86' lang='lat' dir='ltr'>et</span> <span class='ocrx_word' id='word_1_755' title='bbox 3036 5036 3330 5097; x_wconf 87' lang='lat' dir='ltr'>abstineat</span> <span class='ocrx_word' id='word_1_756' title='bbox 3357 5052 3394 5091; x_wconf 91' lang='lat' dir='ltr'>a</span> <span class='ocrx_word' id='word_1_757' title='bbox 3425 5049 3589 5091; x_wconf 88' lang='lat' dir='ltr'>carne</span> <span class='ocrx_word' id='word_1_758' title='bbox 3615 5031 3722 5087; x_wconf 86' lang='lat' dir='ltr'>sin-</span> 
     </span>
    </p>
   </div>
   <div class='ocr_carea' id='block_1_108' title="bbox 2103 5124 3111 5200">
    <p class='ocr_par' dir='ltr' id='par_1_108' title="bbox 2103 5124 3111 5200">
     <span class='ocr_line' id='line_1_108' title="bbox 2103 5124 3111 5200; baseline -0.002 -18"><span class='ocrx_word' id='word_1_759' title='bbox 2103 5126 2258 5200; x_wconf 89' lang='lat' dir='ltr'>gulis</span> <span class='ocrx_word' id='word_1_760' title='bbox 2289 5126 2518 5192; x_wconf 88' lang='lat' dir='ltr'>diebus,</span> <span class='ocrx_word' id='word_1_761' title='bbox 2547 5128 2784 5199; x_wconf 82' lang='lat' dir='ltr'>excepto</span> <span class='ocrx_word' id='word_1_762' title='bbox 2813 5125 2908 5181; x_wconf 91' lang='lat' dir='ltr'>die</span> <span class='ocrx_word' id='word_1_763' title='bbox 2939 5124 3111 5183; x_wconf 92' lang='lat' dir='ltr'>Solis.</span> 
     </span>
    </p>
   </div>
   <div class='ocr_carea' id='block_1_109' title="bbox 2172 5217 3724 5294">
    <p class='ocr_par' dir='ltr' id='par_1_109' title="bbox 2172 5217 3724 5294">
     <span class='ocr_line' id='line_1_109' title="bbox 2172 5217 3724 5294; baseline -0.007 -15"><span class='ocrx_word' id='word_1_764' title='bbox 2172 5222 2408 5279; x_wconf 82' lang='lat' dir='ltr'><strong>XXXIX.</strong></span> <span class='ocrx_word' id='word_1_765' title='bbox 2441 5222 2499 5278; x_wconf 92' lang='lat' dir='ltr'><strong>Si</strong></span> <span class='ocrx_word' id='word_1_766' title='bbox 2533 5221 2665 5294; x_wconf 89' lang='lat' dir='ltr'>quis</span> <span class='ocrx_word' id='word_1_767' title='bbox 2702 5222 2885 5277; x_wconf 89' lang='lat' dir='ltr'>alium</span> <span class='ocrx_word' id='word_1_768' title='bbox 2930 5221 3206 5277; x_wconf 81' lang='lat' dir='ltr'>veneﬁcio</span> <span class='ocrx_word' id='word_1_769' title='bbox 3254 5220 3503 5289; x_wconf 81' lang='lat' dir='ltr'>occidat,</span> <span class='ocrx_word' id='word_1_770' title='bbox 3523 5217 3724 5291; x_wconf 87' lang='lat' dir='ltr'>jejunet</span> 
     </span>
    </p>
   </div>
   <div class='ocr_carea' id='block_1_110' title="bbox 2105 5304 3721 5386">
    <p class='ocr_par' dir='ltr' id='par_1_110' title="bbox 2105 5304 3721 5386">
     <span class='ocr_line' id='line_1_110' title="bbox 2105 5304 3721 5386; baseline -0.007 -17"><span class='ocrx_word' id='word_1_771' title='bbox 2105 5317 2328 5386; x_wconf 89' lang='lat' dir='ltr'>septem</span> <span class='ocrx_word' id='word_1_772' title='bbox 2359 5327 2569 5377; x_wconf 90' lang='lat' dir='ltr'>annos,</span> <span class='ocrx_word' id='word_1_773' title='bbox 2600 5315 2721 5368; x_wconf 79' lang='lat' dir='ltr'>tres</span> <span class='ocrx_word' id='word_1_774' title='bbox 2752 5327 2902 5382; x_wconf 90' lang='lat' dir='ltr'>pane</span> <span class='ocrx_word' id='word_1_775' title='bbox 2930 5314 2989 5365; x_wconf 91' lang='lat' dir='ltr'>et</span> <span class='ocrx_word' id='word_1_776' title='bbox 3018 5326 3192 5382; x_wconf 91' lang='lat' dir='ltr'>aqua,</span> <span class='ocrx_word' id='word_1_777' title='bbox 3223 5314 3282 5365; x_wconf 88' lang='lat' dir='ltr'>et</span> <span class='ocrx_word' id='word_1_778' title='bbox 3312 5313 3563 5381; x_wconf 87' lang='lat' dir='ltr'>quatuor</span> <span class='ocrx_word' id='word_1_779' title='bbox 3599 5304 3721 5360; x_wconf 83' lang='lat' dir='ltr'>alios</span> 
     </span>
    </p>
   </div>
   <div class='ocr_carea' id='block_1_111' title="bbox 2104 5398 3719 5470">
    <p class='ocr_par' dir='ltr' id='par_1_111' title="bbox 2104 5398 3719 5470">
     <span class='ocr_line' id='line_1_111' title="bbox 2104 5398 3719 5470; baseline -0.001 -14"><span class='ocrx_word' id='word_1_780' title='bbox 2104 5417 2289 5456; x_wconf 90' lang='lat' dir='ltr'>annos</span> <span class='ocrx_word' id='word_1_781' title='bbox 2312 5399 2503 5455; x_wconf 88' lang='lat' dir='ltr'>tribus</span> <span class='ocrx_word' id='word_1_782' title='bbox 2525 5399 2730 5455; x_wconf 89' lang='lat' dir='ltr'>diebus</span> <span class='ocrx_word' id='word_1_783' title='bbox 2753 5415 2856 5470; x_wconf 90' lang='lat' dir='ltr'>per</span> <span class='ocrx_word' id='word_1_784' title='bbox 2870 5398 3302 5455; x_wconf 89' lang='lat' dir='ltr'>hebdomadam</span> <span class='ocrx_word' id='word_1_785' title='bbox 3318 5413 3471 5469; x_wconf 89' lang='lat' dir='ltr'>pane</span> <span class='ocrx_word' id='word_1_786' title='bbox 3489 5401 3546 5452; x_wconf 91' lang='lat' dir='ltr'>et</span> <span class='ocrx_word' id='word_1_787' title='bbox 3565 5407 3719 5467; x_wconf 76' lang='lat' dir='ltr'>aqua;</span> 
     </span>
    </p>
   </div>
   <div class='ocr_carea' id='block_1_112' title="bbox 2104 5488 2665 5561">
    <p class='ocr_par' dir='ltr' id='par_1_112' title="bbox 2104 5488 2665 5561">
     <span class='ocr_line' id='line_1_112' title="bbox 2104 5488 2665 5561; baseline -0.005 -16"><span class='ocrx_word' id='word_1_788' title='bbox 2104 5494 2161 5545; x_wconf 93' lang='lat' dir='ltr'>et</span> <span class='ocrx_word' id='word_1_789' title='bbox 2189 5488 2386 5561; x_wconf 90' lang='lat' dir='ltr'>lugeat</span> <span class='ocrx_word' id='word_1_790' title='bbox 2416 5503 2665 5559; x_wconf 90' lang='lat' dir='ltr'>semper.</span> 
     </span>
    </p>
   </div>
   <div class='ocr_carea' id='block_1_113' title="bbox 2173 5583 3718 5659">
    <p class='ocr_par' dir='ltr' id='par_1_113' title="bbox 2173 5583 3718 5659">
     <span class='ocr_line' id='line_1_113' title="bbox 2173 5583 3718 5659; baseline -0.005 -17"><span class='ocrx_word' id='word_1_791' title='bbox 2173 5587 2281 5642; x_wconf 86' lang='lat' dir='ltr'><strong>XL.</strong></span> <span class='ocrx_word' id='word_1_792' title='bbox 2319 5586 2377 5642; x_wconf 92' lang='lat' dir='ltr'><strong>Si</strong></span> <span class='ocrx_word' id='word_1_793' title='bbox 2411 5586 2542 5657; x_wconf 90' lang='lat' dir='ltr'>quis</span> <span class='ocrx_word' id='word_1_794' title='bbox 2572 5585 2795 5641; x_wconf 92' lang='lat' dir='ltr'>homini</span> <span class='ocrx_word' id='word_1_795' title='bbox 2825 5583 3101 5658; x_wconf 86' lang='lat' dir='ltr'>paxillum</span> <span class='ocrx_word' id='word_1_796' title='bbox 3132 5584 3365 5659; x_wconf 86' lang='lat' dir='ltr'>infigat,</span> <span class='ocrx_word' id='word_1_797' title='bbox 3385 5585 3606 5656; x_wconf 86' lang='lat' dir='ltr'>jejunet</span> <span class='ocrx_word' id='word_1_798' title='bbox 3624 5585 3718 5636; x_wconf 84' lang='lat' dir='ltr'>tres</span> 
     </span>
    </p>
   </div>
   <div class='ocr_carea' id='block_1_114' title="bbox 2105 5672 3720 5747">
    <p class='ocr_par' dir='ltr' id='par_1_114' title="bbox 2105 5672 3720 5747">
     <span class='ocr_line' id='line_1_114' title="bbox 2105 5672 3720 5747; baseline -0.002 -17"><span class='ocrx_word' id='word_1_799' title='bbox 2105 5691 2290 5731; x_wconf 85' lang='lat' dir='ltr'>annos</span> <span class='ocrx_word' id='word_1_800' title='bbox 2307 5691 2320 5742; x_wconf 91' lang='lat'><strong>;</strong></span> <span class='ocrx_word' id='word_1_801' title='bbox 2335 5689 2520 5729; x_wconf 91' lang='lat' dir='ltr'>unum</span> <span class='ocrx_word' id='word_1_802' title='bbox 2541 5690 2691 5746; x_wconf 91' lang='lat' dir='ltr'>pane</span> <span class='ocrx_word' id='word_1_803' title='bbox 2713 5678 2770 5732; x_wconf 87' lang='lat' dir='ltr'>et</span> <span class='ocrx_word' id='word_1_804' title='bbox 2790 5691 2962 5747; x_wconf 91' lang='lat' dir='ltr'>aqua,</span> <span class='ocrx_word' id='word_1_805' title='bbox 2979 5676 3036 5729; x_wconf 90' lang='lat' dir='ltr'>et</span> <span class='ocrx_word' id='word_1_806' title='bbox 3050 5673 3199 5730; x_wconf 90' lang='lat' dir='ltr'>duos</span> <span class='ocrx_word' id='word_1_807' title='bbox 3215 5673 3410 5730; x_wconf 86' lang='lat' dir='ltr'>tribus</span> <span class='ocrx_word' id='word_1_808' title='bbox 3424 5672 3623 5729; x_wconf 85' lang='lat' dir='ltr'>diebus</span> <span class='ocrx_word' id='word_1_809' title='bbox 3641 5680 3720 5741; x_wconf 78' lang='lat' dir='ltr'>per</span> 
     </span>
    </p>
   </div>
  </div>
