3810 6214
53 287 141 346 521
695 279 1374 344 ANGLO-SAXONUM
1424 279 1557 339 ΗΕ(

1906 279 1990 338 ES
2032 279 2682 343 ΕΟΟΕΕΞΙΑδΊῚΕιΕ.
3268 364 3271 365 ν
3292 287 3410 350 522

102 418 210 489 E30
234 414 457 472 Alfenus
486 414 602 471 dux
629 412 809 475 adfui.
854 460 865 469 .
1830 410 1946 482 Ego
1977 410 2314 468 Britboldus
2342 413 2462 470 dux
2490 414 2710 487 aspexi.

107 505 206 578 Ego
232 503 590 560 Atbelwinus
619 503 738 561 dux
762 501 947 559 astiti.
1828 498 1899 554 Et
1926 498 2047 556 alii.

54 633 1798 653 “mo—Mm

376 775 741 862 LEGES
796 768 1789 860 'P‘RE‘SBYTERORUM
1853 770 3038 868 NORTHUMBRENSIUM

281 957 437 1017 Cum
486 954 569 1023 ad
619 971 822 1017 mores
866 969 1084 1015 eorum
1135 949 1565 1030 corrigendos,
1622 952 1762 1010 tum

1633 952 1762 1010 tum
1812 948 1897 1010 ad
1954 948 2237 1031 ipsarum
2292 952 2638 1016 miniatetia
2686 952 3137 1037 promovenda.

1016 1113 1134 1186 ⁸(Εειε
1158 1127 1261 1167 ms.
1293 1109 1418 1167 coll.
1452 1108 1618 1180 Corp.
1651 1107 1777 1164 Chr.
1814 1107 2069 1165 Cantabr.
2099 1111 2157 1165 S.
2190 1112 2374 1184 xviri.)

1490 1258 1917 1271 ψ*

112 1392 146 1440 ι.
175 1383 229 1439 Si
253 1382 381 1457 quis
409 1382 746 1456 presbytero
767 1380 942 1441 alicui
975 1381 1254 1455 injuriam
1275 1379 1534 1452 aliquam
1567 1377 1652 1432 in—
1681 1376 1736 1443 Α
1765 1376 2041 1444 obtineat,
2066 1377 2252 1435 solvat
2278 1397 2357 1436 xu
2383 1396 2537 1451 oras,
2554 1382 2921 1441 etdiaoonus
2944 1398 2997 1441 vx
3019 1400 3180 1456 oras;
3206 1391 3271 1446 et
3284 1398 3423 1461 per.

53 1474 229 1541 tulerit,
256 1488 454 1531 omnes
476 1470 627 1535 socii
656 1472 787 1545 ejus
812 1487 951 1527 cum
981 1470 1198 1528 auxilio
1230 1468 1487 1542 episcopi
1518 1465 1650 1523 dili-
1762 1466 1905 1522 dant
1934 1468 2199 1527 ordinem
2231 1487 2428 1536 suum,
2452 1469 2567 1526 nisi
2582 1470 2953 1533 discessione
2978 1474 3296 1549 episeopo:
3315 1486 3420 1535 α·-

51 1566 214 1636 genter
239 1561 768 1634 compensationem
791 1564 1016 1631 curent,
1036 1564 1095 1615 et
1114 1559 1236 1615 sint
1256 1558 1327 1615 ad
1351 1557 1651 1630 quodcun-
1764 1555 1960 1612 dinem
1996 1556 2113 1613 illis
2148 1557 2598 1616 conﬁrmaverit.

52 1668 141 1723 quc
155 1652 367 1726 justum
396 1646 755 1718 faciendum,
791 1648 874 1706 uti
917 1650 1204 1722 scriptum
1238 1651 1353 1716 est,
1377 1648 1537 1720 quasi
1563 1661 1656 1701 cor
1832 1645 1983 1701 XIII.
2014 1646 2077 1702 Si
2105 1647 2408 1720 presbyter
2428 1648 2487 1705 in
2518 1665 2634 1707 non
2657 1651 3015 1709 consecratis
3036 1652 3267 1714 edibus
3285 1656 3423 1714 mis-

56 1758 191 1796 ιιιιιιιιι
215 1748 260 1795 ει
284 1741 469 1801 auiam
502 1756 637 1801 una.
846 1790 849 1799 ,
1765 1751 1892 1790 sam
1924 1734 2197 1807 celebret,
2231 1734 2418 1793 solvat
2446 1755 2521 1793 xu
2553 1754 2707 1793 oras.

113 1829 165 1887 ll.
193 1829 249 1889 Et
291 1829 502 1902 [quasi]
542 1828 649 1885 Dei
696 1828 1082 1886 interdictum
1142 1825 1545 1901 prohibemus,
1590 1840 1617 1879 υ

1916 1823 1973 1879 ν.
2008 1823 2067 1881 Si
2098 1825 2403 1898 presbyter
2432 1830 2597 1884 extra
2631 1833 3035 1891 consecutum
3067 1831 3251 1892 altare
3280 1834 3420 1893 mis-

62 1918 215 1975 nullus
241 1919 507 1977 sacerdos
538 1918 626 1976 vel
656 1922 816 1977 emat
842 1917 1085 1975 alterius
1117 1915 1421 1974 ecclesiam
1450 1912 1539 1970 vel
1566 1929 1655 1969 re-
1768 1929 1894 1968 sam
1927 1912 2199 1980 celebret,
2230 1913 2418 1971 solvat
2452 1932 2531 1971 xu
2562 1933 2714 1973 oras.

65 2007 214 2080 cipiat,
242 2006 346 2067 nisi
392 2007 446 2064 is
490 2006 731 2081 capitali
776 2006 1025 2069 crimine
1072 2004 1346 2073 eii‘ecerit,
1375 2008 1440 2063 ut
1489 2000 1657 2067 altari
1836 2001 1952 2059 XV.
1982 2002 2042 2059 Si
2074 2003 2377 2076 presbyter
2422 2004 2485 2061 in
2538 2004 2732 2078 ligneo
2779 2005 2961 2065 calice
2988 2009 3419 2071 Eucharist

63 2095 296 2152 deservire
322 2096 711 2168 impostcrum
744 2095 961 2168 dignus
1000 2111 1114 2151 non
1146 2098 1318 2149 esset.
1345 2093 1413 2148 Et
1444 2090 1494 2147 si
1525 2089 1659 2163 quis
1768 2096 2086 2159 consecret,
2113 2090 2301 2149 solvat
2328 2110 2407 2148 xu
2441 2110 2593 2163 oras,

66 2184 309 2258 presbyter
361 2183 723 2240 contrarium
781 2184 1001 2250 fecerit,
1043 2184 1253 2257 perdat
1309 2180 1658 2255 dignitatem
1837 2179 1930 2237 XV
1938 2180 1978 2236 Ι.
2013 2180 2072 2236 Si
2102 2181 2407 2255 presbyter
2434 2183 2660 2257 absque
2690 2183 2822 2240 vino
2865 2183 3111 2245 missam
3150 2187 3419 2260 celebret,

62 2289 195 2329 suam
218 2277 271 2328 et
302 2273 595 2330 sociorum
646 2289 892 2331 suorum
940 2272 1299 2339 amicitiam;
1345 2276 1403 2326 et
1452 2266 1659 2325 nul-libi
1769 2267 1956 2325 solvat
1983 2287 2062 2326 xu
2089 2286 2243 2327 oras.

65 2362 257 2416 missam
285 2361 553 2431 celebret,
586 2363 770 2417 donec
819 2360 1081 2417 obtineat
1125 2377 1255 2416 eam
1304 2359 1355 2415 is
1386 2357 1486 2431 qui
1526 2357 1661 2429 jure
1839 2358 2006 2414 XVII.
2039 2358 2100 2414 Si
2131 2360 2434 2433 presbyter
2477 2364 2742 2418 sanctam
2774 2364 3208 2425 Euehariatiam
3240 2367 3421 2441 negli-

66 2450 190 2506 illam
216 2451 496 2524 possidere
547 2450 777 2520 debeat,
806 2454 867 2509 et
897 2449 1087 2508 solvat
1132 2449 1183 2505 is
1234 2449 1334 2521 qui
1381 2448 1437 2504 in
1438 2446 1659 2519 juriam
1766 2451 1888 2522 gat,
1920 2446 2106 2505 solvat
2133 2466 2212 2507 xu
2243 2466 2398 2507 oras.

68 2538 187 2607 fecit,
210 2557 275 2595 xx
302 2557 427 2597 oras
458 2540 756 2614 episcopo,
787 2557 866 2597 xu
898 2556 1032 2597 oras
1070 2537 1363 2595 sacerdoti
1391 2553 1563 2609 quem
1590 2551 1663 2592 ex
1839 2537 2030 2593 XVIII.
2059 2537 2115 2592 Si
2148 2538 2451 2610 presbyter
2472 2540 2686 2612 saepius
2706 2557 2887 2613 quam
2908 2546 3000 2603 ter
3026 2560 3142 2603 uno
3166 2544 3259 2601 die
3276 2545 3420 2605 mis-

70 2627 264 2685 ecclesia
287 2646 391 2686 sua
416 2629 612 2703 ejecit,
641 2646 721 2685 xu
749 2646 883 2687 oras
913 2629 1190 2685 omnibus
1221 2626 1416 2694 sociis,
1451 2628 1508 2682 et
1539 2641 1662 2700 per-
1770 2643 1897 2683 sam
1930 2625 2201 2695 celebret,
2226 2626 2415 2685 solvat
2442 2645 2519 2685 ni
2546 2645 2701 2687 oras.

72 2717 145 2773 dat
169 2718 321 2775 etiam
362 2718 675 2795 pecuniam
723 2717 908 2788 illam,
941 2718 993 2773 si
1023 2718 1239 2810 injuste
1287 2715 1510 2810 aliquid
1546 2730 1662 2810 pro
1691 2745 1738 2810 Β
1840 2714 1980 2810 XIX.
2016 2714 2074 2771 Si
2106 2715 2240 2787 quis
2273 2714 2752 2810 ecclesiasticam
2801 2736 3004 2791 pacem
3038 2720 3232 2794 violet,
3262 2740 3420 2785 com-

74 2805 265 2867 alterius
290 2807 603 2883 presbyteri
642 2806 887 2867 ecclesia
928 2805 1168 2864 dederit.
1202 2801 1457 2873 Quilibet
1483 2803 1660 2861 etiam
1691 2801 1735 2810 ”
1771 2807 1975 2877 penset
2010 2822 2114 2879 pro
2171 2804 2428 2865 ecclesia:
2459 2806 2747 2880 dignitate
2786 2812 2846 2866 et
2893 2825 3000 2883 pro
3049 2811 3422 2873 immunitate

73 2897 292 2955 sacerdos
318 2897 571 2955 inveniat
600 2896 713 2957 sibi
741 2914 819 2953 ιιι
853 2895 1286 2968 ﬁdejussiones,
1308 2892 1463 2967 quod
1501 2891 1661 2966 leges
1770 2895 1918 2966 ejus.

76 2984 480 3057 presbyterorum
510 2986 707 3042 debite
739 2985 1050 3042 observare
1077 2982 1233 3041 velit.
1839 2982 1952 3039 XX.
1984 2981 2045 3041 Si
2078 2982 2215 3057 quis
2261 3000 2396 3041 cum
2426 2982 2674 3043 ecclesia
2712 2991 3104 3049 mercaturam
3130 2994 3416 3063 exerceat,

127 3072 200 3128 III.
230 3073 291 3129 Et
315 3074 362 3130 si
392 3074 527 3148 quis
557 3074 832 3133 sacerdos
862 3073 1187 3146 delinquat,
1212 3088 1277 3128 ac
1308 3075 1511 3128 contra
1536 3069 1660 3142 epi-
1770 3077 2110 3145 compenset
2138 3089 2369 3146 poenam
2394 3071 2615 3133 violatas
2643 3071 2817 3153 legis.

75 3161 197 3232 scopi
215 3164 537 3223 mandatum
562 3164 810 3221 missam
831 3161 1102 3232 celebret,
1127 3160 1311 3220 solvat
1329 3178 1433 3234 pro
1455 3164 1663 3230 [trans-
1840 3162 1978 3217 XXI.
2013 3160 2072 3217 Si
2107 3159 2240 3234 quis
2280 3160 2588 3221 ecclesiam
2636 3164 2984 3227 necessariis
3035 3166 3160 3227 suis
3205 3169 3419 3228 servire

75 3249 336 3324 gressione]
367 3253 624 3312 meudati
654 3251 817 3310 illius
842 3269 915 3325 xx
944 3268 1077 3308 oras
1091 3256 1197 3321 “at
1226 3251 1299 3307 ad
1329 3250 1450 3307 haec
1486 3248 1661 3305 etiam
1773 3250 1965 3318 faciat,
1996 3256 2335 3325 compenset
2362 3251 2474 3309 hoc
2500 3268 2675 3324 poma
2702 3252 2927 3313 violata!
2957 3254 3125 3329 legis.

76 3336 298 3397 delictum
326 3340 464 3398 illud
496 3344 839 3417 compenset
867 3341 1023 3413 quod
1056 3345 1227 3396 antea
1254 3339 1524 3412 patravit.
1843 3340 2007 3397 XXII.
2041 3340 2100 3396 Si
2147 3340 2280 3412 quis
2326 3341 2735 3414 presbyterum
2783 3342 3005 3417 injuste
3063 3363 3135 3404 ex
3177 3347 3425 3409 cecinit

125 3426 197 3483 ιν.
226 3428 278 3485 Si
307 3431 605 3506 presbyter
642 3429 900 3509 episcOpi
944 3429 1249 3503 preprium
1279 3427 1535 3487 edictum
1564 3444 1662 3484 ne-
1773 3429 2024 3502 ejecerit,
2058 3434 2398 3503 compensat
2426 3429 2535 3493 hoc
2564 3447 2738 3503 pcnna
2765 3430 2988 3497 vialatai
3016 3433 3185 3507 legis.

75 3513 234 3597 Eligilt,
262 3518 434 3583 SOlvat
462 3538 537 3577 xx
569 3536 726 3577 oras.
1843 3518 2036 3576 XXIII.
2071 3518 2132 3576 Si
2162 3517 2298 3591 quis
2326 3519 2733 3592 presbyterum
2764 3519 3050 3592 vulnerat,
3078 3534 3423 3598 campana-

126 3600 177 3659 V.
204 3607 255 3662 Si
283 3610 575 3685 presbyter
614 3608 903 3667 tributum
949 3606 1114 3664 Iaicis
1144 3607 1241 3664 det
1287 3607 1443 3680 quod
1483 3605 1665 3663 sacris
1774 3613 1872 3665 tur
1908 3624 2050 3665 cura
2095 3606 2379 3675 vulneris,
2409 3611 2468 3664 et
2494 3608 2570 3664 ad
2631 3609 3166 3682 compensationem
3223 3613 3426 3675 altaris

76 3691 270 3753 initiatis
296 3699 556 3777 debebat,
592 3696 778 3756 solvat
807 3715 880 3754 xx
911 3714 1064 3754 oras.
1566 3766 1571 3771 ί
1630 3768 1635 3771 τ
1774 3700 2009 3771 propter
2039 3695 2303 3753 ordinem
2334 3695 2495 3753 illius
2517 3697 2732 3753 dentur
2759 3714 2839 3755 xu
2869 3717 3011 3770 orae;
3044 3717 3148 3775 pro
3177 3702 3425 3777 diacono

128 3782 203 3838 Vl.
232 3785 286 3841 Si
312 3772 613 3863 presbyter
653 3786 1046 3843 archidiaconi
1079 3782 1337 3842 edicttim
1388 3783 1665 3859 negligat,
1776 3805 1830 3844 γι
1862 3804 1975 3844 orae
2006 3786 2077 3859 ad
2109 3785 2314 3843 altaris
2342 3787 2899 3860 compensationem.
3046 3772 3063 3775 —
3322 3844 3327 3849 .

81 3870 221 3930 solvat
245 3892 313 3932 xu
339 3894 489 3934 oras.
1847 3875 2036 3934 XXIV.
2071 3875 2132 3933 Si
2185 3875 2320 3951 quis
2367 3877 2774 3951 presbyterum
2821 3877 3121 3953 occiderit,
3171 3881 3430 3953 ωιηιω-

131 3961 225 4019 VII.
252 3964 305 4021 Si
344 3967 645 4041 presbyter
698 3965 961 4024 criminis
1020 3966 1097 4023 sit
1152 3982 1307 4036 reus,
1337 3968 1393 4022 et
1447 3965 1669 4039 absque
1778 3966 1951 4042 plena
2005 3965 2214 4040 capitis
2267 3965 2602 4039 aestimatio,
2633 3971 2690 4033 et
2741 3966 3017 4043 episeopo
3045 3984 3177 4035 xxiv
3223 3971 3427 4033 0min

83 4048 412 4111 archidiaconi
467 4055 660 4114 edicto
716 4055 959 4113 missam
1019 4052 1290 4127 celebret,
1352 4052 1535 4112 solvat
1591 4071 1669 4110 xu
1706 4118 1741 4129 _
1778 4054 1982 4113 altaris
2018 4054 2585 4127 compensationem;
2635 4072 2741 4129 pro
2790 4057 3038 4123 diacono
3082 4077 3163 4121 xu
3212 4060 3429 4123 armati

84 4153 198 4196 oras.
1700 4118 1743 4185 θ
1779 4145 1981 4203 altaris
2010 4144 2567 4218 compensationem.
2796 4208 2799 4213 ὗ
3392 4204 3399 4210 ,

133 4228 255 4289 Vill.
282 4232 335 4289 Si
364 4234 666 4308 presbyter
711 4232 1077 4308 baptismum
1110 4232 1195 4289 vel
1243 4232 1669 4297 confessionem
1851 4234 2012 4290 XXV.
2049 4234 2108 4290 Si
2166 4233 2471 4306 presbyter
2527 4233 2835 4303 ecclesiam
2894 4236 3216 4307 dedecoret,
3280 4238 3434 4301 unde

85 4321 343 4396 negaverit,
365 4328 701 4403 compenset
752 4322 864 4381 hoc
896 4342 931 4379 ιι
961 4321 1100 4390 oris,
1145 4327 1204 4379 et
1259 4322 1470 4381 saltem
1515 4323 1671 4396 apud
1782 4322 1978 4383 omnis
2005 4322 2134 4399 ejus
2165 4321 2351 4395 gloria
2380 4322 2519 4381 oriri
2549 4322 2740 4392 debet,
2774 4323 2884 4381 hoc
2912 4331 3271 4397 compensat.

85 4380 226 4464 Deirm
252 4380 562 4475 intercedat
590 4380 817 4470 sedulo.
1086 4380 1099 4390 I
1550 4380 1573 4396 ι
1792 4380 1805 4383 ἡ
1828 4380 1833 4381 7
1854 4380 2054 4470 XXVI:
2080 4410 2140 4468 Si
2165 4380 2474 4484 presbyter
2495 4427 2620 4468 rem
2644 4380 3011 4473 indecentem
3040 4380 3440 4478 iniecisti—asiam

138 4495 209 4553 LX.
236 4498 289 4556 Si
319 4502 795 4582 presbyterjusto
817 4505 1077 4579 tempore
1099 4498 1357 4557 chrisma
1387 4518 1502 4557 non
1524 4518 1677 4575 quaa-
1784 4502 2066 4577 posuerit,
2100 4500 2209 4558 hoc
2240 4503 2597 4573 compenset.
3394 4556 3397 4559 ,

87 4587 170 4650 rat,
197 4586 360 4649 solvat
384 4609 464 4651 xu
492 4608 651 4651 oras.
1856 4590 2074 4649 XXVII.
2108 4589 2168 4647 Si
2196 4589 2500 4663 presbyter
2529 4605 2650 4649 rem
2697 4588 2955 4651 ecclesias
3003 4590 3255 4664 ejecerit,
3290 4592 3440 4653 hanc

140 4677 196 4730 Χ.
221 4678 451 4744 Quilibet
474 4681 671 4759 infans
692 4684 922 4741 mature
950 4678 1275 4755 baptizetur
1302 4677 1456 4737 intra
1477 4697 1535 4737 ix
1554 4680 1680 4738 dies
1790 4682 2149 4754 compenset.

89 4762 173 4818 sub
194 4782 346 4841 pinna
371 4787 425 4828 γι
456 4787 731 4841 orarum;
782 4774 840 4829 et
885 4768 938 4826 si
984 4769 1181 4827 intans
1226 4785 1497 4844 paganus
1520 4768 1599 4843 [Ιι.
1629 4786 1678 4827 e.
1861 4769 2103 4827 XXVIII.
2136 4768 2196 4826 Si
2229 4769 2531 4842 presbyter
2558 4785 2668 4833 sua
2704 4773 2911 4842 sponte
2939 4770 3244 4837 ecclesiam
3275 4772 3441 4831 dese-

91 4850 268 4926 absque
293 4858 595 4932 baptismo]
636 4859 791 4923 intra
837 4874 898 4917 IX
946 4857 1071 4919 dies
1118 4874 1221 4931 per
1268 4858 1682 4932 negligentiam
1792 4866 1903 4931 rat,
1938 4861 1998 4916 in
2028 4876 2147 4932 qua
2175 4858 2479 4917 ordinatus
2508 4862 2654 4927 erat,
2687 4858 2797 4917 hoc
2825 4864 3184 4935 compenset.

93 4947 315 5002 mortuus
344 4947 433 5017 sit,
466 4949 779 5006 emendent
804 4948 1116 5021 [parentes]
1163 4948 1319 5020 apud
1365 4947 1551 5004 Deum
1581 4946 1683 5009 ab-
1864 4948 2052 5023 XXIX.
2086 4948 2145 5005 Si
2178 4948 2481 5021 presbyter
2506 4947 2690 5004 alium
2733 4949 3172 5024 contempserit,
3196 4950 3285 5008 vel
3305 4967 3443 5011 eum

94 5044 208 5102 sque
233 5034 437 5101 mulcto,
458 5039 791 5109 mundana;
820 5040 878 5096 et
906 5037 958 5095 si
1003 5054 1185 5112 supra
1229 5054 1286 5093 ix
1332 5036 1465 5094 dies
1487 5037 1684 5115 fuerit,
1795 5038 2046 5098 illuserit
2074 5039 2268 5107 verbo,
2301 5036 2389 5094 vel
2420 5036 2593 5106 facto,
2626 5036 2736 5094 hoc
2767 5043 3127 5113 compenset.
3158 5096 3167 5105 ,
3218 5098 3223 5105 ,
3276 5093 3287 5106 ,
3336 5089 3353 5103 ,
3394 5092 3407 5104 ,

95 5123 355 5204 emendant
381 5129 533 5203 apud
573 5130 779 5197 Deum,
805 5131 862 5185 et
905 5125 1134 5185 solvant
1162 5143 1243 5184 xu
1270 5143 1404 5197 oras
1434 5126 1688 5202 parocbo
1866 5127 2024 5185 XXX.
2058 5127 2117 5183 Si
2149 5126 2453 5199 presbyter
2498 5142 2634 5183 cum
2679 5125 2793 5183 alio
2837 5133 3078 5202 pugnet,
3111 5132 3448 5204 compenset

96 5202 163 5261 illi
184 5214 318 5285 quod
345 5216 611 5280 ethnicus
637 5217 844 5283 tandiu
875 5216 1073 5277 fuerit.
1796 5217 1849 5275 ei
1878 5220 1938 5273 et
1964 5231 2257 5289 θριεοοΡο·

98 5382 107 5392 .
251 5301 309 5359 Si
324 5307 633 5382 presbyter
668 5305 886 5383 populo
925 5305 1078 5365 male
1108 5305 1329 5367 indicat
1358 5306 1573 5379 festum
1604 5305 1690 5365 vel
1868 5304 2058 5363 XXXI.
2088 5303 2148 5360 Si
2180 5303 2483 5377 presbyter
2507 5302 2640 5362 aliis
2668 5304 2730 5362 in
2760 5322 2822 5365 re
2850 5304 3079 5379 iniusta
3103 5306 3319 5371 auxilio
3349 5306 3449 5377 ait,

90 5384 354 5464 Ieiunium,
405 5401 742 5471 compenset
799 5395 958 5470 apud
1014 5396 1225 5464 Deum,
1256 5398 1313 5453 et
1369 5395 1555 5455 solvat
1609 5412 1688 5463 xii
1799 5396 2139 5468 compenset
2168 5393 2301 5450 hoc.

102 5487 227 5534 oras.
377 5543 381 5546 ν
1726 5492 1773 5557 1)
1873 5484 2086 5542 XXXII.
2122 5482 2185 5539 Si
2215 5480 2519 5556 presbyter
2546 5480 2678 5540 aliis
2705 5482 2936 5557 justum
2962 5486 3247 5545 auxilium
3278 5481 3454 5539 dena-

148 5562 249 5629 XlI.
268 5570 323 5630 Si
350 5574 645 5653 presbyter
674 5576 894 5653 injuste
919 5580 1080 5634 extra
1101 5574 1399 5635 dioecesim
1425 5575 1692 5637 ordinem
1804 5579 1919 5655 get,
1952 5575 2063 5634 hoc
2098 5574 2458 5649 compenset.

369 5701 624 5773 PATROL.
673 5704 1057 5771 CXXXVIII.

3058 5700 3132 5765 17

3410 5444 3416 5451 ι
