3810 6214
372 295 487 354 523

1028 292 1364 352 APPEND.
1412 290 1513 351 AD
1557 289 1744 351 S/EC.
1791 290 1865 350 Χ.
1901 323 1976 334 -
2006 287 2507 350 MONUMENTA
2554 285 3109 349 DIPLOMATICA.

3647 285 3758 345 δεδι

384 476 387 481 .
438 425 680 481 XXXIII.
711 423 767 480 Si
798 424 1102 497 presbyter
1149 422 1329 479 alium
1377 441 1494 479 non
1542 423 1854 479 admoneat
1890 420 2017 491 ejus
2047 422 2100 489 Α
2131 420 2230 476 lite
2261 419 2575 493 negaverit,
2600 419 2959 492 accipiantur
2987 419 3040 475 ei
3071 418 3301 492 parium
3333 434 3573 475 suorum
3601 422 3764 490 quot-

364 517 520 588 quod
554 514 776 571 noverit
805 513 919 587 ipsi
960 513 1485 588 detrimentofore,
1518 512 1627 568 hoc
1659 515 2013 583 compenset.

432 602 671 661 XXXIV.
706 603 766 659 Si
797 586 1100 674 presbyter
1142 586 1386 658 barbam
1435 601 1519 657 vel
1555 618 1783 657 comam
1818 600 2018 655 radere

364 692 701 766 neglexerit,
732 695 1090 764 compensat.
1219 703 1223 707 ‘

432 782 645 838 XXXV.
671 782 732 839 Si
750 782 1067 854 presbyter
1087 782 1473 837 concubinam
1512 796 1680 839 suam
1708 778 2017 843 dimiserit,

365 876 423 927 et
453 871 632 927 aliam
664 870 971 943 acceperit,
1002 870 1317 927 anathema
1346 871 1440 925 sit.

437 960 675 1029 XXXVI.
708 960 767 1018 Si
813 961 1118 1033 presbyter
1162 960 1234 1015 ad
1283 964 1545 1031 tempora
1590 959 1909 1015 constituta
1940 959 2019 1013 vi-

369 1068 465 1107 ces
496 1067 609 1106 non
658 1049 872 1123 pulset,
905 1049 991 1104 vel
1054 1048 1229 1105 horas
1283 1066 1399 1103 non
1458 1053 1669 1117 cantet,
1706 1048 1813 1103 hoc
1863 1064 2019 1102 com-

368 1144 593 1213 penset.

437 1228 700 1285 XXXVII.
735 1227 794 1284 Si
826 1228 1128 1301 presbyter
1176 1244 1308 1283 cum
1364 1228 1546 1283 armis
1594 1225 1902 1283 ecclesiam
1934 1226 2021 1281 in-

368 1318 629 1389 traverit,
659 1318 769 1373 hoc
800 1321 1157 1389 compenset.

352 1446 361 1453 .
438 1406 729 1462 XXXVIII.
753 1407 809 1461 Si
840 1407 1144 1479 presbyter
1163 1405 1315 1462 male
1348 1404 1658 1461 absolverit
1688 1404 2020 1460 anniversa-

368 1496 524 1552 rium
554 1495 812 1553 ecclesiae
836 1495 1231 1552 ministerium
1264 1494 1515 1550 interdiu
1536 1494 1624 1549 vel
1657 1498 1855 1562 noctu,
1878 1492 2023 1548 illud

370 1589 730 1657 compenset.

441 1673 675 1729 XXXIX.
709 1674 768 1729 Si
803 1674 1109 1745 presbyter
1138 1672 1430 1728 ordalium
1464 1673 1614 1729 male
1643 1672 2020 1744 disposuerit,

373 1767 737 1835 compensat.

442 1852 558 1907 XL.
591 1852 651 1907 Si
682 1853 982 1925 presbyter
1010 1856 1311 1909 tonsuram
1346 1868 1515 1909 suam
1548 1851 1791 1921 obvelet,
1826 1867 2022 1906 emen-

374 1942 490 1997 det.

443 2030 584 2087 XLI.
619 2031 678 2087 Si
732 2024 1036 2104 presb'yter
1086 2031 1375 2100 ebriosus,
1427 2036 1530 2088 aut
1587 2029 1874 2098 scurrilis,
1926 2033 2028 2085 aut

2053 1798 2102 1863 B

2127 514 2268 583 quot
2298 509 2591 582 praedictis
2618 509 2749 565 aliis
2770 513 2860 567 est
2882 508 3171 567 indictum
3196 525 3210 563 :
3236 512 3297 565 et
3325 508 3374 565 si
3401 507 3455 563 is
3483 508 3759 579 defecerit,

2127 596 2427 655 lahslitam
2461 596 2697 671 pendito
2726 615 2807 653 xu
2837 614 2992 654 oras.

2197 686 2439 743 XLVIII.
2471 686 2526 742 Si
2569 688 2969 760 superstiosus
3018 686 3118 744 ille
3165 691 3511 758 conventus,
3541 687 3639 760 qui
3663 689 3765 758 fri-

2129 777 2322 847 thgcar
2348 776 2585 844 dicitur,
2607 776 2845 834 habitus
2878 776 3056 834 fuerit
3079 776 3141 832 in
3169 781 3326 834 terra
3355 776 3600 850 alicujus
3618 776 3765 834 circa

2128 866 2405 938 lapidem,
2437 867 2728 934 arborem,
2762 866 3002 935 fontem,
3035 866 3121 922 vel
3175 884 3365 940 nugas
3412 865 3558 921 alias
3600 866 3762 922 istius

2130 956 2310 1025 modi,
2353 956 2588 1028 pendat,
2621 955 2725 1028 qui
2772 956 2883 1013 hoc
2929 955 3146 1023 fecerit,
3178 955 3327 1027 legis
3356 954 3574 1012 violatae
3618 955 3762 1011 mul-

2130 1050 2305 1114 ctam,
2328 1044 2640 1101 dimidium
2684 1044 2937 1112 Christo,
2960 1045 3272 1101 dimidium
3313 1051 3481 1101 terra
3511 1044 3760 1109 domino;

2130 1139 2187 1190 et
2217 1134 2268 1191 si
2298 1138 2461 1190 terrae
2494 1134 2773 1191 dominus
2817 1134 3070 1191 noluerit
3105 1134 3390 1191 auxilium
3421 1134 3671 1207 przebere
3697 1135 3759 1189 ad

2130 1223 2239 1280 hoc
2270 1223 2699 1296 corrigendum,
2724 1223 2977 1279 habeant
2997 1222 3264 1281 Christus
3294 1228 3353 1280 et
3382 1240 3484 1279 rex
3514 1224 3761 1280 emcnda-

2130 1313 2367 1370 tionem.
3560 1387 3565 1391 ,

2202 1402 2389 1459 XLIX.
2419 1402 2807 1459 Mercaturam
2840 1403 2898 1459 in
2924 1403 3017 1460 die
3046 1402 3187 1460 solis
3211 1419 3496 1473 exercere,
3510 1408 3567 1459 et
3584 1403 3762 1459 curias

2132 1492 2345 1549 alicubi
2369 1491 2662 1549 celebrare
2680 1492 3081 1566 prohibemus,
3100 1492 3441 1566 opusetiam
3460 1493 3758 1566 quodlibet,

2133 1586 2189 1637 et
2218 1582 2618 1638 omnimodam
2648 1580 2993 1650 vectionem,
3020 1582 3140 1639 sive
3173 1583 3231 1638 in
3257 1582 3558 1655 plaustris,
3581 1582 3693 1639 sive
3714 1584 3760 1635 in

2132 1671 2321 1742 equis,
2338 1670 2457 1726 sive
2484 1671 2542 1725 in
2563 1670 2695 1726 aliis
2724 1671 3001 1727 oneribus
3031 1671 3306 1728 ferendis.
3322 1673 3432 1739 Qui
3454 1677 3647 1728 contra
3668 1673 3759 1727 hoc

2134 1759 2464 1831 deliquerit,
2496 1758 2643 1815 liber
2686 1758 2971 1816 mulctam
3019 1759 3206 1816 solvat
3249 1777 3327 1816 xu
3377 1776 3540 1831 oras;
3579 1778 3761 1818 servus

2136 1848 2363 1905 corium
2393 1849 2618 1920 perdat,
2646 1848 2703 1903 id
2735 1853 2825 1904 est
2854 1848 3105 1921 vapulet,
3130 1849 3187 1904 ni
3219 1850 3299 1905 sit
3325 1850 3510 1906 viator
3537 1851 3760 1907 necessi-

2133 1942 2251 1993 tate
2273 1938 2636 2011 compulsus,
2660 1937 2745 1993 vel
2777 1943 3014 2011 propter
3041 1938 3157 1994 cibi
3182 1940 3464 2012 inopiam,
3486 1945 3587 1995 aut
3603 1956 3761 1996 causa

2134 2026 2389 2084 evitandi
2423 2027 2714 2083 inimicos.
2749 2028 2813 2082 In
2842 2027 3059 2100 vigiliis
3102 2028 3385 2085 festorum
3423 2030 3672 2085 itinerari
3701 2046 3758 2084 ex

2135 2117 2480 2172 necessitate
2512 2116 2648 2172 licet
2693 2117 2844 2172 inter
2873 2117 3197 2173 Eboracum
3227 2122 3286 2174 et
3312 2135 3412 2175 sex
3460 2119 3592 2175 inde
3619 2118 3758 2175 mille

2135 2223 2349 2278 passus
2379 2209 2769 2262 mensuratos.

2208 2297 2272 2352 L.
2305 2295 2412 2362 Qui
2447 2296 2596 2351 festa
2625 2300 2728 2351 aut
2755 2296 2953 2352 debita
2971 2295 3199 2368 jejunia
3227 2296 3541 2368 violaverit,
3564 2300 3755 2355 moris

2136 2385 2279 2442 luat.
2368 2380 2377 2385 ’

2208 2475 2298 2530 LI.
2332 2474 2618 2530 Volumus
2650 2475 2825 2531 etiam
2859 2480 2924 2530 ut
2952 2475 3144 2531 omnis
3174 2477 3454 2533 denarius
3484 2478 3755 2533 Romanus

2136 2566 2363 2638 integre
2393 2564 2655 2620 solvatur
2695 2565 2768 2620 ad
2817 2564 3155 2622 cathedram
3208 2565 3590 2639 episcopalem
3638 2572 3757 2623 ante

2137 2654 2382 2711 missam
2409 2654 2596 2709 sancti
2615 2654 2768 2709 Petri
2785 2653 3120 2723 annuatim;
3145 2659 3204 2711 et
3222 2660 3501 2729 praeterea
3513 2654 3754 2712 volumus

2137 2748 2204 2799 ut
2221 2744 2281 2799 in
2306 2742 2565 2815 qualibet
2591 2743 3008 2815 Wapentacbio
3028 2744 3144 2800 duo
3164 2744 3370 2801 fideles
3387 2745 3547 2801 thani
3574 2749 3625 2801 et
3647 2761 3757 2817 pne-

2137 2833 2337 2906 sbyter
2366 2831 2627 2889 missalis
2657 2849 2834 2901 unus,
2857 2832 3148 2905 eligantur
3183 2833 3257 2890 ad
3306 2833 3463 2890 hunc
3507 2833 3755 2906 colligen-

2138 2921 2301 2990 dum,
2326 2920 2427 2992 qui
2467 2924 2769 2992 acceptum
2818 2921 3087 2993 protinus
3138 2923 3392 2991 tradant,
3424 2922 3755 2997 interposito,

2137 3009 2187 3066 si
2218 3025 2455 3066 necesse
2485 3009 2678 3078 fuerit,
2700 3010 3062 3081 juramento.

2210 3099 2269 3155 Si
2300 3098 2389 3154 vel
2420 3097 2637 3154 thanus
2667 3098 2842 3171 regis,
2865 3098 2955 3156 vel
2981 3099 3116 3172 quis
3141 3100 3294 3158 alius
3325 3101 3489 3158 fundi
3511 3101 3751 3158 dominus

2062 3172 2105 3238 C
2139 3188 2297 3245 hunc
2355 3187 2690 3254 detinuerit,
2727 3188 3011 3245 mulctam
3071 3190 3284 3247 inferat
3311 3208 3348 3247 x
3385 3193 3751 3256 semimarcas,

2141 3275 2735 3347 dimidiumChrilo,
2770 3283 2828 3334 et
2857 3278 3169 3334 dimidium
3203 3279 3346 3353 regi.

2213 3366 2272 3423 Si
2296 3365 2589 3423 villaticus
2611 3365 2826 3439 aliquis
2847 3367 3005 3424 hunc
3026 3369 3333 3425 denarium
3365 3375 3467 3427 aut
3494 3367 3751 3436 celaverit,

2140 3460 2243 3512 aut
2271 3456 2607 3524 detinuerit,
2630 3472 2765 3512 eum
2797 3456 2983 3514 solvat
3004 3457 3283 3515 dominus
3312 3461 3440 3532 ejus
3463 3456 3753 3533 praedialisf;

2141 3551 2198 3603 et
2228 3546 2286 3600 in
2318 3546 2853 3618 compensationem
2883 3547 3089 3603 bovem
3121 3548 3315 3620 capiat
3349 3548 3597 3604 villatici.
3618 3545 3755 3615 Quod

2143 3636 2190 3692 si
2225 3636 2501 3691 dominus
2531 3634 2955 3705 detrectaverit,
2989 3636 3279 3709 accipiant
3309 3637 3571 3693 Christus
3601 3643 3651 3693 et
3679 3648 3758 3690 rex

2142 3741 2222 3780 xu
2251 3741 2385 3781 oras
2416 3723 2826 3797 infpleniorem
2858 3725 3351 3783 emendationem.

2215 3814 2275 3869 Si
2306 3814 2567 3871 decimas
2618 3814 2716 3887 qui
2764 3815 2982 3872 thanus
3029 3820 3117 3872 est
3164 3817 3320 3890 regis
3369 3816 3686 3883 detinuerit,
3708 3814 3759 3868 10

2145 3904 2384 3976 pendito
2433 3905 2838 3976 semimarcas,
2885 3923 3190 3979 possessor
3237 3907 3584 3980 praediorum
3627 3922 3676 3960 γι
3716 3908 3757 3957 et

2143 3993 2425 4066 cyrliscus
2456 4009 2558 4050 seu
2591 4011 2857 4069 paganus
2888 4012 2967 4051 xu
2998 4012 3152 4052 oras.

2218 4081 2331 4139 LII.
2353 4083 2744 4140 Prohibemus
2773 4085 2970 4152 etiam,
2993 4088 3057 4141 ut
3086 4102 3120 4141 a
3150 4086 3266 4142 Deo
3287 4091 3377 4153 est
3406 4086 3752 4159 prohibitum,

372 2120 583 2193 calscop
611 2120 807 2191 fuerit,
839 2125 1197 2192 compenset.

444 2210 610 2266 XLII.
644 2210 703 2266 Si
735 2211 1039 2284 presbyter
1065 2211 1218 2267 inter
1254 2211 1478 2267 vicinos
1508 2210 1564 2266 in
1612 2211 1888 2283 parochia
1920 2227 2028 2266 sua

376 2298 599 2371 aliquid
631 2300 1005 2356 occultaverit
1034 2301 1106 2355 ad
1138 2301 1425 2372 injustum
1462 2300 1722 2373 regimen
1755 2316 2024 2356 exercen-

374 2388 538 2456 dum,
574 2388 684 2445 hoc
711 2389 1003 2445 emendet.

438 2477 636 2532 XLIII.
672 2477 733 2532 Si
764 2478 1067 2549 presbyter
1108 2478 1538 2535 anniversarios
1569 2479 1718 2534 ritus
1750 2498 1854 2552 per
1881 2479 2025 2535 obli-

369 2565 603 2622 vionem
640 2566 1099 2637 praetermiserit,
1132 2568 1420 2623 emendet.

442 2653 634 2711 XLIV.
668 2654 729 2709 Si
771 2654 1075 2728 presbyter
1121 2656 1410 2728 synodum
1470 2656 1866 2725 declinaverit,
1923 2660 2026 2714 hoc

376 2747 736 2815 compensat.

445 2832 609 2888 XLV.
644 2832 703 2889 Si
734 2834 1037 2907 presbyter
1056 2851 1118 2889 se
1137 2835 1383 2906 justitiaa
1406 2852 1521 2892 non
1544 2836 1907 2905 submiserit,
1924 2838 2025 2893 sed

377 2922 606 2978 decreto
627 2922 883 2995 episcopi
910 2925 1320 2996 repugnaverit
1346 2941 1359 2979 :
1385 2924 1473 2980 vel
1503 2924 1561 2981 id
1583 2925 1853 2999 corrigat,
1876 2925 1963 2981 vel
1995 2944 2027 2982 a

378 3011 789 3069 Communione
845 3018 1150 3084 separetur
1204 3013 1627 3086 ordinatorum,
1669 3019 1727 3071 et
1783 3020 2030 3072 exuatur

378 3105 501 3157 tam
531 3105 589 3157 et
618 3102 893 3157 societate
924 3118 1049 3170 sua,
1072 3119 1250 3175 quam
1291 3102 1512 3160 honore
1555 3103 1839 3177 quolibet,
1874 3106 1933 3161 ni
1966 3122 2028 3161 se

379 3190 726 3246 submiserit
753 3194 810 3245 et
840 3189 1197 3246 luculentius
1227 3192 1595 3249 satisfecerit.

452 3278 637 3334 XLVI.
673 3279 733 3334 Si
763 3278 897 3351 quis
932 3278 1120 3353 legem
1165 3280 1421 3337 divinam
1449 3282 1537 3337 vel
1581 3283 1903 3339 humanam
1936 3302 2030 3339 ca-

379 3367 708 3425 lumniatus
738 3368 934 3436 fuerit,
967 3369 1177 3426 acriter
1204 3369 1549 3445 corrigatur.

455 3456 671 3515 XLVII.
704 3458 996 3515 Debemus
1018 3474 1222 3515 omnes
1248 3459 1431 3515 Deum
1456 3460 1649 3517 unum’
1684 3462 1944 3517 venerari
1976 3466 2035 3518 et

379 3547 643 3622 diligere,
687 3564 868 3604 unam
925 3549 1102 3604 etiam
1160 3549 1335 3605 fidem
1387 3549 1780 3606 Christianam
1836 3556 2033 3608 tenere

378 3637 700 3707 mordicus,
721 3653 1076 3710 omnemque
1105 3638 1521 3711 paganismum
1550 3640 1908 3696 unanimiter
1939 3642 2035 3697 ab—

371 3727 575 3798 jicere.

450 3814 512 3870 Si
544 3814 677 3886 quis
722 3814 901 3888 igitur
958 3815 1203 3887 posthac
1256 3815 1511 3887 aliquem
1544 3820 1878 3890 cognoverit
1932 3819 2033 3891 qui

378 3902 826 3974 superstitiones
859 3903 1087 3975 aliquas
1126 3903 1391 3959 ethnicas
1419 3906 1759 3974 exercuerit,
1784 3906 1903 3962 sive
1932 3924 2037 3979 per

378 3990 767 4063 sortilegium,
789 3991 910 4047 sive
950 4009 1052 4064 per
1096 3995 1334 4060 torrem,
1358 3993 1447 4049 vel
1479 3993 1581 4065 qui
1608 3996 1904 4051 veneficiis
1933 3997 2034 4053 de-

358 4080 648 4148 lectatur,
682 4084 785 4137 aut
814 4080 969 4136 idola
997 4081 1136 4137 colit
1164 4082 1214 4138 si
1244 4081 1463 4137 thanus
1513 4083 1590 4137 sit
1637 4084 1853 4157 regius,
1887 4104 1923 4141 χ
1952 4104 2035 4142 se-

380 4169 681 4228 mimarcis
706 4169 993 4244 plectitor,
1028 4188 1148 4226 una
1191 4170 1411 4227 scilicet
1439 4172 1751 4229 medietate
1782 4174 2030 4245 Christo,

378 4258 564 4316 altera
590 4275 725 4318 vero
757 4258 870 4333 ipsi
901 4260 1044 4335 regi.

449 4350 510 4406 Si
542 4349 618 4406 sit
647 4349 801 4406 alius
840 4367 1149 4423 possessor
1193 4350 1544 4423 praediorum
1580 4351 1679 4424 qui
1730 4353 1944 4422 fecerit,
1980 4373 2035 4413 v1

2144 4176 2211 4229 ut
2238 4189 2409 4228 nemo
2440 4172 2651 4229 habeat
2671 4173 2783 4230 nisi
2810 4190 3047 4231 uxorem
3069 4174 3325 4245 unicam,
3341 4179 3398 4231 et
3420 4176 3567 4232 hanc
3588 4174 3755 4244 utique

2143 4262 2336 4318 debite
2366 4262 2761 4335 conjugatam,
2786 4266 2843 4317 et
2885 4263 2943 4318 in
2984 4268 3299 4337 conspectu
3332 4264 3563 4337 publico
3590 4264 3753 4318 datam

2144 4355 2351 4406 antea:
2386 4354 2443 4407 et
2471 4354 2535 4405 ut
2581 4367 2751 4407 nemo
2782 4352 3225 4409 matrimonium
3272 4353 3579 4409 contrahat
3603 4352 3655 4407 in
3681 4365 3753 4405 co-

375 4439 472 4495 hic
529 4441 911 4497 semimarcas
977 4440 1318 4513 dcpendito,
1383 4442 1753 4498 medietatem
1812 4444 2035 4500 scilicet
2142 4439 2419 4512 gnatione
2451 4457 2577 4508 sua,
2603 4439 2823 4497 scilicet
2864 4441 3015 4497 infra
3043 4441 3292 4515 gradum
3322 4460 3428 4500 seu
3457 4438 3754 4516 geniculum

376 4546 554 4585 unam
587 4530 839 4595 Christo,
872 4530 1115 4586 alteram
1148 4530 1313 4585 fundi
1344 4530 1505 4586 illius
1536 4531 1797 4586 domino.
2063 4536 2111 4602 1)
2142 4533 2442 4601 quartum,
2478 4546 2583 4585 nec
2614 4547 2747 4585 cum
2778 4530 3149 4603 consponsali
3189 4548 3297 4589 sua
3335 4533 3409 4588 ad
3451 4534 3655 4588 fontem
3680 4545 3753 4583 sa—

447 4619 506 4675 Si
537 4618 779 4676 inferior
808 4619 1103 4693 quispiam
1133 4620 1235 4692 qui
1278 4620 1533 4676 uerbena
1563 4620 1799 4692 dicitur,
1824 4638 1865 4677 ιι
1897 4637 2029 4677 oras
2140 4633 2328 4689 crum.
2353 4616 2413 4673 Si
2446 4616 2577 4689 quis
2612 4617 2971 4675 contrarium
3020 4618 3240 4688 fecerit,
3264 4623 3463 4676 careat
3487 4618 3582 4675 Dei
3611 4616 3753 4673 mise‘

375 4705 583 4763 solvat.
2137 4706 2407 4774 ricordia,
2433 4706 2494 4761 ni
2524 4707 2853 4779 resipiscat,
2884 4712 2944 4763 et
2971 4709 3297 4765 secundum
3329 4708 3633 4765 arbitrium
3657 4701 3751 4776 epi-

444 4795 505 4851 Si
534 4798 752 4855 thanus
772 4799 926 4871 regis
957 4799 1067 4855 hoc
1098 4799 1157 4853 in
1189 4797 1288 4853 lite
1310 4799 1625 4869 negaverit,
1651 4800 2030 4855 nominentur
2136 4796 2298 4867 scopi
2329 4796 2811 4868 compensaverit.
2835 4797 2936 4853 Sin
2963 4798 3211 4855 ulterius
3258 4797 3320 4854 in
3370 4797 3625 4871 nequitia
3648 4808 3752 4868 pro-

374 4885 425 4940 ei
457 4902 535 4939 xu
565 4893 1065 4959 compurgatores,
1096 4894 1154 4943 et
1202 4888 1451 4959 accipiat
1493 4904 1523 4942 e
1574 4890 2028 4960 consanguineis
2135 4885 2405 4958 grediens
2437 4883 2742 4954 moriatur,
2780 4885 3029 4943 honesta
3073 4890 3268 4944 careat
3313 4887 3632 4961 sepultura,
3660 4887 3751 4941 cla

375 4972 500 5028 suis
529 4973 858 5041 duodecim,
892 4975 1203 5031 duodecim
1249 4976 1424 5032 etiam
1470 4974 1847 5049 alienigenas.
1895 5020 1907 5032 .
1952 5021 1964 5033 .
2010 5022 2022 5035 .
2134 4974 2235 5030 Dei
2268 4974 2669 5030 misericordia
2698 4974 2924 5031 alienus
2951 4976 3049 5031 sit.

377 5102 394 5118 .
437 5102 452 5117 .
498 5102 512 5116 .
558 5102 572 5116 .
617 5103 629 5116 .
676 5068 753 5118 .et
781 5063 829 5117 si
860 5065 1154 5130 defecerit,
1185 5063 1480 5121 lahslitam
1515 5066 1752 5137 pendito
1781 5083 1816 5121 x
1850 5067 2025 5123 semi-
2207 5064 2349 5120 LIII.
2384 5063 2443 5119 Si
2478 5063 2611 5137 quis
2642 5081 2773 5120 cum
2821 5064 3062 5123 moniali
3109 5066 3511 5136 concubuerit,
3543 5069 3747 5134 uterque

346 5165 624 5205 .marcas.
2137 5154 2351 5226 pendat
2380 5170 2603 5210 weram
2634 5170 2824 5223 suam,
2858 5154 2916 5210 id
2947 5159 3038 5212 est
3067 5155 3278 5228 capitis
3312 5155 3742 5213 aestimationem.

442 5238 501 5295 Si
532 5255 837 5311 possessor
868 5241 1217 5312 praediorum
1251 5242 1357 5298 hoc
1390 5244 1703 5316 negaverit,
1734 5246 2023 5317 accipian-
2132 5243 2256 5319 ipse
2286 5242 2512 5299 scilicet
2536 5247 2712 5316 atque
2742 5242 2871 5314 illa;
2904 5248 2962 5300 et
2990 5245 3039 5300 si
3070 5244 3131 5300 in
3163 5244 3272 5301 hoc
3303 5245 3629 5301 moriantur
3650 5241 3747 5298 abs-

346 5334 467 5391 .tur
496 5327 548 5385 ei
578 5331 666 5385 tot
702 5328 932 5402 parium
983 5346 1248 5396 suorum,
1280 5336 1422 5404 quot
1468 5333 1646 5389 thano
1677 5334 1832 5407 regis
1863 5334 2021 5390 indi-
2132 5349 2245 5405 que
2272 5330 2633 5405 paenitentia,
2657 5332 2905 5390 honesta
2935 5337 3172 5391 careant
3200 5332 3531 5408 sepultura,
3552 5326 3742 5390 etaDei

366 5419 651 5477 cebantur
686 5436 699 5475 :
733 5421 790 5474 et
836 5418 886 5474 si
933 5420 983 5475 is
1014 5419 1306 5487 defecerit,
1342 5421 1637 5478 lahslitam
1691 5424 1931 5495 pendito
1963 5441 2019 5480 VI
2129 5420 2533 5479 misericordia
2561 5420 2736 5477 alieni
2768 5422 2906 5479 sint.

334 5509 768 5567 ‘semimarcas.
2199 5511 2332 5566 LIV.
2370 5509 2430 5567 Si
2460 5508 2592 5583 quis
2626 5528 2867 5569 uxorem
2900 5530 3070 5569 suam
3113 5512 3376 5588 legitimo
3409 5506 3741 5571 matrimonio

434 5600 496 5663 Si
544 5598 827 5680 cyrliscus
858 5597 937 5678 (id
965 5606 1046 5657 est
1072 5596 1327 5655 rusticus
1351 5599 1437 5657 vel
1471 5602 1755 5675 paganus)
1799 5602 1906 5660 hoc
1956 5604 2016 5661 in
2126 5602 2417 5660 viventem
2465 5600 2780 5675 dimiserit,
2823 5606 2881 5662 et
2936 5602 3113 5661 aliam
3173 5602 3481 5681 illegitime
3529 5599 3737 5667 duxerit,
