3810 6214
73 373 170 430 525
1030 373 1514 435 FHANCOHUM
1576 373 1848 435 HEGUM
1893 373 2437 436 CAPI'I‘ULARIA.
3322 374 3438 435 526

71 509 234 558 careat
282 503 376 559 Dei
430 504 844 576 misericordia,
879 505 993 561 nisi
1047 505 1457 561 emendaverit.
1493 504 1680 560 Unus-
1713 507 1765 572 Α
1795 522 2148 577 omnemque
2180 507 2590 579 paganismum
2626 510 2857 580 penitus
2887 509 3156 581 abjicere.
3185 510 3250 564 Et
3279 507 3438 562 volu—

71 593 288 665 quisque
316 598 516 650 autem
570 595 728 665 juste
775 600 968 651 teneat
1014 594 1454 650 matrimonium
1508 611 1682 649 suum
1794 612 1927 650 mus
1961 599 2025 650 ut
2057 595 2188 650 land
2215 612 2344 668 (νεαρ
2373 604 2424 652 et
2472 599 2562 653 (ah
2609 614 2760 670 ceap,
2793 605 2850 655 et
2878 614 3159 666 responsa
3186 596 3443 668 pruden-

69 682 185 736 dum
213 699 350 738 uxor
367 681 594 751 vixerit,
627 682 737 738 nisi
769 683 914 738 forte
945 683 1222 739 acciderit
1251 683 1406 754 quod
1439 681 1682 738 consilio
1792 683 1962 748 tium,
1986 687 2042 739 et
2074 701 2273 740 verum
2321 686 2749 754 testimonium,
2775 693 2832 744 et
2870 689 3100 760 justum
3123 684 3440 756 judicium,

69 767 288 840 episcopi
331 773 695 840 separentur,
739 773 803 825 ut
853 771 1086 827 divisim
1137 774 1339 842 postea
1383 770 1580 826 vivant
1622 770 1682 825 in
1791 775 1848 826 et
1875 773 2049 843 fulloc
2075 779 2128 828 et
2151 775 2304 843 frum
2325 775 2439 830 tatu
2477 775 2647 830 firma
2686 779 3107 847 permaneant:
3137 769 3446 846 poculenta

67 855 318 911 castitate.
1790 859 1988 926 etiam,
2012 865 2068 916 et
2096 861 2416 929 esculenta,
2443 864 2798 936 dominoque
2843 864 3006 919 fundi
3036 862 3240 918 debite
3271 859 3442 916 recti-

124 943 220 998 ΙΝ.
250 945 305 1000 Si
335 945 470 1017 quis
519 947 576 1001 in
623 951 922 1019 posterum
954 947 1111 1021 leges
1134 949 1332 1020 justas
1362 947 1679 1017 violaverit,
1789 949 2026 1006 tudines
2058 949 2492 1022 persolvantur;
2526 956 2582 1008 et
2619 970 2738 1009 una
2767 969 3000 1026 semper
3029 951 3105 1009 sit
3134 951 3192 1006 in
3225 948 3441 1023 populo

65 1033 266 1090 assidue
294 1039 629 1108 componat.
1789 1035 2222 1103 Christianitas,
2255 1041 2312 1092 et
2342 1055 2588 1110 regnum
2621 1056 2828 1094 unum.

125 1122 540 1179 LVl.Debemus
569 1141 770 1181 omnes
803 1126 986 1182 Deum
1009 1142 1192 1181 unum
1209 1125 1470 1182 venerari
1502 1129 1559 1182 et
1589 1126 1681 1182 di-
1894 1127 1982 1180 Sit
2005 1142 2199 1180 nomen
2234 1127 2454 1183 Domini
2483 1127 2837 1192 benedictum,
2865 1144 2934 1184 ex
2961 1128 3058 1183 hoc
3084 1143 3251 1197 nunc,
3283 1133 3360 1181 et.

65 1210 233 1284 ligere,
256 1211 423 1267 ﬁdem
461 1211 698 1268 unicam
716 1212 1106 1270 Christianam
1134 1217 1330 1269 tenere
1362 1213 1681 1278 mordicus,
2335 1233 2504 1288 usque
2535 1218 2591 1272 in
2621 1218 2904 1289 secutum,

734 1515 1385 1664 FRANCOBUll
1482 1514 1873 1684 llllGUll,
1945 1515 2734 1667 (IMPERATORUM

1278 1768 1671 1857 DIVISO
1728 1767 2194 1858 IMPERIO

873 1961 2580 2133 CAPITULABIA

1515 2227 1636 2286 An.
1668 2227 1932 2287 840-921

579 2384 772 2457 (Apud
807 2383 988 2453 Pertz,
1022 2390 1376 2442 Monumenta
1409 2385 1720 2441 Germaniae
1746 2385 2029 2450 historica,
2064 2385 2281 2457 Legum
2316 2389 2457 2441 tom.
2493 2386 2534 2451 l,
2572 2400 2701 2457 pag.
2735 2384 2886 2453 374.)

1513 2515 1937 2530 Μ

895 2701 899 2705 ζ
959 2616 1300 2673 LOTHARII
1344 2616 1363 2672 Ι
1403 2616 1834 2675 CONVENTUS
1874 2616 2508 2676 INGELHEIMENSIS.

1419 2769 1556 2841 (Λη.
1590 2770 1716 2842 840,
1749 2769 1887 2839 Aug.
1922 2771 2037 2841 25.)

104 2889 226 2946 Cum
257 2894 418 2964 patre
448 2891 732 2964 defuncto
757 2890 1070 2964 (Letharius
1115 2892 1173 2946 in
1225 2893 1601 2948 Germaniam
1632 2893 1920 2958 rediisset,
1955 2893 2279 2948 Flodoardo
2310 2893 2369 2948 in
2401 2892 2654 2948 Historia
2703 2893 2975 2948 Remensi
3021 2893 3325 2963 referente,
3359 2897 3430 2951 ad

52 2959 393 3037 Wormatiam
425 2962 688 3037 occurrit
717 2962 767 3017 ei
799 2963 937 3031 Ebo,
972 2965 1271 3037 quondam
1311 2963 1625 3037 Remorum
1657 2964 2153 3037 archiepiscopus,
2179 2964 2270 3017 cui
2317 2964 2643 3037 imperator
2663 2968 2793 3034 post
2823 2963 3046 3035 aliquot
3078 2964 3203 3037 dies
3232 2959 3432 3022 sedem

58 2981 393 3018 wormauam
425 2981 688 3018 occurrit.
717 2981 767 3017 ει
799 2981 937 3031 uno,
1016 2981 1271 3018 uonaam
1311 2981 1625 3019 nemorum
1657 2981 2153 3037 arcmepiscopus,
2179 2981 2270 3017 cui
2317 2981 2396 3018 1m
2442 2981 2634 3018 erator
2663 2981 2793 3034 posr
2823 2981 3046 3035 auquor.
3078 2981 3203 3021 (nes
3232 2981 3432 3022 sedem

52 3037 92 3085 et
117 3033 390 3110 dia:_eesim
424 3034 781 3110 Remensem
813 2981 1200 3110 peregietum
1234 3035 1534 3110 imperiale
1565 3035 1844 3092 restituit.
1870 3035 2052 3110 Cujus
2082 3040 2336 3110 textusa
2367 2981 2692 3110 Efodoardo
2716 3035 3432 3110 servatu_s,_episcoporum

50 3105 124 3172 qui
142 3103 308 3232 ἐηὲἱῖ
314 3106 784 3232 1ilistsensionum
814 3103 887 3161 ad
925 3107 1263 3162 Lotharium
1292 3103 1694 3163 conﬂuxerant
1725 3103 1969 3163 nomina
1994 3111 2256 3162 recenset
2284 3106 2342 3160 in
2377 3105 2628 3161 formula
2648 3105 2900 3162 Udalrici
2933 3103 3434 3182 Babenber'gensis

51 3192 138 3232 anu
240 3196 270 3232 c
357 3195 422 3232 ar
453 3195 562 3232 um
591 3193 797 3232 recisa.

51 3178 171 3246 apud
198 3178 562 3232 Eckbartum
591 3178 797 3232 recisa.

102 3322 154 3374 In
182 3321 410 3376 nomine
444 3319 686 3376 Domini
717 3319 901 3375 nostri
923 3320 1062 3376 Jesu
1085 3320 1300 3378 Christi
1325 3321 1425 3378 Dei
1451 3320 1670 3377 aeterni.
1703 3324 1750 3389 Β
1780 3325 1897 3376 tem
1929 3337 2066 3393 ergo
2101 3337 2280 3392 quam
2315 3337 2418 3392 pro
2443 3336 2618 3375 causa
2651 3323 2850 3376 nostra
2871 3324 3075 3392 raptus
3104 3323 3431 3394 perdidisti,

51 3406 349 3466 Hlotharius
368 3411 384 3444 ¹
419 3408 627 3465 divina
647 3409 953 3465 ordinante
974 3409 1337 3481 providentia
1357 3411 1677 3482 imperator

49 3498 484 3571 augustus.0uia
523 3497 814 3554 confessio
841 3498 1187 3555 delictorum
1231 3517 1344 3555 non
1385 3501 1583 3556 minus
1616 3500 1674 3555 in

50 3588 267 3644 adversis
303 3587 652 3646 necessaria
688 3592 776 3643 est
815 3605 992 3660 quam
1039 3583 1100 3643 in
1137 3590 1468 3662 prosperis,
1493 3594 1547 3645 et
1579 3606 1677 3645 cor

47 3678 320 3734 contritum
334 3684 392 3734 et
409 3676 797 3734 humiliatum
814 3677 968 3733 Deus
987 3694 1102 3733 non
1122 3678 1673 3751 despicit,gaudium

47 3768 188 3823 etiam
215 3786 340 3825 esse
370 3765 729 3840 angelorum
763 3767 822 3822 in
855 3765 998 3822 caelo
1029 3783 1206 3838 super
1231 3785 1346 3823 uno
1375 3771 1675 3840 peccatore

49 3855 409 3926 penitentiam
430 3859 650 3930 agente
672 3872 786 3911 non
807 3856 1170 3926 dubitamus,
1187 3873 1300 3912 non
1323 3856 1598 3913 mortales
1617 3857 1673 3911 in

47 3947 184 4001 terris
209 3965 305 4004 eos
338 3961 726 4019 nequaquam
757 3945 1118 4018 despicimus
1149 3962 1254 4017 pro
1286 3946 1506 4018 quibus
1533 3963 1692 4019 gau-.

50 4033 154 4091 dere
173 4035 408 4110 angelos
433 4035 498 4091 in
535 4033 681 4090 caelo
715 4033 911 4089 divino
935 4033 1270 4089 testimonio
1303 4051 1415 4090 non
1445 4035 1674 4107 ignora-

51 4139 154 4179 Inus
188 4129 554 4182 Accusantes
573 4127 628 4180 et
647 4122 1135 4196 reprehendentes
1159 4123 1216 4178 in
1235 4123 1572 4180 excessibus
1593 4140 1678 4179 se-

50 4212 289 4286 metipsos
306 4215 513 4271 divina
535 4229 646 4269 nos
667 4211 1002 4285 benignitas
1025 4229 1139 4266 non
1157 4213 1675 4281 condemnare,sed

51 4317 269 4359 recreare
290 4303 529 4367 docuit;
554 4302 692 4374 quia
712 4301 1076 4358 meretricem
1103 4319 1217 4357 non
1237 4301 1428 4358 solum
1452 4319 1485 4357 a
1506 4301 1677 4374 legali

50 4390 387 4450 damnatione
410 4391 867 4464 eripuit,vcrum
884 4389 1058 4447 etiam
1083 4390 1465 4463 publicanum
1491 4391 1680 4447 humi-

51 4476 218 4535 liatum
236 4487 289 4537 et
305 4484 696 4538 accusantem
716 4495 777 4535 se
795 4497 908 4534 non
926 4478 1470 4546 eondemnavit,sed
1490 4479 1679 4552 magis

44 4566 388 4635 iustiﬁcando
433 4569 744 4636 exaltavit;
776 4569 879 4641 qui
913 4586 1028 4624 non
1071 4568 1252 4626 dixit:
1282 4568 1470 4624 Omnis
1500 4570 1595 4640 qui
1623 4585 1678 4623 se

49 4657 271 4717 humiliat
293 4679 402 4718 non
428 4658 908 4726 condemnabitur,
923 4657 1024 4714 sed
1045 4658 1405 4715 multabitur.
1427 4657 1678 4714 Potesta-
1709 4641 1751 4708 C

1785 3410 2184 3481 repetentibus
2216 3408 2472 3465 ecclesiae
2516 3413 2626 3464 tuae
2658 3407 2814 3477 ﬁliis,
2839 3410 3038 3466 sedem
3069 3427 3134 3466 ac
3156 3410 3436 3467 diocesim
3466 3407 3468 3409 ’

1785 3498 2093 3554 Remensis
2126 3498 2289 3553 urbis
2338 3497 2465 3568 tibi,
2498 3498 2617 3553 Ebo
2651 3497 3044 3565 restituimus,
3079 3505 3142 3554 ut
3190 3498 3437 3570 pristino

1784 3592 1998 3644 sanctae
2031 3586 2320 3661 largitatis
2351 3587 2680 3660 apostolicae
2712 3585 2886 3659 pallio
2918 3588 3182 3655 indutus,
3207 3605 3440 3645 concor-

1784 3677 1940 3732 diam
1973 3680 2148 3748 atque
2179 3675 2428 3750 gratiam
2456 3675 2636 3731 divini
2663 3675 2838 3732 ofﬁcii
2870 3677 3198 3746 nobiscum,
3223 3676 3433 3734 humili

1784 3765 2182 3822 satisfactione
2214 3764 2456 3838 expleta,
2487 3765 2733 3822 solemni
2761 3770 2960 3822 nostra
2988 3784 3022 3822 a
3052 3765 3320 3840 largitate
3352 3785 3435 3825 re-

1784 3855 2051 3928 cipiendo
2083 3871 2372 3910 exerceas.

1854 3943 2044 4017 Drogo
2069 3945 2144 4016 (Ι)
2177 3943 2490 4016 episcopus
2520 3943 2768 4001 assensi
2801 3945 3076 4018 Otgarius
3103 3947 3180 4017 (2)
3211 3946 3433 4003 archie-

1785 4031 2080 4104 piscopus.
2125 4031 2284 4088 Hecti
2311 4033 2386 4105 (3)
2415 4032 2907 4106 archiepiscopus.
2957 4033 3326 4091 Amalwinus
3357 4037 3429 4108 (4)

1785 4121 2283 4194 archiepiscopus.
2303 4122 2507 4178 Audax
2525 4123 2598 4192 (5)
2620 4121 3112 4195 archiepiscopus.
3127 4123 3342 4197 Joseph
3362 4125 3435 4197 (6)

1784 4209 2114 4284 episcopus.
2141 4209 2446 4266 Adalull‘us
2471 4212 2548 4283 (7)
2570 4210 2901 4284 episcopus.
2923 4210 3102 4266 David
3125 4214 3202 4280 (8)
3222 4212 3440 4284 episco-

1785 4316 1916 4370 pus.
1939 4299 2240 4371 Itodingus
2264 4299 2335 4371 (9)
2361 4299 2690 4372 episcopus.
2706 4297 3066 4356 Giselbertus
3083 4299 3189 4372 (10)
3213 4300 3437 4372 episco-

1786 4406 1917 4461 pus.
1953 4387 2242 4444 Flotarius
2274 4389 2385 4457 (11)
2432 4387 2766 4460 episcopus.
2802 4387 3142 4444 Badaradus
3175 4389 3286 4460 (12)
3315 4388 3439 4462 epi-

1786 4494 2019 4551 scopus.
2054 4477 2302 4548 Hagaeno
2326 4477 2437 4548 (13)
2460 4476 2791 4550 episcopus.
2817 4475 3160 4550 Hartgarius
3180 4477 3292 4551 (14)
3313 4477 3436 4551 epi-

1788 4584 2021 4638 scopus.
2045 4566 2167 4620 Ado
2189 4567 2297 4638 (15)
2329 4563 2659 4638 episcopus.
2691 4563 2930 4621 Samuel
2961 4564 3074 4637 (16)
3099 4565 3434 4638 episcopus.

1792 4657 2141 4712 Rambertus
2158 4656 2274 4726 (17)
2295 4654 2626 4728 episcopus.
2645 4653 2954 4711 Haiminus
2979 4655 3091 4727 (18)
3113 4654 3433 4728 episcopus

1390 4781 1626 4838 VARI/E
1664 4780 2082 4838 LECTIONES.

101 4883 117 4914 ¹
145 4883 451 4940 Lotharius
481 4882 569 4938 Εἰ.

1611 4970 1844 5026 NOT/E.

105 5071 171 5137 (1)
198 5070 529 5127 Mettensis.

103 5144 172 5215 (ᾖ)
201 5141 615 5215 Moguntinus.

102 5213 168 5282 (3)
197 5213 591 5285 Trevir-ensis.

105 5285 171 5353 (4)
194 5283 624 5340 vesontiensis.

105 5355 173 5424 (5)
202 5353 705 5413 Tarantasiensis.

106 5427 171 5500 (β)
198 5425 637 5500 Eporediensis.

104 5496 170 5568 (7)
198 5496 808 5570 Gratiampolitanus.

101 5573 170 5635 (8)
203 5569 670 5627 Lausannensis.

105 5591 151 5635 LO
204 5591 670 5654 ωαεδῐξηςοηειε.
720 5640 731 5653 ⁹
845 5639 856 5651 ⁹

105 5591 465 5719 (9)0ccurr1t
495 5659 553 5701 in
588 5641 733 5721 Lupi
766 5639 1015 5717 epistola
1047 5640 1134 5700 Η.

1861 5066 1975 5137 (10)
2007 5066 2088 5122 Cf.
2121 5065 2388 5122 Nitbardi
2418 5065 2564 5122 Hist.
2598 5080 2660 5132 ιι,
2689 5069 2753 5134 24

1860 5140 1905 5211 (1
1923 5139 1973 5211 Ἰ)
2004 5137 2320 5211 Τυῌθῃεὶε.

1861 5208 1973 5281 (12)
2005 5208 2492 5281 Paderbonensis.

1885 5280 1972 5351 13)
2002 5280 2432 5353 Bergqmensis.

1888 5353 1975 5420 14)
2009 5351 2369 5408 Leodiensis.

1888 5425 1976 5492 15)
2003 5422 2370 5478 Valentinus.

1888 5496 1974 5562 16)
2006 5493 2478 5552 Wormatiensis.

1888 5567 1952 5622 17
2005 5565 2344 5624 Brixiensis.

1889 5568 1975 5716 18)
2007 5637 2344 5700 Cenedensi:

1862 5637 1975 5716 (18)
2007 5637 2408 5721 Cenedensis‘l
