3810 6214
58 346 153 409 529

1014 335 1503 401 FRANCORUM
1547 336 1818 399 REGUM
1864 337 2413 401 CAPITULARIA.

3296 345 3416 407 530

58 477 208 541 seculi
250 475 422 550 hujus
469 471 694 532 diversa
739 471 1018 548 qualitate
1064 471 1370 541 hactenus,
1412 471 1658 527 Domino
1686 472 1742 538 Α
1771 471 1879 528 hoc
1910 471 2245 545 facto,quod
2278 469 2402 529 sine
2431 472 2608 530 dubio
2641 473 2712 531 ad
2753 478 3099 548 praesentem
3148 480 3205 535 et
3250 454 3418 537 aiter-

59 564 688 639 moderante,transegit;
722 568 777 621 et
799 565 970 620 modo
994 561 1419 636 tranquillitate
1439 559 1652 635 gravis,

58 661 228 719 amodo
242 662 427 715 autem
447 654 706 729 procellae
720 653 969 725 alicujus
985 655 1331 725 tempestate
1348 667 1653 718 concussa,

57 744 133 809 sed
149 767 249 805 non
266 760 679 819 usquequaque
695 743 991 810 demersa;
1026 741 1164 814 quin
1187 738 1656 813 potius,excitato

56 840 271 898 ﬁdelium
300 836 571 909 precibus
601 832 830 888 Christo
864 848 971 887 suo
1002 833 1410 904 gubernatore,
1433 828 1656 884 salubri

56 928 295 987 libertatis
322 911 831 994 securitate,atque
854 925 1052 995 optata
1081 921 1296 977 donata
1328 918 1654 975 serenitate.

58 1020 185 1078 Unde
210 1018 371 1073 etiam
395 1015 455 1069 in
481 1000 746 1085 partibus
791 1010 975 1067 nostri
1025 1010 1204 1076 orbis,
1240 1026 1366 1081 qua
1397 1012 1659 1079 tempore

61 1110 172 1165 divze
195 1100 598 1162 recordationis
645 1100 734 1157 avi
784 1100 992 1167 nostri,
1026 1103 1083 1155 et
1112 1101 1326 1154 sanctae
1366 1097 1657 1153 memoriae

62 1197 221 1253 domui
248 1212 307 1252 ac
336 1192 614 1266 genitoris
643 1190 851 1261 nostri,
885 1188 1226 1263 aliquandiu
1280 1189 1470 1243 fuerat
1500 1186 1660 1259 pacis

63 1288 295 1345 suavitate
338 1284 550 1351 lmtata,
599 1280 838 1336 inimico
884 1278 1141 1345 homine,
1165 1278 1334 1348 juxta
1391 1278 1659 1331 sanctum

63 1374 391 1450 evangelium,
458 1372 521 1427 in
591 1387 730 1443 agro
803 1367 1095 1426 dominico
1154 1366 1659 1439 superscminante

64 1464 312 1522 diacordiae
374 1460 596 1518 zizania
649 1459 707 1513 in
763 1457 956 1513 medio
1014 1456 1213 1522 tritici,
1280 1456 1394 1510 Deo
1455 1457 1661 1510 amatae

64 1556 291 1621 caritatis,
332 1553 471 1607 adeo
517 1553 606 1606 est
653 1548 898 1603 diversis
948 1551 1121 1618 atque
1173 1544 1435 1600 adversis
1464 1547 1665 1598 vexata

67 1643 388 1709 molestiis,ut
407 1657 522 1696 non
549 1638 676 1695 sine
708 1637 965 1693 maxime
996 1634 1362 1700 diﬂicultate,
1397 1637 1660 1705 respectu

65 1732 288 1801 divino,et
315 1729 571 1787 fidelium
604 1726 705 1784 Dei
740 1744 806 1783 ac
838 1729 1172 1782 nostrorum
1196 1726 1217 1758 ι
1247 1723 1478 1787 solatio,
1514 1722 1665 1777 inter

70 1841 149 1879 nos
172 1822 469 1893 fratresque
497 1822 732 1875 nostros
764 1815 1112 1912 pacificatio,
1147 1818 1205 1869 et
1238 1813 1461 1887 paterni
1503 1810 1664 1912 regni
1698 1849 1745 1912 B

68 1931 119 1969 ex
139 1928 389 1968 consensu
420 1907 656 1975 divisio,
697 1922 798 1963 seu
844 1905 1111 1977 ejusdem
1163 1907 1379 1959 sanctae
1411 1902 1666 1959 ecclesia:

73 2020 120 2058 ac
144 2001 299 2058 fidelis
340 1996 542 2083 populi
594 1999 894 2052 tantorum
927 1994 1195 2052 laborum
1231 1992 1666 2083 quantulacun-

76 2107 159 2163 que
197 2086 340 2146 fieret
388 2086 716 2161 respiratio.
750 2086 1032 2141 Processu
1080 2100 1213 2138 vero
1260 2082 1564 2154 temporis,
1608 2085 1673 2136 ut

78 2168 224 2236 solent
246 2181 366 2251 post
382 2176 711 2234 condensos
733 2174 885 2231 aeris
907 2173 1172 2229 turbines
1197 2171 1443 2227 nubium
1465 2172 1524 2226 in
1549 2187 1673 2243 per-

79 2268 376 2326 transeundo
423 2281 730 2323 remanere
778 2262 1043 2335 vestigia,
1104 2262 1463 2328 restiterunt,
1525 2260 1675 2316 fate-

84 2364 201 2427 mur,
227 2359 281 2415 in
306 2358 467 2415 uehis
514 2359 573 2412 et
613 2355 673 2411 in
712 2354 851 2410 viris
902 2351 1331 2422 ecclesiasticis,
1365 2368 1590 2408 necnon
1621 2354 1677 2405 et

86 2451 128 2505 in
176 2448 243 2505 rei
282 2447 516 2521 publica:
570 2448 782 2501 nostrae
831 2442 1292 2510 solatiatoribus,
1336 2439 1677 2513 hujusmodi

88 2539 290 2595 materiai
330 2542 384 2594 et
431 2536 670 2593 fomites
737 2533 1197 2600 dissensionum,
1248 2535 1312 2587 ut
1371 2530 1678 2586 manifeste

88 2631 354 2698 patesceret
382 2643 486 2682 nos
518 2623 718 2681 divina
764 2623 954 2695 gratia
1000 2621 1285 2693 indigere,
1317 2624 1383 2676 ut
1414 2636 1618 2675 omnes
1648 2635 1682 2674 a

87 2716 301 2789 contagio
344 2714 529 2771 morbi
580 2710 813 2785 pristini
867 2710 1101 2784 penitus
1150 2726 1514 2777 exuercmur,
1566 2725 1682 2780 qua

88 2805 305 2877 praeventi
335 2821 588 2872 eramus,
623 2806 689 2857 ut
716 2800 1118 2856 infirmitatem
1169 2816 1542 2855 communem
1591 2798 1681 2852 vi-

89 2893 190 2949 dere
236 2910 546 2967 possemus.
604 2893 970 2963 Quapropter
1021 2887 1318 2944 venientes
1375 2887 1435 2943 in
1496 2903 1682 2942 unum

89 2980 245 3039 ﬁdeles
288 2982 481 3050 nostri,
515 2985 643 3036 tam
689 2979 749 3035 in
797 2976 1114 3036 venerabili
1163 2977 1365 3033 ordine
1410 2974 1685 3046 clericali,

91 3087 227 3143 quam
264 3076 316 3128 et
342 3070 623 3127 inlustres
652 3067 760 3125 viri
787 3067 848 3122 in
880 3065 1062 3124 nobili
1095 3066 1281 3123 laicali
1308 3066 1514 3122 habitu
1548 3082 1683 3121 cou-

92 3161 257 3228 stituti,
285 3166 338 3217 et
381 3161 498 3217 zelo
543 3157 651 3216 Dei
702 3156 953 3225 accensi,
985 3172 1275 3212 memores
1322 3154 1498 3212 etiam
1554 3151 1689 3209 ﬁdei

93 3265 228 3321 quam
254 3249 354 3324 ipsi
380 3254 435 3306 et
458 3242 860 3305 antecessores
880 3262 1083 3302 eorum
1103 3244 1321 3302 nostris
1349 3242 1685 3301 detulerunt
1714 3224 1756 3291 (ἶ

92 3339 578 3409 predecessoribus,
632 3340 1033 3410 ponentesque
1090 3339 1225 3391 ante
1284 3332 1484 3390 oculos
1542 3331 1683 3388 dile-

93 3427 295 3484 ctionem
323 3419 749 3484 et'ﬁdelitatem
780 3441 958 3497 quam
990 3423 1159 3480 nobis
1198 3430 1331 3497 post
1360 3423 1684 3479 defunctio-

93 3533 193 3572 nem
217 3518 383 3589 patris
412 3514 791 3574 laudabiliter
818 3519 874 3570 et
894 3512 1398 3570 continentissime
1427 3528 1686 3569 servave-

93 3609 213 3673 runt,
237 3608 543 3663 secundum
578 3605 738 3678 quod
778 3601 993 3675 legitur
1043 3602 1103 3658 in
1152 3601 1361 3659 litteris
1407 3600 1688 3658 divinitus

96 3693 360 3767 inspiratis,
391 3696 658 3752 hortatus
707 3696 795 3750 est
840 3692 988 3748 alter
1016 3690 1287 3760 alterum,
1336 3691 1456 3747 imo
1486 3678 1689 3747 omnes

96 3799 143 3837 se
164 3782 377 3842 invicem
406 3786 767 3842 monuerunt
785 3783 896 3849 5,ut
919 3781 1113 3838 cuncti
1146 3781 1485 3837 universum
1509 3779 1691 3836 animi

97 3864 344 3931 rancorem
393 3891 497 3947 pro
562 3888 919 3947 quocunque
976 3873 1323 3942 conceptum
1381 3870 1609 3944 negotio
1659 3886 1693 3925 a

97 3958 229 4017 corde
270 3963 666 4036 propellerent,
698 3964 756 4017 et
787 3959 847 4016 in
879 3958 980 4016 Dei
1013 3958 1315 4015 voluntate
1366 3976 1433 4014 ac
1478 3962 1691 4015 sanctas

100 4047 304 4106 ecclesiae
331 4048 679 4124 competenti
720 4047 1111 4115 veneratione,
1144 4064 1243 4103 seu
1278 4050 1479 4103 nostra
1508 4045 1694 4102 ﬁdeli-

102 4138 189 4193 tate
213 4136 493 4208 servanda,
524 4144 707 4212 atque
737 4137 932 4194 debito
963 4136 1182 4193 honore
1220 4140 1277 4193 et
1316 4136 1476 4210 regia
1504 4141 1696 4209 potes-

102 4230 191 4283 tate
225 4229 551 4287 stabilienda
581 4232 640 4286 et
668 4225 1244 4298 conservanda,quin
1273 4225 1448 4282 etiam
1481 4243 1608 4282 sese
1637 4226 1697 4280 in

104 4315 227 4385 pacis
249 4319 539 4377 concordia
590 4321 649 4375 et
694 4334 830 4374 vera
859 4315 1117 4372 amicitia
1147 4314 1516 4389 copularent;
1549 4332 1699 4387 qua-

104 4404 238 4461 lenus
262 4408 449 4465 divinae
479 4406 802 4465 clementiae
834 4405 1130 4478 placerent
1151 4404 1505 4474 obnixius,et
1525 4405 1597 4461 de
1619 4421 1701 4461 re-

105 4492 174 4562 gis
197 4511 253 4551 ac
277 4499 427 4570 regni
456 4496 776 4555 stabilitate
805 4500 864 4552 et
893 4495 1144 4552 utilitate
1172 4498 1413 4566 possent
1452 4498 1701 4551 tractare

1763 580 1901 618 nam
1934 561 2119 618 tendit
2145 563 2417 630 salutem,
2451 563 2670 620 sociam
2728 569 2785 621 et
2830 565 3101 623 comitem
3135 568 3253 625 fore
3297 573 3421 626 tota

1765 652 2067 709 devotione
2098 654 2545 725 spopondimus,
2581 654 2868 712 abdicatis
2899 655 3196 726 omnibus,
3228 675 3420 731 quan-

1766 747 1892 798 tum
1924 742 2147 814 patitur
2175 743 2436 799 humana
2458 743 2767 817 fragilitas,
2802 762 2930 818 quae
2960 763 3211 818 persona
3234 750 3420 805 nostri

1767 831 2072 904 regiminis
2105 832 2435 905 ignorantia
2460 851 2560 889 seu
2586 835 2894 906 juventute
2925 838 3025 890 aut
3055 837 3423 909 necessitate,

1767 924 1969 977 contra
2000 921 2438 978 convenientem
2472 922 2582 978 sibi
2614 922 3020 980 salubritatem
3052 930 3109 981 et
3148 926 3423 983 honesta-

1767 1010 2103 1083 tem,usque
2135 1013 2307 1067 modo
2340 1016 2535 1083 egerat
2566 1016 2667 1068 aut
2697 1012 2937 1071 alterius
2967 1018 3099 1070 astu
3128 1019 3425 1072 contraxe-

1769 1105 1876 1155 rat.
1918 1100 2043 1164 Qua
2092 1100 2164 1156 de
2212 1117 2271 1156 re
2319 1101 2710 1157 communiter
2763 1102 2932 1158 initio
2990 1104 3253 1175 consilio,
3315 1105 3425 1163 hoc

1769 1189 2055 1263 scriptum
2089 1190 2211 1245 fieri
2244 1191 2682 1263 prOposuimus,
2716 1193 2871 1264 quod
2911 1193 3085 1249 etiam
3137 1210 3423 1252 manuum

1768 1278 2036 1336 omnium
2070 1283 2405 1335 nostrorum
2432 1280 2860 1353 subscriptione
2897 1282 3292 1340 roborandum
3324 1285 3422 1341 de-

1770 1369 2152 1425 crevimus.In
2186 1386 2300 1440 quo
2331 1387 2457 1441 quas
2490 1369 2658 1426 nobis
2683 1388 2836 1426 nunc
2858 1372 3147 1445 praecipue
3170 1373 3240 1429 ad
3264 1390 3425 1429 com-

1772 1475 2006 1514 munem
2044 1457 2380 1527 salutem,et
2404 1458 2563 1532 regni
2588 1459 2938 1516 soliditatem
2962 1465 3137 1534 atque
3158 1462 3423 1518 omnium

1773 1552 2108 1604 nostrorum
2142 1547 2483 1616 utilitatem,
2522 1549 2640 1605 imo
2694 1550 3103 1622 plenissimam
3152 1551 3426 1609 honesta-

1774 1642 1892 1694 tem
1942 1638 2066 1693 visa
2116 1641 2255 1693 sunt
2308 1638 2619 1710 pertinere,
2655 1639 3112 1712 conscripsimus
3147 1658 3159 1695 :
3195 1658 3310 1697 non
3342 1641 3428 1698 lo-

1774 1732 2020 1801 quentes
2067 1726 2429 1783 diversarum
2476 1728 2882 1783 immutatione
2932 1746 3336 1801 personarum,
3368 1736 3433 1787 ut

1775 1817 1948 1872 modo
1980 1815 2192 1890 regalis
2225 1816 2580 1883 sublimitas,
2601 1819 2775 1874 modo
2804 1819 3151 1892 episcopalis
3182 1820 3430 1876 auctori-

1778 1911 1893 1974 tas,
1927 1905 2100 1962 modo
2142 1909 2337 1962 autem
2373 1906 2635 1962 fidelium
2688 1907 2964 1979 loquatur
3010 1910 3430 1978 commoditas;
3500 1936 3501 1939 η

1778 1996 1879 2051 sed
1912 1995 2236 2051 secundum
2271 1994 2621 2067 apostolum,
2651 1997 2758 2052 sub
2790 2013 2905 2052 uno
2955 1997 3139 2070 capite
3182 1998 3432 2067 Christo,

1781 2090 1847 2141 ut
1880 2102 2075 2141 revera
2101 2101 2258 2139 unus
2290 2084 2486 2151 homo,
2526 2084 2584 2139 in
2638 2086 2816 2142 unius
2864 2086 3120 2143 ecclesiae
3171 2105 3432 2162 corpore,

1782 2173 1997 2247 singuli
2040 2177 2233 2230 autem
2267 2173 2412 2230 alter
2442 2174 2683 2230 alterius
2732 2176 3014 2244 membra,
3049 2178 3202 2251 quod
3253 2178 3438 2251 prosit

1783 2264 2059 2320 omnibus
2089 2280 2293 2319 omnes
2324 2263 2683 2320 unanimiter
2697 2282 2817 2321 una
2837 2282 2973 2321 voce
2992 2266 3438 2342 loquamur,per

1785 2370 1919 2409 eum
1952 2357 2009 2409 et
2038 2352 2096 2407 in
2131 2369 2196 2408 eo
2226 2352 2320 2425 qui
2357 2352 2522 2421 dixit,
2555 2357 2611 2408 et
2642 2354 2711 2409 dc
2745 2372 2859 2426 quo
2891 2354 3111 2411 dictum
3154 2361 3243 2411 est
3274 2373 3287 2411 :
3321 2357 3439 2412 Non

1785 2461 1876 2502 vos
1907 2446 2031 2501 estis
2056 2445 2150 2516 qui
2184 2442 2499 2515 loquimini,
2533 2444 2626 2500 sed
2652 2444 2892 2517 Spiritus
2942 2448 3125 2501 Patris
3154 2448 3317 2502 vestri
3344 2446 3441 2518 qui

1788 2537 2034 2608 loquitur
2062 2537 2123 2589 in
2152 2535 2320 2591 vobis.

1858 2624 1911 2680 4.
1946 2624 2025 2681 De
2054 2623 2273 2679 honore
2301 2622 2570 2679 videlicet
2620 2628 2677 2679 et
2723 2623 2885 2680 cultu
2933 2623 3058 2692 Dei,
3090 2629 3265 2697 atque
3306 2643 3443 2682 san-

1790 2706 2020 2770 ctarum
2052 2713 2452 2779 ecclesiarum,
2486 2731 2613 2785 qua:
2646 2717 2881 2769 auctore
2912 2719 3052 2784 Deo,
3085 2714 3194 2770 sub
3225 2714 3445 2771 ditione

1791 2808 1848 2860 et
1874 2801 2121 2858 tuitione
2143 2800 2445 2874 regiminis
2476 2800 2661 2857 nostri
2693 2802 3446 2870 consistunt,communiter

1792 2892 2037 2948 Domino
2086 2891 2383 2948 mediante
2429 2890 2823 2959 decernimus,
2875 2896 2940 2947 ut
2989 2892 3145 2948 sicut
3183 2896 3446 2965 tempore

1793 2982 1973 3037 beatm
2005 2979 2423 3037 recordationis
2453 2978 2677 3035 domini
2703 2996 2770 3036 ac
2800 2968 3082 3052 genitoris
3127 2980 3312 3037 nostri
3344 2998 3446 3037 ex-

1795 3070 1961 3126 cultae
2017 3073 2073 3127 et
2120 3070 2413 3126 honoratae
2446 3072 2619 3142 atque
2651 3069 2824 3125 rebus
2864 3068 3151 3144 ampliata:
3183 3070 3444 3139 fuerunt,

1797 3160 1957 3217 salva
1999 3158 2291 3232 aequitatis
2340 3146 2564 3214 ratione
2592 3159 2613 3192 δ
2643 3158 2725 3215 ita
2774 3163 3176 3233 permaneant,
3219 3164 3275 3215 et
3315 3176 3442 3232 quis

1795 3267 1828 3306 a
1857 3253 2057 3305 nostra
2088 3247 2432 3305 liberalitate
2462 3247 2825 3305 honorantur
2854 3251 3030 3320 atque
3059 3248 3338 3317 ditantur,
3371 3249 3444 3305 de

1793 3342 1996 3394 caetero
2028 3337 2139 3393 sub
2170 3337 2500 3409 integritate
2530 3336 2619 3392 sui
2672 3340 2995 3408 serventur,
3027 3342 3083 3392 et
3111 3336 3444 3393 sacerdotes

1795 3445 1860 3484 ac
1891 3426 2041 3484 servi
2072 3426 2171 3483 Dei
2200 3426 2460 3498 vigorem
2493 3424 2978 3497 ecclesiasticum,
3010 3430 3067 3481 et
3095 3426 3292 3482 dedita
3322 3426 3441 3498 pri-

1793 3516 2021 3588 vilegia,
2047 3516 2216 3585 juxta
2245 3515 2621 3570 reverendam
2669 3515 3074 3571 auctoritatem
3104 3514 3440 3582 obtineant;

1796 3607 2017 3663 eisdem
2046 3622 2178 3661 vero
2210 3603 2423 3677 regalis
2455 3607 2796 3675 potestas,et
2815 3602 3157 3659 inlustrium
3184 3603 3444 3659 virorum

1797 3694 2258 3762 strenuilas,seu
2290 3692 2619 3765 reipublicae
2651 3692 3251 3763 administratores,ut
3268 3709 3446 3750 suum

1800 3782 2193 3840 ministerium
2225 3786 2621 3855 competenter
2653 3782 2858 3854 exequi
2885 3781 3134 3850 valeant,
3168 3782 3226 3837 in
3265 3781 3450 3839 omni-

1800 3875 1912 3931 bus
1942 3871 2369 3930 rationabiliter
2392 3875 2449 3928 et
2468 3873 2632 3943 juste
2653 3876 3021 3928 concurrant.

1870 3968 1923 4019 2.
1957 3963 2152 4021 Honor
2179 3960 2354 4018 etiam
2388 3962 2603 4034 regius,
2637 3966 2693 4018 et
2728 3966 2987 4035 potestas
3035 3960 3216 4035 regali
3262 3960 3452 4036 digni-

1803 4053 1909 4109 tati
1944 4055 2301 4125 competens,
2335 4054 2509 4119 atque
2538 4049 2845 4108 sinceritas
2891 4056 2948 4108 et
2993 4051 3455 4124 obtemperantis

1806 4141 2019 4199 seniori
2053 4141 2269 4207 debita,
2294 4144 2520 4197 remota
2547 4141 2705 4196 omni
2737 4140 3001 4197 socordia
3030 4145 3089 4197 et
3117 4138 3454 4208 calliditate,

1803 4250 1907 4307 νυ
1940 4231 2199 4305 qualibet
2226 4230 2487 4287 indebita
2523 4248 3011 4303 quorumcunque
3046 4230 3458 4301 conjunctione

1807 4326 2010 4379 contra
2037 4321 2315 4377 honorem
2348 4324 2405 4375 et
2434 4322 2780 4390 potestatem
2830 4323 3007 4391 atque
3057 4318 3310 4374 salutem
3349 4335 3453 4389 no-

1808 4410 2138 4479 stram,sive
2168 4408 2550 4481 regni‘nostri
2592 4407 2966 4473 soliditatem,
3000 4405 3169 4463 nobis
3216 4406 3276 4461 in
3325 4423 3456 4462 om-

1810 4500 1984 4557 nibus
2015 4503 2071 4555 et
2100 4498 2171 4553 ab
2205 4496 2478 4552 omnibus
2498 4494 2700 4564 7;sicut
2730 4500 2989 4568 tempore
3019 4500 3453 4553 antecessorum

107 4581 446 4654 sublimius,et
466 4602 643 4643 suum
675 4589 851 4657 atque
879 4585 1059 4641 totius
1089 4583 1289 4657 populi
1321 4598 1611 4640 communi

1951 4604 2141 4645 rerum
2163 4584 3005 4654 consueverat,exhibeatur.Et
3026 4586 3075 4642 si
3101 4585 3235 4657 quis
3257 4602 3455 4658 quem-

107 4673 377 4739 profectum
393 4682 448 4733 et
462 4673 950 4748 tranquillitatem
972 4673 1304 4730 obtinerent
1322 4673 1689 4746 propensius.

107 4756 271 4833 Sicque
285 4764 389 4820 Deo
409 4764 647 4821 amabili
676 4768 853 4836 atque
882 4761 1163 4819 laudabili
1187 4767 1473 4819 conventu
1493 4763 1700 4819 unani-

109 4847 245 4906 miter
259 4869 316 4908 ac
338 4853 755 4911 rationabiliter
775 4855 1340 4926 perpetrato,nostrae
1362 4856 1699 4908 mansuetu-

111 4935 205 4992 dini
231 4956 379 4998 suam
412 4942 776 5000 devotionem
807 4946 864 4998 et
893 4940 1183 4998 actionem
1206 4941 1547 4997 fidelissime
1569 4959 1704 5014 sug-

110 5028 502 5095 gesserunt.Nos
517 5036 717 5089 autem
739 5036 901 5088 tanta
921 5030 1185 5088 ﬁdelium
1208 5046 1344 5103 erga
1362 5031 1705 5091 dominatio-

110 5128 215 5171 nem
241 5124 481 5178 nostram
535 5121 833 5179 subtiliter
879 5123 1185 5195 perspecta
1224 5119 1607 5193 benignitate,
1644 5127 1709 5179 ut

112 5217 253 5261 causa
278 5225 371 5281 pro
400 5211 488 5267 sui
522 5210 731 5268 merito
762 5210 1134 5285 exigebat,eis
1157 5209 1477 5282 condignas
1500 5212 1714 5285 gratia,

112 5306 215 5349 rum
242 5294 476 5357 actiones
507 5292 905 5369 retulimus,et
925 5316 1032 5357 nos
1060 5302 1441 5371 nostramque
1464 5305 1715 5373 potesta.

113 5379 206 5439 ῑεω
229 5400 410 5444 eorum
430 5378 593 5447 bene:
610 5387 1022 5447 convenientiae
1044 5404 1146 5461 per
1166 5388 1630 5447 benevolentiam
1654 5393 1713 5448 in

1808 4696 1980 4750 cumq
1991 4694 2059 4733 ue
2090 4681 2293 4732 contra
2318 4691 2423 4730 nos
2440 4677 2496 4729 et
2513 4677 2716 4729 contra
2736 4672 2884 4729 hanc
2908 4678 3137 4747 pactam
3159 4674 3459 4731 sincerita-

1805 4774 1923 4827 tem
1952 4765 2172 4839 aliquid
2216 4763 2406 4821 moliri
2456 4762 2762 4819 manifeste
2810 4763 3143 4836 cognoverit
3168 4765 3209 4833 ⁸,
3243 4763 3293 4821 si
3322 4781 3459 4821 eum

1809 4857 2062 4914 converti
2094 4854 2437 4927 nequiverit,
2462 4856 2657 4925 aperte
2684 4853 2892 4924 prodat
2921 4857 3096 4926 atque
3124 4854 3463 4911 denotet.Et

1811 4947 1895 5004 sic
1926 4943 2169 5001 consilio
2199 4948 2373 5015 atque
2416 4940 2629 4998 auxilio
2668 4941 3017 5014 episcopalis
3060 4943 3375 5001 auctoritas
3407 4948 3465 5001 et

1816 5036 2077 5095 ﬁdelium
2110 5031 2490 5100 unanimitas,
2514 5035 2579 5086 ut
2609 5033 2807 5087 noster
2836 5033 2857 5067 θ
2887 5031 3074 5089 honor
3119 5037 3178 5090 et
3206 5038 3463 5107 potestas

1818 5124 1977 5199 regia
2005 5121 2349 5179 inconvulsa
2377 5120 2880 5191 permaneat,totis
2911 5120 3139 5179 nisibus
3170 5124 3465 5181 decertare

1820 5219 1875 5270 et
1900 5214 2178 5284 adjuvare
2207 5213 2496 5283 procuret.

1889 5305 1942 5359 3.
1988 5301 2134 5366 Quia
2180 5316 2312 5355 vero
2356 5298 2617 5355 debitum
2664 5316 2794 5356 esse
2843 5302 3276 5373 cognoscimus,
3320 5305 3385 5356 ut
3431 5317 3466 5356 a

1824 5393 2039 5465 quibus
2069 5390 2349 5446 honorem
2379 5388 2757 5461 suscipimus,
2791 5407 2890 5447 eos
2912 5392 3084 5461 juxta
3112 5391 3334 5447 dictum
3366 5388 3467 5452 do;

1421 5540 1663 5599 VARI/ﬁ
1700 5543 2004 5601 LECTION
2011 5544 2114 5600 ES.

171 5657 265 5718 ‘D.
292 5667 601 5726 amatorum
632 5670 686 5724 2.
762 5667 784 5702 ⁵
810 5664 952 5724 deest
979 5669 1034 5721 2.

1109 5667 1131 5701 ⁶
1161 5682 1208 5722 s.
1244 5684 1295 5723 a.
1331 5684 1379 5722 r.
1414 5668 1607 5725 dicunt
1639 5671 1692 5726 3.

1771 5672 1791 5704 ⁷
1822 5674 1877 5727 et
1909 5670 1979 5727 ab
2012 5687 2063 5726 o.
2097 5669 2303 5725 desunt.
2336 5669 2386 5725 3.

2973 5662 3056 5719 θα

2467 5669 2488 5702 ⁸
2517 5665 2815 5738 agnoverit
2841 5669 2894 5721 2.

2942 5661 3476 6099 φ,
