3810 6214
31 366 141 428 537

1038 354 1528 423 FRANCOBUM
1572 352 1847 419 REGUM
1892 352 2443 416 CAPITULAltIA.

3326 355 3444 422 538

32 516 122 557 res
153 499 213 556 in
245 495 399 556 locis
450 512 653 555 eorum
704 495 1171 564 substituant'ur;
1204 496 1263 551 et
1288 509 1407 550 non
1453 495 1688 566 propter
1715 491 1769 560 Α
1800 494 1857 547 et
1887 488 2139 548 scientiae
2168 485 2355 563 ipsius
2387 488 2665 545 uberibus
2695 487 3053 547 sufficienter
3077 489 3280 567 repleti
3293 495 3445 562 ,ante

32 605 352 664 pravorum
369 587 698 660 nequitiam
718 586 858 644 ordo
879 584 1179 659 religionis
1198 587 1257 640 et
1273 583 1401 647 loca
1422 581 1692 640 sacratis-

36 681 182 737 sima
198 678 292 735 eis
315 676 544 750 quibus
562 675 785 733 licitum
808 692 925 731 non
947 679 1037 731 est
1066 674 1539 740 committantur;
1556 688 1691 726 cum

39 767 526 825 manifestissime
554 766 854 837 Scriptura
883 765 1264 831 demonstret,
1298 762 1473 818 02am
1505 765 1693 816 morte

40 858 409 923 damnatum,
432 855 534 929 qui
559 854 793 911 archam
819 853 1052 909 Domini
1085 851 1253 925 quasi
1286 852 1588 907 cadentem
1609 865 1694 904 re-

39 947 222 1002 levare
238 944 455 1011 voluit,
485 958 662 1017 quam
684 942 771 1000 vel
802 943 1137 1014 contingere
1158 940 1446 996 inlicitum
1477 938 1528 995 ei
1564 938 1691 996 fuit.

104 1039 155 1091 4.
189 1034 575 1092 Occasionem
598 1032 772 1089 etiam
794 1036 851 1087 et
875 1031 1328 1098 fomitem,unde
1350 1030 1490 1085 ordo
1511 1027 1693 1084 eccle-

42 1125 316 1181 siasticus
338 1128 397 1180 et
415 1121 697 1179 canonica
727 1121 917 1177 forma
939 1124 1116 1193 atque
1145 1118 1471 1175 monastica
1492 1116 1695 1191 religio

45 1231 186 1287 sepe
208 1214 444 1286 alonge
463 1210 750 1284 superiori
784 1215 1062 1282 tempore,
1088 1222 1222 1265 cum
1245 1208 1447 1264 minus
1466 1206 1693 1279 religio-

47 1322 135 1359 sos
156 1303 456 1376 principes
481 1301 708 1365 habuit,
727 1299 996 1355 titubavit
1017 1303 1074 1354 et
1093 1314 1240 1371 pene
1260 1297 1575 1353 conlabens
1598 1298 1695 1351 de-

44 1392 237 1465 periit;
264 1396 325 1446 et
344 1391 580 1455 iterum,
607 1407 741 1445 cum
773 1390 1011 1444 devotos
1042 1386 1178 1443 etin
1202 1387 1298 1443 Dei
1322 1386 1445 1442 zelo
1475 1390 1698 1442 ferven-

47 1490 127 1536 tes
148 1481 446 1552 principes
469 1477 729 1550 accipere
753 1477 985 1544 meruit,
1005 1476 1429 1531 resurrectione
1444 1474 1697 1547 quadam

48 1569 239 1627 revixit
270 1574 331 1624 et
357 1568 612 1641 vigorem
648 1565 883 1638 recepit,
903 1568 1078 1637 atque
1102 1563 1193 1619 sui
1227 1580 1537 1636 processus
1560 1567 1701 1618 tem-

52 1675 178 1731 pore
216 1655 563 1721 ambulavit,
595 1655 753 1728 quod
802 1671 917 1709 non
969 1654 1094 1709 sine
1140 1652 1302 1726 gravi
1349 1652 1616 1708 dolore33
1645 1656 1702 1707 et

53 1745 284 1803 ultionis
303 1746 509 1800 divinae
528 1742 783 1798 dicimus
799 1760 812 1811 ;
828 1741 887 1797 in
911 1740 1089 1798 vestri
1114 1740 1421 1814 regiminis
1444 1746 1702 1813 tempore

56 1836 111 1891 in
131 1834 610 1902 destructionem,
628 1848 742 1887 non
766 1831 826 1887 in
847 1830 1291 1887 zediticationem
1312 1829 1463 1886 sicut
1487 1828 1702 1884 Paulus

61 1926 347 1990 docuerat,
380 1922 666 1978 accidisse
716 1920 1135 1992 conspicimus.
1170 1919 1331 1982 Quod
1381 1923 1437 1973 et
1487 1918 1703 1973 nostris

64 2014 326 2086 peccatis,
350 2013 448 2085 qui
482 2011 919 2083 dispensatores
948 2011 1005 2065 et
1033 2011 1297 2081 pastores
1326 2007 1703 2081 ecclesiarum

64 2120 179 2160 esse
199 2099 830 2167 debuimus,veraciter
848 2096 1215 2172 imputamus
1234 2101 1322 2165 ;ct
1342 2113 1543 2153 eorum
1567 2113 1704 2169 quo-

64 2209 181 2248 rum
206 2190 457 2248 factione
478 2188 705 2246 resista
723 2188 868 2243 adeo
902 2184 1052 2242 male
1083 2185 1396 2258 pullulavit
1426 2190 1483 2241 et
1514 2202 1705 2241 excre-

64 2282 154 2349 vjt,
177 2280 292 2337 alia
311 2277 695 2354 praecedentia
716 2281 957 2350 peccata
976 2275 1084 2332 hoc
1107 2276 1414 2341 meruisse,
1428 2292 1532 2348 pro
1551 2278 1706 2330 certo

65 2370 396 2426 auctoritate
427 2366 627 2422 divina
673 2363 1086 2438 cognoscimus
1120 2381 1132 2418 :
1169 2368 1233 2419 ut
1264 2365 1362 2436 qui
1396 2364 1705 2428 nocebant,

66 2460 205 2515 sicut
232 2456 517 2530 scriptum
549 2463 656 2522 est,
694 2458 941 2511 noceant
973 2454 1017 2487 ³³
1045 2452 1256 2521 adhuc,
1281 2459 1337 2509 et
1364 2452 1467 2526 qui
1498 2451 1555 2507 in
1583 2469 1705 2508 sor-

67 2549 228 2604 dibus
259 2550 442 2615 erant,
477 2545 823 2601 sordescant
842 2544 887 2577 3‘
918 2542 1130 2598 adhuc.
1164 2542 1327 2599 Unde
1357 2542 1540 2598 Deum
1573 2558 1709 2616 gra-

71 2635 186 2690 vius
215 2635 285 2690 ad
338 2631 701 2689 iracundiam
747 2634 1147 2704 provocarent,
1181 2634 1238 2686 et
1266 2634 1526 2701 sanctos,
1561 2646 1709 2702 quos

75 2724 475 2781 intercessores
493 2738 596 2795 pro
614 2721 739 2778 suis
758 2719 1242 2794 peccatishabere
1256 2719 1597 2786 debuerant,
1613 2719 1707 2774 in-

77 2812 257 2869 fensos
272 2812 576 2877 haberent,
589 2814 647 2869 ct
662 2810 996 2865 sacerdotes
1012 2825 1079 2865 ac
1095 2807 1247 2864 viros
1264 2808 1590 2882 religiosos,
1606 2825 1709 2864 seu

78 2901 275 2959 Christi
307 2916 615 2974 pauperes,
648 2916 797 2970 quos
849 2902 1106 2955 oratores
1156 2900 1214 2954 et
1242 2896 1711 2954 reconciliatores

82 2991 179 3046 sibi
201 2992 270 3048 de
289 3008 395 3047 suo
414 2988 729 3063 promereri
758 3004 993 3044 necesse
1023 2987 1230 3054 fuerat,
1257 2986 1711 3059 proclamatorcs

81 3081 374 3136 adversum
409 3095 473 3135 se
503 3078 627 3133 fieri
658 3076 1046 3144 irritarent,et
1075 3066 1485 3132 adcumulum
1517 3093 1714 3150 pecca-

82 3174 255 3225 torum
275 3185 515 3226 suorum
540 3167 715 3224 etiam
736 3165 839 3223 illa
856 3170 1113 3239 peccata,
1138 3165 1293 3221 unde
1312 3164 1372 3220 in
1396 3169 1711 3239 conspectu

1799 581 1999 645 oculos
2030 580 2666 650 reducentes,tunicam
2698 578 2912 635 Christi
2941 580 3039 652 qui
3070 599 3172 639 vos
3202 582 3447 659 elegitet

1799 671 2089 738 exaltavit,
2123 686 2301 743 quam
2336 686 2442 725 nec
2480 669 2698 725 milites
2737 669 2863 725 ausi
2888 670 3132 749 fuerunt
3159 671 3444 738 scindere,

1801 767 2061 834 tempore
2089 766 2280 816 vestro
2314 760 2662 833 quantocius
2693 760 3021 816 reconsuite
3067 764 3124 816 et
3151 763 3446 832 resarcite,

1803 854 1859 905 et
1879 865 1986 903 nec
2006 847 2258 903 violenta
2288 844 2603 909 ablatione,
2627 864 2731 902 nec
2762 846 3119 903 inlicitorum
3143 852 3451 923 praecepto-

1804 955 1933 993 rum
1966 936 2427 1007 conﬂrmatione,
2462 953 2554 991 res
2584 936 2656 991 ab
2688 936 2950 993 ecclesiis
2978 937 3143 993 vobis
3174 938 3247 993 ad
3281 941 3452 994 tuen-

1804 1029 1944 1083 dum
1977 1032 2034 1083 et
2062 1026 2486 1082 defcnsandum
2520 1041 2586 1081 ac
2617 1026 3057 1099 propagandum
3094 1028 3451 1095 commissis,

1805 1117 2030 1173 auferre
2061 1120 2280 1171 tentate
2314 1131 2326 1169 :
2374 1115 2473 1169 sed
2524 1118 2589 1170 ut
2637 1119 2850 1170 sancta:
2899 1116 3195 1172 memoria:
3225 1135 3367 1174 avus
3398 1122 3456 1173 et

1806 1212 1970 1280 pater
2015 1211 2209 1261 vester
2255 1219 2354 1261 eas
2403 1205 2815 1277 gubernandas
2843 1205 3029 1271 vobis,
3062 1205 3285 1263 fautore
3314 1208 3451 1273 Deo,

1806 1296 2176 1360 dimiserunt,
2193 1294 2603 1366 redintegrate,
2620 1297 2673 1349 et
2686 1297 2971 1367 praecepta
2993 1295 3209 1368 regalia
3230 1312 3456 1353 earum-

1809 1387 1939 1442 dem
1964 1384 2342 1440 ecclesiarum
2375 1388 2708 1439 conscrvate
2730 1400 2794 1439 ac
2816 1386 3185 1449 conﬁrmato;
3214 1402 3285 1441 ne
3305 1386 3457 1443 sicut

1809 1475 2117 1531 intentavit
2143 1472 2415 1529 Samuhel
2452 1473 2731 1547 propheta
2760 1474 2831 1527 ad
2869 1474 3124 1530 Roboam
3158 1474 3343 1531 ﬁlium
3359 1478 3458 1533 Sa-

1808 1564 2061 1620 lomonis
2112 1564 2169 1617 in
2221 1563 2615 1617 ronsrissione
2659 1562 2840 1634 pallii,
2882 1580 3139 1636 praesens
3186 1581 3455 1639 regnum,

1811 1655 1963 1726 quod
1995 1653 2166 1719 absit,
2193 1652 2358 1707 vobis
2392 1656 2621 1723 patrum
2657 1650 2853 1707 labore
2883 1652 3246 1725 adquisitum
3281 1658 3339 1709 et
3358 1653 3458 1709 he-

1812 1744 2057 1799 reditate
2100 1741 2390 1811 relictum,
2423 1759 2457 1795 a
2486 1740 2650 1797 vobis
2682 1741 2805 1812 ipse
2835 1741 3103 1799 Christus
3132 1742 3372 1809 dividat,
3404 1748 3462 1799 et

1812 1836 2092 1887 aeternum
2128 1846 2372 1903 regnum
2407 1830 2560 1901 quod
2613 1829 2885 1901 promisit
2928 1846 3043 1886 non
3075 1831 3313 1887 tribuat.
3347 1832 3462 1887 Nec

1812 1925 2015 1977 contra
2036 1920 2137 1975 Dei
2164 1919 2370 1974 faciem
2396 1918 2573 1973 iratas
2592 1918 2897 1975 hominum
2927 1918 3102 1976 facies
3133 1921 3462 1978 considere-

1814 2011 1928 2080 tis;
1963 2010 2101 2082 quia
2128 2009 2177 2064 si
2210 2009 2279 2064 ad
2315 2014 2545 2079 tempus
2574 2006 2691 2062 illis
2723 2006 3162 2080 displicueritis,
3196 2026 3332 2066 cum
3361 2028 3461 2066 vos

1814 2100 1931 2156 Deo
1952 2097 2277 2171 placebitis,
2296 2098 2355 2152 in
2375 2096 2538 2151 vobis
2561 2095 2658 2152 ille
2677 2097 2833 2167 quod
2857 2097 3148 2169 promisit,
3174 2098 3458 2171 implebit:

1814 2191 1954 2246 Dum
1975 2189 2302 2259 placuerint,
2318 2185 2612 2257 inquiens,
2631 2187 2862 2242 Domino
2882 2188 2991 2244 vim
3010 2187 3265 2254 hominis,
3280 2205 3463 2244 omnes

1818 2280 2070 2334 inimicos
2099 2279 2148 2348 ej
2156 2293 2215 2331 us
2242 2282 2513 2331 convertet
2526 2276 2595 2331 ad
2607 2291 2816 2347 pacem.
2832 2276 2993 2340 Quod
3014 2280 3075 2330 ut
3096 2277 3464 2334 commodius

1815 2365 2057 2423 valeatis
2088 2364 2349 2437 implere,
2384 2363 2794 2436 unusquisque
2824 2364 2909 2418 vir
2937 2364 3388 2435 ecclesiasticus,
3409 2370 3467 2422 et

1816 2454 2255 2511 intercessionis
2286 2452 2667 2524 adjutorium,
2699 2456 2757 2507 et
2794 2452 2988 2509 solatii
3040 2470 3156 2526 quo
3212 2471 3304 2511 res
3357 2472 3466 2528 pu-

1818 2545 1972 2600 blica
2001 2542 2223 2615 indiget
2253 2541 2610 2609 subsidium,
2635 2542 2806 2613 juxta
2852 2544 3238 2615 quantitatem
3270 2561 3465 2601 rerum

1819 2633 2076 2690 ecclesizn
2107 2632 2216 2688 sibi
2249 2631 2772 2699 commissae,salvo
2793 2633 2928 2704 jure
2959 2633 3114 2705 quod
3144 2634 3351 2691 exinde
3379 2634 3465 2691 di-

1819 2722 1970 2779 vinis
1990 2720 2528 2794 dispensationibus
2549 2721 2721 2777 debet
2746 2719 3025 2793 impendi,
3040 2728 3306 2796 prompte
3326 2728 3387 2780 et
3400 2742 3470 2781 ex

1821 2812 2017 2868 animo
2050 2828 2274 2884 parare,
2307 2814 2365 2865 et
2394 2809 2660 2883 impigre,
2684 2810 2837 2866 sicut
2865 2815 3125 2883 tempore
3145 2816 3469 2870 antecesso-

1823 2918 1953 2957 rum
1981 2905 2308 2957 vestrorum
2336 2904 2735 2962 consueverat,
2773 2900 3031 2955 studehit
3051 2901 3278 2958 offerre.

1890 2992 1945 3046 5.
1979 2991 2045 3046 Et
2077 2990 2215 3062 quia
2244 2992 2447 3044 sancta
2476 2986 2720 3043 ecclesia
2754 2988 2809 3042 in
2851 3005 2986 3044 area
3029 2988 3249 3045 triturae
3280 2990 3469 3047 domi-

1823 3080 1965 3136 nicae
2004 3080 2193 3143 docta,
2225 3077 2490 3150 quaedam
2543 3076 2701 3132 novit
2748 3079 3169 3149 redarguenda,
3202 3080 3469 3151 quaedam

1824 3167 2275 3236 dissimulanda,
2308 3167 2577 3239 quaedam
2625 3165 2800 3222 etiam
2843 3168 3130 3239 gemenda
3176 3180 3364 3240 usque
3395 3170 3469 3225 ad

82 3257 169 3314 Dei
189 3260 232 3295 ³⁸
251 3259 537 3314 rationem
556 3256 613 3311 in
638 3256 730 3313 die
754 3253 1029 3312 terribilis
1051 3254 1262 3326 judicii
1294 3255 1621 3324 redderent,
1654 3259 1711 3311 et
1741 3240 1785 3305 C
1823 3264 2060 3331 tempus
2085 3255 2446 3330 perferenda,
2472 3254 2875 3327 perspeximus
2904 3272 2971 3311 eo
3000 3255 3331 3312 ferventiori
3350 3256 3470 3313 zelo

83 3353 361 3422 augerent,
385 3365 515 3421 quzs
536 3345 619 3402 illi
645 3345 1069 3403 commiserunt
1089 3343 1190 3416 qui
1212 3346 1413 3400 eadem
1440 3344 1568 3417 ipsa
1587 3361 1716 3417 pec-

80 3442 195 3493 cata
213 3454 313 3511 per
330 3434 810 3493 intercessionem
838 3431 1318 3491 ﬁdelissimarum
1338 3431 1713 3490 oblationum

80 3524 414 3595 deleverunt,
437 3542 593 3598 quas
607 3522 1132 3580 ecclesiasticarum
1156 3540 1351 3579 rerum
1376 3540 1713 3596 pervaseres

80 3600 385 3681 inconsulte
415 3620 475 3671 et
506 3614 566 3669 in
598 3612 915 3687 perniciem
947 3612 1038 3668 sui
1069 3611 1196 3668 sine
1228 3611 1544 3668 reverentia
1564 3612 1713 3668 abu-

81 3706 283 3761 tuntur.
314 3703 479 3770 Quod
511 3702 591 3759 ita
620 3718 820 3759 verum
866 3718 995 3758 esse
1026 3705 1092 3757 ut
1124 3700 1397 3772 dicimus,
1430 3700 1714 3758 Dominus

83 3798 436 3864 protestetur,
471 3793 672 3849 dicens
718 3808 731 3846 :
766 3792 997 3847 Pcccata
1036 3792 1231 3863 populi
1268 3793 1379 3847 mei
1406 3791 1710 3848 comedunt.

84 3881 296 3940 Peccata
316 3883 475 3940 enim
500 3881 1049 3955 p'opnlicomedunt,
1064 3880 1165 3952 qui
1179 3883 1381 3936 contra
1400 3879 1713 3937 auctorita-

87 3976 189 4029 tem
215 3973 470 4030 divinam
505 3989 598 4028 res
628 3960 1052 4027 ecclesiasticas
1079 3968 1337 4025 indebita
1368 3970 1710 4041 pervadunt,

88 4064 133 4116 et
150 4079 245 4119 nec
264 4060 703 4119 intercessionis
724 4075 854 4133 ope,
874 4075 979 4115 nec
999 4057 1430 4134 praedicationis
1447 4058 1713 4129 consilio,

85 4150 154 4205 vel
185 4167 555 4224 quocumque
604 4149 800 4207 divino
848 4147 1067 4204 auxilio
1095 4164 1198 4221 pro
1224 4147 1489 4220 peccatis»
1511 4164 1713 4227 eorum

87 4240 170 4309 qui
197 4259 292 4297 eas
320 4240 620 4307 dederant,
650 4239 939 4305 laborant,
972 4254 1078 4293 nec
1109 4237 1204 4310 pio
1236 4234 1418 4310 operi,
1448 4237 1521 4292 ad
1557 4237 1712 4310 quod

88 4328 211 4387 fides
238 4328 501 4386 ﬁdelium
528 4345 629 4385 cas
660 4326 1001 4394 tradiderat,
1034 4325 1313 4382 inservire
1342 4326 1711 4399 permittunt.

87 4414 151 4471 De
162 4436 267 4491 quo
281 4417 606 4492 periculoso
617 4418 768 4473 facto
780 4415 977 4484 vos,cb
985 4414 1383 4473 ristianissimi
1397 4414 1711 4488 principes,

85 4496 465 4564 venerabiliter
501 4506 891 4563 admonemus
914 4508 987 4560 et
1025 4501 1404 4561 devotissime
1445 4504 1713 4560 obsecra-

1823 3364 1940 3419 quo
1962 3347 2188 3418 majora
2207 3343 2549 3416 corrigenda
2568 3347 2728 3411 sunt,
2752 3347 3005 3400 vestram
3028 3349 3400 3417 potestatem,
3414 3349 3472 3402 et

1823 3434 2199 3492 sacerdotalis
2229 3431 2459 3490 consilii
2490 3431 2916 3499 auctoritatem,
2942 3433 3208 3505 quaedam
3239 3435 3312 3490 ad
3334 3452 3474 3507 prae.

1821 3540 1960 3580 scus
1981 3539 2051 3578 ex
2070 3538 2201 3577 asse
2222 3537 2339 3576 non
2360 3519 2549 3576 valere
2568 3518 2876 3591 corrigere.
2900 3520 2971 3573 Et
2991 3519 3119 3575 ideo
3142 3519 3214 3576 de
3234 3519 3473 3576 canoni-

1822 3628 2025 3668 eorum
2057 3609 2433 3665 monasteriis
2462 3612 2519 3664 et
2540 3606 3078 3664 sanctimonialium
3102 3624 3231 3680 qua:
3254 3609 3365 3664 sub
3385 3626 3475 3664 ea-

1822 3702 1957 3758 dem
1987 3701 2176 3756 forma
2202 3699 2391 3754 vivere
2429 3698 2724 3765 dicuntur,
2757 3696 3281 3763 consideravimus,
3323 3696 3477 3754 sicut

1823 3789 2122 3865 apostolus
2154 3787 2370 3845 Paulus
2403 3786 2563 3869 dicit,
2593 3785 2888 3842 secundum
2918 3786 3337 3858 indulgentiam,
3365 3803 3477 3843 non

1820 3879 2120 3937 secundum
2151 3879 2464 3950 imperium,
2501 3879 2566 3932 ut
2594 3874 2643 3932 si
2673 3878 2908 3948 propter
2951 3875 3358 3933 imminentem
3393 3876 3474 3932 rei

1822 3969 2069 4043 publica:
2101 3966 2510 4024 necessitatem
2541 3964 2707 4022 laicis
2738 3964 2974 4021 interim
3004 3966 3473 4034 committuntur,

1822 4058 2080 4132 episcopi
2112 4055 2769 4131 providentia,inscuius
2800 4053 3097 4127 parmcbia
3125 4054 3474 4121 consistunt,

1822 4149 2102 4221 adjuncto
2118 4146 2232 4203 sibi
2254 4145 2451 4217 aliquo
2471 4145 2681 4202 abbate
2699 4143 2822 4200 vico
2843 4142 3116 4216 religioso
3146 4144 3475 4214 studeatur,

1825 4237 2077 4311 qualiter
2090 4243 2284 4293 restau
2295 4233 2440 4291 ratio
2457 4233 2741 4303 locorum,
2763 4237 2820 4288 et
2840 4231 3107 4289 studium
3125 4248 3191 4288 ac
3210 4232 3478 4289 custodia

1823 4325 2000 4382 ofﬁcii
2033 4329 2090 4380 et
2115 4321 2437 4396 religionis,
2453 4325 2628 4394 atque
2657 4320 2988 4377 subsidium
3020 4320 3363 4392 temporalis
3382 4337 3478 4376 ne-

1824 4414 2137 4480 cessitatis,
2170 4412 2229 4468 in
2260 4412 2484 4468 eisdem
2518 4409 2661 4467 locis
2706 4407 3055 4482 degentibus
3085 4408 3476 4481 juxtaquali-

1824 4508 2005 4562 tatem
2021 4507 2077 4559 et
2094 4501 2480 4575 quantitatem
2504 4498 2925 4554 moderationis
2944 4497 3295 4557 adhibeatur
3305 4501 3363 4553 et
3376 4499 3478 4555 mi-

87 4600 591 4665 mus‘,utmemores
616 4594 823 4651 salutis
847 4592 1397 4667 vestrae,»przesentis
1417 4592 1638 4650 scilicet
1658 4596 1717 4648 et
1744 4614 1791 4679 D
1824 4593 2144 4650 nistretur:
2178 4594 2235 4647 et
2262 4589 2361 4662 qui
2393 4588 2599 4644 eadem
2628 4586 3105 4652 loca‘tenuerint,
3126 4585 3214 4642 eis
3232 4584 3476 4655 inde,si-

90 4688 308 4753 aeternae,
362 4701 654 4741 memores
705 4684 886 4740 etiam
935 4680 1228 4756 largitatis
1274 4683 1713 4759 progenitorum

89 4779 387 4830 vestrorum
413 4790 553 4847 erga
579 4775 814 4829 sanctas
845 4770 1157 4839 ecclesias,
1168 4776 1405 4845 propter
1425 4788 1602 4844 quam
1634 4771 1716 4828 fe-

92 4857 255 4919 liciter
283 4866 671 4938 regnaverunt
691 4866 750 4918 et
778 4861 892 4919 sibi
924 4861 1245 4917 contrarios
1273 4864 1713 4935 superaverunt,

96 4966 355 5010 memores
375 4950 669 5026 siquidem
686 4968 821 5010 cum
844 4954 1063 5023 quanta
1083 4949 1380 5023 religione,
1395 4950 1571 5007 etiam
1585 4953 1717 5006 ante

95 5037 283 5097 Christi
314 5040 756 5115 sanguinem,et
782 5039 1134 5114 intunpore
1164 5038 1341 5095 famis
1368 5039 1427 5094 in
1462 5043 1715 5114 Egypto,

98 5128 417 5189 discretione
460 5129 649 5188 sancti
692 5128 909 5202 Joseph
960 5129 1115 5203 apud
1170 5128 1490 5185 nefandum
1522 5145 1717 5202 regem

98 5215 427 5277 Pharaonem
447 5224 605 5295 terra
623 5216 1001 5293 sacerdotalis
1020 5218 1230 5285 extitit,
1252 5218 1560 5275 innumera
1580 5235 1719 5291 quo-

97 5321 190 5377 que
207 5310 628 5383 scripturarum
650 5307 1026 5383 exempla,:ut
1049 5306 1211 5365 lacte
1228 5305 1485 5364 ecclesia
1511 5306 1719 5362 nutriti

1825 4687 1924 4739 cut
1950 4686 2009 4738 et
2050 4676 2125 4737 de
2170 4678 2302 4735 aliis
2350 4676 2681 4735 Christianas
2727 4674 3026 4745 religionis
3070 4675 3339 4748 negotiis,
3373 4694 3476 4749 pro

1823 4770 2037 4828 Christi
2060 4773 2118 4826 et
2144 4773 2338 4825 vestra
2368 4766 2706 4833 reverentia,
2730 4764 3055 4822 obediatur.
3078 4764 3242 4828 Quod
3265 4765 3314 4821 si
3341 4766 3476 4838 quis

1826 4878 1943 4918 non
1998 4858 2213 4927 fecerit,
2247 4857 2613 4930 provisorum
2671 4871 2821 4911 euris
2868 4853 2995 4925 erit,
3028 4858 3092 4910 ut
3118 4855 3193 4910 ad
3222 4859 3475 4912 vestram

1825 4950 1934 5007 hoc
1955 4948 2224 5005 notitiam
2246 4948 2587 5008 referant,et
2604 4948 2796 5001 vestra
2815 4942 3134 5002 dominatio
3152 4946 3474 5002 secundum

1826 5038 1985 5096 sibia
2005 5038 2123 5094 Deo
2138 5032 2943 5093 commissum'ministerium
2960 5050 3065 5107 pro
3082 5035 3254 5091 modo
3268 5033 3473 5108 culpae,

1828 5146 1955 5201 qua:
1978 5126 2344 5184 emendanda
2363 5129 2501 5181 sunt
2530 5123 2855 5198 corriget“.
2875 5125 2977 5183 Per
3005 5122 3132 5181 loca
3158 5124 3335 5182 etiam
3357 5140 3477 5181 mo-

1829 5216 2053 5275 nastica
2108 5216 2374 5287 ejusdem
2427 5213 2651 5271 ordinis
2708 5214 3034 5288 provisores
3089 5230 3327 5272 necesse
3368 5213 3478 5270 erit

1827 5306 2159 5379 disponere,
2200 5321 2335 5359 cum
2390 5306 2586 5361 vestra
2637 5304 2955 5363 auctoritas
3005 5320 3106 5361 eos
3162 5302 3264 5375 qui
3319 5303 3499 5358 vices'

1416 5503 1657 5561 VARIJE
1699 5490 2111 5560 L‘EC’I‘IONES.‘

156 5667 193 5701 ³³
218 5668 351 5725 deest
382 5671 436 5723 2.
515 5670 559 5703 3‘
590 5670 662 5725 ita
694 5671 747 5724 2.
778 5671 1054 5725 nocerent
1084 5668 1145 5724 B.
1223 5669 1267 5703 ³⁵
1300 5670 1373 5725 ita
1404 5672 1456 5725 2.
1491 5668 1892 5726 sordescereut
1922 5668 1984 5724 B.
2062 5668 2103 5702 ’δ
2126 5632 2277 5723 deest
2304 5669 2356 5725 2.
2432 5668 2476 5703 ³⁷
2508 5664 2876 5737 corrigantur
2900 5668 2954 5720 2.
