3810 6214
328 327 467 390 539·

992 288 1325 390 APPEND.
1372 328 1475 390 AD
1521 328 1708 391 sae.
1757 330 1829 391 x.
1865 364 1939 375 -
1970 329 2471 395 MONUMENTA
2515 334 3070 399 DIPLOMATICA.

3628 340 3729 404 540

326 461 542 520 Christi
573 460 616 498 ³⁸
643 459 966 519 secundum
998 458 1258 535 regulam
1290 460 1570 519 divinitus
1598 460 1875 520 dictatam
1908 462 1965 519 in
1998 467 2051 536 Α
2080 468 2271 523 vestra
2301 462 2655 538 sublimitas,
2688 470 2746 527 et
2773 467 3023 544 quisque
3059 468 3119 527 in
3167 467 3436 545 quolibet
3465 470 3742 549 statu’vel

325 552 700 610 monasteriis
728 556 925 626 agant,
960 551 1254 608 studuerit
1276 552 1564 608 ordinare.

395 645 448 698 6.
483 641 743 699 Petimus
770 641 1112 710 tandem,ut
1140 641 1281 697 ordo
1313 642 1740 699 ecclesiasticus
1762 643 1818 698 in
1843 642 1972 715 qui-

325 732 695 805 buscumque
708 732 760 787 ei
777 730 1458 803 fueritnecesserigorem
1472 731 1680 788 salutis
1701 732 1974 789 humanm

325 837 576 889 exerere,
600 837 703 894 per
724 823 1069 893 potestatem
1092 824 1363 887 vestram,
1381 824 1437 876 et
1458 837 1560 893 per
1573 820 1972 878 ministerium

325 910 727 967 ministrorum
761 909 1177 965 dominationis
1205 914 1430 979 vestrae,
1467 911 1791 966 secundum
1823 910 1972 967 anti-

323 1016 501 1072 quam
526 998 1031 1066 consuetudinem,
1050 1016 1224 1054 suum
1248 999 1502 1072 vigorem
1526 1000 1977 1073 recipiat;etpo-

318 1087 805 1162 puligeneralitas
839 1106 954 1142 una
985 1104 1117 1143 cum
1149 1087 1546 1145 ecclesiastica
1570 1090 1976 1160 devotioneju-

320 1178 561 1249 dicium,
595 1178 746 1250 quod
781 1176 966 1233 honor
996 1178 1149 1250 regis
1179 1177 1392 1252 diligit,
1421 1182 1479 1233 et
1502 1178 1823 1249 justitiam,
1855 1196 1974 1252 qua

319 1267 564 1323 thronus
594 1267 721 1338 ejus
757 1266 1047 1334 ﬁrmatur,
1079 1283 1181 1338 per
1224 1266 1669 1340 dispositionem
1717 1272 1969 1325 vestram

317 1355 600 1428 suscipiat
617 1373 630 1424 ;
646 1372 748 1411 seu
762 1355 830 1410 ad
843 1354 1160 1411 monitione
1176 1359 1351 1427 atque
1363 1356 1606 1413 consilio
1626 1356 1969 1413 sacerdotali

2084 556 2309 627 ordine,
2344 557 2414 613 de
2443 558 2666 631 rapinis
2697 564 2755 615 et
2783 559 3014 630 ceteris,
3042 578 3173 634 qua
3214 560 3541 618 discordiae
3590 562 3728 619 malo

2084 645 2441 713 acciderunt,
2455 648 2766 721 praeteritis
2778 650 3095 719 erroribus,
3110 650 3546 724 pmnitudinem
3559 659 3725 726 gerat,

2083 738 2139 789 et
2169 735 2398 792 Domini
2429 737 2961 796 reconciliationem
2991 739 3341 813 expostulat.
3365 741 3561 806 Quam
3582 741 3729 798 facile

2083 822 2276 879 omnis
2302 823 2410 895 qui
2459 824 2754 896 quaesierit
2798 826 3072 894 inveniet,
3101 828 3152 884 si
3185 827 3244 885 in
3275 827 3405 885 loco
3439 827 3728 885 discordia:

2081 910 2345 983 plantata
2375 912 2552 970 fuerit
2579 914 2812 985 caritas,
2846 934 2974 988 quas
3005 918 3265 990 cooperit
3293 917 3726 976 multitudinem

2078 1004 2474 1073 peccatorum,
2515 1020 2769 1077 eumque
2798 1005 2994 1078 potius
3029 1024 3207 1080 quam
3238 1024 3348 1065 nos
3380 1007 3444 1064 in
3477 1007 3722 1076 consilio,

2082 1106 2195 1146 non
2230 1095 2450 1161 nostro,
2482 1094 2583 1150 sed
2615 1093 2738 1163 Dei,
2770 1095 3108 1166 attendatis,
3141 1097 3241 1169 qui
3274 1097 3427 1154 dixit
3459 1115 3475 1155 :
3513 1098 3619 1167 Qui
3651 1117 3722 1157 cos

2081 1180 2257 1247 audit,
2286 1198 2373 1237 me
2400 1182 2595 1251 audit;
2624 1192 2677 1240 et
2705 1186 2802 1256 qui
2849 1202 2940 1242 vos
2984 1188 3213 1264 spernit,
3244 1204 3332 1243 me
3359 1189 3596 1260 spernit.
3627 1189 3725 1245 Non

2078 1271 2228 1325 enim
2262 1286 2347 1327 vos
2376 1273 2503 1328 estis
2534 1274 2634 1345 qui
2656 1273 3080 1347 toquimini,sed
3107 1278 3341 1349 spiritus
3367 1279 3554 1349 patris
3582 1282 3725 1334 ιντδὶνί

2080 1359 2177 1429 qui
2205 1360 2448 1432 loquitur
2476 1363 2534 1417 in
2566 1364 2736 1419 vobis.

1170 1500 1461 1560 KAROLI
1509 1501 1560 1561 Il
1606 1500 2036 1591 CONClLlUM
2077 1503 2157 1563 lN
2202 1504 2467 1566 VERNO
2511 1506 2869 1570 PALATIO.

1786 1625 1923 1697 (Αη.
1951 1627 2077 1695 844,
2113 1630 2263 1697 Dec.)

385 1742 775 1827 an§irmondo
803 1744 862 1822 et
891 1739 1124 1827 Balugio
1149 1741 1419 1827 ex‘codd.
1441 1740 1683 1827 'Tilian'q
1713 1745 1770 1797 et
1813 1741 2115 1827 Bithceano
2162 1745 2408 1827 editum,
2444 1764 2553 1827 ope
2583 1748 2847 1827 ejusdem
2879 1749 3099 1827 codicis
3127 1749 3180 1827 2)
3216 1751 3360 1827 bibl.

3509 1796 3521 1808 .
3558 1753 3735 1816 Paris.

315 1816 531 1898 n._4638
548 1812 1010 1898 recognovimus.
1026 1812 1291 1885 Capitula
1305 1813 1603 1885 eaaLupo
1636 1813 1989 1871 Ferrariensi
2024 1815 2235 1872 abbate
2267 1812 2917 1892 conScriptavfuisse,ex
2946 1812 3194 1895 epistola
3223 1825 3352 1898 ejus
3376 1812 3721 1882 Rhamnus

315 1885 641 1942 admonuit.

309 2014 564 2094 (Iunones
585 2011 1102 2094 concilii-infimo
1148 2011 1604 2094 palatidhabiti,
1636 2012 1734 2094 ubi
1750 2028 1962 2094 praese-
1994 2014 2042 2079 B
2146 2014 2196 2069 1.
2233 2014 2436 2087 Itaque
2464 2033 2565 2073 vos
2596 2017 2787 2089 primo
2818 2018 3222 2089 convenimus,
3256 2024 3346 2087 ut,
3378 2022 3524 2094 quia
3550 2025 3715 2079 vestra

380 2084 462 2156 dit
497 2084 772 2139 Ebroinus
812 2083 858 2156 3?
902 2084 1252 2156 Pictavorum
1296 2084 1597 2156 episcopus,
1646 2091 1698 2139 et
1749 2083 1963 2142 Wenilo

380 2155 655 2211 Senonum
730 2155 1189 2227 ara'tiepiscopus,
1239 2170 1447 2211 necnon
1503 2163 1555 2212 et
1616 2156 1963 2212 Illudowicus

379 2228 556 2282 sancti
604 2227 858 2298 Dionysii
903 2227 1088 2289 abbas,
1130 2233 1184 2280 et
1227 2227 1563 2282 Hincmarus
1610 2234 1729 2298 post
1776 2229 1961 2283 Remo-

378 2315 502 2381 rum
532 2300 840 2381 episcopus,
883 2313 1060 2381 anno.
1084 2298 1271 2381 quinto
1310 2300 1485 2381 regni
1535 2298 1748 2381 domini
1790 2301 1964 2381 nostri

379 2371 587 2442 Itaroli,
620 2369 1060 2442 ﬁliiHludowici
1089 2370 1454 2439 imperatoris,
1485 2386 1667 2426 mense
1696 2370 1842 2442 Dec.,
1873 2373 1959 2426 in-

378 2440 613 2497 dictione
641 2442 675 2494 7
704 2441 769 2494 ‘0.

382 2545 609 2603 Gratias
657 2544 1044 2617 omnipotenti
1095 2545 1213 2601 Deo
1262 2546 1591 2612 referimus,
1624 2546 1835 2620 inclyte
1866 2565 1963 2604 rex

311 2635 539 2703 Karole,
563 2650 670 2690 nos
686 2633 945 2707 episcopi
962 2637 1020 2690 et
1034 2634 1226 2690 caeteri
1256 2634 1453 2691 ﬁdeles
1485 2636 1587 2708 qui
1619 2652 1686 2692 ex
1715 2637 1961 2693 diversis

311 2723 579 2798 partibus
610 2724 683 2778 ad
712 2721 971 2778 Vernum
1002 2722 1220 2779 evocati
1253 2740 1480 2793 sumus,
1510 2725 1664 2796 quod
1697 2726 1963 2798 deposita

310 2811 790 2880 discordia,unde
821 2815 909 2868 tot
939 2811 1093 2868 mala
1121 2818 1694 2886 processerunt,quae
1724 2820 1782 2870 et
1811 2832 1961 2871 enu-

313 2919 541 2959 merare
563 2901 806 2974 longum
828 2905 935 2971 est,
951 2906 1008 2958 et
1027 2901 1319 2959 declinare
1350 2902 1543 2958 adhuc
1573 2902 1956 2977 impossibile,

311 2991 545 3048 redistis
576 2992 649 3047 ad
679 3007 885 3064 pacem
915 3007 1054 3047 cum
1104 2991 1387 3048 fratribus
1432 2992 1661 3060 vestris,
1695 3010 1871 3065 quam
1903 2997 1961 3049 et

310 3086 523 3136 natura
551 3080 715 3136 vobis
744 3083 802 3136 et
831 3079 1111 3153 religione
1142 3080 1466 3138 debetiszin
1488 3098 1606 3153 qua
1635 3086 1700 3137 ut
1729 3099 1962 3155 semper

312 3168 633 3234 maneatis,
654 3185 754 3241 per
780 3168 1096 3234 Christum,
1132 3169 1231 3242 qui
1273 3186 1386 3241 pax
1424 3174 1623 3227 nostra
1649 3174 1758 3238 est,
1791 3172 1958 3227 obse-

310 3274 546 3315 cramus
569 3276 582 3327 ;
618 3262 681 3313 ut
701 3257 801 3330 qui
824 3257 1110 3314 maximas
1132 3274 1223 3313 res
1242 3263 1464 3315 vestras
1493 3258 1784 3315 discordia
1813 3275 1960 3330 pene

309 3346 570 3418 dilapsas
588 3346 818 3414 videtis,
833 3346 1142 3403 concordia
1157 3350 1215 3403 et
1233 3347 1350 3403 ﬁdo
1373 3347 1663 3421 adjutorio
1678 3345 1959 3404 relevatae

310 3435 424 3492 cito
453 3433 771 3507 aspiciatis.
795 3436 1132 3492 Cedendum
1155 3441 1244 3492 est
1271 3435 1429 3492 enim
1462 3442 1595 3508 Deo,
1618 3438 1691 3493 de
1718 3453 1833 3509 quo
1862 3452 1957 3492 ve-

309 3524 543 3581 rissime
573 3525 873 3582 continent
900 3523 1108 3581 litterae
1134 3540 1147 3580 :
1184 3529 1502 3582 Potestatem
1533 3527 1694 3583 habet
1719 3527 1961 3583 excelsus

310 3616 369 3670 in
398 3630 566 3683 regno
595 3616 963 3681 hominum,et
991 3616 1314 3686 cuicumque
1340 3616 1590 3683 voluerit,
1604 3615 1756 3671 dabit
1789 3615 1958 3682 illud;

308 3706 367 3759 et
385 3702 485 3775 qui
509 3701 844 3774 dignatione
875 3701 1126 3758 mirabili
1158 3701 1501 3775 pollicetur:
1537 3705 1694 3760 Beati
1715 3706 1958 3776 paciﬁci,

308 3792 572 3863 quoniam
600 3791 711 3859 ﬁlii
735 3792 835 3846 Dei
860 3792 1221 3846 vocabuntur.
1255 3796 1557 3860 Caeterum,
1590 3794 1730 3865 quia
1755 3794 1958 3850 eodem

310 3879 428 3935 Deo
448 3876 772 3949 inspirante
793 3876 1014 3949 dignati
1025 3877 1168 3934 estis
1180 3878 1409 3950 jubere,
1428 3884 1494 3936 ut
1515 3881 1585 3936 de
1604 3885 1762 3937 statu
1785 3882 1960 3939 eccle-

310 3966 432 4035 siae,
466 3964 566 4039 qui
595 3965 968 4021 vehementer
1017 3967 1420 4040 magnitudine
1468 3986 1535 4025 ac
1578 3969 1959 4028 multitudine

308 4058 685 4129 peccatorum
704 4057 1038 4110 nostrorum
1056 4056 1097 4090 “
1117 4056 1397 4113 cantusus
1416 4061 1525 4126 est,
1547 4061 1956 4127 tractaremus,

309 4145 371 4200 in
394 4142 631 4200 nomine
652 4146 710 4199 et
730 4142 1021 4216 adjutorio
1041 4145 1192 4217 ejus,
1206 4162 1334 4218 quis
1356 4148 1655 4203 communi
1679 4147 1959 4206 delibera-

308 4234 469 4290 tione
491 4232 837 4306 reperimus,
859 4232 1193 4290 celsitudini
1224 4240 1430 4291 vestris
1450 4253 1517 4292 ac
1539 4237 1736 4309 pepuli
1770 4238 1957 4295 fidelis

308 4321 597 4379 devotioni
620 4322 924 4378 humiliter
942 4323 1260 4394 aperimus.
1275 4324 1470 4397 Neque
1482 4325 1637 4381 enim
1652 4343 1759 4383 nos
1761 4328 1958 4399 justos

307 4412 630 4487 approbare
650 4412 1061 4469 contendimus
1076 4430 1089 4481 ;
1103 4413 1571 4472 consideratione
1591 4415 1957 4473 conscientiae

307 4506 520 4559 nostra:
552 4500 698 4557 illud
731 4500 1033 4558 Hieremiae
1063 4501 1407 4576 suppliciter
1450 4504 1720 4563 dicamus
1751 4524 1766 4563 :
1801 4505 1957 4563 Μίδε-
1990 4500 1991 4503 “

307 4592 551 4648 ricordia
578 4599 659 4647 est
685 4592 925 4658 Domini,
959 4593 1090 4664 quia
1118 4608 1228 4648 non
1254 4609 1443 4649 sumus
1471 4597 1795 4668 consumpti,
1828 4598 1956 4670 quia

306 4697 418 4737 non
446 4680 755 4753 defecerunt
799 4682 1171 4738 miserationes
1217 4682 1354 4754 ejus.
1389 4683 1502 4739 Sed
1550 4685 1621 4739 ad
1652 4684 1838 4740 Deum
1871 4702 1958 4741 re-

2072 2102 2333 2175 probitas
2359 2104 2586 2162 cunctis
2607 2106 2770 2163 vobis
2792 2111 2983 2179 potest
3003 2109 3283 2181 prodesse
3307 2108 3713 2182 subjectis,cul-

2072 2197 2197 2246 tum
2239 2192 2341 2249 Dei
2389 2195 2564 2250 rebus
2611 2195 2887 2252 omnibus
2937 2196 3277 2268 praeferetis.
3313 2198 3579 2273 Namque
3606 2200 3729 2275 ipse,

2072 2279 2252 2336 dicit:
2290 2282 2396 2350 Qui
2422 2283 2742 2356 gloriﬁcant
2771 2301 2875 2354 me,
2908 2287 3225 2356 gloriﬁcabo
3253 2304 3361 2344 eos.
3398 2290 3511 2357 Qui
3552 2297 3708 2345 autem

2069 2378 2420 2429 contemnunt
2446 2388 2551 2441 me,
2584 2381 2748 2430 erunt
2771 2376 3058 2444 ignobiles.
3084 2374 3369 2433 Praeterea
3398 2378 3707 2435 misericor-

2071 2458 2229 2514 diam
2253 2465 2308 2515 et
2317 2460 2613 2533 judicium
2636 2466 2813 2535 atque
2826 2463 3121 2536 justitiam
3144 2465 3189 2500 ⁸³
3207 2467 3589 2533 conservatis;
3611 2467 3701 2523 sci-

2070 2547 2281 2604 licetut
2293 2549 2694 2609 misericordia
2713 2556 2997 2625 temperet
3017 2554 3381 2611 severitatem
3395 2555 3698 2629 potestatis,

2062 2636 2357 2708 judicium
2400 2640 2751 2712 comprimat
2797 2641 3087 2698 obstinate
3136 2644 3717 2717 peccantes,justitia.

2071 2727 2430 2785 merentibus
2462 2728 2639 2804 digna
2660 2730 2949 2786 restituat.
2966 2731 3270 2804 Siquidem
3294 2750 3308 2788 :
3328 2737 3487 2791 Beati
3512 2735 3700 2790 miseri-

2069 2816 2273 2887 cordes,
2305 2834 2568 2889 quoniam
2596 2820 2704 2891 ipsi
2727 2821 3004 2876 miseriam
3016 2820 3168 2877 diam
3195 2832 3601 2896 consequentur.
3614 2824 3693 2878 Et:

2072 2906 2229 2961 Beati
2255 2909 2351 2978 qui
2377 2908 2694 2964 custodiunt
2732 2908 3013 2981 judicium
3040 2918 3092 2965 et
3117 2911 3338 2981 faciunt
3354 2912 3625 2985 justitiam
3648 2914 3697 2967 in
3735 2979 3741 2985 .

2068 2997 2221 3051 omni
2255 3004 2513 3069 tempore.
2545 2997 2615 3053 Et
2648 3014 2661 3052 :
2694 2999 2878 3054 Honor
2922 3001 3069 3069 regis
3106 3000 3389 3071 judicium
3434 3000 3694 3073 diligit“.

2071 3084 2140 3139 Et
2172 3100 2185 3138 :
2214 3087 2447 3143 Iustitia
2471 3086 2690 3156 ﬁrmari
2719 3088 2977 3143 thronum
3006 3091 3170 3157 regis,
3188 3088 3598 3162 sapientissimi
3614 3091 3696 3146 Sa-

2067 3171 2341 3241 lomonis,
2367 3174 2549 3230 immo
2570 3192 2675 3248 per
2695 3191 2830 3231 eum
2852 3175 3146 3250 loquentis
3168 3177 3291 3246 Dei,
3316 3179 3508 3251 prodit
3530 3183 3694 3241 aucto-

2070 3261 2231 3319 ritas.
2256 3262 2473 3319 Taliter
2501 3263 2665 3321 vobis
2683 3264 3017 3338 agentibus,
3041 3266 3127 3322 vel
3156 3265 3521 3324 incruentam
3533 3267 3692 3332 vobis,

2072 3351 2459 3421 utcredimus,
2473 3353 2563 3409 vel
2576 3354 2805 3425 justam
2824 3355 2895 3410 de
2915 3354 3183 3411 hostibus
3204 3357 3505 3414 victoriam
3526 3356 3692 3413 divina

2068 3442 2257 3515 gratia
2286 3441 2631 3514 providebit.
2647 3442 2920 3516 Exemplo
2939 3443 3100 3500 vobis
3127 3461 3259 3501 esse
3280 3450 3524 3517 possunt
3537 3444 3687 3502 David

2068 3535 2125 3585 et
2154 3530 2447 3599 Ezechias,
2478 3530 2581 3603 qui
2614 3531 2821 3588 merito
2852 3532 3184 3588 sanctitatis
3216 3533 3490 3592 inimicos
3520 3530 3690 3606 populi

2068 3619 2193 3686 Dei,
2221 3618 2307 3674 vel
2357 3621 2675 3692 pugnando
2721 3620 2808 3676 vel
2856 3621 3100 3689 orando,
3135 3621 3394 3678 mirabili
3429 3622 3691 3680 celeritate

2066 3708 2366 3763 vicerunt:
2391 3709 2490 3764 sed
2513 3713 2603 3765 est
2625 3709 3016 3766 domesticum
3047 3709 3248 3767 lumen
3278 3711 3588 3785 imperator
3606 3711 3690 3766 lia-

2066 3792 2247 3865 rolus,
2263 3796 2363 3869 qui
2379 3814 2592 3854 nomen
2615 3799 2771 3870 quod
2792 3798 3025 3854 familiae
3046 3802 3251 3856 vestras
3272 3798 3691 3874 peperit,claris-

2067 3884 2235 3942 simis
2256 3884 2483 3942 actibus
2515 3887 2836 3943 adornavit.
2860 3886 2976 3943 Nec
2998 3886 3160 3962 regni
3187 3887 3357 3946 vobis
3385 3886 3691 3963 amplitudi-

2069 3991 2200 4046 nem
2223 3992 2289 4030 ac
2312 3974 2664 4031 soliditatem
2694 3977 3342 4045 tantummodo,verum
3365 3976 3534 4035 etiam
3550 3976 3689 4034 vobis

2066 4064 2215 4119 bene
2243 4064 2601 4138 gerentibus,
2639 4068 2772 4137 post
2800 4065 2933 4121 vita;
2962 4066 3143 4138 hujus
3171 4083 3482 4124 excursum
3510 4059 3688 4124 eadem

2066 4152 2170 4209 Dei
2219 4153 2409 4226 gratia
2454 4152 2700 4227 gloriam
2748 4152 3031 4229 largietur
3085 4160 3383 4225 aeternam,
3417 4157 3507 4215 cui
3533 4173 3622 4212 rex
3643 4162 3692 4210 et

2066 4241 2355 4314 propheta
2370 4241 2678 4314 suspirans
2704 4259 2716 4297 :
2740 4243 3013 4313 Satiabor,
3029 4243 3240 4318 inquit,
3254 4262 3382 4301 cum
3401 4245 3690 4319 apparuerit

2065 4332 2248 4401 gloria
2273 4338 2386 4387 tua.
2411 4330 2542 4405 Haec
2574 4335 2771 4405 autem
2801 4336 3005 4388 vestrae
3036 4333 3331 4404 majestati
3357 4351 3473 4391 non
3500 4338 3687 4390 temere

2067 4420 2461 4493 suggerimus,
2495 4419 2636 4493 quia
2682 4419 2862 4477 vestri
2911 4438 3145 4495 quoque
3189 4439 3332 4479 cura
3360 4422 3524 4481 nobis
3552 4437 3686 4478 com-

2067 4510 2251 4565 missa
2305 4512 2414 4577 est,
2460 4525 2712 4582 quorum
2770 4509 3096 4567 ministerio
3148 4527 3253 4584 per
3307 4512 3484 4570 ﬁdem
3535 4514 3686 4583 atque

2067 4597 2361 4671 baptisma
2384 4598 2673 4668 mandati,
2689 4598 2843 4655 diem
2866 4600 3153 4658 tremendi
3169 4601 3381 4673 judicii
3405 4620 3531 4659 cum
3551 4603 3688 4656 cate-

2069 4686 2149 4743 ris
2181 4687 2453 4744 ﬁdelibus
2481 4688 2819 4760 expectatis.

305 4769 474 4837 verti,
505 4773 562 4824 et
589 4785 691 4824 vos
721 4769 1029 4826 nobiscum
1052 4770 1283 4826 trahere
1314 4771 1958 4841 med1tantes,ofﬁcium
1991 4755 2038 4820 D
2137 4779 2191 4831 2.
2224 4776 2439 4832 Verum
2487 4755 2572 4832 ιιι-
2607 4778 2678 4832 ad
2732 4794 2838 4833 nos
2893 4778 3198 4851 episcopos
3257 4781 3572 4844 redeamus,
3603 4792 3689 4849 per

308 4860 577 4912 nostrum
609 4857 973 4929 exequimur,
1004 4858 1231 4915 cunctis
1279 4859 1795 4932 adquiescentibus
1827 4878 1958 4933 pro-

311 4944 603 5000 futurum.
625 4944 847 5017 Quippe
870 4961 983 5002 non
1005 4946 1169 5003 vobis
1190 4952 1410 5015 nostra,
1436 4948 1534 5003 sed
1569 4946 1728 5004 illius
1760 4954 1960 5006 aucto-

310 5034 480 5090 ritate
526 5031 826 5104 loquimur
869 5035 966 5107 qui
1008 5034 1090 5092 ait
1121 5052 1134 5093 :
1172 5038 1288 5110 Qui
1316 5045 1396 5093 est
1421 5054 1492 5094 ea:
1523 5038 1647 5105 Deo,
1675 5039 1839 5095 verba
1867 5042 1963 5096 Dei

309 5120 481 5178 audit.
516 5119 683 5176 Absit
712 5123 932 5191 autem,
964 5127 1030 5179 ut
1060 5124 1120 5179 in
1151 5124 1314 5182 vobis
1342 5125 1658 5199 impleatur
1687 5129 1843 5200 quod
1876 5145 1962 5185 se-

310 5210 513 5284 quitur
546 5227 558 5265 :
594 5212 882 5283 Propterea
908 5229 997 5270 vos
1028 5230 1134 5270 non
1166 5216 1391 5287 auditis,
1425 5219 1558 5290 quia
1604 5233 1674 5273 ea:
1719 5223 1820 5276 Deo
1849 5236 1961 5275 non

309 5301 437 5357 estis
468 5299 532 5355 ".

2067 4863 2219 4920 hanc
2250 4864 2698 4935 civilem,immo
2721 4863 3053 4939 plusquam
3085 4867 3311 4935 civilem
3342 4868 3683 4933 discordiam,

2069 4953 2257 5010 multa
2303 4953 2598 5010 interdum
2630 4954 2691 5009 in
2724 4954 2893 5011 nobis
2922 4954 3071 5031 ipsis
3101 4974 3168 5014 ac
3199 4957 3331 5013 aliis
3362 4957 3522 5014 nobis
3550 4968 3685 5013 com-

2068 5040 2269 5099 missis
2302 5041 2683 5114 negleximus,
2716 5036 3366 5125 ianQgIegere
3395 5043 3565 5104 coacti
3601 5059 3698 5107 su-~

2070 5148 2225 5201 mus,
2238 5130 2320 5187 ita
2330 5129 2466 5186 utin
2481 5118 3083 5213 omnibds‘iil‘dinib‘hs
3104 5118 3310 5208 religio
3334 5128 3684 5209 magnumde-

2067 5221 2410 5277 trimentum
2435 5216 2739 5293 acceperit,
2757 5222 2813 5276 et
2829 5214 2934 5277 alii
2950 5216 3188 5295 quidem
3206 5240 3311 5297 per
3329 5218 3682 5298 ignorantiam
3703 5230 3711 5269 ἴ

1934 5374 1949 5384 μ
2022 5354 2046 5377 ,.,
2066 5305 2465 5397 in'interitum
2495 5308 2759 5380 tendant,
2790 5308 2888 5366 alii
2918 5326 3053 5368 vero
3078 5305 3254 5386 longa
3281 5314 3327 5350 ⁸³
3354 5311 3578 5371 licentia
3601 5322 3683 5364 as-

1663 5446 1905 5509 VARIIE
1941 5451 2354 5541 Lacrimas.
2388 5485 2411 5543 ε
2444 5494 2491 5511 ,γ
2530 5444 2597 5475 ί

379 5551 424 5646 3f
454 5550 599 5646 deest
626 5554 679 5607 2.
723 5550 803 5646 ,ετξ
832 5566 1134 5646 summus.
1154 5551 1769 5646 qappgllqnusnKaroli
1815 5560 1970 5632 regis
2001 5562 2135 5620 Cod.
2170 5561 2565 5618 Lauduncnsis.
2642 5560 2687 5595 ⁸ο
2717 5560 2832 5629 lege
2857 5576 2979 5617 νιιι.
3055 5561 3097 5596 ⁴¹
3127 5560 3273 5619 deest
3295 5565 3353 5618 2.
3427 5562 3469 5597 ι’
3495 5555 3681 5646 istis

308 5619 355 5655 ⁴³
385 5638 438 5677 a.
464 5624 512 5695 j.
548 5623 739 5681 desunt
768 5625 821 5680 2.
877 5619 1136 5710 ttdiligi
1167 5619 1342 5678 25'“
1370 5624 1511 5701 deest
1537 5630 1592 5683 2.
