3810 6214
363 344 481 408 547

360 554 481 610 dem
506 546 771 626 principi,
803 546 946 605 sicut
958 546 1082 626 ipse
1096 548 1355 626 jusserat,
1389 548 1609 626 collecta
1638 546 1709 604 ad
1748 547 2000 626 relegen:

359 618 601 681 dum-in
638 618 918 696 spei-uaco
959 618 1108 696 (41)(
1134 620 1270 675 villa
1326 620 1601 674 Remensis
1647 618 2009 696 _ecclesi._z._Et

359 699 491 768 quia
544 691 780 769 factibne
815 692 1172 769 quorumdam
1215 698 1408 769 gnatus
1436 698 1515 745 est
1556 691 1777 769 animus
1820 691 2007 769 ipsius

358 762 501 839 regis
530 762 719 823 contra
767 762 1057 839 episcopos,
1099 762 1487 839 dissidentibus
1534 762 1694 828 regni
1734 762 2005 839 primori-

360 834 457 894 bus
500 841 590 895 sui
628 840 699 894 ab
747 834 1052 916 earumdem
1098 836 1475 916 epis-ceperam.
1515 834 1923 916 ammonitiqne,
1954 840 2005 916 et

357 912 574 967 remotis
616 912 686 966 ab
732 908 915 965 eodem
962 904 1188 962 concilio
1235 904 1522 976 episcopis,
1562 920 1632 959 ex
1676 905 1933 959 omnibus
1957 904 2004 976 ⁷⁸

357 982 475 1036 illis
501 982 760 1053 capitulis
791 981 910 1036 hac
937 984 1151 1053 tanturn
1179 974 1513 1053 observanda
1542 983 1595 1030 et
1621 974 2003 1053 complacenda

355 1053 464 1108 sibi
526 1046 878 1121 cbllegerunt,
933 1057 983 1105 et
1048 1048 1312 1121 episcopis
1375 1048 1606 1121 scripta
1635 1046 1998 1113 tradiderunt,

353 1124 585 1181 dicentes
614 1118 722 1179 non
750 1122 989 1194 amplius
1036 1118 1101 1176 de
1144 1118 1331 1194 eorum
1373 1118 1633 1194 capitulis
1680 1128 1995 1194 acceptasse,

351 1198 680 1301 qupgfsta,
729 1202 780 1251 et
828 1191 936 1250 ista
979 1208 1036 1248 se
1082 1191 1219 1247 velle
1256 1206 1382 1245 cum
1420 1191 1672 1262 principe
1715 1191 2000 1246 observare

374 1268 395 1302 α
422 1268 559 1336 (42).

450 1269 517 1322 42
547 1310 559 1321 .

421 1271 471 1431 ξ.
506 1268 587 1431 l))e
616 1373 834 1431 honore
865 1375 923 1428 et
952 1370 1114 1427 cultu
1143 1368 1548 1425 ecclesiarum.

416 1467 471 1519 2.
504 1463 585 1519 De
610 1462 829 1519 honore
859 1459 1266 1533 episcoporum
1293 1461 1351 1512 et
1381 1456 1750 1515 veneratione
1798 1473 1996 1512 servo~

348 1570 480 1609 rum
506 1552 629 1609 Dei.

417 1644 472 1697 3.
504 1642 585 1697 De
608 1638 878 1712 justitiis.

419 1732 471 1786 4.
504 1729 577 1786 Ut
605 1728 832 1785 cautela
860 1728 965 1782 ﬁat
988 1742 1125 1800 erga
1153 1742 1252 1781 eos
1298 1724 1398 1797 qui
1446 1741 1624 1781 causa
1662 1725 1992 1796 juventutis

346 1825 449 1877 aut
477 1818 821 1892 insipientia;
854 1818 912 1873 in
943 1814 1139 1888 aliquo
1178 1813 1408 1886 fallunt,
1442 1814 1560 1870 sive
1607 1817 1991 1870 contemnunt

266 1890 276 1902 ’
345 1890 803 1966 admonitionem
829 1907 1258 1979 episcoporum,
1292 1920 1364 1959 ne
1393 1903 1587 1960 subito
1620 1908 1719 1961 aut
1757 1904 1990 1960 incaute

343 2000 697 2055 damnentur
723 1995 1118 2053 anathemate.

409 2090 463 2143 5.
498 2086 577 2143 De
609 2086 703 2144 his
730 2086 829 2159 qui
858 2089 1066 2147 contra
1114 2082 1332 2157 regiam
1381 2086 1726 2156 potestatem
1781 2086 1986 2139 contu-

306 2216 317 2223 ι
339 2195 535 2235 maces
563 2192 692 2233 esse
722 2174 1069 2232 moliuntur.

407 2270 459 2324 6.
489 2267 567 2323 De
598 2264 897 2339 precariis.

405 2360 459 2413 7.
494 2356 574 2413 De
606 2353 1019 2428 hospitalibus.

406 2450 462 2502 8.
497 2447 575 2503 De
608 2444 941 2517 rapacibus.

402 2538 458 2591 9.
492 2535 565 2590 Ut
593 2532 884 2608 episcopis
914 2536 1145 2604 tempus
1176 2546 1503 2603 congruum
1539 2530 1878 2586 observetur
1909 2529 1981 2585 ad

334 2622 726 2682 ministerium
758 2638 933 2679 suum
962 2619 1383 2695 peragendum.

405 2716 491 2771 10.
525 2712 599 2769 Ut
629 2710 822 2768 clerici
854 2728 1017 2766 arma
1048 2708 1326 2765 militaria
1357 2724 1472 2764 non
1504 2709 1868 2783 contingant.

405 2802 491 2859 1|.
524 2801 597 2857 Ut
620 2798 788 2857 missi
816 2797 1167 2871 dirigantur,
1194 2796 1295 2868 qui
1328 2795 1705 2868 inquirant,si
1737 2813 1982 2870 praecep-

330 2895 393 2948 ta
421 2909 455 2947 a
484 2889 655 2945 nobis
684 2888 756 2944 de
785 2887 961 2943 rebus
992 2885 1372 2942 ecclesiarum
1415 2884 1487 2940 ad
1519 2884 1824 2957 proprium
1859 2886 1980 2943 sint

329 2981 502 3036 facta.

402 3072 489 3125 12.
521 3068 601 3124 De
629 3064 835 3140 haresi
864 3062 1225 3137 'symoniaca.

402 3159 488 3214 13.
522 3156 595 3212 Ut
624 3172 657 3213 a
694 3153 856 3210 nullo
903 3153 1073 3209 sedes
1123 3150 1494 3225 episcopalis,
1529 3153 1761 3226 proprio
1809 3152 1972 3209 infir-

329 3253 525 3302 mante
554 3244 846 3315 episcopo,
879 3246 1217 3314 usurpetur.

402 3336 488 3390 14.
524 3332 597 3390 Ut
625 3330 887 3388 canonici
920 3330 1075 3388 infra
1100 3329 1511 3387 dormitorium
1544 3330 1857 3387 dormiant.

399 3426 485 3481 15.
522 3423 593 3480 Ut
641 3419 914 3478 monachi
952 3420 1023 3477 ad
1074 3418 1357 3493 palatium
1407 3437 1521 3476 non
1573 3420 1827 3488 veniant,
1861 3420 1974 3477 nisi

324 3532 504 3572 causa
535 3510 898 3580 obedientiae,
932 3510 1187 3583 exceptis
1217 3509 1552 3566 abbatibus.

395 3606 484 3660 16.
530 3603 602 3659 Ut
650 3600 784 3658 laici
834 3599 1089 3655 decimas
1139 3599 1210 3655 de
1268 3598 1531 3655 ecclesiis
1578 3616 1695 3656 non
1744 3599 1973 3656 contin-

403 3712 486 3749 ηι.

326 3698 486 3838 gul};
516 3785 592 3836 De
622 3777 1170 3837 sanctimonialibus
1188 3781 1391 3834 contra
1403 3777 1808 3833 auctoritatem
1829 3795 1974 3851 nup-

323 3871 423 3927 tis.

398 3960 484 4014 18.
518 3962 595 4014 De
627 3954 858 4029 sponsis
881 3953 1152 4011 aliorum.

395 4047 484 4105 19.
518 4047 598 4104 De
630 4043 949 4119 sepulturis
981 4043 1134 4099 intra
1161 4042 1468 4101 ecclesiam
1498 4046 1563 4100 ⁷⁷.

322 4155 616 4213 Plenitudo
644 4160 827 4227 autem
854 4152 1222 4227 capitulorum
1243 4166 1370 4222 quae
1398 4153 1459 4227 in
1503 4151 1846 4227 plenitudine
1874 4170 1969 4227 εν-

392 4227 676 4285 nodalium
697 4223 975 4281 actionum
1013 4223 1304 4292 habentur,
1336 4223 1480 4279 unde
1504 4223 1623 4281 haec
1649 4223 1970 4282 commemb-

391 4301 630 4356 rationes
652 4303 925 4369 excerpta?
950 4302 1097 4364 sunt,
1121 4296 1199 4350 ita
1225 4311 1324 4367 per
1354 4296 1468 4351 loca
1486 4298 1837 4352 continentur
1866 4298 1928 4352 ⁷⁸.

392 4402 879 4463 Commemoratio
908 4402 1117 4477 prima,
1141 4401 1213 4458 de
1243 4401 1461 4459 honore
1482 4401 1747 4459 videlicet
1768 4409 1826 4459 et
1848 4403 1968 4460 cul-

253 4505 265 4517 '
319 4502 384 4553 tu
414 4495 815 4561 ecclesiarum,
850 4492 1004 4550 sicut
1031 4509 1212 4564 supra
1241 4491 1528 4564 scriptum
1575 4492 1825 4549 habetur
1853 4495 1964 4565 (43)

1019 345 1356 407 APPEND.
1402 344 1506 405 AD
1552 342 1746 406 S/EC.
1791 343 1869 405 X.
1899 375 1977 388 —
2005 340 2506 408 MONUMENTA
2551 346 3105 411 DIPLOMATICA.
3651 352 3744 415 518

328 474 336 483 ’
361 483 557 564 ᾼηιλυ
586 481 699 564 40)
725 496 855 563 cuni
876 479 1244 564 suﬁfagagzcis
1266 478 1418 564 satis;
1532 476 1711 564 oblata
1742 483 1871 564 sunt
1916 477 1999 564 ei-
2031 477 2087 544 Α

2144 491 2153 499 ·
2188 476 2673 535 Commemoratio
2707 468 2894 548 tertia,
2930 480 3000 537 de
3020 479 3296 553 justitiis,
3332 480 3620 539 similiter.

2189 565 2677 624 Commemoratio
2709 567 2934 640 quinta,
2953 570 3026 625 de
3056 569 3149 626 bis
3179 569 3282 644 qui
3317 576 3521 627 contra
3550 572 3739 645 regiam

2117 658 2462 726 potestatem
2492 660 2866 714 contumaces
2896 656 3026 715 esse
3055 657 3409 728 moliuntur,
3440 660 3714 717 similiter.

2186 744 2676 801 Commemoratio
2706 751 2887 803 sexta.

2113 903 2338 982 (Iaera?
2369 914 2553 982 autem
2577 909 3126 982 commemoratione:
3155 923 3289 981 quae
3328 917 3651 982 sequuntur.
3678 911 3735 966 ita

2183 978 2243 1103 in
2268 981 2505 1049 praefata
2528 978 2875 1050 plenitudine
2891 996 3017 1035 cum
3041 978 3452 1052 suis'capitul'is
3480 983 3735 1037 continen-

2205 1065 2292 1103 ur.

2177 1188 2342 1245 20.Et
2372 1207 2443 1246 ne
2473 1191 2971 1265 magniﬁcentiam
3002 1198 3261 1250 vestram
3293 1193 3435 1250 illuc
3458 1202 3654 1251 vestra
3672 1197 3735 1252 di-

2106 1277 2315 1350 gnitati
2330 1278 2607 1337 indecens
2617 1286 2676 1337 et
2688 1281 2996 1340 inhonesta
3016 1282 3282 1356 impellat
3300 1284 3622 1341 necessitas
3638 1302 3731 1358 quo

2105 1382 2221 1423 non
2252 1368 2433 1426 trahit
2458 1370 2748 1439 voluntas,
2780 1376 2837 1428 et
2874 1373 3091 1446 partim
3138 1374 3513 1443 necessitate,
3544 1375 3731 1447 partim

2104 1455 2279 1512 etiam
2310 1457 2707 1531 subreptione,
2739 1459 2880 1533 quia
2908 1460 3077 1518 aliter
3105 1478 3284 1534 quam
3315 1479 3381 1519 se
3429 1464 3515 1520 rei
3545 1463 3731 1520 veritas

2062 1572 2065 1577 ·
2103 1544 2315 1603 habeat
2340 1546 2505 1605 vobis
2536 1549 2759 1605 dictum
2790 1550 2877 1606 vel
2921 1550 3286 1623 postulatum
3337 1552 3471 1620 fuit,
3504 1554 3731 1610 maxime

2104 1636 2258 1707 quod
2291 1636 2363 1692 ad
2395 1653 2517 1693 rem
2550 1638 2847 1711 publicam
2876 1640 3730 1714 pertinuit,autprereptionein
3802 1640 3803 1714 )

2101 1724 2470 1782 beneﬁciario
2493 1727 2629 1799 jure
2658 1732 2758 1784 aut
2771 1728 2831 1784 in
2843 1728 3012 1786 adole
3023 1730 3068 1766 ⁷⁸
3081 1730 3468 1803 adsumptum
3480 1730 3729 1797 habetur,
3802 1724 3803 1773 ἶ

2098 1812 2327 1870 videtur
2355 1814 2526 1872 nobis
2556 1815 2697 1872 utile
2725 1822 2783 1873 et
2811 1819 3521 1887 necessarium,uttideles
3540 1825 3597 1877 et
3610 1826 3731 1877 stre-

2101 1918 2249 1959 nues
2281 1904 2494 1961 missos
2524 1921 2593 1962 ex
2623 1910 2872 1978 utroque
2891 1907 3494 1982 ordinepersingnlos
3508 1910 3724 1966 comita-

2099 1996 2196 2048 tus
2227 1992 2391 2066 regni
2420 1993 2596 2050 vestri
2626 1993 2895 2065 mittatis,
2928 1996 3032 2069 qui
3060 1998 3261 2054 omnia
3298 1997 3607 2072 diligenter
3644 2000 3724 2054 in-

2097 2080 2357 2137 brevient
2383 2099 2509 2155 qua:
2540 2086 2800 2157 tempore
2826 2085 2916 2141 avi
2946 2066 3013 2142 ac
3043 2086 3229 2159 patris
3259 2066 3551 2154 vestri,vel
3564 2090 3621 2144 in
3648 2106 3721 2145 η·
3804 2066 3805 2089 ‘

2096 2170 2189 2244 gio
2221 2170 2551 2244 specialiter
2578 2172 2832 2243 servitio,
2864 2173 2953 2230 vel
2982 2173 3043 2230 in
3073 2174 3460 2232 vassallorum
3495 2176 3719 2234 domini-

2095 2276 2298 2317 corum
2328 2260 2628 2318 beneflciis
2660 2262 2918 2332 fuerunt,
2951 2266 3009 2319 et
3037 2264 3177 2337 quid
3207 2264 3298 2321 vel
3347 2265 3599 2337 qualiter
3635 2272 3720 2321 aut

2093 2353 2379 2421 quantum
2409 2349 2617 2406 exinde
2646 2351 2900 2424 quisque
2927 2353 3102 2409 modo
3132 2352 3403 2424 retineat,
3434 2359 3493 2410 et
3528 2372 3715 2412 secunc

2093 2437 2236 2494 dum
2266 2438 2569 2497 veritatem
2604 2441 2971 2497 renuntietur
2996 2440 3179 2499 vobis.
3208 2443 3279 2501 Et
3311 2442 3411 2499 ubi
3437 2444 3483 2478 ”
3507 2444 3715 2500 invene-

2091 2526 2239 2597 ritis,
2272 2528 2410 2601 quia
2440 2527 2587 2584 ratio
2616 2533 2673 2585 et
2700 2528 2942 2597 utilitas,
2975 2547 3041 2587 ac
3072 2532 3213 2587 ordo
3260 2548 3366 2593 seu
3413 2533 3636 2603 veritas,
3667 2534 3716 2588 in

2090 2616 2423 2690 absumptis
2453 2615 2536 2674 vel
2571 2618 2987 2675 donationibus
3009 2620 3426 2691 habeantur,in
3443 2626 3590 2679 statu
3610 2640 3716 2696 per

2089 2706 2500 2763 maneant.Ubi
2533 2712 2733 2765 autem
2749 2707 3244 2768 inrationabilitas
3256 2710 3343 2767 vel
3366 2712 3557 2784 potius
3573 2712 3713 2773 fraus

2087 2795 2333 2852 inventae
2364 2795 2603 2865 fuerint,
2638 2812 2757 2854 una
2784 2814 2920 2854 cum
2950 2796 3194 2855 consilio
3223 2798 3489 2856 ﬁdelium
3516 2805 3710 2859 vestro-

2087 2900 2218 2940 rum
2248 2884 2359 2941 hoc
2391 2884 2585 2942 taliter
2613 2885 2905 2960 corrigite,
2942 2892 3007 2943 ut
3033 2888 3076 2923 ⁸¹
3108 2887 3257 2943 ratio
3300 2893 3477 2963 atque
3512 2889 3708 2947 utilitas

2085 2989 2189 3030 seu
2211 2973 2445 3046 justitia
2474 2991 2589 3032 non
2620 2975 3048 3042 deserantur,et
3076 2975 3335 3051 dignitas
3362 2979 3705 3052 magniﬁcen-

2084 3062 2179 3141 tiae
2209 3065 2409 3120 vestra:
2440 3080 2542 3137 per
2568 3063 2976 3120 necessitatem
3008 3064 3091 3120 ita
3116 3064 3250 3143 vilis
3280 3080 3397 3122 non
3427 3067 3544 3134 ﬁat,
3571 3066 3705 3123 sicut

2080 3140 2180 3207 vos
2211 3166 2325 3208 non
2358 3152 2560 3209 decere
2589 3142 3270 3226 cognosciturzquoniam
3290 3155 3604 3212 domestica
3619 3156 3707 3211 do-

2005 3228 2047 3295 C
2087 3257 2221 3297 mus
2252 3245 2442 3298 vestra
2472 3240 2642 3298 aliter
2669 3241 2969 3315 obsequiis
3015 3242 3475 3300 domesticorum
3519 3243 3703 3317 repleri

2086 3347 2201 3387 non
2233 3330 2590 3403 poterit,nisi
2624 3330 2947 3388 habueritis
2978 3331 3133 3388 unde
3147 3331 3233 3389 eis
3246 3333 3471 3390 meritis
3490 3351 3705 3406 respon-

2083 3420 2220 3476 dere
2249 3423 2308 3477 et
2334 3420 2672 3495 indigentia
2720 3420 2997 3478 solatium
3047 3422 3193 3478 ferre
3240 3422 3498 3495 possitis.
3529 3424 3592 3479 Et
3634 3424 3705 3479 sic

2084 3509 2323 3565 demum
2355 3526 2447 3567 res
2474 3508 2712 3583 publica
2741 3514 2934 3567 vestra
2960 3511 3033 3567 de
3074 3526 3182 3568 suo
3211 3512 3563 3585 suffragetur
3586 3511 3702 3579 sibi,

2081 3602 2140 3654 et
2167 3597 2425 3655 ecclesia:
2455 3616 2490 3656 a
2518 3598 2736 3672 quibus
2765 3616 2881 3656 non
2907 3600 3138 3674 expedit
3164 3599 3494 3658 habeantur
3518 3600 3705 3657 immu-

2082 3704 2187 3743 nes
2206 3690 2271 3743 δ’.

2148 3778 2241 3833 21.
2279 3776 2348 3833 Ut
2379 3776 2653 3851 precariae
2676 3782 2732 3833 et
2750 3778 3240 3835 commutationes
3256 3780 3701 3853 temporevidua-

2079 3871 2275 3923 tarum
2306 3866 2687 3923 ecclesiarum
2720 3867 2904 3937 factm,
2939 3867 3012 3924 ab
3060 3867 3153 3925 bis
3184 3868 3287 3941 qui
3332 3869 3460 3926 loca
3504 3869 3700 3943 episco-

2080 3973 2290 4030 porum
2321 3957 3201 4028 occupaverant,rescindantur,
3218 3962 3275 4014 et
3303 3964 3445 4014 cun!
3470 3956 3703 4015 auctori.

2078 4049 2195 4102 tate
2225 4043 2619 4103 ecclesiastica
2647 4044 2733 4104 vel
2764 4045 2922 4104 civili
2951 4046 3166 4116 denuo,
3199 4047 3251 4102 si
3275 4048 3536 4105 ﬂendae”
3561 4051 3702 4115 sunt,

2078 4136 2242 4191 ﬁant.

2149 4222 2519 4280 22.Precariaa
2532 4227 2725 4280 autem
2740 4242 2775 4280 a
2789 4224 3020 4281 nomine
3046 4225 3117 4281 de
3131 4225 3306 4283 rebus
3318 4222 3702 4283 ecclesiasticis

2077 4313 2201 4369 fieri
2222 4317 2675 4385 praesumantur,
2696 4313 2808 4370 nisi
2829 4319 3116 4387 quantum
3138 4315 3209 4371 de
3226 4314 3506 4388 qualitate
3520 4328 3700 4371 conve-

2076 4400 2259 4459 nienti
2287 4401 2459 4458 datur
2474 4417 2544 4458 ex
2572 4401 3081 4476 proprio,dupl_um
3098 4403 3424 4477 accipiatur
3441 4423 3509 4461 ex.
3538 4404 3693 4461 rebus

2075 4490 2352 4559 ecclesiis,
2386 4491 2446 4547 in
2477 4508 2586 4548 suo
2616 4496 2847 4548 tantum
2878 4493 2977 4565 qui
3004 4492 3235 4549 dederit
3265 4494 3525 4561 nomine,
3550 4492 3595 4549 si
3619 4506 3701 4546 res

318 4586 378 4641 in
410 4584 545 4642 villa
568 4582 827 4648 Colonia,
862 4581 1293 4654 subscriptione
1323 4581 1480 4654 regis
1526 4585 1583 4638 et
1630 4581 1966 4656 principum
1995 4599 2044 4665 D
2077 4580 2400 4654 proprias“
2414 4583 2471 4636 et
2489 4577 2914 4639 ecclesiasticas
2946 4582 3383 4639 usul'ructuario
3417 4586 3598 4640 tenere
3613 4595 3703 4635 vo-

318 4673 675 4731 roboratum.

386 4761 873 4829 Commemoratio
902 4760 1181 4829 secunda,
1206 4760 1278 4815 de
1308 4760 1527 4816 honore
1557 4759 1965 4834 episcoporum

315 4852 375 4907 et
401 4852 769 4908 veneratione
801 4866 1104 4908 servorum
1133 4849 1257 4919 Dei,
1290 4848 1581 4906 similiter.

2076 4669 2337 4727 luerit.Si
2361 4673 2557 4725 autem
2580 4686 2673 4726 res
2693 4671 2961 4744 preprias
2972 4672 3045 4728 ad
3058 4688 3319 4745 praesens
3333 4671 3626 4740 dimiserit,
3641 4684 3702 4724 ex

2076 4759 2252 4816 rebus
2279 4757 2692 4817 ecclesiasticis
2721 4757 2965 4832 triplum
2997 4760 3321 4841 fructuaria
3353 4776 3466 4816 usu
3510 4758 3567 4816 in
3607 4771 3700 4814 suo

2075 4852 2308 4907 tantum
2338 4845 2472 4920 quis
2502 4846 2739 4905 nomine
2765 4853 2993 4919 sumat;
3017 4846 3157 4921 quia
3188 4846 3273 4906 sic
3303 4864 3406 4906 eas
3436 4860 3700 4922 quemque

1664 4954 1905 5013 VARUE
1960 4953 2380 5015 LECTIONES.

389 5044 434 5078 ⁷⁵
462 5048 532 5117 et!
545 5044 857 5117 comitibus
882 5062 1023 5101 corr.
1058 5062 1127 5100 ex
1155 5045 1433 5101 omnibus
1463 5047 1518 5098 2.
1596 5045 1640 5079 ⁷⁸
1668 5044 1891 5102 rubrica
1918 5047 2063 5103 deest
2094 5048 2156 5103 in
2184 5046 2239 5101 3.
2317 5044 2358 5078 ⁷⁷
2389 5044 2496 5117 huc
2514 5059 2681 5116 usque
2699 5050 2909 5117 tantum
2939 5045 3055 5101 cod.
3073 5045 3126 5100 3.
3202 5044 3247 5079 ⁷⁸
3275 5044 3429 5117 apud

3455 5045 3702 5101 Meum

314 5132 443 5189 pag.
478 5115 581 5168 416
607 5131 719 5186 sqq.
753 5118 994 5188 capitula
1028 5119 1243 5185 integra
1273 5117 1563 5182 habentur,
1586 5130 1712 5188 quae
1735 5133 1898 5189 quam
1919 5134 2089 5191 supra
2119 5118 2250 5174 locis
2281 5117 2338 5171 in
2371 5115 2488 5170 cod.
2537 5114 2601 5171 2.‘
2622 5114 3025 5240 indicatis‘jam
3053 5114 3330 5186 legantur,
3349 5132 3455 5197 ,σας
3486 5121 3699 5196 repetere

316 5203 443 5240 cum
472 5184 759 5240 Sirmondo
788 5194 839 5240 et
869 5187 1097 5240 Baluzio
1124 5189 1464 5240 superﬂuum
1492 5194 1663 5240 ratus.
1696 5187 1979 5240 lectionem
2006 5188 2208 5240 codicis
2235 5190 2289 5240 2.
2320 5194 2533 5240 secutus
2562 5204 2703 5240 sum.
2780 5187 2825 5221 7°
2853 5203 2888 5240 a
2913 5187 3021 5240 odo
3056 5190 3111 5240 2.
3187 5186 3234 5221 ⁸ο
3281 5184 3364 5240 ibi
3415 5186 3698 5240 invenietis

316 5184 839 5270 cuinfirfnpndqne’t
867 5187 1097 5270 palueio
1124 5184 1464 5270 superﬂuum
1492 5184 1663 5256 ratus,
1696 5184 2208 5270 lectionem-codicis
2320 5194 2703 5270 secutus_sum.
2780 5187 2825 5221 7°
2853 5203 2888 5242 a

2913 5180 3021 5243 ode
3056 5180 3130 5243 2:
3187 5186 3234 5221 ⁸ο
3281 5180 3364 5241 ibi
3415 5180 3698 5243 invenietis

315 5261 371 5313 2.
447 5256 489 5290 ⁸¹
523 5258 580 5311 et
607 5259 662 5311 2.
729 5255 784 5331 ff
814 5257 907 5331 bic
928 5258 1094 5331 editio
1123 5253 1409 5331 Pitlueana
1437 5266 1491 5314 et
1517 5253 1794 5331 sequentes
1822 5277 1965 5328 eam,
1997 5263 2251 5317 inserunt
2275 5266 2439 5331 caput
2463 5259 2617 5330 infra
2644 5273 2871 5315 numero
2900 5260 2971 5314 56
3000 5258 3255 5315 allatum.
3289 5256 3365 5314 Ut
3400 5273 3569 5317 nemo
3593 5253 3695 5329 epi-

316 5342 651 5401 scoporum.
727 5326 773 5361 ⁸³
802 5327 981 5384 ﬂendi
1010 5332 1066 5384 2.
1142 5330 1188 5365 ⁸⁴
1215 5331 1484 5404 proprias
1514 5326 1683 5405 usque
1712 5326 1981 5405 preprias
2006 5334 2202 5390 desunt
2228 5334 2282 5386 2.
2336 5326 2353 5331 ⁷
2502 5326 2533 5379 .’
3431 5365 3443 5375 .

412 5517 500 5590 40)
534 5513 966 5590 Lugdunensis.

413 5589 504 5661 41)
534 5589 785 5661 βρένῑιαὲι
794 5630 805 5661 '.

413 5589 504 5658 41)
534 5589 577 5643 Ε
613 5589 805 5661 emay.

410 5660 500 5732 42)
529 5607 615 5721 Ci).
666 5657 965 5718 Prudentii
1011 5656 1269 5719 Annales
1312 5659 1446 5718 Mon
1500 5661 1695 5720 Germ.
1752 5662 1853 5725 SS.
1919 5662 1964 5740 Ι,

2010 5439 2244 5497 NOTAE.

2074 5537 2132 5594 p.
2165 5520 2270 5575 442
2286 5515 2525 5647 éPatrol.
2560 5515 2743 5645 CXVI.

2145 5592 2258 5647 (43)
2330 5588 2406 5647 ol.
2438 5588 2567 5647 350.
2593 5605 2651 5646 n.
2728 5630 2741 5646 .

2145 5592 2258 5666 (43)
2286 5588 2406 5649 Col.
2438 5588 2567 5661 350,
2593 5605 2651 5646 n.
2688 5588 2741 5646 1.
