3810 6214
366 314 511 383 Ῑ555

392 534 465 589 de
493 533 796 590 communi
826 549 964 606 erga
983 549 1082 588 eos
1105 532 1504 588 observatione
1535 529 1695 603 pacis
1725 546 1856 585 eum
1885 544 2038 584 com-

391 627 685 699 moneant.

370 770 377 775 ,
463 714 550 768 11.
588 713 662 768 Ut
692 712 965 768 similiter
990 714 1062 768 ad
1096 728 1290 785 regem
1321 711 1831 766 Nordmannorum
1861 705 2039 779 legati

389 800 720 872 mittantur,
743 801 844 874 qui
889 818 1023 858 eum
1056 805 1476 866 eontestentur,
1501 798 1656 871 quod
1705 801 1799 853 aut
1836 814 2038 871 pacem

389 907 620 948 servare
651 892 929 960 studebit,
954 895 1056 947 aut
1098 889 1488 946 communiter
1516 906 1615 945 eos
1645 888 1906 944 infensos
1937 886 2039 941 ha-

391 980 573 1037 bebit.

768 1071 1138 1127 Adnuntiatio
1166 1070 1355 1127 damni
1382 1070 1672 1126 Illotharii.

372 1198 375 1199 ν
466 1158 645 1216 Nobis
688 1164 746 1216 et
767 1161 833 1195 ¹²⁶
864 1160 1144 1216 fratribus
1192 1159 1411 1217 nostris
1456 1158 1650 1214 visum
1703 1158 1832 1223 fuit,
1865 1160 1930 1211 ut
1971 1155 2043 1211 ad

378 1247 495 1304 ‘Dei
515 1248 873 1305 voluntatem
897 1250 1292 1326 quaerendam,
1308 1248 1559 1321 qualiter
1580 1251 1782 1303 sancta
1803 1245 2050 1301 ecclesia

397 1343 740 1410 recuperata
760 1356 889 1395 esse
911 1340 1117 1411 possit,
1142 1343 1199 1394 et
1220 1355 1422 1411 pacem
1445 1342 1501 1393 et
1524 1354 1631 1392 nos
1652 1354 1718 1391 ac
1737 1352 1839 1392 vos
1859 1339 1917 1390 et
1940 1335 2050 1389 iste

399 1426 650 1499 populus
694 1427 1052 1484 Christianus
1104 1426 1318 1482 habere
1366 1426 1684 1498 possimus,
1718 1442 1825 1479 nos
1870 1421 2049 1477 simul

400 1517 1083 1590 conjungeremus,sicut
1106 1533 1262 1572 nunc
1284 1515 1621 1582 fecimus,et
1644 1513 1727 1568 sic
1757 1513 1943 1567 simus
1969 1513 2052 1567 in-

398 1608 488 1661 ter
518 1623 645 1673 nos,
679 1606 833 1660 sicut
862 1606 1073 1661 fratres
1119 1621 1222 1677 per
1270 1607 1492 1660 rectum
1543 1619 1671 1658 esse
1720 1602 1951 1657 debent.
1986 1601 2053 1656 Et

400 1710 504 1765 pro
526 1698 681 1751 certo
709 1693 852 1749 illud
882 1693 1261 1765 sciatis,quia
1292 1692 1511 1764 gratias
1543 1692 1691 1747 Deo!
1728 1692 1814 1747 sic
1844 1706 2051 1746 sumus

401 1786 458 1838 et
488 1783 573 1838 sic
604 1799 944 1855 permanere
965 1783 1280 1854 adjuvante
1310 1783 1426 1837 Deo
1454 1780 1654 1837 inante
1683 1780 1976 1845 volumus,
1998 1783 2055 1835 et
2082 1814 2130 1880 B

400 1871 460 1926 in
491 1872 735 1927 consilio
765 1876 822 1927 et
857 1870 916 1926 in
949 1871 1164 1927 auxilio
1194 1870 1605 1942 unusquisque
1635 1886 1773 1943 erga
1803 1868 2052 1925 alterum

398 1961 586 2033 parati
618 1977 828 2017 sumus
857 1961 1215 2032 adjutorium
1251 1961 1418 2026 ferre,
1445 1960 1597 2015 sicut
1624 1959 1832 2015 fratres
1860 1951 1927 2013 in.
1951 1958 2052 2013 Dei

384 2049 694 2106 voluntate
734 2054 792 2105 et
835 2050 1134 2105 communi
1184 2050 1445 2122 profectu
1493 2050 1679 2105 facere
1726 2049 1957 2114 debent,
1991 2048 2049 2102 in

399 2139 873 2211 quibuscumque
905 2139 1293 2212 potuerimus.

766 2231 1124 2285 Adnuntiatio
1154 2229 1343 2285 damni
1373 2229 1693 2284 llludowici.

473 2320 523 2374 1.
558 2319 769 2376 Sciatis
797 2320 935 2391 quia
967 2320 1174 2374 fratres
1206 2318 1389 2374 nostri
1425 2322 1482 2373 et
1511 2334 1616 2373 nos
1646 2321 1879 2372 nostros
1909 2316 2050 2371 mis-

400 2425 500 2464 sos
524 2410 595 2463 ad
616 2424 990 2463 communem
1016 2411 1284 2478 nepotem
1310 2411 1574 2487 nostrum
1598 2407 1708 2477 (45)
1732 2406 1789 2460 in
1814 2405 2052 2477 Aquita-

402 2496 559 2552 niam
611 2496 924 2561 mittimus,
948 2500 1005 2551 et
1055 2496 1105 2549 ei
1155 2495 1303 2550 tales
1354 2495 1670 2550 comitatus
1714 2495 2051 2566 designatos

401 2584 779 2651 mandamus,
811 2584 869 2638 in
903 2584 1117 2656 quibus
1148 2584 1272 2655 ipse
1303 2600 1435 2638 cum
1469 2583 1592 2638 suis
1622 2582 1855 2638 interim
1890 2584 2053 2639 sul'li-

401 2672 622 2729 cienter
650 2690 778 2728 esse
827 2673 1032 2745 possit,
1055 2676 1113 2727 et
1160 2671 1361 2728 fideles
1393 2671 1587 2727 dilecti
1639 2672 1835 2727 fratris
1858 2672 2050 2743 nostri

401 2761 594 2817 Karoli
626 2762 696 2817 de
728 2761 824 2816 illo
874 2779 1052 2836 regno
1082 2778 1285 2833 pacem
1317 2760 1532 2816 habere
1583 2761 1829 2832 possint,
1865 2778 2052 2833 usque

399 2851 543 2906 dum
563 2851 718 2907 idem
744 2852 807 2886 ¹²⁷
832 2868 1009 2924 nepos
1036 2854 1235 2906 noster
1257 2850 1329 2905 ad
1351 2866 1662 2905 commune
1680 2851 1745 2885 ¹²⁸
1768 2848 2047 2923 placitum

399 2945 665 2996 nostrum
688 2941 909 3009 veniat;
935 2941 1005 2996 ad
1032 2940 1188 3013 quod
1213 2956 1347 2995 cum
1370 2938 1470 2994 tali
1495 2939 1804 2995 securitate
1825 2957 1858 2995 a
1878 2940 2047 2995 nobis

397 3033 636 3102 accepta
663 3046 797 3086 eum
829 3029 1023 3084 venire
1056 3029 1430 3095 mandamus,
1460 3031 1525 3082 ut
1555 3045 1735 3083 sanus
1765 3028 1960 3084 venire
1992 3033 2048 3084 et

397 3134 579 3174 sanus
611 3123 764 3174 stare
803 3122 860 3173 et
888 3135 1069 3174 sanus
1108 3117 1337 3185 reverti,
1371 3123 1661 3190 quantum
1691 3117 1858 3172 illum
1891 3117 2045 3173 Deus

1055 311 1392 375 APPEND.
1438 312 1539 370 AD
1586 308 1775 371 S/EC.
1820 307 1890 366 Χ.
1925 338 2002 350 -
2034 305 2196 366 MON
2213 305 2541 368 UMENTA
2584 307 3139 371 DIPLOMATICA.

370 498 380 511 ,
466 445 551 501 10.
577 445 650 500 Ut
677 443 855 518 legati
875 444 947 500 ad
978 444 1187 500 ducem
1218 443 1546 498 Brittonum
1579 439 1908 505 mittantur,
1934 436 2033 511 qui
2066 437 2121 505 Α
2154 436 2349 492 Karoli
2388 438 2649 495 fuerunt.
2673 442 2731 495 et
2758 438 2876 496 illis
2897 440 3160 507 mandat,
3185 442 3253 495 ut
3284 454 3386 512 per
3404 437 3635 494 nullum
3666 440 3768 515 inge

2145 526 2309 582 nium
2345 527 2564 597 inante,
2589 528 2742 585 sicut
2771 529 2843 585 de
2870 529 2971 586 Dei
2995 533 3053 585 et
3075 546 3185 585 sua
3214 528 3401 602 gratia
3421 529 3673 601 gaudere
3690 547 3762 586 νο·
3808 526 3810 602 ξ

2145 613 2295 684 lunt,
2319 615 2379 671 in
2408 616 2572 690 illius
2603 621 2661 673 et
2699 616 2962 674 fidelium
3011 618 3141 689 ejus
3189 616 3659 674 contrarietatem
3687 618 3770 675 ali-
3808 613 3810 689 ξ

2147 705 2286 776 quid
2320 705 2556 762 faciant.
3808 705 3810 779 l

2216 795 2271 851 5.
2293 794 2361 850 Et
2390 795 2589 851 sciatis
2620 796 2761 868 quia
2797 797 3089 864 volumus,
3110 800 3178 852 ut
3207 812 3301 852 res
3322 795 3762 864 ecclesiarum,in
3808 794 3810 859 ῗ

2151 886 2581 957 cujuscumque
2605 902 2782 960 regno
2808 890 2984 960 caput
3004 887 3199 954 fuerit,
3221 889 3345 942 tam
3366 886 3441 942 de
3470 885 3770 961 episcopati.

2150 973 2263 1028 bus
2292 988 2471 1046 quam
2514 974 2584 1030 de
2624 974 2902 1043 abbatiis,
2923 975 3052 1032 sine
3080 974 3183 1031 illa
3218 975 3672 1032 contradictione
3702 994 3767 1033 re-
3808 1014 3810 1019 -

2152 1066 2341 1119 ctores
2372 1063 2633 1136 ipsarum
2687 1063 3090 1131 ecclesiarum,
3115 1064 3267 1120 sicut
3313 1069 3583 1137 tempore
3609 1065 3765 1121 domui
3808 1096 3810 1125 ε

2153 1168 2221 1209 ac
2250 1152 2531 1226 genitoris
2561 1152 2744 1209 nostri
2776 1154 3057 1223 fecerunt,
3094 1153 3226 1210 illas
3256 1136 3622 1227 possideant.

2224 1241 2279 1295 6.
2315 1242 2594 1299 Similiter
2623 1248 2679 1299 et
2707 1244 2779 1300 de
2824 1243 3258 1317 episcopatibus
3307 1249 3365 1300 et
3414 1243 3765 1317 monasteriis,
3808 1241 3810 1317 ξ

2158 1330 2517 1404 ubicumque
2540 1333 2598 1388 in
2618 1337 2816 1389 nostro
2833 1333 3133 1389 communi
3155 1349 3334 1407 regno
3352 1316 3527 1390 aliter
3541 1338 3625 1391 est
3638 1335 3767 1389 modo
3808 1312 3810 1331 Ι

2158 1437 2335 1493 quam
2358 1422 2585 1490 debeat,
2603 1421 2872 1480 volumus
2894 1441 3011 1479 una
3042 1440 3178 1479 cum
3210 1422 3312 1479 Dei
3344 1423 3638 1494 adjutorio
3663 1421 3767 1478 illud
3808 1440 3810 1499 ᾖ

2159 1511 2570 1579 emendare,ut
2599 1511 2845 1568 ecclesia
2884 1512 2986 1568 Dei
3016 1529 3190 1568 suum
3232 1511 3521 1568 honorem
3554 1512 3769 1567 debitum
3808 1532 3810 1587 ;

2161 1599 2374 1656 habere
2408 1601 2613 1673 possit,
2636 1607 2691 1657 et
2722 1602 2974 1676 populus
3018 1618 3188 1659 suam
3219 1601 3413 1675 legem
3445 1606 3502 1659 et
3521 1601 3768 1673 justitiam
3808 1644 3810 1677 ε

2162 1687 2390 1744 habeat.
3808 1700 3810 1709 '

2686 1781 3039 1838 Adnuntiatio
3067 1783 3289 1839 Karoli.
3808 1792 3810 1857 ξ

2234 1868 2284 1924 l.
2319 1868 2530 1926 Sciatis
2561 1869 2700 1943 quia
2728 1869 2923 1927 dilecti
2964 1871 3173 1927 fratres
3211 1871 3401 1927 nostri
3434 1876 3495 1927 et
3523 1888 3625 1927 nos
3644 1887 3767 1927 com-

2161 1958 2421 2014 muniter
2442 1958 2719 2031 placitum
2742 1964 3009 2016 nostrum
3031 1961 3104 2016 ad
3126 1959 3373 2016 missam
3398 1961 3586 2017 sancti
3602 1958 3768 2016 Johan-

2160 2045 2254 2102 nis
2286 2048 2441 2118 apud
2491 2047 2749 2105 Parisius
2779 2049 2846 2084 ¹³⁰
2874 2049 3210 2105 condictum
3260 2049 3574 2117 habemus,
3603 2049 3688 2103 ubi
3717 2050 3764 2102 de

2161 2134 2293 2191 istis
2322 2153 2451 2207 quae
2483 2136 2568 2191 illi
2597 2137 2771 2193 modo
2802 2137 3165 2204 dixerunt,et
3192 2139 3424 2194 caeteris
3452 2156 3578 2210 quae
3606 2138 3670 2194 ad
3694 2137 3766 2192 Dei

2158 2223 2519 2281 voluntatem
2552 2231 2607 2281 et
2637 2232 2904 2282 nostrum
2949 2244 3013 2281 ac
3056 2230 3318 2282 vestrum
3354 2242 3702 2282 communem
3720 2226 3762 2259 ¹³¹

2159 2314 2484 2384 profectum
2535 2315 2794 2371 invenire
2841 2315 3228 2388 potuerimus,
3252 2316 3694 2381 consideremus,
3727 2319 3767 2369 et

2162 2418 2280 2457 una
2301 2419 2436 2458 cum
2460 2404 2556 2458 Dei
2584 2403 2875 2475 adjutorio
2902 2403 2975 2459 ad
3004 2404 3275 2458 effectum
3308 2403 3699 2475 perducamus.
3717 2402 3764 2455 Et

2158 2490 2453 2557 volumus,
2469 2496 2532 2547 ut
2554 2491 2768 2547 abhinc
2788 2492 3007 2560 inante,
3023 2491 3387 2563 ubicumque
3409 2491 3763 2563 unusquisque

2158 2580 2501 2649 fuerit,cum
2530 2598 2671 2653 pace
2697 2581 2999 2652 consistat,
3022 2585 3080 2637 et
3102 2581 3172 2637 ad
3198 2579 3347 2636 illud
3373 2580 3641 2654 placitum
3660 2594 3760 2633 cum

2158 2685 2300 2742 pace
2328 2669 2737 2743 unusquisque
2775 2669 2997 2737 veniat;
3033 2670 3173 2742 quia
3202 2669 3264 2725 in
3311 2670 3448 2726 istis
3479 2668 3700 2725 miseriis
3722 2671 3762 2721 et

2159 2759 2380 2830 rapinis
2397 2776 2585 2831 usque
2602 2761 2775 2817 modo
2795 2759 3047 2815 multum
3071 2764 3249 2815 Deum
3266 2755 3759 2815 oﬂ‘endimus.Unde

2156 2847 2326 2903 nobis
2359 2847 2458 2903 Dei
2509 2848 2974 2905 misericordiam
3005 2847 3328 2921 deprecari,
3357 2848 3503 2904 satis
3547 2860 3762 2902 necessa-

2157 2936 2311 2992 rium
2344 2954 2473 2992 esse
2504 2937 2934 3010 cognoscimus.

2224 3028 2278 3081 2.
2300 3025 2588 3084 Volumus
2619 3025 2817 3094 etiam,
2839 3031 2905 3081 ut
2933 3024 3341 3099 unusquisque
3370 3024 3519 3083 liber
3544 3026 3691 3081 homo
3714 3023 3756 3076 in

2157 3120 2358 3171 nostro
2389 3132 2566 3187 regno
2599 3115 2909 3183 seniorem,
2934 3114 3169 3188 qualem
3191 3115 3465 3183 voluerit,
3487 3117 3544 3171 in
3562 3114 3701 3171 nobis
3718 3116 3758 3167 et

391 3206 621 3287 .salvare
637 3206 899 3275 voluerit,
914 3206 1202 3280 possit.Et
1223 3207 1270 3262 si
1293 3212 1430 3261 tunc
1450 3204 1714 3261 nostrum
1735 3207 2045 3263 consilium
2076 3184 2120 3252 C
2160 3203 2219 3259 in
2252 3204 2468 3260 nostris
2499 3203 2773 3261 fidelibus
2802 3205 3070 3278 accipiat.

399 3295 601 3352 audire
627 3296 893 3364 voluerit,
915 3296 1186 3352 volumus
1208 3313 1341 3351 cum
1365 3296 1466 3351 Dei
1488 3296 1777 3367 adjutorio
1808 3313 1838 3352 e
1858 3302 2048 3353 vestro
2116 3306 2125 3321 ‘

401 3384 645 3441 consilio
696 3386 1084 3451 considerare,
1120 3385 1412 3457 quomodo
1460 3384 1673 3440 melius
1724 3385 2046 3440 secundum

399 3490 771 3531 communem
791 3476 1113 3546 profectum
1137 3479 1195 3529 et
1218 3472 1529 3530 utilitatem
1552 3472 1749 3528 inante
1770 3489 1898 3529 esse
1920 3490 2049 3546 pos-

398 3562 496 3618 sit.
520 3564 657 3619 Etsi
688 3568 956 3619 nostrum
988 3562 1297 3619 consilium
1323 3562 1523 3618 audire
1554 3580 1668 3618 non
1690 3562 1938 3618 voluerit
1959 3564 2044 3630 αθ,

394 3655 537 3708 tunc
567 3652 721 3708 sicut
746 3653 957 3708 melius
984 3669 1118 3707 cum
1141 3652 1237 3708 Dei
1261 3651 1550 3723 adjutorio
1573 3657 1629 3706 et
1651 3656 1837 3708 vestro
1859 3652 2048 3709 consi-

393 3738 471 3795 lio
503 3740 762 3796 invenire
791 3741 1177 3811 potuerimus,
1212 3740 1418 3796 exinde
1446 3757 1615 3813 agere
1642 3739 1933 3796 volumus.

462 3831 518 3883 2.
543 3828 753 3885 Sciatis
781 3829 1133 3901 etiam,quia
1161 3830 1435 3885 similiter
1464 3829 1677 3884 missos
1709 3835 1939 3886 nostros
1970 3831 2042 3886 ad

392 3917 686 3973 Brittones
717 3916 1028 3985 mittimus,
1064 3922 1120 3974 et
1150 3916 1279 3973 illos
1310 3919 1380 3973 ad
1413 3934 1786 3973 communem
1818 3919 2041 3991 profec-

390 4010 519 4063 tum
570 4011 627 4063 et
653 4023 857 4079 pacem
887 4006 1211 4063 hortamur.
1245 4007 1352 4073 Qui
1384 4006 1432 4062 si
1466 4007 1761 4063 audierint
1791 4012 1893 4064 aut
1924 4026 2038 4064 non

390 4095 706 4167 audierint,
731 4112 865 4151 cum
891 4095 992 4152 Dei
1023 4096 1312 4169 adjutorio
1334 4100 1389 4152 et
1407 4100 1597 4152 vestro
1621 4096 1862 4153 consilio
1883 4098 2038 4153 exin-

386 4172 461 4242 de
492 4184 666 4242 etiam
698 4186 885 4242 facere
912 4186 1207 4242 volumus.

457 4277 512 4332 3.
549 4275 758 4332 Sciatis
802 4276 941 4349 quia
988 4276 1377 4332 communiter
1430 4277 1642 4333 missos
1692 4280 1922 4333 nostros
1962 4279 2033 4334 ad

384 4356 796 4423 Nordmannos
825 4383 930 4438 pro
958 4383 1101 4440 pace
1131 4366 1470 4438 accipienda
1499 4363 1809 4422 mittimus.

455 4457 509 4511 4.
533 4456 741 4512 Sciatis
771 4456 967 4524 etiam,
992 4456 1131 4528 quia
1169 4455 1419 4512 dilectus
1449 4455 1626 4511 frater
1664 4460 1861 4513 noster
1892 4454 2030 4515 Hlo-

2228 3294 2282 3348 3.
2317 3293 2667 3350 Mandamus
2709 3293 2907 3364 etiam,
2943 3297 3006 3349 ut
3045 3293 3245 3350 nullus
3294 3294 3478 3351 homo
3524 3294 3757 3352 seniorem

2157 3399 2334 3438 suum
2367 3382 2493 3439 sine
2523 3384 2689 3456 justa
2718 3382 2939 3439 ratione
2976 3382 3256 3453 dimittat,
3291 3401 3403 3441 nec
3437 3384 3632 3457 aliquis
3655 3396 3758 3438 eum

2158 3471 2418 3544 recipiat,
2445 3472 2559 3528 nisi
2601 3473 2754 3529 sicut
2801 3476 3063 3545 tempore
3108 3477 3550 3531 antecessorum
3578 3474 3759 3528 nostm-

2158 3578 2284 3618 rum
2316 3563 2677 3617 consuetudo
2712 3562 2843 3617 fuit.

2227 3652 2280 3706 4.
2309 3651 2374 3706 Et
2396 3650 2667 3707 volumus
2687 3656 2752 3706 ut
2771 3651 2989 3720 sciatis,
3015 3651 3154 3725 quia
3174 3669 3281 3707 nos
3306 3652 3574 3710 ﬁdelibus
3588 3648 3759 3705 nostris

2154 3745 2378 3795 rectum
2411 3741 2737 3799 consentire
2765 3739 3058 3813 volumus,
3089 3746 3146 3797 et
3174 3747 3383 3797 contra
3416 3742 3669 3799 rationem
3695 3737 3758 3793 eis

2152 3829 2339 3885 facere
2373 3848 2487 3885 non
2518 3830 2808 3886 volumus.
2842 3831 2911 3886 Et
2940 3829 3209 3886 similiter
3238 3847 3341 3886 vos
3377 3847 3445 3887 ac
3477 3835 3685 3887 αιτιοι-οε
3706 3826 3756 3879 li-

2152 3918 2309 3975 deles
2333 3925 2578 3992 .nostros
2602 3920 2666 3954 ¹³²
2695 3920 3184 3989 admonemus,ut
3229 3936 3331 3976 vos
3376 3920 3581 3977 vestris
3606 3915 3757 3973 homi-

2150 4008 2325 4064 nibus
2357 4013 2581 4065 rectum
2613 4009 3013 4078 consentiatis,
3047 4013 3103 4065 et
3133 4013 3339 4066 contra
3369 4011 3641 4067 rationem
3669 4003 3756 4060 illis

2149 4115 2264 4155 non
2301 4097 2547 4155 faciatis.

2216 4189 2269 4243 5.
2302 4189 2373 4243 Et
2399 4187 2693 4255 volumus,
2728 4191 2793 4242 ut
2826 4188 3256 4261 cujuscumque
3304 4194 3572 4265 nostrum
3597 4186 3757 4263 homo,

2144 4278 2205 4333 in
2237 4279 2664 4350 cujuscumque
2702 4294 2880 4351 regno
2912 4277 3007 4346 sit,
3034 4296 3169 4334 cum
3208 4278 3440 4335 seniore
3472 4295 3573 4334 suo
3599 4276 3648 4331 in
3675 4274 3758 4329 ho-

2144 4373 2292 4425 stem
2341 4367 2425 4423 vel
2468 4367 2599 4423 aliis
2631 4367 2755 4423 suis
2804 4366 3163 4425 utilitatibus
3211 4373 3452 4441 pergat;
3508 4367 3610 4423 nisi
3651 4361 3757 4418 talis

2143 4458 2307 4531 regni
2363 4456 2585 4512 invasio
2619 4472 2801 4529 quam
2859 4455 3131 4513 lantweri
3163 4457 3391 4529 dicunt,
3415 4456 3566 4530 quod
3617 4451 3754 4517 absit,

384 4545 614 4602 tharius
640 4547 854 4601 missos
871 4563 1011 4602 suos
1029 4545 1100 4601 ad
1119 4562 1259 4601 suos
1278 4544 1551 4601 homines
1572 4546 1920 4605 transmittit
1940 4551 2039 4620 qui
2067 4556 2117 4622 Ι)
2148 4545 2444 4612 acciderit,
2468 4550 2533 4601 ut
2562 4545 2754 4601 omnis
2783 4545 3037 4619 populus
3068 4545 3224 4604 illius
3255 4548 3421 4620 regni
3454 4545 3524 4603 ad
3553 4559 3666 4601 eam
3694 4556 3755 4594 re-

385 4652 574 4709 usque
606 4636 778 4692 modo
809 4635 867 4690 in
898 4634 1369 4691 contrarietatem
1395 4634 1588 4691 dilecti
1624 4635 1821 4691 fratris
1854 4639 2041 4696 nostri

2148 4636 2480 4711 pellendam
2514 4635 2906 4691 communiter
2934 4638 3138 4709 pergat
3168 4636 3302 4710 (46).

1748 4734 1986 4794 νΑΡιῐΔΕ
2019 4735 2431 4795 LECTIONES.

456 4814 521 4849 ¹²⁶
553 4833 621 4870 ex
665 4820 718 4872 2.
798 4817 861 4851 ¹²⁷
892 4815 1027 4872 inde
1073 4819 1131 4871 2.
1210 4815 1275 4849 ¹²⁸
1306 4830 1679 4869 communem
1727 4816 1781 4869 2.
1857 4816 1923 4852 “9
1954 4816 2207 4877 noluerit
2246 4820 2300 4873 2.
2378 4815 2444 4851 ¹³⁰
2473 4814 2758 4887 parisium
2808 4814 2864 4871 S.
2898 4819 2961 4871 Β.
3041 4814 3103 4849 ²³¹
3138 4829 3451 4870 commune
3478 4818 3530 4869 2.
3602 4809 3662 4844 ¹³²
3682 4820 3754 4860 νεο
3808 4856 3810 4861 .

1972 4961 2202 5019 NOTIE.

385 4889 538 4941 stros
567 4890 621 4940 2.

455 5035 569 5109 (45)
602 5035 937 5109 Pippinum.

455 5108 564 5178 (46)
588 5108 769 5183 Codex
801 5109 939 5183 olim
963 5111 1020 5183 S.
1054 5110 1299 5183 Remigii
1327 5109 1652 5172 Bernensis,
1670 5110 1797 5181 jam
1822 5109 2033 5167 biblio-

382 5176 562 5254 theca
605 5180 789 5254 regim
813 5176 1253 5254 Parisiensisif.
1291 5183 1388 5254 164
1440 5184 1521 5254 bis
1572 5176 1720 5236 inter
1764 5189 2033 5254 excerpta

381 5249 583 5325 indea
616 5249 713 5304 fol.
734 5252 841 5325 283
878 5251 987 5325 hac
1031 5253 1266 5325 rubrica
1294 5253 1587 5325 insignia:
1614 5276 1638 5302 (ς
1670 5253 1910 5325 lnlibro
1932 5249 2032 5310 ca-

380 5320 705 5395 pitulorum
738 5321 939 5376 domui
975 5323 1157 5397 Karoli
1185 5330 1239 5397 et
1266 5320 1465 5397 domui
1493 5324 1820 5397 Hludowici
1850 5325 2031 5397 impe-

380 5394 643 5470 ratorum
679 5415 698 5439 η
737 5398 913 5470 caput
941 5394 1325 5470 exhibetjum
1357 5414 1390 5449 a
1417 5396 1654 5470 Baluzio
1684 5400 1825 5451 tom.
1862 5394 2023 5470 II,'p.

378 5465 542 5531 4261,
574 5464 928 5539 exscriptum
956 5481 969 5519 :
998 5465 1063 5519 Et
1103 5467 1235 5536 quia
1295 5467 1354 5520 in
1408 5468 1609 5521 hostem
1664 5476 1762 5522 aut
1812 5464 2030 5539 propter

377 5545 583 5609 terram
612 5536 1002 5609 defendendam
1021 5544 1359 5609 autpropter
1399 5546 1601 5593 teriam
1631 5536 2027 5609 ainirirem/am

376 5610 515 5691 itur,
538 5608 603 5667 de
628 5609 898 5682 tantweri,
924 5607 981 5664 id
1005 5615 1083 5666 est
1108 5607 1174 5663 de
1200 5610 1399 5682 patriae
1426 5607 1754 5683 defensione,
1779 5628 1887 5667 non
1918 5614 2025 5668 ati-

2141 5049 2224 5097 ter
2251 5040 2365 5095 nisi
2390 5037 2687 5094 secundum
2717 5038 2884 5094 istum
2914 5037 3133 5094 modum
3161 5039 3222 5093 in
3259 5037 3376 5110 lege
3402 5043 3498 5093 aut
3534 5036 3591 5089 in
3630 5027 3749 5110 capi-

2142 5113 2276 5168 tulis
2298 5113 2692 5182 imperatorum
2718 5112 2985 5182 scriptum
3011 5110 3292 5175 habemus,
3315 5111 3430 5165 nisi
3457 5110 3517 5164 in
3545 5111 3750 5182 animo-

2138 5183 2292 5239 ribus
2319 5170 2592 5256 capitalis,
2606 5181 2675 5256 de
2698 5170 3033 5254 pauperibus
3055 5170 3315 5256 Francis,
3349 5182 3448 5256 qui
3473 5181 3525 5233 si
3547 5170 3750 5256 MJ’Mf

2141 5257 2265 5310 bent
2294 5251 2438 5325 unde
2475 5251 2842 5325 heribarinurii
2889 5252 3218 5325 persolvant,
3248 5260 3309 5308 ut
3335 5251 3392 5308 se
3422 5253 3480 5306 in
3509 5251 3747 5325 serviam}!

2138 5328 2285 5395 regis
2315 5324 2553 5400 tradant,
2586 5333 2641 5400 et
2682 5316 2904 5400 laudiu'
2924 5327 2981 5380 in
3007 5316 3215 5400 eodeni
3240 5324 3461 5400 servitio
3488 5316 3747 5400 fugienti.

2137 5393 2308 5469 usque
2336 5396 2467 5451 dum
2498 5397 2592 5452 itte
2620 5396 2958 5469 heribannus
2986 5397 3084 5469 ﬁat
3117 5397 3444 5469 persoluta.
3478 5393 3610 5447 Etsi

2137 5458 2262 5524 imis
2280 5469 2455 5538 fuerit
2482 5470 2541 5521 in
2568 5468 2747 5522 eodem
2770 5458 3012 5532 servitio,
3039 5458 3257 5522 heredes
3298 5467 3420 5538 ejus,
3453 5458 3745 5538 sitamth

2136 5532 2362 5595 ditatem
2394 5541 2681 5611 rccipiunt,
2703 5547 2755 5593 et
2783 5555 2881 5595 nec
2908 5539 2973 5594 de
3002 5530 3254 5611 libertate
3274 5530 3371 5611 nec
3388 5537 3453 5592 de
3473 5537 3584 5611 ipso
3604 5530 3746 5611 belli?

2134 5593 2364 5669 obnoxii
2389 5593 2554 5686 ﬁan‘t.
2587 5593 2866 5670 sitiam}
2891 5593 2961 5667 in,
2990 5593 3386 5686 posterioribus
3432 5593 3675 5680 capitulis
3695 5593 3744 5649 de
