3810 6214
322 340 440 407 567

979 338 1317 403 APPEND.
1364 338 1466 398 A-D
1508 334 1697 398 SIEC.
1747 332 1823 396 Χ.
1859 367 1933 376 -
1963 329 2468 396 MONUMENTA
2513 320 3069 398 DIPLOMATICA.

3626 334 3747 397 δοῦ

323 474 557 544 discuti,
590 477 647 533 et
676 491 973 551 congruus
1017 471 1392 532 correctionis
1442 471 1652 528 modus
1700 466 1969 525 inveniri.
1999 466 2052 534 Α
2086 465 2319 536 citur,et
2349 466 2441 525 cui
2473 471 2710 542 peccata
2737 468 3069 527 remittendi
3101 466 3283 526 officii
3312 467 3623 543 privilegio
3641 486 3730 543 po-

322 565 604 623 Similiter
624 571 822 623 autem
846 569 903 622 et
924 565 980 620 in
996 562 1262 637 singulas
1284 562 1515 618 urbium
1530 560 1670 617 vicis
1685 564 1743 616 et
1762 561 1974 616 subur-

324 655 493 712 banis
524 672 626 728 per
669 653 1083 727 municipalem
1125 652 1697 725 archipresbyterum
1739 654 1796 706 et
1844 648 1975 705 reli-

325 762 475 818 quos
523 761 591 799 ex
643 742 997 817 presbyteris
1046 747 1317 798 strenuos
1358 740 1660 819 ministros
1708 743 1980 812 procuret

326 833 659 907 episcopus,
692 832 894 889 habita
925 830 1160 904 penitus
1192 830 1247 884 in
1281 832 1455 888 rebus
1486 830 1682 886 dubiis
1708 829 1978 909 observa-

326 922 485 979 tione
517 940 644 995 quae
670 921 940 994 superius
974 919 1209 994 praeﬁxa
1239 924 1346 976 est.

397 1015 452 1066 7.
487 1011 723 1084 Oportet
773 1009 946 1067 etiam
998 1026 1099 1082 per
1143 1009 1383 1082 Oppida
1415 1009 1648 1083 singula
1696 1008 1981 1081 villasque

330 1117 529 1157 curam
562 1116 759 1171 gerere
790 1100 1179 1171 presbyteros,
1214 1096 1466 1170 qualiter
1514 1098 1841 1171 penitentes
1870 1098 1979 1153 im-

330 1187 580 1262 positam
627 1186 737 1241 sibi
787 1185 1153 1241 abstinentiae
1213 1186 1460 1241 formam
1521 1186 1875 1253 custodiant,
1927 1190 1983 1240 et

328 1280 522 1333 utrum
547 1275 997 1331 elemosinarum
1014 1273 1407 1347 largitionivel
1430 1274 1561 1331 aliis
1575 1274 1982 1333 remissionem

328 1370 699 1439 peccatorum
724 1364 1194 1437 promerentibus
1216 1362 1325 1436 piis
1346 1364 1622 1437 operibus
1644 1364 1983 1431 inserviant,

330 1458 387 1511 et
415 1471 532 1526 qua
563 1452 755 1509 cordis
785 1452 1138 1509 contritione
1168 1453 1253 1508 vel
1285 1452 1702 1509 lamentatione
1734 1470 1794 1509 se
1825 1453 1985 1525 ipsos

331 1543 610 1599 afﬁciant.
646 1542 721 1597 Ut
751 1542 859 1596 hac
903 1540 1373 1596 consideratione
1404 1541 1725 1613 praemissa,
1758 1541 1986 1614 penitu-

332 1631 488 1687 dinis
501 1637 732 1703 tempus
747 1629 1147 1693 rationabilem
1167 1629 1351 1702 possit
1368 1630 1626 1702 accipere
1649 1630 1986 1695 terminum,

335 1725 394 1776 et
421 1720 508 1777 vel
541 1720 886 1776 extendatur
914 1719 961 1774 si
1017 1718 1283 1791 penitens
1329 1718 1699 1792 neglegenter
1728 1720 1989 1791 injuncta

2083 562 2263 614 testas
2294 576 2573 616 concessa
2602 564 2712 616 est.

2155 648 2209 703 9.
2240 649 2322 704 Ex
2349 648 2596 705 diversis
2626 647 2895 722 partibus
2925 654 3265 722 perventum
3301 653 3395 706 est
3416 649 3492 706 ad
3522 666 3730 706 sacram

2088 738 2560 811 synodum,un
2583 738 2822 811 quidam
2845 743 3154 812 parentum
3178 738 3337 797 ﬁlias
3358 756 3503 795 suas
3519 756 3650 795 cum
3670 742 3731 796 ad

2088 825 2346 883 nubilem
2373 826 2739 900 pervenerint
2758 831 3234 901 mtatem,easque
3250 846 3359 901 pro
3379 846 3491 885 suo
3512 829 3731 886 modulo

2089 916 2235 973 satis
2264 916 2672 973 convenienter
2725 920 2915 988 nuptu
2962 918 3189 974 tradere
3238 917 3496 991 possint,
3528 918 3731 975 diutius

2091 1023 2267 1079 quam
2300 1022 2537 1062 necesse
2567 1010 2885 1062 est.secum
2915 1006 3234 1063 detineant.
3262 1006 3430 1064 Unde
3454 1024 3591 1082 sepe
3620 1025 3732 1064 con-

2091 1095 2263 1168 tingit
2297 1099 2357 1149 ut
2374 1093 2431 1150 in
2453 1094 2580 1168 ipsa
2601 1099 2844 1168 paterna
2865 1095 3039 1152 domo
3061 1098 3732 1170 corrumpantur.Fertur

2091 1189 2149 1240 et
2179 1185 2249 1239 de
2282 1184 2821 1257 quibusdam,quod
2851 1184 3009 1240 dictu
3032 1202 3266 1258 quoque
3288 1186 3456 1244 nefas
3477 1188 3730 1259 est,ipsos

2094 1277 2364 1345 parentes
2396 1273 2652 1329 ﬁliarum
2681 1290 2926 1331 suarum
2954 1273 3401 1347 corruptoribus
3430 1276 3730 1333 conbiben-

2094 1363 2235 1419 tiam
2266 1364 2545 1436 praebere,
2577 1367 2635 1418 et
2656 1367 2930 1419 natarum
2952 1380 3196 1421 suarum
3227 1362 3429 1420 leones
3450 1366 3730 1421 exsistam.

2096 1451 2369 1508 Moncndi
2393 1450 2570 1525 igitur
2600 1470 2634 1507 a
2665 1452 3020 1525 presbyteris
3043 1453 3735 1525 suntpatresfamilias,ut

2097 1539 2332 1596 ﬁliabus
2364 1540 2487 1596 suis
2517 1541 2861 1613 tempestive
2893 1541 3131 1614 nuptias
3152 1542 3583 1615 provideant,et
3606 1542 3736 1599 calo-

2098 1646 2221 1685 rem
2251 1630 2523 1686 ferventis
2565 1629 2751 1686 zetatis
2801 1629 3094 1703 conjugali
3125 1630 3249 1705 lege
3280 1633 3635 1704 praeveniunt
3660 1633 3734 1685 ²¹².

2099 1718 2359 1774 Primum
2394 1719 2666 1785 scientes,
2703 1719 2841 1791 quia
2872 1718 3039 1786 tales,
3070 1720 3180 1776 etsi
3206 1724 3339 1792 post
3362 1720 3741 1795 corruptelam

335 1813 682 1880 prosecutus
708 1812 818 1874 est,
847 1806 933 1862 vel
970 1807 1260 1862 brevietur
1290 1808 1337 1862 si
1382 1808 1782 1865 desideranter
1810 1810 1987 1864 veniae
2018 1840 2070 1906 B
2099 1807 2379 1880 legitimis
2409 1807 2547 1862 viris
2579 1806 2859 1879 copulatae
2891 1808 3246 1876 fuerint,non
3282 1815 3533 1881 possunt
3560 1815 3737 1867 tamen

335 1899 723 1973 piscationem
774 1897 999 1952 studuit
1030 1897 1368 1969 promereri.
1414 1898 1824 1953 Reconciliatio
1852 1916 1986 1954 vero

334 1987 699 2062 penitentum
740 1987 911 2057 juxta
958 1985 1336 2058 antiquorum
1387 2004 1679 2043 canonum
1718 1987 1989 2044 instituta

333 2095 452 2134 non
483 2094 518 2131 a
546 2074 899 2149 presbyteris
931 2075 1029 2130 sed
1063 2076 1135 2130 ab
1167 2076 1459 2148 episcopis
1490 2077 1611 2132 ﬁeri
1646 2077 1837 2145 debet,
1871 2077 1984 2134 nisi

331 2167 478 2224 forte
510 2165 643 2237 quis
672 2163 732 2219 in
766 2162 1022 2236 periculo
1054 2163 1227 2218 fuerit
1249 2165 1689 2231 constitutus,et
1707 2182 1768 2222 se
1791 2182 1987 2221 recon-

328 2254 513 2313 ciliari
545 2255 751 2310 devote
782 2252 1050 2325 petierit;
1080 2251 1128 2306 si
1185 2253 1496 2325 episcopus
1527 2255 1741 2310 absens
1791 2255 1983 2322 fuerit,

326 2344 500 2401 debet
528 2342 730 2415 utique
761 2341 1064 2413 presbyter
1090 2341 1432 2413 episcopum
1464 2342 1788 2409 consulere,
1814 2349 1867 2400 et
1900 2346 1984 2401 sic

325 2432 682 2505 penitentem
715 2431 841 2501 ejus
864 2434 1135 2501 precepto
1157 2430 1743 2487 reconciliare.Aliter
1763 2438 1980 2502 autem,

328 2522 481 2578 sicut
508 2537 614 2575 nec
645 2517 980 2574 chrismatis
1013 2518 1411 2585 confectio,vel
1435 2519 1763 2591 puellarum
1791 2539 1987 2579 conse-

328 2610 529 2674 cratio,
563 2607 646 2662 ita
672 2623 775 2662 nec
808 2606 1169 2678 penitentum
1204 2606 1597 2664 reconciliatio
1632 2609 1925 2668 ullatenus
1951 2630 1985 2669 a

328 2696 684 2773 presbyteris
716 2694 838 2750 fieri
871 2695 1062 2750 debet.
1096 2695 1237 2761 Quia
1264 2696 1405 2752 solis
1432 2697 1720 2771 episcopis
1752 2705 1983 2773 aposto-

328 2770 520 2843 lorum
552 2784 735 2840 vicem
783 2783 1119 2839 tenentibus
1163 2801 1265 2855 per
1296 2801 1508 2841 manus
1551 2770 1982 2859 impositionem

332 2873 732 2949 specialiterin
746 2871 990 2929 ecclesia
1016 2873 1534 2946 conceditur,quod
1549 2879 1686 2932 tunc
1705 2878 1985 2951 apostolis

331 2964 405 3040 ab
435 2964 561 3037 ipso
611 2961 857 3019 Domino
900 2961 1127 3018 dicente
1175 2978 1521 3020 concessum
1571 2969 1659 3022 est
1709 2967 1987 3040 :Accipite

329 3056 602 3127 Spiritum
628 3061 894 3119 sanctum,
929 3067 1163 3123 quorum
1210 3055 1530 3111 rcmiseritis
1570 3063 1789 3128 peccata
1836 3074 1984 3114 rem-

328 3145 623 3217 mittuutur
649 3144 748 3208 eis,
778 3150 831 3197 et
861 3157 1093 3213 quorum
1123 3145 1464 3200 retinueritis
1492 3153 1698 3201 retenta
1724 3155 1872 3203 sunt.

2098 1914 2232 1952 cum
2266 1914 2481 1970 sponso
2516 1896 2732 1970 pariter
2754 1895 3040 1952 sollemne
3066 1896 3493 1954 benedictionis
3517 1916 3550 1954 a
3571 1914 3735 1956 sacer.

2096 1987 2230 2042 dote
2262 2003 2481 2041 munus
2512 1985 2808 2057 percipere
2835 2003 2848 2052 ;
2876 1984 3086 2043 deinde
3106 1984 3233 2040 siin
3255 2003 3459 2042 eorum
3481 1987 3733 2044 domibus

2095 2075 2210 2131 tale
2242 2076 2404 2132 nefas
2436 2074 2733 2137 acciderit,
2767 2073 3061 2146 siquidem
3083 2073 3202 2130 illis
3223 2074 3731 2150 nescientibuspro

2096 2164 2221 2220 sola
2252 2162 2630 2237 neglegentia:
2659 2154 2835 2235 culpa
2865 2162 3196 2235 penitentia'.
3219 2165 3726 2235 subjicieudisunt.

2093 2253 2147 2307 Si
2180 2269 2313 2308 vero
2337 2251 2727 2324 corruptionis
2750 2250 3174 2323 turpitudinem
3192 2252 3303 2325 ipsi
3327 2256 3725 2322 consenserint,

2094 2341 2418 2413 majoribus
2452 2341 2551 2413 qui
2583 2340 2887 2414 prohibere
2918 2340 3229 2397 debuerint
3264 2343 3589 2415 pauitantia:
3619 2361 3725 2400 sar-

2092 2430 2225 2486 cina
2254 2447 2432 2504 quam
2466 2430 2609 2503 ipsis
2626 2429 3529 2504 qui'pcrpetraruntimponenda
3547 2432 3722 2489 εει.Αὰ

2095 2519 2371 2576 ultimum
2420 2519 2528 2575 hoc
2562 2518 2827 2575 noverint
2881 2517 3293 2577 ecclesiasticis
3342 2521 3729 2576 sanctionibus

2093 2626 2219 2665 esse
2235 2609 2626 2681 praeﬁxummt
2655 2607 2857 2663 nullus
2877 2606 3108 2679 publice
3147 2607 3415 2680 penitens
3455 2625 3631 2683 usque
3660 2611 3720 2665 ad

2092 2702 2325 2771 tempus
2348 2701 2592 2770 peractae
2633 2694 2961 2769 penitentiw
3002 2696 3343 2770 conjugium
3409 2699 3723 2755 contrahere

2093 2785 2319 2842 valeat:
2354 2789 2409 2842 et
2435 2785 2543 2841 hac
2576 2785 2798 2841 ratione
2829 2788 3165 2858 corruptam
3212 2785 3393 2843 ﬁliam
3425 2804 3535 2843 non
3571 2804 3722 2861 posse

2094 2874 2364 2950 conjugio
2396 2873 2990 2948 copulari,quousque
3022 2891 3126 2946 per
3158 2874 3452 2946 publicam
3485 2876 3720 2949 peniten-

2093 2965 2236 3022 tiam
2268 2969 2324 3021 et
2355 2965 2483 3038 ipsa
2512 2967 2569 3020 et
2598 2966 2891 3036 parentes,
2925 2962 2973 3019 si
3021 2962 3165 3018 torte
3195 2964 3560 3020 consensisse
3597 2982 3719 3037 pro-

2095 3054 2212 3110 bati
2249 3054 2482 3121 fuerint,
2519 3051 3049 3109 reconciliationem
3094 3055 3153 3108 et
3183 3051 3334 3108 sacri
3365 3052 3561 3110 altaris
3584 3070 3719 3110 com-

2095 3144 2434 3199 munionem
2468 3141 2727 3198 obtinere
2754 3141 3097 3197 meruerint.

398 3234 450 3287 8.
484 3231 634 3286 illud
667 3208 901 3303 quoque
931 3229 1184 3286 salutare
1197 3236 1796 3306 sacramentumquod
1822 3252 1981 3291 com-
2012 3208 2058 3278 α
2164 3233 2249 3287 40.
2277 3237 2352 3288 De
2376 3231 2711 3304 raptoribus
2731 3247 2863 3286 vero
2880 3230 3259 3303 antiquorum
3272 3231 3508 3287 Patrum
3526 3234 3717 3286 statuta

326 3322 567 3377 mandat
594 3320 850 3377 Jacobus
880 3320 1180 3392 apostolus
1214 3320 1415 3377 dicens
1448 3338 1460 3377 :
1496 3324 1819 3393 Infirmatur
1858 3327 1983 3397 quis

325 3410 386 3464 in
409 3409 581 3474 vobis,
639 3407 865 3463 inducat
912 3408 1277 3481 presbyteros,
1336 3418 1387 3465 et
1448 3419 1604 3467 orent
1641 3429 1809 3484 super
1859 3430 1983 3469 cum

320 3505 621 3569 unguentes
650 3513 775 3552 eum
797 3497 911 3552 oleo
964 3499 1021 3551 in
1052 3498 1279 3553 nomine
1312 3501 1551 3565 Domini,
1574 3506 1626 3555 et
1653 3503 1826 3557 oratio
1854 3501 1986 3574 ﬁdei

320 3587 555 3643 salvabit
585 3587 948 3657 inﬁnnum,ct
982 3588 1273 3642 suscitabit
1318 3588 1480 3642 illum
1522 3590 1783 3645 Dominus
1807 3610 1826 3657 ,-
1854 3598 1907 3647 et
1932 3594 1985 3648 si

324 3678 387 3731 in
415 3678 645 3753 peccatis
690 3677 882 3745 fuerit,
932 3678 1290 3732 remittuntur
1332 3679 1404 3744 ei,
1446 3677 1665 3735 sollerti
1697 3681 1981 3752 praedica-

324 3763 483 3819 tione
513 3762 747 3835 populis
779 3764 1261 3819 innotescendum
1296 3768 1403 3819 est.
1441 3765 1719 3840 Magnum
1754 3786 1893 3824 sane
1925 3773 1983 3825 et

326 3850 495 3907 valde
526 3851 918 3923 appetendum
954 3852 1438 3924 mysterium,per
1467 3856 1699 3926 quod,si
1734 3857 1985 3915 ﬁdeliter

330 3939 613 4013 poscitur,
628 3943 865 4011 peccata
894 3940 1289 3995 remittuntur.
1326 3942 1434 3997 Sed
1484 3944 1622 4016 quia
1654 3946 1985 4018 frequenter

330 4026 639 4100 contingit,
676 4031 739 4081 ut
766 4031 1040 4099 egrotans
1070 4026 1285 4099 aliquis
1337 4034 1440 4086 aut
1484 4034 1833 4090 sacramenti
1862 4034 1980 4091 vim

328 4115 575 4184 nesciat,
609 4119 713 4171 aut
741 4116 939 4171 minus
968 4116 1353 4189 periculosam
1379 4123 1656 4191 reputans
1677 4121 1985 4180 inﬁrmita-

324 4208 469 4273 tem,
521 4204 773 4261 salutem
813 4222 981 4261 suam
1031 4205 1253 4277 operari
1305 4207 1657 4275 dissimulet,
1699 4216 1799 4267 aut
1828 4218 1981 4271 certe

324 4294 515 4351 morbi
544 4293 819 4350 violentia
850 4294 1423 4360 obliviscatur,debet
1453 4314 1587 4354 eum
1620 4299 1728 4356 loci
1748 4302 1981 4377 presby-

320 4386 410 4440 ter
431 4387 821 4457 congruenter
841 4384 1460 4456 admonere,quatinus
1479 4388 1549 4443 ad
1573 4388 1724 4445 hanc
1746 4390 1979 4463 spirita—

316 4470 428 4529 lem
447 4490 516 4528 cu
527 4490 648 4528 ram
664 4473 881 4529 secund
892 4491 987 4529 um
1005 4474 1250 4547 propriae
1263 4475 1668 4546 possibilitatis
1680 4478 1831 4535 vires
1845 4479 1980 4536 vici-

2093 3325 2424 3395 sequentes,
2460 3321 2567 3375 hoc
2622 3319 2943 3375 tenendum
2975 3335 3307 3386 censemus,
3340 3323 3405 3375 ut
3453 3320 3499 3375 si
3529 3336 3619 3376 eas
3645 3335 3718 3374 τις

2093 3410 2481 3484 puerint,quaa
2504 3425 2637 3464 cum
2659 3423 2876 3480 sponso
2900 3408 3119 3480 pariter
3138 3408 3535 3465 benedictione
3550 3424 3715 3464 sacer-

2093 3499 2271 3555 dotali
2302 3499 2541 3553 iniliatzn
2565 3496 2865 3563 sunt,licet
2882 3497 3117 3553 easdem
3136 3498 3714 3570 corruperint,abstra-

2091 3588 2309 3644 hantur
2338 3593 2531 3643 tamen
2568 3587 2639 3641 ab
2658 3585 2835 3648 his,et
2864 3584 3116 3659 prOpriis
3147 3586 3383 3658 sponsis
3402 3586 3712 3642 reddantur.

2091 3679 2225 3742 Quae
2253 3694 2389 3732 vero
2432 3675 2519 3730 vel
2567 3674 2753 3730 viduae
2792 3678 2931 3730 sunt
2979 3672 3067 3729 vel
3119 3674 3310 3730 adhuc
3359 3691 3579 3748 sponsae
3616 3689 3711 3730 non

2092 3766 2417 3833 fuerunt,et
2444 3765 2667 3835 absque
2707 3763 2968 3834 ipsarum
3006 3767 3065 3818 et
3093 3767 3403 3834 parentum
3450 3763 3715 3820 voluntate

2090 3855 2426 3928 rapiuntur,
2458 3852 2843 3908 nihilominus
2875 3851 3218 3925 parentibus
3259 3852 3348 3907 vel
3401 3852 3716 3926 propinquis

2091 3943 2560 4007 restituantur,et
2592 3940 2723 3996 aliis
2755 3940 2802 3995 si
2824 3939 3113 3995 voluerint
3142 3940 3390 3996 nubant.
3423 3941 3566 3998 Nam
3594 3939 3714 4013 ipsis

2090 4050 2124 4089 a
2153 4032 2369 4105 quibus
2400 4036 2579 4104 rapta:
2611 4035 2752 4085 sunt
2773 4027 3044 4103 legitimae
3065 4030 3305 4085 demum
3325 4046 3535 4088 uxores
3554 4028 3714 4085 nulla-

2090 4126 2264 4178 tenus
2313 4137 2443 4177 esse
2482 4123 2771 4191 possunt;
2805 4119 2966 4190 ipsos
3010 4122 3204 4173 autem
3244 4123 3510 4191 raptores
3543 4118 3715 4191 eisque

2090 4209 2373 4266 auxilium
2405 4206 2731 4279 praebentes
2762 4222 3123 4279 quamquam
3162 4206 3714 4263 anathematizandos

2088 4298 2314 4370 antiqui
2346 4312 2599 4353 canones
2630 4293 2987 4367 praecipiant,
3020 4293 3079 4349 in
3112 4293 3320 4350 ultimo
3349 4299 3545 4352 tamen
3567 4311 3713 4351 cons-

2088 4387 2300 4453 titutis,
2335 4386 2384 4442 si
2416 4386 2617 4441 devote
2638 4382 3079 4457 postulaverint,
3104 4399 3281 4440 sacras
3308 4383 3711 4440 communionis

2086 4476 2365 4532 viaticum
2416 4490 2517 4546 pro
2559 4472 2960 4528 misericordia
2988 4472 3251 4528 dandum
3286 4489 3401 4528 non
3435 4487 3708 4547 negamus.

317 4578 702 4634 nosquosque
716 4562 1656 4635 presbyterosinvitet.Hoctamen
1672 4568 2055 4642 sciendumD
2088 4565 2247 4629 Quod
2283 4562 2329 4619 si
2363 4562 2579 4635 aliquis
2610 4562 2682 4616 de
2701 4561 2903 4616 ordine
2925 4558 3173 4616 clericali
3197 4560 3713 4632 hujusmoditrans—

316 4649 457 4721 quia
478 4650 525 4705 si
551 4650 643 4706 his
664 4649 1375 4723 quiinfirmaturpuhlicze
1398 4654 1729 4726 penitentiaz
1752 4656 1975 4712 manci-
2084 4652 2456 4728 gressoribus
2513 4654 2857 4724 cooperator
2912 4648 3187 4714 extiterit,
3246 4649 3469 4722 proprii
3522 4650 3711 4725 gradus

316 4745 492 4809 palus
522 4744 754 4805 est,non
786 4743 975 4812 potest
1004 4740 1183 4810 hujus
1210 4741 1456 4798 misterii
1489 4743 1766 4816 consequi
1789 4745 1975 4801 medi-
2083 4743 2303 4799 honore
2331 4740 2569 4797 carebit.

315 4824 533 4892 cinam,
567 4827 677 4883 nisi
700 4828 864 4900 prius
896 4827 1368 4885 reconciliatione
1400 4836 1690 4903 percepta,
1710 4849 1974 4890 commu-
2157 4831 2243 4888 ti.
2279 4829 2664 4885 Inveniuntur
2694 4825 2961 4883 nonnulli
2995 4844 3099 4900 per
3127 4826 3390 4884 diversas
3412 4828 3710 4901 provincias

319 4911 556 4969 nionem
587 4915 846 4988 corporis
876 4921 936 4971 et
964 4916 1273 4990 sanguinis
1294 4917 1508 4975 Christi
1543 4920 1843 4978 meruerit.
1868 4923 1970 4979 Cui
2083 4924 2141 4977 et
2169 4918 2430 4976 civitates
2461 4916 2743 4972 habentes
2773 4914 3175 4988 possessiones
3204 4916 3292 4981 m,
3324 4917 3427 4988 qui
3460 4932 3588 4973 cum
3622 4913 3709 4970 ali-

316 5000 471 5056 enim
508 5001 731 5074 reliqua
761 5011 1130 5060 sacramenta
1160 5005 1473 5062 interdicta
1523 5011 1680 5075 sunt,
1714 5007 1823 5065 hoc
1856 5028 1972 5068 uno
2082 5009 2237 5082 quod
2271 5006 2501 5080 publice
2531 5004 2769 5061 sceleris
2797 5004 3342 5076 perpetraverint,et
3364 5006 3437 5061 ab
3464 5004 3706 5078 episcopo

316 5087 483 5167 nulla
513 5089 735 5145 ratione
766 5092 848 5145 uti
878 5094 1301 5150 conceditur.Si
1318 5099 1512 5151 autem
1536 5097 1755 5153 inﬁrmi
1778 5099 1974 5172 quali-
2078 5096 2164 5154 vel
2198 5094 2554 5170 presbyteris
2581 5092 2691 5150 loci
2719 5092 3058 5149 commoniti
3091 5094 3332 5160 fuerint,
3349 5099 3416 5149 ut
3444 5090 3707 5166 penitudi-

314 5176 657 5233 tastalisest
677 5180 1502 5252 utperseipsumvisitandum
1518 5189 1970 5260 etunguendum
2080 5203 2214 5242 nem
2248 5183 2555 5257 gerant,ab
2585 5180 2826 5237 alterius
2855 5181 3107 5236 civitatis
3135 5180 3411 5254 episcopo
3460 5181 3545 5238 vel
3578 5196 3708 5255 pres-

312 5264 559 5339 dignum
577 5266 870 5322 existimet
884 5269 1293 5341 episeopus,ab
1315 5272 1439 5345 ipso
1453 5290 1628 5345 quam
1646 5275 1967 5347 plurimum
2077 5277 2358 5348 byterose
2382 5273 2508 5343 jam
2544 5270 2924 5342 penitentiam
2958 5269 3292 5341 suscepisse
3320 5270 3407 5326 vel
3439 5271 3705 5342 suscipere

308 5360 709 5425 competenter
738 5353 861 5408 ﬁeri
891 5355 1102 5424 valet,a
1126 5373 1242 5428 quo
1272 5359 1466 5430 ipsum
1492 5362 1751 5418 chrisma
1780 5366 1970 5421 conﬁ-
2077 5363 2225 5421 velle
2276 5362 2591 5426 fateantur,
2624 5363 2802 5430 atque
2848 5358 2929 5413 ita
2977 5358 3215 5414 sibimet
3253 5357 3564 5416 illudentes
3609 5358 3700 5413 Deo

1661 5511 1902 5570 νΑΡιΙίΕ
1940 5510 2360 5572 LECTIONES.

378 5622 447 5657 ³¹³
478 5617 826 5694 proveniant
855 5630 903 5673 c.
982 5617 1049 5651 ²¹⁸
1080 5598 1383 5690 passiones
1410 5622 1526 5680 cod.
