3828 6204
54 316 160 381 581

1044 312 1529 377 FRANCORUM
1576 313 1849 376 REGUM
1893 312 2447 377 CAPITULABIA.

3270 320 3285 336 '
3329 316 3449 378 582

58 448 203 522 scopi
247 448 381 518 (51),
415 446 662 504 Otkario
718 444 987 519 episcopo
1019 446 1153 518 (52),
1183 445 1524 503 Gebehardo
1565 446 1686 520 epi-
1715 447 1773 515 Α
1802 450 1859 502 et
1890 446 2226 503 nullatenus
2256 465 2359 520 per
2375 447 2705 521 aliquorum
2738 449 3101 506 mendatium
3122 450 3206 506 vel
3230 450 3447 507 falsum

58 554 215 610 scopo
243 536 377 608 (53),
412 538 737 592 Hemmone
781 535 1051 608 episcopo
1083 534 1214 608 (54),
1248 539 1523 592 Baturato
1566 535 1688 609 epi-

60 642 216 699 scopo
239 626 375 694 (55),
406 623 695 696 Gozperto
726 624 834 696 (56)
864 622 1153 697 episcopo,
1172 624 1553 681 Erchant‘rido
1574 626 1691 697 epi-

59 732 215 787 scopo
240 714 372 788 (57),
407 712 713 785 Hartwigo
758 712 1027 786 episcOpo
1072 714 1205 783 (58),
1248 713 1544 770 Lantt‘rido
1576 716 1689 785 (59)

61 804 329 877 episcopo,
362 802 615 858 Altfrido
644 801 914 874 episcopo
946 802 1078 875 (70),
1103 801 1460 876 Liutprando
1480 805 1548 839 ’τι
1568 803 1687 876 epi-

61 910 217 967 scopo
247 892 696 965 (6t),Diatmaro
726 891 1498 964 oborepisc0po,Folchardo
1528 893 1692 949 chor-

60 983 331 1055 episcopo,
354 980 668 1037 Alberieho
692 980 1126 1053 chorepiscopo,
1151 981 1500 1054 Reginharic
1521 981 1689 1038 chor-

59 1070 309 1142 episcopo
337 1071 477 1139 (62),
512 1068 814 1125 Grimaldo
846 1068 959 1142 (63)
987 1070 1217 1136 abbate,
1244 1069 1548 1127 Rathleiho
1579 1071 1692 1144 (64)

61 1159 265 1227 abbate,
282 1159 548 1215 Hantone
564 1160 679 1228 (65)
700 1158 929 1226 abbate,
953 1162 1010 1215 et
1030 1157 1272 1231 reliquis
1301 1158 1691 1216 aacclesiastici

61 1247 264 1305 ordinis
292 1248 455 1316 viris,
488 1245 843 1321 presbyteris
868 1246 1151 1317 videlicet,
1186 1248 1490 1305 monachis
1517 1254 1693 1321 atque

64 1336 457 1409 diaconibus,a
486 1337 704 1409 quibus
734 1341 1022 1393 statutum
1053 1342 1141 1393 est
1170 1337 1289 1392 hiec
1321 1337 1691 1411 synodalium

64 1427 271 1482 decreta
296 1438 625 1499 gestorum,
659 1426 1137 1498 quorumcapita
1162 1426 1368 1514 “ibter
1388 1427 1611 1505 adnexa
1627 1428 1694 1461 ³⁷⁵

64 1520 205 1571 sunt.

125 1607 169 1659 1.
195 1605 267 1660 De
295 1605 583 1661 concordia
611 1606 982 1678 episcoporum
1019 1607 1383 1678 comitumque
1425 1606 1691 1677 ﬁdelium.

64 1695 194 1750 Sane
222 1711 370 1767 opus
397 1698 489 1750 est
517 1699 583 1750 ut
613 1711 723 1767 pax
753 1697 811 1750 et
840 1693 1153 1750 concordia
1183 1694 1260 1751 sit
1286 1699 1461 1767 atque
1485 1694 1695 1751 unani-

70 1784 220 1839 mitas
246 1783 310 1839 in
340 1782 557 1857 populo
587 1782 930 1852 christiano,
963 1783 1102 1855 quia
1133 1800 1317 1839 unum
1369 1783 1549 1839 Deum
1594 1802 1692 1856 pa-

69 1878 196 1927 trem
216 1872 503 1929 habemus
529 1873 586 1929 in
609 1872 858 1942 caalis,et
880 1890 1058 1927 unam
1084 1877 1329 1929 matrem
1352 1872 1696 1941 ecclesiam,

76 1978 225 2017 unam
246 1962 444 2030 ﬁdem,
462 1979 645 2018 unum
669 1961 968 2035 baptisma
986 1962 1053 1997 ²⁷⁶
1079 1978 1091 2016 :
1115 1962 1245 2017 ideo
1264 1961 1322 2016 in
1346 1979 1461 2017 una
1486 1978 1622 2035 pace
1643 1966 1701 2018 et

74 2051 432 2107 unanimitate
444 2051 812 2109 concorditer
831 2051 1020 2107 vivere
1042 2050 1401 2119 debemus,si
1424 2052 1494 2107 ad
1521 2069 1699 2107 unam

73 2146 119 2194 et
139 2156 324 2195 veram
355 2140 743 2197 hereditatem
776 2140 945 2213 regni
976 2139 1234 2195 ccelestis
1265 2140 1537 2212 cupimus
1571 2158 1699 2211 per-

74 2228 272 2295 venire;
305 2229 442 2302 quia
472 2245 590 2286 non
620 2234 710 2286 est
739 2228 1128 2285 dissensionis
1159 2229 1334 2300 Deus,
1363 2229 1465 2285 sed
1516 2229 1698 2301 pacis,

78 2323 133 2373 ut
156 2318 272 2391 ipse
299 2319 382 2373 ait
408 2335 422 2374 :
455 2320 614 2376 Beati
641 2318 881 2391 paciﬁci,
897 2320 1159 2390 quoniam
1177 2318 1288 2389 ﬁlii
1310 2320 1417 2374 Dei
1436 2320 1703 2374 vocabun-

78 2414 170 2462 tur.
199 2407 377 2481 Igitur
396 2408 447 2465 si
473 2408 631 2464 inter
658 2424 862 2464 omnes
894 2406 1099 2463 ﬁdeles
1146 2423 1278 2479 pax,
1307 2413 1366 2463 et
1394 2406 1703 2464 concordia

78 2495 318 2553 habenda
347 2502 456 2566 est,
490 2497 720 2553 dicente
748 2496 1024 2569 Apostolo
1057 2514 1076 2552 :
1105 2497 1303 2552 Pacem
1327 2497 1627 2569 sequimini
1653 2504 1705 2552 ct

78 2588 489 2652 sanctimoniam,
519 2588 641 2642 sine
694 2603 801 2658 qua
845 2601 1004 2642 nemo
1056 2585 1259 2641 videbit
1284 2585 1486 2652 Deum,-
1518 2584 1703 2641 multo

83 2674 245 2747 magis
300 2675 452 2731 inter
502 2675 809 2748 episcopos
853 2678 909 2730 et
952 2674 1193 2730 comites
1219 2691 1348 2732 esse
1378 2675 1567 2742 debet,
1602 2675 1702 2746 qui

83 2767 195 2833 post
219 2762 536 2836 imperialis
567 2762 750 2837 apicis
780 2764 1128 2837 dignitatem
1156 2764 1224 2798 ²⁷⁷
1268 2762 1551 2836 populum
1604 2762 1705 2819 Dei

85 2857 287 2924 regunt.
310 2852 393 2908 Ita
420 2852 579 2908 enim
610 2853 766 2908 inter
793 2869 856 2909 se
886 2852 1258 2911 concordiam
1288 2851 1510 2908 habent
1529 2853 1616 2920 ’7',
1642 2856 1707 2908 ut

85 2938 403 2997 alterutrum
448 2942 563 2998 sibi
594 2942 682 3001 .ad
732 2942 832 2997 Dei
865 2941 1169 2997 servitium
1201 2941 1619 3014 peragendum,
1650 2946 1707 2997 et

86 3028 452 3087 ministerium
484 3046 661 3087 suum
690 3030 1041 3103 explendum
1075 3047 1190 3086 non
1222 3031 1415 3086 solum
1449 3046 1566 3086 non
1598 3047 1705 3085 no-

85 3122 247 3188 ceant,
276 3119 415 3192 quin
449 3119 646 3192 potius
675 3118 1035 3175 adminiculo
1064 3120 1183 3175 sint
1214 3120 1347 3190 (66).

140 3210 190 3264 2.
221 3212 298 3265 De
318 3216 581 3282 potestate
607 3211 998 3282 episcoporum.
1034 3209 1108 3265 Ut
1155 3208 1413 3282 episcOpi
1452 3214 1706 3282 potesta-
1737 3192 1781 3261 C

86 3299 188 3351 tem
236 3297 485 3354 habeant
534 3314 629 3354 res
660 3297 1090 3354 ecclesiasticas
1120 3298 1452 3370 praevidere,
1489 3315 1709 3371 regere,

87 3385 406 3455 gubernare,
438 3391 615 3460 atque
642 3388 985 3460 dispensare
1037 3388 1364 3443 secundum
1415 3404 1708 3444 canonum

90 3474 486 3543 auctoritaiem,
508 3475 781 3532 volumus
818 3493 831 3531 :
865 3480 922 3532 et
952 3480 1015 3530 ut
1044 3475 1177 3533 laici
1208 3475 1267 3531 in
1301 3493 1501 3532 eorum
1534 3475 1707 3531 mini-

86 3564 237 3619 sterio
264 3565 560 3622 obmdiant
588 3565 881 3639 episcopis
930 3566 1002 3621 ad
1057 3566 1342 3638 regendas
1394 3564 1707 3630 zecclesias,

88 3651 266 3709 viduas
295 3657 352 3709 et
380 3653 677 3726 orphanos
720 3654 1138 3723 defensandos;
1172 3660 1230 3711 et
1262 3660 1324 3709 ut
1356 3654 1711 3711 obcedientes

91 3740 191 3795 sint
204 3743 281 3797 eis
307 3744 378 3798 ad
411 3760 617 3799 eorum
648 3742 1138 3799 christianitatem
1161 3744 1538 3811 servandam;
1573 3760 1711 3799 con-

92 3831 496 3905 sentientesque
514 3832 892 3887 sintcomites
906 3837 962 3887 et
975 3831 1209 3903 judices
1222 3832 1570 3904 praesulibus
1588 3833 1713 3888 suis

95 3918 153 3972 ad
182 3920 424 3990 iustitiae
458 3920 776 3990 faciendas,
794 3922 963 3992 juxta
990 3926 1274 3994 precepta
1306 3920 1512 3976 divina:
1544 3921 1709 3993 legis,

1795 536 2199 593 testimonium
2233 552 2423 609 neque
2454 538 2801 610 perjurium,
2836 541 2938 593 aut
2967 555 3070 611 per
3117 539 3445 612 praemium,

1796 623 1888 681 lex
1909 625 2081 696 juxta
2111 625 2170 681 in
2199 625 2394 698 aliquo
2424 627 2772 699 depravetur
2800 628 2933 696 (67).

1865 715 1918 769 3.
1954 716 2028 770 De
2075 714 2300 770 decimis
2347 715 2723 788 exquirendis.
2753 714 3060 783 Volumus,
3096 719 3159 770 ut
3210 716 3448 772 decimae

1798 819 1924 875 quae
1955 802 2206 876 singulis
2236 803 2450 859 dantur
2479 804 2776 872 zecelesiis,
2804 818 2907 877 per
2936 805 3203 861 consulta
3234 805 3452 878 episco-

1798 908 2007 965 porum
2038 908 2072 947 a
2101 891 2441 965 presbitcris
2472 894 2545 952 ad
2580 911 2722 949 usus
2746 892 3017 950 recclesize
3039 898 3096 949 et
3125 910 3449 967 paupeium

1799 997 2036 1037 summa
2063 981 2365 1054 diligentia
2386 981 2817 1055 dispensentur.
2834 985 3096 1049 Quatuor
3111 987 3306 1039 autem
3328 988 3451 1039 tam

1799 1069 1872 1125 de
1895 1068 2221 1125 redditibus
2241 1071 2327 1137 ’79,
2348 1088 2525 1143 quam
2557 1071 2628 1127 de
2657 1070 2950 1128 oblatione
2981 1071 3263 1139 fidelium,
3282 1076 3454 1145 prout

1800 1158 2114 1231 cujuslibet
2145 1158 2416 1217 aecclesize
2448 1158 2695 1216 facultas
2729 1159 3008 1227 admittit,
3042 1159 3195 1216 sicut
3224 1162 3450 1218 dudum

1799 1248 2223 1305 rationabiliter
2251 1249 2547 1307 decretum
2580 1248 2969 1319 est,convenit
2991 1250 3114 1305 ﬁeri
3139 1251 3452 1323 portiones.

1800 1340 2061 1404 Quarum
2093 1338 2169 1393 sit
2200 1356 2317 1393 una
2347 1338 2663 1410 pontiﬁcis,
2697 1337 2880 1394 altera
2909 1337 3456 1409 clericorum,tertia

1802 1443 2146 1499 pauperum,
2168 1432 2377 1499 quarta
2403 1427 2637 1483 fabricis
2668 1427 3015 1499 applicanda
3037 1429 3207 1500 juxta
3237 1430 3452 1486 consti-

1800 1518 2088 1573 tutionem
2121 1517 2534 1590 episcopalem.
2568 1518 3019 1573 Admonendnm
3050 1522 3245 1574 tamen
3276 1523 3457 1587 cst,ut

1804 1605 2032 1661 decima
2052 1609 2165 1661 Deo
2187 1604 2424 1662 omnino
2456 1605 2580 1661 dari
2614 1622 2729 1661 non
2760 1605 3306 1679 neglegatur,quam
3330 1608 3455 1679 ipse

1804 1699 1958 1750 Deus
1975 1695 2085 1749 sibi
2117 1694 2420 1751 constituit
2446 1694 2600 1762 dari;
2626 1693 2766 1767 quia
2786 1695 3114 1752 timendum
3138 1696 3302 1764 est,si
3325 1697 3457 1768 quis

1805 1790 1920 1841 Dco
1951 1802 2127 1841 suum
2161 1785 2423 1840 debitum
2457 1784 2813 1853 abstrait,ne
2844 1784 2988 1841 forte
3021 1789 3173 1841 Deus
3202 1801 3306 1858 per
3334 1803 3461 1858 pec-

1805 1878 2000 1930 catum
2034 1891 2209 1929 suum
2237 1874 2463 1929 auferat
2491 1872 2542 1929 ei
2577 1873 2906 1930 necessaria
2956 1892 3084 1930 sua.
3125 1873 3270 1930 Dicit
3301 1876 3459 1932 enim

1808 1967 1961 2019 Deus
1994 1961 2187 2018 taliter
2216 1962 2275 2017 in
2309 1962 2554 2017 Levitico
2587 1961 2697 2034 (68)
2718 1962 2788 2017 de
2818 1961 3100 2019 decimis:
3128 1963 3321 2019 Omnes
3362 1964 3453 2020 dc-

1809 2055 1947 2108 cime
1977 2060 2136 2119 terre,
2169 2053 2282 2107 sive
2310 2051 2375 2107 de
2400 2052 2694 2123 fructibus,
2727 2053 2839 2107 sive
2867 2051 2931 2107 de
2957 2054 3134 2123 pomis
3179 2052 3456 2122 arborum,

1806 2144 2035 2198 Domini
2061 2143 2191 2209 sint,
2225 2150 2277 2197 et
2306 2141 2396 2196 illi
2420 2141 2837 2211 sanctiﬁcantur
2867 2141 3020 2197 boves
3049 2148 3102 2198 ct
3125 2158 3244 2198 oves
3288 2151 3340 2198 et
3367 2160 3460 2198 ca-

1804 2246 1945 2304 pm’,
1980 2246 2106 2303 quae
2145 2231 2244 2286 sub
2283 2230 2520 2302 pastoris
2541 2230 2609 2264 "°
2636 2231 2796 2299 virga
2835 2238 3153 2298 transeunt;
3202 2232 3461 2304 quicquid

1808 2322 2081 2376 decimum
2114 2319 2339 2385 venerit,
2362 2318 2800 2388 sanetiﬁcabitur
2827 2318 3075 2375 Domino.
3101 2320 3164 2376 Si
3187 2322 3309 2392 quis
3336 2338 3461 2376 mu-

1810 2411 2018 2465 tabitur
2036 2409 2125 2474 ²⁸¹,
2150 2408 2201 2462 et
2226 2408 2378 2481 quod
2404 2415 2599 2473 mutat,
2630 2413 2683 2462 et
2702 2405 2842 2479 quod
2871 2407 3175 2463 mutabitur
3214 2410 3459 2480 sanctiﬁ-

1809 2499 2025 2554 cabitur
2059 2499 2312 2553 Domino.
2345 2498 2461 2553 Non
2487 2497 2717 2568 eligetur
2740 2496 2828 2563 ²⁸²,
2861 2512 2961 2552 nec
2998 2496 3198 2553 bonum
3222 2515 3322 2555 nec
3344 2515 3462 2555 ma-

1812 2589 1948 2655 lum,
1981 2603 2079 2641 nec
2107 2587 2274 2642 altera
2305 2586 2749 2651 commutabitur,
2786 2593 2838 2641 et
2865 2603 2977 2641 non
3006 2585 3321 2643 redimetur.
3351 2587 3462 2643 Sed

1813 2676 1953 2748 quia
1969 2677 2140 2731 modo
2160 2674 2331 2730 multi
2350 2674 2731 2729 inveniuntur
2751 2674 3010 2730 decimas
3027 2675 3164 2730 dare
3176 2673 3462 2743 nolentes,

1814 2765 2154 2831 statuimus,
2189 2767 2252 2819 ut
2281 2764 2606 2819 secundum
2650 2763 2877 2818 Domini
2928 2770 3307 2837 praeceptum,
3340 2782 3465 2821 am-

1814 2857 2165 2917 moneantur
2212 2851 2393 2907 semel
2439 2855 2495 2906 et
2538 2851 2794 2906 secundo
2829 2854 3004 2922 atque
3034 2851 3235 2919 tertio;
3268 2851 3317 2909 si
3351 2869 3466 2908 non

1816 2941 2275 3007 emendaverint,
2299 2938 2692 2995 anathematis
2722 2936 2955 2994 vinculo
2986 2940 3470 3011 constringuntur

1816 3030 2085 3101 usquead
2101 3026 2556 3085 satisfactionem
2571 3031 2627 3083 et
2638 3026 3106 3083 emendationem
3123 3040 3463 3101 congruam.

1817 3118 1963 3174 Nam
1995 3118 2103 3173 hoc
2121 3114 2485 3183 censuimus,
2499 3115 2637 3188 quia
2658 3115 2805 3171 sacri
2830 3131 3083 3172 conones
3100 3115 3465 3189 praecipiunt,

1819 3207 1889 3262 de
1922 3206 2165 3261 decimis
2198 3203 2456 3260 fidelium
2491 3209 2743 3276 quatuor
2766 3204 2885 3259 ﬁeri
2922 3205 3312 3276 portiones,ex
3344 3206 3469 3279 qui-

1819 3297 1930 3353 bus
1960 3313 2075 3351 una
2097 3295 2167 3350 ad
2192 3293 2622 3365 susceptionem
2648 3293 2935 3365 pertineat
2963 3294 3471 3368 episcopi.Statui-

1818 3403 1953 3441 mus
1983 3389 2046 3440 ut
2076 3402 2179 3456 per
2207 3381 2500 3439 accelesias
2534 3381 2953 3437 monachorum
2988 3382 3077 3438 vel
3104 3383 3389 3440 laicorum
3413 3390 3471 3441 et

1819 3493 1921 3548 per
1952 3473 2203 3547 capellas
2234 3471 2559 3528 dominicas
2589 3488 2692 3526 seu
2726 3471 3099 3528 beneﬁciatas
3118 3474 3205 3541 ³⁸³,
3240 3474 3339 3529 ubi
3371 3475 3471 3530 de-

1819 3565 1969 3621 cime
1998 3561 2496 3633 dantur,epi300pi
2529 3560 2706 3633 digno
2736 3561 2955 3616 honore
2977 3560 3474 3634 suscipianturmt

1819 3652 2279 3710 ecclesiasticum
2310 3649 2569 3705 officium
2603 3649 2681 3703 ibi
2733 3647 3057 3722 persolvere
3102 3650 3330 3722 possint
3362 3652 3473 3723 (69)

1820 3741 2089 3798 Ecclesiae
2120 3739 2449 3811 antiquitus
2469 3739 2785 3794 constitute
2805 3738 2873 3773 ²⁸⁴
2905 3742 3138 3810 propter
3168 3755 3316 3795 nova
3344 3756 3474 3795 ora-

1821 3832 1970 3887 toria
2017 3847 2121 3886 nec
2165 3828 2410 3884 decimis
2441 3844 2545 3883 nec
2578 3827 3053 3900 possessionibus
3089 3827 3221 3885 aliis
3246 3829 3473 3901 priven-

1822 3925 1942 3987 tur,
1974 3936 2080 3975 nec
2112 3918 2293 3973 ullam
2326 3916 2564 3973 omnino
2594 3916 2871 3989 injuriam
2906 3916 3204 3989 patiantur
3234 3919 3362 3988 (70).

1412 4018 1657 4074 VARLE
1697 4018 2111 4075 LECTIONES.

154 4097 212 4130 ’τε
228 4097 565 4173 _l_iu_tbrando
593 4115 735 4173 corr.
770 4099 1116 4173 liutprando
1135 4116 1187 4173 (ξ.

95 4164 421 4244 hereditibus
450 4188 501 4244 c_.
606 4171 677 4206 ²⁸⁰
703 4176 871 4244 pasto
883 4164 952 4226 ὀ.

1056 4171 1119 4205 ²⁸¹
1151 4172 1266 4241 tege
1294 4170 1625 4227 mutaverit.

95 4236 153 4270 ²³⁴
174 4241 511 4299 constitutof.

1298 4099 1367 4134 ³⁷³
1395 4100 1641 4155 aduecta
1671 4116 1720 4155 c.
1798 4101 1864 4135 ²⁷⁶
1896 4098 2251 4169 baptismam
2283 4112 2334 4152 c.
2410 4096 2476 4131 ’77
2507 4095 2791 4169 dignitate
2821 4111 2869 4150 c.
2908 4096 3013 4169 ΠΨ
3045 4095 3263 4169 habent
3282 4112 3332 4150 c.
3408 4098 3478 4133 ’τ’

1729 4170 1798 4206 ³⁸³
1826 4166 2036 4226 elietur
2064 4186 2115 4224 c.
2164 4171 2223 4224 in
2268 4184 2447 4237 marg.
2481 4166 2789 4224 alienatur.

2902 4168 2970 4201 ’⁸³
2997 4167 3390 4223 benefaciatas
3421 4185 3474 4224 c.

1644 4332 1877 4389 NOTIE.

154 4418 249 4486 (51)
277 4421 618 4486 Augustano
650 4421 713 4476 P.

158 4488 251 4558 (52)
278 4488 700 4549 Eichstadiensi
711 4532 725 4547 .

159 4560 248 4701 (ᾗ)
276 4561 556 4646 Spirensi.

232 4637 252 4700 )
277 4633 404 4690 Sive
464 4635 556 4690 ΗΘ]

101 4632 252 4751 de(115:1)
277 4632 404 4690 Sive
464 4634 810 4703 Heinmone,
861 4634 981 4691 sive
1039 4634 1334 4691 Havmone
1380 4634 1714 4691 Halbersta-

222 4722 257 4751 ι-

134 4715 257 4760 81181.

46 4772 63 4783 ’
157 4774 253 4842 (55)
284 4776 732 4833 Paderbonensi.

159 4845 253 4923 (56)
280 4847 572 4923 §ueonum
605 4849 879 4923 episcopo
909 4851 974 4904 P.

157 4916 255 4981 (5'7)
286 4918 408 4975 Rati
417 4916 715 4978 sbonensi.
806 4916 826 4923 “
1082 4924 1086 4930 ’

159 4986 252 5054 (58)
279 4988 662 5047 Passaviensi.

157 5059 255 5128 (59)
285 5060 629 5118 Sabionensi
653 5065 714 5118 P.

158 5129 256 5197 (60)
282 5132 789 5190 Hildesheimensi.

158 5202 255 5266 (6t)
286 5203 523 5261 Incerto.

159 5271 256 5348 >92)
285 5273 623 5348 Moguntino
651 5282 717 5333 P-

160 5342 255 5419 (ίξέᾆ)
284 5342 645 5419 Sangallensi
675 5354 740 5405 P.

161 5405 259 5483 (64)
285 5405 775 5483 Βειίξθυειειᾶθῑιεί
799 5425 864 5476 Ρ.

161 5486 257 5551 (65)
289 5486 554 5544 Fuldensi
584 5491 646 5545 P.

162 5556 667 5632 (66)_Capitulumrl
711 5564 783 5619 de
825 5562 1002 5619 verbo
1039 5562 1111 5617 ad
1160 5560 1402 5618 verbum
1452 5576 1522 5617 ex
1569 5560 1713 5616 actis

104 5628 677 5708 gynodipfoﬁncimis
705 5632 1057 5708 Moguntina
1088 5649 1182 5708 an.
1215 5633 1519 5708 847_(§pud
1544 5632 1716 5689 Harz-

106 5690 238 5755 h'eim
267 5690 483 5766 cum
516 5702 675 5764 Coac.
712 5690 898 5766 ’ceFm.
930 5708 1075 5764 tom.
1115 5703 1188 5777 II,
1215 5720 1276 5782 p.
1316 5690 1445 5779 455)
1474 5704 1712 5763 desum-

1820 4423 1987 4492 ptum
2017 4434 2145 4474 esse
2184 4416 2429 4484 videtur,
2461 4420 2699 4490 excepto
2748 4420 2909 4473 textu
2957 4416 3114 4472 Beati
3156 4415 3380 4489 paciﬁci
3407 4447 3476 4457 -—

1822 4492 2177 4547 vocabuntur.

1896 4562 2005 4633 (67)
2034 4561 2174 4632 Cap.
2204 4563 2242 4614 2
2265 4559 2579 4615 concordat
2611 4575 2744 4633 cum
2774 4574 2901 4633 cap,
2932 4560 2969 4633 7
2998 4558 3204 4633 synodi
3237 4557 3476 4633 provin-

1824 4630 1995 4689 cialis
2037 4630 2216 4705 Mog,
2248 4634 2504 4705 exceptis
2546 4631 2744 4705 verbis
2779 4648 2801 4705 :_
2830 4630 2899 4685 ad
2920 4630 3168 4701 justitias
3196 4631 3476 4705 faciendas

1814 4706 1987 4832 ﬂuxu:
2006 4700 2282 4777 praecepta
2308 4700 2519 4761 divina:
2540 4702 2881 4774 legis,eujus
2913 4700 3106 4757 textus
3136 4706 3335 4757 tamen
3357 4700 3475 4757 illic

1865 4793 1960 4832 ees
1992 4817 2005 4830 .

1865 4780 2005 4832 eest.

1917 4848 2008 4919 68)
2039 4846 2177 4919 Cap.
2209 4862 2382 4919 xxvn,
2408 4861 2463 4900 v.
2496 4845 2585 4919 30.

1917 4851 1987 4903 68
2039 4851 2177 4919 Cap.
2209 4862 2382 4913 xxvn,
2408 4861 2463 4900 v.
2496 4851 2585 4900 30.

1895 4851 2173 5000 (69)”Cap.
2271 4916 2749 5000 concordatcum
2781 4916 2850 4971 40
2875 4914 3472 5000 synodiprov.Mog_.,

1824 4986 2079 5074 exceptis
2118 4986 2319 5045 verbis
2350 5004 2375 5074 :_
2396 4986 2739 5074 heridiitibus’
2768 5004 2872 5074 pro
2905 4986 3244 5074 ςνειζάξῑξρυης,
3277 4986 3477 5074 quarta

1824 5058 2051 5125 fabricis
2081 5077 2185 5132 pro
2214 5068 2409 5132 quarta
2440 5059 2680 5116 ecclesiae
2708 5058 2959 5132 fabricis.
2992 5058 3242 5115 Additus
3282 5058 3475 5116 textus

1823 5134 1883 5188 in
1916 5130 2164 5189 Levitico
2196 5130 2334 5202 cap.
2356 5147 2526 5196 xxvu,
2545 5147 2597 5184 ν.
2621 5132 2711 5195 30,
2746 5130 2815 5186 de
2837 5131 3082 5187 decimis
3104 5132 3475 5187 solummodo

1822 5205 1918 5261 hic
1946 5201 2297 5260 verbotenus
2326 5201 2579 5256 insertus
2604 5206 2713 5257 est.

1895 5274 2168 5357 (70)}!ch
2200 5271 2539 5357 cqnstitutio
2592 5272 2805 5357 ultima
2843 5274 3205 5357 concordans
3234 5290 3373 5357 cum
3392 5271 3465 5355 ,11

1824 5343 2029 5420 synodi
2062 5361 2220 5418 prov.
2247 5343 2398 5416 Mog.
2419 5344 2802 5416 sequentibus
2833 5345 3061 5402 saeculis
3093 5344 3357 5418 regulam
3387 5343 3475 5398 in-

1823 5417 2059 5474 duxisse
2089 5416 2334 5487 videtur,
2351 5416 2506 5487 quod
2540 5415 2597 5470 in
2622 5415 2905 5473 divisione
2925 5416 3305 5473 ecclesiarum
3330 5412 3475 5487 tilia-

1823 5490 1967 5565 lium
1987 5489 2222 5565 decimae
2242 5483 2586 5565 plerumque
2606 5489 2776 5565 matri
2799 5493 3035 5565 servata
3052 5483 3475 5565 sint,quodqu.e

1822 5563 1883 5616 in
1914 5560 2180 5633 pluribus
2212 5557 2403 5616 adhuc
2434 5557 2696 5618 ecclesiis
2729 5564 2862 5636 post
2892 5558 3051 5619 mille
3081 5570 3266 5614 annos
3289 5557 3476 5616 cerni-

1822 5649 1976 5693 mus.
