3828 6204
41 350 137 410 ses
1008 346 1494 408 remensum
1541 347 1813 409 assum
1860 348 2242 414 CAPITULA
2258 349 2413 413 ara.
3295 358 3427 427 seu,

39 497 154 552 gain
181 479 322 534 ferre
351 493 467 532 non
502 478 734 546 debent,
766 481 1059 550 quomodo
1090 479 1394 552 accipitres
1427 483 1655 552 portare
1686 482 1739 549 Α
1771 481 2022 553 populus
2041 482 2453 541 ﬁdeliumineo
2475 487 3413 560 scandalum-patiatur.'Siautcm

39 567 346 623 debebunt?
370 565 468 623 Sic
509 565 615 622 rite
662 583 914 623 canones
966 567 1311 640 praecipiunt
1341 572 1406 623 ut
1434 567 1656 641 episco-

38 674 131 730 pus
155 654 316 711 vilem
345 654 815 727 subpellectilem
846 674 1062 713 mensae
1093 658 1166 712 ad
1196 658 1414 713 victum
1446 673 1659 729 paupe-

38 764 145 801 rum
169 745 389 812 habeat,
421 748 484 800 et
512 743 819 818 dignitatis
848 763 969 803 sua;
1013 746 1422 803 auctoritatem
1458 745 1570 801 ﬁde
1602 752 1660 801 et

37 835 127 890 vite
154 833 367 889 meritis
393 838 623 905 querat.
641 834 788 890 Nam
820 840 1023 908 pastor
1050 853 1087 891 a
1115 835 1428 908 pascendis
1449 834 1658 891 ovibus

36 927 237 978 vocatus
255 926 361 991 est,
376 939 498 979 non
522 939 556 978 a
574 923 822 979 canibus
847 940 863 977 :
886 922 1040 981 sicut
1058 940 1163 995 per
1182 923 1527 996 prophetam
1542 925 1656 994 (77)

38 1012 276 1068 dicitur:
350 1016 550 1071 Nonne
624 1029 744 1069 cites
814 1022 1123 1085 pascuntur
1193 1032 1227 1068 a
1284 1014 1599 1086 pastoribus
1630 1017 1658 1066 Υ

39 1104 157 1159 Hinc
184 1099 525 1156 Bonefacius
555 1100 614 1156 in
646 1101 1028 1174 synodalibus
1059 1102 1308 1158 decretis
1330 1102 1440 1157 sub
1462 1099 1654 1157 Carlo-

42 1207 220 1246 manna
246 1189 388 1245 duce
414 1194 477 1247 et
505 1189 767 1265 principe
797 1191 1153 1247 Francorum
1184 1191 1403 1247 habitis
1432 1190 1545 1262 (78)
1574 1190 1658 1244 ait

42 1278 328 1335 venationes
342 1280 405 1334 et
419 1276 724 1335 silvaticus
754 1279 1092 1353 vagationes
1114 1297 1248 1336 cum
1272 1279 1517 1336 canibus
1533 1296 1656 1334 om-

44 1369 184 1424 nibus
211 1368 387 1424 servis
418 1368 523 1424 Dei
555 1369 855 1438 interdici;
876 1369 1147 1425 similiter
1179 1374 1243 1424 ut
1273 1368 1581 1441 accipitres
1601 1370 1657 1422 et

42 1457 255 1512 falcones
285 1472 395 1512 non
429 1456 787 1513 habeant.ln
807 1457 1054 1513 concilio
1081 1475 1214 1514 vero
1243 1457 1520 1530 Agatensi
1543 1459 1655 1525 (79)

43 1552 84 1601 et
109 1545 321 1617 reliquis
352 1550 697 1602 sanctorum
727 1546 966 1605 Patrum
1016 1546 1402 1603 conventibus
1431 1546 1497 1582 ³9⁸
1528 1546 1654 1618 pari

45 1634 224 1690 ratione
248 1635 353 1690 hoc
386 1635 565 1690 modo
593 1635 916 1691 difﬁnitum
947 1640 1035 1691 est
1071 1652 1084 1692 :
1119 1637 1417 1708 Episcopis,
1447 1637 1656 1707 presbi-

45 1726 146 1777 ter-is
175 1732 322 1795 atque
364 1722 695 1779 diaconibus
723 1740 884 1780 canes
911 1722 983 1779 ad
1010 1724 1322 1781 venandum
1352 1733 1514 1796 atque
1542 1724 1655 1795 fai-

1766 576 2134 628 accusatoros
2161 569 2405 646 legitimi
2452 575 2686 642 fuerint,
2720 577 2823 649 qui
2852 578 2981 647 ejus
3011 578 3259 639 crimina
3289 597 3414 645 ma-

1766 660 1995 716 nifestis
2021 660 2254 717 indiciis
2285 662 2531 733 probare
2562 665 3062 734 contenderint,et
3088 666 3213 738 ipse
3244 682 3417 741 nega-

1764 747 1930 816 verit,
1954 751 2094 803 tunc
2117 748 2242 822 ipse
2265 767 2401 806 cum
2423 751 2597 809 sociis
2620 753 2747 809 suis
2767 754 3033 826 ejusdem
3065 755 3292 812 ordinis
3318 774 3421 814 sex

1765 833 1927 903 viris,
1953 837 2003 891 si
2027 835 2195 903 valet,
2219 855 2254 893 a
2274 839 2518 896 crimine
2547 842 2929 915 semetipsum
2950 847 3255 916 expurget.
3279 844 3419 903 Dia-

1766 938 1948 979 conus
1987 942 2143 993 vero,
2169 927 2218 981 si
2252 926 2454 984 eodem
2481 928 2727 987 crimine
2752 936 3067 991 accusatus
3100 932 3293 1000 fuerit,
3329 949 3418 993 se-

1766 1013 2086 1086 metipsum
2116 1030 2251 1070 cum
2277 1015 2467 1073 tribus
2497 1017 2808 1075 examinet.

1835 1104 1888 1156 9.
1926 1104 1995 1159 De
2024 1104 2332 1173 infantibus
2366 1106 2655 1177 obpressis.
2679 1106 2738 1163 Si
2763 1108 2897 1180 quis
2924 1108 3419 1179 infantemsuum

1765 1189 1995 1246 incaute
2018 1193 2373 1265 oppresserit
2393 1199 2495 1251 aut
2523 1196 3002 1255 vestimentorum
3026 1199 3281 1272 pondere
3298 1199 3422 1264 suf-

1764 1279 2042 1336 focaverit
2071 1286 2205 1354 post
2236 1282 2550 1355 baptisma,
2579 1285 2875 1357 proximos
2908 1287 2978 1343 40
3004 1286 3135 1345 dies
3162 1287 3421 1361 peniteat

1765 1369 1825 1424 in
1846 1384 1996 1440 pane
2029 1374 2089 1425 et
2115 1386 2271 1442 aqua
2295 1373 2353 1425 et
2383 1370 2639 1429 oleribus
2671 1378 2851 1447 atque
2877 1373 3418 1447 leguminibus,eta

1764 1458 2039 1530 conjugio
2083 1476 2145 1514 se
2188 1459 2498 1516 abstineat.
2534 1460 2740 1519 Postea
2795 1468 2914 1519 tres
2972 1481 3157 1521 annos
3212 1465 3269 1521 in
3323 1482 3418 1537 pe

1766 1544 2013 1601 nitentia
2067 1546 2262 1619 exigat
2305 1547 2372 1584 ³9⁸
2430 1564 2532 1620 per
2589 1548 2882 1622 legitimas
2938 1546 3134 1618 ferias,
3187 1556 3246 1607 et
3300 1556 3420 1608 tres

1767 1635 2270 1708 quadragesimae.
2304 1636 2374 1691 Et
2396 1637 2445 1692 si
2481 1642 2615 1695 ante
2660 1639 3022 1711 baptismum
3065 1640 3422 1715 oppresserit

1764 1723 2073 1791 infantem,
2104 1725 2403 1796 proximos
2433 1726 2555 1781 dies
2587 1728 2673 1797 40,
2707 1732 2772 1783 ut
2799 1744 2996 1801 supra.
3033 1732 3241 1786 Postea
3286 1745 3419 1787 vero

46 1828 164 1867 conas
187 1823 483 1883 ceterasque
512 1812 583 1867 ad
613 1812 911 1868 ludendum
932 1829 1055 1869 aves
1085 1814 1284 1869 habere
1311 1829 1421 1868 non
1450 1814 1610 1868 liccat
1632 1832 1653 1881 ;
1690 1851 1737 1918 Β
1768 1811 2238 1884 quinquennium
2270 1812 2517 1885 expleat.

49 1901 154 1971 quod
171 1902 214 1956 si
226 1901 571 1971 quis-talium
599 1917 962 1974 personarum
984 1905 1043 1957 in
1066 1904 1170 1957 hac
1198 1902 1474 1957 voluntate
1491 1903 1663 1972 fuerit

52 1989 262 2056 deuotus,
290 1992 341 2047 si
366 1992 653 2064 episcopus
683 1999 782 2058 est,
815 1992 992 2046 tribus
1040 1991 1317 2046 mensibus
1346 2009 1381 2045 (ι
1420 2006 1659 2045 commu-

54 2080 179 2133 nione
215 2078 597 2151 stupendatur,
641 2080 911 2150 presbiter
945 2079 1189 2148 duobus,
1233 2080 1501 2135 diaconus
1552 2094 1659 2145 uno

54 2167 103 2221 ab
137 2170 267 2223 omni
305 2170 490 2241 ofﬁcio
543 2169 907 2226 ecclesiastico
954 2178 1005 2225 et
1055 2171 1435 2225 communione
1486 2183 1662 2223 remo-

57 2265 221 2310 ventur.

106 2347 147 2401 7.
173 2346 237 2401 De
276 2349 616 2405 continentia
656 2348 1101 2419 presbiterorum.
1148 2346 1207 2402 Id
1251 2346 1319 2381 ²⁹⁶
1368 2346 1544 2402 etiam
1589 2345 1658 2400 ad

58 2434 445 2491 custodiendam
477 2435 659 2500 vitam
690 2441 747 2491 et
778 2437 993 2492 famam
1026 2433 1263 2508 speciali
1297 2433 1663 2490 ordinatione

61 2522 479 2595 praecipimus,ut
511 2524 713 2580 nullus
744 2524 1087 2580 clericorum
1122 2527 1405 2578 extraneae
1431 2521 1662 2577 mulieri

61 2611 272 2681 qualibet
285 2613 596 2669 collatione
617 2619 719 2669 aut
742 2612 1131 2669 familiaritate
1147 2615 1462 2686 jungatur;
1479 2614 1663 2666 etnon

60 2699 208 2763 solum
236 2702 293 2757 in
321 2702 494 2758 domo
530 2701 695 2758 illius
725 2706 1001 2758 extranea
1032 2698 1243 2756 mulier
1263 2717 1377 2755 non
1406 2699 1662 2767 accedat,

61 2790 136 2844 sed
164 2807 253 2847 nec
280 2790 399 2864 ipse
430 2791 847 2864 frequentandi
879 2791 951 2847 ad
982 2795 1318 2847 extraneum
1357 2788 1661 2845 mulierem

60 2876 228 2934 habeat
252 2883 622 2952 potestatem,
657 2880 759 2935 sed
808 2896 945 2937 cum
998 2883 1183 2935 matre
1227 2883 1454 2934 tantum
1486 2881 1544 2934 et
1571 2894 1663 2933 so-

61 2981 174 3037 rore,
196 2966 303 3023 ﬁlia
327 2973 382 3025 et
406 2972 606 3041 nepte,
648 2968 697 3024 si
728 2968 1021 3033 habuerit,
1044 2966 1288 3024 liberam
1321 2967 1534 3022 habeat
1562 2982 1665 3038 po-

60 3058 303 3113 testatem.
335 3057 480 3114 Item
506 3058 566 3113 in
599 3060 880 3129 sequente
908 3056 1162 3130 capitulo
1187 3057 1297 3129 (80)
1320 3054 1563 3111 ancillas
1578 3055 1665 3111 vel

59 3141 251 3201 libertas
269 3162 302 3202 a
320 3144 558 3203 cellario
588 3146 676 3201 vel
694 3151 923 3201 secreto
946 3144 1269 3201 ministerio
1289 3144 1438 3202 etab
1460 3143 1663 3199 eadem

1845 1902 1929 1956 10.
1963 1901 2036 1956 De
2063 1902 2336 1959 adulterio
2367 1903 2454 1957 Μ.
2501 1904 2560 1958 Si
2593 1904 2728 1977 quis
2777 1904 3066 1963 incestum
3096 1907 3166 1943 ³⁰⁰
3194 1907 3423 1979 occulta

1770 1986 2151 2055 commiserit,
2183 1994 2239 2045 et
2270 1992 2555 2047 sacerdoti
2587 1991 2812 2049 occulte
2842 1993 3269 2051 confessionem
3294 2011 3424 2068 ege-

1771 2078 1865 2143 rit,
1900 2076 2190 2133 indicetur
2219 2078 2269 2134 ei
2302 2079 2628 2136 remedium
2655 2081 3004 2139 canonicum
3034 2083 3194 2155 quod
3224 2083 3423 2142 subire

1771 2166 2072 2232 debuerat,
2105 2166 2153 2219 si
2185 2167 2314 2237 ejus
2343 2166 2572 2222 facinus
2604 2167 2904 2242 publicum
2939 2169 3185 2241 fuisset;
3218 2187 3421 2228 verum

1771 2254 1910 2327 quia
1937 2252 2082 2310 latet
2111 2255 2518 2325 commissum,
2549 2257 2719 2314 detur
2750 2258 2802 2314 ei
2832 2274 2867 2314 a
2896 2259 3195 2317 sacerdote
3224 2260 3422 2319 consi-

1769 2342 1937 2411 lium,
1954 2347 2018 2399 ut
2039 2342 2211 2399 saluti
2236 2345 2445 2400 anima:
2467 2363 2585 2403 suae
2605 2364 2706 2420 per
2726 2347 3016 2405 occultam
3037 2349 3422 2422 penitentiam

1772 2432 2130 2506 prospiciat;
2162 2431 2271 2489 hoc
2314 2439 2404 2490 est
2448 2439 2512 2490 ut
2539 2434 2818 2492 veraciter
2847 2452 2915 2493 ex
2944 2437 3116 2493 corde
3145 2438 3420 2510 peniteat,

1773 2537 1835 2576 se
1866 2520 2118 2594 graviter
2148 2521 2484 2595 deliquisse,
2517 2529 2573 2580 et
2601 2542 2707 2598 per
2728 2525 2961 2598 jejunia
2987 2531 3043 2583 et
3073 2526 3424 2597 elemosinas

1773 2609 2136 2683 vigiliasque,
2170 2615 2344 2683 atque
2389 2628 2491 2684 per
2538 2629 2737 2669 sacras
2766 2614 3060 2673 orationes
3091 2614 3425 2674 cum‘lacri-

1774 2700 1888 2754 mis
1918 2715 1978 2754 se
2010 2715 2259 2772 purgare
2289 2702 2620 2769 contendat,
2653 2706 2711 2758 et
2741 2702 2827 2758 sic
2857 2720 2920 2759 se
2951 2703 3024 2760 ad
3055 2720 3220 2778 spem
3248 2704 3424 2763 venia

1774 2805 1877 2860 per
1906 2787 2367 2845 misericordiam
2398 2789 2497 2845 Dei
2525 2790 2823 2863 pervenire
2850 2792 3124 2849 confidat.

1848 2878 1932 2932 11.
1966 2881 2050 2933 De
2078 2878 2392 2935 homicidio.
2427 2877 2486 2935 Si
2529 2883 2809 2951 quattuor
2852 2879 2942 2936 vel
2999 2881 3264 2955 quinque
3320 2897 3431 2939 seu

1774 2967 1951 3022 etiam
1981 2965 2178 3039 plures
2208 2971 2411 3023 contra
2441 2967 2737 3024 hominem
2768 2985 2952 3025 unum
2984 2968 3153 3026 rixati
3185 2968 3423 3038 fuerint,

1775 3056 1933 3111 etab
1981 3054 2076 3111 his
2121 3054 2462 3111 vulneratus
2512 3060 2782 3113 mortuus
2836 3056 3033 3126 fuerit,
3063 3056 3426 3131 quicumque

1774 3161 1975 3200 eorum
2001 3143 2232 3218 plagam
2255 3144 2654 3217 imposuisset,
2669 3146 2994 3205 secundum
3016 3149 3234 3205 statuta
3253 3162 3425 3205 cano-

62 3234 312 3291 mansione
343 3236 400 3291 in
430 3251 554 3310 qua
581 3233 827 3292 clericus
860 3238 1076 3301 manet,
1112 3233 1331 3307 placuit
1358 3232 1658 3289 removeri.
1693 3220 1737 3288 C
1776 3250 1917 3289 num
1950 3237 2014 3289 ut
2043 3232 2337 3291 homicida
2357 3233 2681 3305 judicetur,
2694 3238 2919 3308 septem
2949 3251 3237 3293 annorum
3260 3234 3423 3309 peni-

62 3319 108 3375 ln
126 3322 339 3379 concilio
375 3341 515 3381 vero
546 3323 889 3379 Hilardense
912 3324 1024 3394 (8|)
1048 3322 1302 3395 capitulo
1326 3324 1394 3378 15
1416 3322 1492 3379 ita
1513 3338 1662 3394 prte-

62 3408 232 3481 cipitur
259 3429 272 3467 :
301 3414 767 3470 Familiaritatem
795 3420 1187 3468 extraneorum
1210 3411 1510 3467 mulierum
1539 3411 1671 3467 licet

62 3512 111 3552 ex
133 3507 222 3556 toto
244 3504 416 3558 sancti
452 3505 646 3559 Patres
693 3503 937 3575 antiquis
978 3500 1369 3558 monitionibus
1389 3515 1662 3572 prmo-epe-

62 3588 148 3642 rint
168 3590 363 3646 clericis
390 3591 727 3659 evitandum,
760 3591 817 3646 id
854 3607 1003 3646 nunc
1054 3598 1235 3646 tamen
1280 3591 1438 3646 nobis
1486 3590 1665 3644 visum

62 3684 135 3741 est,
159 3687 211 3733 ut
233 3682 323 3751 qui
350 3682 479 3736 talis
506 3680 852 3753 probabitur,
882 3688 1002 3751 post
1026 3681 1268 3751 primam
1294 3686 1346 3735 et
1372 3678 1666 3736 secundam

65 3771 453 3827 mnmonitionem
515 3771 568 3825 si
634 3768 925 3825 emendare
1000 3770 1323 3839 neglexerit,
1383 3767 1551 3824 donec
1605 3768 1665 3822 in

66 3855 162 3911 vitio
173 3868 482 3929 perseverat,
506 3857 690 3933 ofﬁcii
706 3860 796 3914 sui
811 3858 1082 3927 dignitate
1097 3856 1528 3931 privetur.Quod
1545 3858 1595 3912 si
1612 3873 1667 3913 se

65 3942 142 3999 Deo
164 3948 376 4016 juvante
401 3949 723 4015 correxerit,
752 3956 936 4004 saiwto
964 3949 1275 4004 minisierio
1304 3954 1662 4003 restauratur.

114 4033 157 4087 8.
186 4039 260 4091 De
282 4040 628 4095 excusatione
652 4037 1091 4109 presbiterorum
1117 4044 1169 4091 et
1196 4035 1569 4091 diaconorum.
1605 4034 1665 4089 Si

67 4121 168 4183 (Illis
189 4126 459 4195 presbiter
486 4124 619 4181 vitae
652 4142 770 4181 suae
800 4124 1116 4198 neglegens
1148 4123 1341 4197 pravis
1387 4122 1665 4197 exemplis

69 4208 187 4266 mala
212 4213 277 4270 de
302 4231 364 4271 se
396 4212 687 4288 suspicari
718 4212 1068 4287 permiserit,
1092 4217 1147 4269 et
1170 4211 1421 4285 populus
1440 4212 1514 4268 ab
1545 4210 1665 4285 epi-

67 4311 205 4371 scopo
223 4302 552 4373 juramento
584 4320 681 4359 sco
711 4304 777 4337 "7
808 4303 1003 4359 hanno
1049 4302 1497 4360 Christianitatis
1528 4318 1668 4357 con-

68 4388 281 4457 strictus,
300 4392 605 4449 infamiam
628 4392 755 4464 ejus
777 4392 1133 4465 patefecerit,
1154 4397 1213 4448 et
1233 4391 1407 4449 ceteri
1436 4407 1671 4448 accusa-

68 4476 186 4531 tores
224 4479 479 4538 criminis
528 4481 659 4552 ejus
715 4480 1027 4547 defuerint,
1062 4482 1449 4536 admoneatur
1478 4480 1668 4552 primo

68 4576 288 4659 seorsum
320 4570 390 4659 ab
421 4569 952 4659 episcopo,deinde
976 4570 1086 4626 sub
1118 4570 1348 4627 duobus
1368 4569 1456 4625 vel
1478 4569 1667 4659 tribus
1697 4593 1745 4659 Β

70 4652 298 4726 testibus;
322 4658 367 4715 si
390 4675 507 4716 non
531 4657 948 4724 emendaverit,
973 4658 1031 4713 in
1063 4662 1346 4716 conventu
1378 4658 1668 4731 presbite-

67 4754 227 4798 rorum
255 4746 557 4821 episcopus
597 4762 732 4807 eum
774 4746 1012 4821 publica
1039 4747 1436 4821 increpatione
1465 4748 1670 4804 admo-

68 4834 189 4885 neat.
240 4832 297 4889 Si
348 4852 479 4892 vero
537 4852 642 4892 nec
694 4835 777 4892 sic
837 4853 900 4893 se
957 4835 1286 4904 correxerit,
1343 4836 1416 4891 ab
1474 4836 1669 4892 ofﬁcio

66 4922 414 4990 suspendatur
458 4940 648 4997 usque
678 4925 750 4980 ad
790 4923 1030 4998 dignam
1080 4924 1562 4991 satisfactionem.
1596 4942 1669 4981 ne

1771 3322 2014 3379 tentiam
2047 3322 2289 3388 subeat;
2322 3320 2430 3377 hoc
2461 3326 2550 3378 est
2578 3322 2873 3395 proximos
2915 3321 3039 3380 dies
3069 3325 3140 3380 40
3170 3324 3425 3397 peniteat

1772 3412 1830 3467 in
1850 3426 2000 3484 pane
2023 3414 2080 3465 et
2099 3426 2254 3483 aqua
2269 3415 2326 3465 ct
2340 3409 2741 3483 leguminibus
2761 3416 2819 3468 et
2838 3411 3115 3481 oleribus,
3131 3412 3424 3469 abstineat

1772 3517 1834 3559 se
1863 3499 1935 3554 ab
1980 3514 2156 3555 uxore
2203 3503 2258 3555 et
2312 3498 2583 3572 ingressu
2642 3500 2901 3572 ecclesia,
2932 3500 3142 3557 deinde
3171 3500 3206 3556 3
3233 3515 3421 3573 annos

1775 3588 2064 3644 abstineat
2094 3604 2155 3642 se
2186 3604 2220 3642 a
2249 3604 2443 3655 carne,
2472 3587 2627 3656 vino,
2660 3589 2907 3645 medone
2934 3593 2991 3645 et
3020 3588 3242 3646 cervisa
3271 3587 3420 3645 mel-

1773 3677 1895 3743 lita,
1920 3677 2175 3750 exceptis
2215 3676 2380 3733 festis
2411 3677 2618 3735 diebus
2645 3684 2701 3734 et
2720 3679 2880 3751 gravi
2915 3674 3273 3735 infirmitate.
3310 3674 3422 3734 Re-

1773 3767 1963 3839 liquos
1984 3770 2180 3820 autem
2206 3770 2482 3838 quattuor
2502 3766 2690 3822 tribus
2721 3766 3001 3841 legitimis
3023 3767 3185 3827 feriis
3210 3766 3271 3822 in
3302 3766 3421 3825 sin-

1774 3856 1929 3930 gulis
1971 3855 2435 3913 hebdomadibus
2484 3861 2541 3912 et
2584 3857 2619 3911 3
2663 3856 3131 3932 quadragesimis
3163 3856 3223 3913 in
3253 3855 3426 3913 annis

1776 3944 2026 4021 singulis
2059 3961 2093 4000 a
2124 3961 2296 4000 carne
2326 3950 2557 4001 tantum
2590 3945 3133 4021 abstineat.Albgis,
3159 3944 3260 4019 qui
3291 3961 3428 4005 ιλιαδ

1777 4052 1900 4092 rem
1948 4033 2199 4090 Patrichi
2254 4034 2489 4105 publice
2548 4036 2820 4093 auferens
2863 4036 2936 4091 ad
2967 4040 3254 4093 extremos
3282 4035 3429 4093 ﬁnes

1776 4122 1939 4197 regni
1971 4122 2134 4178 duxit
2154 4122 2212 4178 in
2238 4123 2442 4180 rudem
2463 4125 2527 4159 ³⁰¹
2552 4124 2743 4181 adhuc
2772 4124 3263 4182 christianitatem
3292 4139 3430 4196 gen-

1776 4214 1853 4270 tis
1905 4212 2322 4278 Maraensium,
2371 4217 2428 4268 et
2484 4213 2728 4269 crimine
2787 4212 3061 4269 adulterii
3120 4212 3428 4289 ecclesiam

1776 4300 1988 4357 Christi
2021 4299 2361 4369 ditiamavit,
2383 4301 2681 4357 communi
2701 4301 2945 4358 consilio
2967 4300 3429 4366 decernimus,ut

1769 4392 1943 4464 jussu
1968 4389 2120 4462 regis
2143 4388 2201 4443 in
2223 4386 2461 4443 exilium
2484 4388 2906 4461 missus,juxta
2925 4404 3225 4445 sacrorum
3252 4402 3425 4443 cano-

1779 4495 1921 4535 num
1937 4481 2158 4534 statuta
2176 4475 2558 4548 penitentiam
2582 4476 2831 4549 pleniter
2846 4480 3002 4551 agat,
3016 4475 3073 4532 id
3088 4476 3220 4533 est3
3240 4490 3427 4539 annos

1779 4584 1913 4625 cum
1939 4582 2088 4639 pane
2117 4570 2174 4621 et
2204 4581 2357 4637 aqua
2385 4569 2441 4621 et
2469 4564 2866 4638 leguminibus
2897 4569 3071 4638 atque
3102 4561 3425 4632 holeribus,

1778 4655 2033 4730 exceptis
2065 4652 2373 4728 praecipuis
2406 4653 2843 4725 festivitatibus,
2865 4658 2923 4709 et
2952 4657 3156 4728 postea
3181 4654 3214 4708 4
3242 4668 3427 4731 annos

1779 4747 1924 4805 alios
1956 4754 2058 4819 per
2097 4741 2364 4817 singulas
2413 4743 2769 4801 ebdomadas
2820 4747 2939 4801 tres
2985 4742 3109 4800 dies
3158 4741 3431 4820 similiter

1779 4836 2087 4903 abstineat,
2122 4838 2179 4890 et
2227 4836 2346 4889 tres
2407 4830 2907 4907 quadragesimae,
2950 4831 3064 4888 nisi
3117 4830 3431 4889 infirmitas

1778 4924 1962 4981 nimia
1992 4923 2102 4979 hoc
2132 4921 2300 4977 illum
2343 4920 2653 4994 prohibeat
2694 4918 2778 4976 ita
2814 4919 3055 4993 inplere,
3083 4924 3140 4978 et
3168 4915 3431 4993 deposito

1373 5040 1619 5097 VARUE
1658 5036 2076 5100 LECTIONES.

122 5130 668 5211 ’f‘ponvenientibus
699 5156 749 5197 ο.
772 5210 801 5211 η
828 5139 898 5175 ²⁹⁶
927 5136 999 5195 Ut
1029 5154 1079 5193 c.
1155 5139 1222 5173 ²⁰¹⁷
1253 5155 1313 5194 se
1361 5138 1433 5195 ah
1484 5148 1636 5197 anno
1680 5158 1729 5197 c.
1806 5141 1874 5176 ’⁸³⁸
1905 5138 2183 5211 expurget
2211 5135 2273 5190 in
2297 5142 2474 5206 marg.
2549 5133 2619 5170 ⁸⁸³
2647 5135 2992 5193 scribendum
3022 5156 3041 5193 :
3066 5135 3137 5194 de
3180 5135 3429 5194 incestu.

68 5197 119 5233 ³⁰⁰
142 5201 392 5265 inhonest
417 5212 476 5266 in
505 5228 686 5281 marg.
764 5210 830 5245 ⁸⁰¹
864 5211 925 5266 in
957 5226 1166 5266 novam
1198 5212 1260 5265 in
1285 5226 1464 5280 marg.

1613 5306 1841 5364 NOTAE.

106 5398 223 5474 ,(Π)
247 5402 515 5474 Ezechiel.
542 5424 731 5474 xxxxv,
771 5408 816 5463 Ι.

409 5495 585 5563 supra
613 5471 848 5563 pag...”
880 5476 1109 5563 (Ιζᾳζρι.
1142 5480 1284 5563 tom.
1318 5474 1533 5563 F‘iCnVII,
1563 5478 1669 5563 ga-

318 5537 669 5691 fagtqrénanni
689 5537 768 5607 ad
802 5537 896 5607 an:
926 5549 1077 5643 742),
1111 5553 1167 5604 et
1199 5550 1355 5623 apud
1390 5537 1673 5605 Benedic-

348 5746 607 5814 Persen.
653 5749 1037 5819 CXXXVIII.

1792 5426 1795 5431 ·
1850 5407 1961 5478 (79)
1996 5400 2318 5478 Concilium
2353 5401 2681 5478 Agathen‘se
2717 5403 2795 5478 in
2839 5398 3028 5478 Gallia
3058 5398 3431 5478 Narbonensi

1789 5471 1882 5533 an.
1913 5471 2022 5533 506
2051 5471 2529 5546 celebratum'est
2557 5474 2862 5545 (Har-duini
2896 5479 3025 5533 Acta
3056 5471 3125 5546 Ῑῐ,
3156 5473 3306 5543 995).

1859 5551 1969 5622 (80)
2001 5547 2223 5622 lbi‘iem
2255 5547 2328 5622 Ην

1857 5616 1968 5702 (81)
2001 5618 2225 5679 Ibidem
2255 5617 2329 5697 n,
2365 5616 2527 5678 4066.

3586 5634 3601 5647 '
3656 5592 3732 5712 Δ

3040 5712 3651 6093 ΗΓ
