3828 6204
1032 360 1365 421 APPEND.
1413 360 1514 422 AD
1561 360 1747 423 sise,
1795 361 1873 423 Χ.
1908 391 1985 404 -
2013 350 2515 419 MONUMENTA
2560 310 3116 420 DIPLOMA'l‘lClt.
3660 358 3771 419 sas

379 492 615 554 militari
638 491 872 565 cingulo
894 492 1053 548 omni
1078 496 1340 565 tempore
1359 494 1487 549 vitae
1512 494 1730 566 absque
1754 491 2023 565 conjugio
2052 491 2107 558 Α
2138 490 2357 546 textilia
2389 508 2500 547 non
2538 491 2893 557 faciant,nec
2924 489 3197 564 capulent
3226 490 3488 557 vestitus,
3505 506 3607 546 nec
3639 508 3772 547 eon-

378 589 738 657 permaneat.
764 582 843 636 De
873 586 1112 637 Battone
1135 583 1265 654 (82),
1290 582 1391 654 qui
1420 588 1731 639 accusatur
1760 582 2028 637 homines
2141 584 2334 648 suant,
2366 579 2453 635 vel
2498 579 2728 652 acnpile
2772 580 2932 650 fiant,
2982 596 3089 635 nec
3147 579 3344 635 lanam
3394 595 3648 653 carpere,
3680 598 3770 636 nec

379 670 643 746 quinque
673 670 975 738 occidisse,
996 670 1395 742 judicavimus
1425 688 1579 737 eum,
1609 676 1665 726 et
1695 689 1729 727 a
1759 669 2030 741 conjugio
2138 668 2327 724 linum
2355 667 2601 734 battere,
2634 685 2739 723 nec
2788 668 2849 723 in
2895 667 3129 741 publico
3176 668 3523 725 vestimenta
3566 668 3773 733 lavare,

381 778 444 819 se
474 761 788 826 abstinere,
810 763 866 815 et
887 775 1077 831 usque
1099 760 1170 814 ad
1193 761 1368 816 tinem
1398 760 1509 816 vite
1539 778 1643 816 sue
1673 762 1730 815 in
1763 760 2031 832 peniten-
2141 775 2246 814 nec
2268 758 2529 814 berbices
2563 758 2802 813 tondere
2835 757 3091 813 habeant
3119 757 3348 813 licitum
3373 775 3388 814 :
3413 763 3477 813 ut
3504 757 3773 815 omnimo-

380 844 475 908 tia'
497 864 885 923 perseverare.
2143 847 2234 902 dis
2256 846 2542 902 honorum
2568 846 2797 919 requies
2828 847 2921 902 die
2951 846 3252 903 Dominico
3281 845 3775 919 persolvatur;sed

400 964 405 967 ·
457 940 543 995 12.
574 940 649 995 De
677 936 1016 994 concubinis.
1049 938 1210 1004 Quod
1245 939 1294 993 si
1336 938 1614 1011 quislibet
1646 937 2032 994 concubinam
2144 936 2214 991 ad
2240 935 2555 991 missarum
2578 934 2864 991 solemnia
2886 936 2955 992 ad
2980 935 3286 993 ecclesiam
3316 937 3572 1009 undique
3590 953 3773 992 conve-

382 1026 671 1094 habuerit,
695 1042 809 1099 que
832 1043 947 1082 non
970 1025 1227 1099 legitime
1248 1026 1359 1083 fuit
1377 1028 1750 1101 desponsata,
1768 1031 2036 1100 etpostea
2145 1024 2327 1092 niant,
2353 1024 2661 1081 etlaudent
2675 1029 2855 1081 Deum
2873 1041 2977 1098 pro
2994 1025 3270 1082 omnibus
3288 1025 3475 1094 bonis,
3491 1042 3601 1098 que
3622 1026 3774 1082 nobis

384 1117 797 1191 desponsatam
827 1116 938 1171 rite
968 1115 1222 1188 puellam
1275 1117 1503 1173 duxerit
1552 1117 1778 1189 abjecta
1822 1133 2033 1172 concu-
2144 1113 2203 1169 in
2236 1114 2338 1169 illa
2365 1113 2457 1170 die
2488 1113 2641 1170 fecit.

382 1207 541 1274 bina,
573 1205 786 1261 habeat
832 1204 993 1261 illam
1027 1222 1204 1277 quam
1237 1205 1494 1278 legitime
1524 1205 1920 1278 desponsavit.
1958 1206 2036 1260 De
2220 1205 2304 1258 15.
2338 1204 2451 1273 Qui
2499 1219 2726 1259 uxorem
2774 1202 2935 1259 habet
2975 1212 3026 1259 et
3071 1204 3241 1259 simul
3296 1204 3669 1260 concubinam.
3714 1204 3773 1258 De

381 1295 492 1354 hoc
522 1296 635 1352 Leo
666 1311 818 1368 papa
846 1293 907 1349 in
938 1294 1189 1351 decretis
1218 1296 1342 1350 suis
1371 1293 1453 1349 ita
1478 1294 1752 1350 difﬁnivit
1791 1292 1990 1349 dicens
2020 1310 2032 1347 :
2146 1309 2211 1348 eo
2244 1292 2344 1365 qui
2376 1309 2613 1347 uxorem
2646 1292 2841 1360 habet,
2868 1293 2915 1348 si
2949 1293 3339 1349 concubinam
3374 1292 3653 1358 habuerit,
3674 1310 3771 1348 non

381 1386 625 1442 Dubium
653 1401 763 1440 non
795 1392 873 1439 est
901 1400 1021 1439 eam
1049 1385 1338 1439 mulierem
1367 1401 1475 1439 non
1516 1387 1791 1455 pertinere
1821 1383 1889 1438 ad
1919 1400 2035 1438 ma-
2146 1379 2557 1436 communicet.
2582 1382 2849 1436 Ceterum
2873 1385 3068 1438 autem
3098 1383 3147 1437 is
3179 1382 3281 1454 qui
3311 1399 3425 1437 non
3458 1381 3628 1437 habet
3655 1399 3775 1438 uxo-

382 1476 726 1538 trimontum,
754 1475 811 1527 in
838 1490 945 1543 qua
976 1471 1195 1527 docetur
1224 1473 1474 1543 nuptiale
1503 1490 1606 1526 non
1638 1475 1808 1542 fuisse
1836 1482 2036 1543 myste-
2148 1486 2290 1536 rem,
2320 1474 2375 1525 et
2396 1487 2499 1542 pro
2524 1488 2698 1526 uxore
2714 1471 3103 1526 concubinam
3123 1471 3370 1535 habet,a
3393 1472 3770 1527 communione

383 1566 533 1620 rium
556 1584 575 1630 ,-
600 1568 833 1635 paterno
862 1562 1098 1616 arbitrio
1144 1564 1281 1615 viris
1321 1562 1535 1632 juncta"
1562 1570 1748 1616 mrent
1777 1561 1957 1632 culpa,
1990 1563 2041 1617 si
2149 1576 2260 1613 non
2286 1557 2800 1631 pellatur,tantum
2833 1564 2933 1615 aut
2963 1559 3140 1616 unius
3173 1560 3460 1627 mulieris,
3486 1565 3581 1615 aut
3602 1562 3769 1617 uxoris

382 1653 662 1719 mulieres,
716 1666 818 1721 que
864 1668 897 1705 a
956 1652 1091 1704 viris
1150 1652 1510 1718 turbabantur,
1573 1653 1626 1705 in
1686 1652 2038 1705 matrimonio
2150 1654 2247 1702 aut
2274 1648 2631 1713 concubinis,
2659 1654 2719 1704 ut
2743 1649 2791 1704 ei
2817 1649 3124 1722 placuerit,
3148 1648 3770 1719 sitconjunctioneeon-

384 1758 494 1797 non
552 1743 800 1813 fuerunt,
847 1740 978 1810 quia
1037 1740 1190 1794 aliud
1247 1748 1325 1794 est
1382 1749 1569 1811 nupta,
1631 1740 1786 1794 aliud
1843 1756 2039 1793 conru-
2149 1740 2363 1792 tentus.
2397 1737 2554 1793 Alias
2585 1753 2715 1793 vero
2745 1738 2965 1805 vivens,
2997 1738 3312 1807 abiciatur,
3346 1738 3527 1794 donec
3570 1738 3767 1794 desinat

391 1832 523 1887 bina
552 1831 687 1899 (83).
1748 1856 1753 1863 -
2072 1864 2118 1930 B
2149 1832 2251 1881 aut
2281 1827 2349 1881 ad
2385 1825 2763 1898 penitentiam
2797 1832 3137 1884 revertatur.

460 1920 548 1975 13.
582 1920 709 1974 Item
755 1917 1191 1981 deliomia'diis.
1239 1918 1345 1973 Ubi
1406 1919 1765 1974 manifestari
1824 1922 2036 1990 potest,
2072 1915 2117 1930 ³¹
2223 1917 2306 1969 16.
2341 1917 2416 1971 De
2440 1917 2690 1988 parvulis
2737 1918 2977 1988 inﬁrmis
3024 1917 3394 1990 baptizandis.
3427 1918 3485 1974 Si
3520 1915 3768 1990 parvulus

387 2006 709 2081 quemlibet
730 2006 1027 2063 hominem
1042 2011 1404 2079 perpetrasse
1428 2007 2042 2075 homicidium,secun-
2148 2009 2420 2076 egrotans
2451 2006 2520 2059 ad
2557 2005 2876 2077 quemlibet
2902 2006 3295 2079 presbiterum
3318 2006 3577 2080 baptismi
3596 2004 3773 2079 gratia

387 2097 529 2153 dum
569 2111 824 2152 canones
862 2096 1220 2169 condignum
1274 2096 1605 2168 penitentiae
1630 2096 1923 2166 judicium
1954 2094 2040 2150 illi
2148 2094 2218 2148 de
2246 2093 2561 2165 cujuslibet
2590 2094 2898 2166 parrochia
2946 2094 3161 2151 allatus
3210 2096 3409 2163 fuerit,
3445 2096 3495 2151 ei
3521 2093 3768 2167 baptismi

370 2186 705 2259 ‘ingeratur.
740 2184 799 2240 Si
832 2188 1027 2240 autem
1062 2184 1394 2239 manifestis
1442 2184 1675 2241 indiciis
1708 2203 1821 2240 non
1852 2188 2042 2257 potest
2150 2188 2585 2238 sacramentum
2624 2182 2965 2240 nullomodo
2995 2201 3110 2239 non
3143 2189 3409 2257 negetur.
3444 2185 3502 2240 Si
3530 2183 3652 2256 quis
3679 2182 3768 2238 hoc

386 2274 619 2348 probari
639 2289 775 2329 eum
796 2271 1152 2329 homicidam
1178 2289 1445 2339 essc,nec
1465 2273 1587 2346 ipse
1606 2272 1729 2329 vult
1752 2275 2038 2343 confiteri,
2151 2289 2368 2327 munus
2418 2272 2637 2343 petenti
2668 2273 2737 2307 ³⁰³
2767 2273 3083 2329 concedere
3134 2273 3560 2339 detractaverit,
3595 2278 3650 2327 et
3688 2271 3766 2326 ille

2150 2360 2428 2433 parvulus
2461 2362 2682 2434 absque
2714 2361 3086 2434 baptismatis
3108 2360 3296 2434 gratia
3318 2366 3579 2417 mortuus
3600 2359 3764 2421 iue'it,

2151 2450 2373 2505 noverit
2404 2466 2465 2505 se
2496 2450 2613 2522 ille,
2647 2450 2747 2522 qui
2801 2467 2934 2505 eum
2985 2467 3100 2505 non
3158 2450 3493 2522 baptizavit,
3524 2468 3621 2522 pro
3663 2449 3766 2518 ejus

2150 2539 2347 2595 anima
2377 2540 2660 2595 rationem
2695 2540 3064 2594 redditurum
3097 2538 3153 2593 in
3187 2538 3282 2594 die
3303 2538 3534 2611 judicii.

2223 2630 2306 2683 17.
2345 2630 2408 2685 Ut
2435 2628 2625 2684 nullus
2651 2630 2936 2700 presbyter
2977 2629 3083 2684 alii
3126 2644 3288 2683 suam
3327 2628 3664 2700 parrochiam
3690 2628 3759 2680 in-

2148 2719 2416 2773 tervenire
2442 2723 2764 2789 praesumat.
2791 2715 3005 2772 Nullus
3034 2717 3339 2791 presbyter
3367 2716 3630 2772 fidelibus
3654 2731 3759 2769 san-

2115 2813 2249 2862 'cta3
2283 2806 2386 2862 Dei
2416 2804 2671 2862 ecclesias
2705 2806 2774 2862 dc
2812 2805 3053 2863 alterius
3105 2805 3429 2879 presbyteri
3480 2801 3759 2878 parrazchia

2146 2895 2514 2969 persuadeat,
2542 2900 2608 2951 ut
2637 2897 2752 2964 (86)
2781 2912 2951 2951 suam
2983 2895 3291 2952 ecclesiam
3319 2898 3658 2952 concurrant
3681 2892 3759 2947 de-

376 359 498 426 587

388 2362 807 2435 omnipotentis
837 2362 934 2417 Dei
956 2362 1201 2433 judicio,
1236 2361 1328 2417 cui
1361 2364 1560 2417 omnia
1595 2364 1823 2418 occulta
1853 2364 2038 2418 muni~

388 2449 537 2507 festa
563 2455 720 2518 sunt,
746 2455 1091 2517 reservetur,
1125 2450 1294 2521 eique
1327 2455 1521 2506 tamen
1553 2451 1862 2518 indicetur,
1884 2454 2038 2524 quod

390 2539 804 2596 communione
842 2538 1237 2594 ecclesiastica
1262 2540 1541 2612 indignus
1572 2540 1665 2609 sit,
1700 2542 1880 2596 donec
1910 2559 2037 2613 per-

390 2631 683 2700 petratum
715 2628 934 2682 crimen
981 2644 1083 2699 per
1112 2629 1535 2685 confessionem
1567 2634 1624 2685 et
1653 2630 2037 2701 penitentiam

392 2717 743 2789 condignam
766 2716 839 2772 ab
867 2716 973 2772 hoc
1004 2717 1247 2772 crimine
1270 2736 1331 2772 se
1353 2718 1649 2773 absolvere
1679 2719 1931 2775 decertet
1948 2721 2034 2775 30’.

384 2804 447 2863 Si
477 2805 724 2861 maritus
755 2822 992 2861 uxorem
1037 2811 1137 2861 aut
1179 2822 1322 2861 uxor
1353 2807 1629 2862 maritum
1664 2808 2034 2878 interfecerit,

372 2895 901 2968 equumjudicium
925 2895 1002 2951 sit
1023 2912 1201 2968 super
1222 2913 1340 2963 eos,
1367 2896 1594 2954 dicente
1624 2897 1872 2954 Domino
1893 2900 2031 2967 (84):

370 2984 491 3042 Non
535 2986 715 3057 facias
762 2984 904 3057 quod
943 2985 1203 3058 iniquum
1249 2992 1345 3054 est,
1379 3002 1478 3041 nec
1506 2987 1708 3057 injuste
1733 2987 2032 3059 judicabis,
2145 2984 2348 3040 relicta
2377 2983 2612 3057 propria
2642 2984 2906 3053 ecclesia,
2941 2988 2996 3039 et
3026 3001 3166 3040 suas
3199 2984 3463 3040 decimas
3491 2984 3594 3039 sibi
3623 2982 3750 3037 dent.

372 3089 473 3130 nec
500 3073 813 3129 consideras
838 3090 1127 3145 personam
1154 3076 1433 3147 pauperis,
1452 3092 1549 3130 nec
1568 3076 1796 3131 honores
1823 3077 2036 3132 vultum
2145 3075 2255 3130 Sed
2290 3073 2699 3145 unusquisque
2729 3090 2838 3128 sua
2867 3072 3111 3130 ecclesia
3138 3076 3451 3130 contentus
3481 3078 3535 3130 et
3553 3069 3751 3147 pOpulo,

369 3164 645 3235 potentis,-
665 3164 810 3233 juste
845 3163 1126 3234 judicabis
1168 3166 1487 3235 proximum
1531 3173 1705 3229 tuum,
1736 3168 1849 3221 sive
1887 3165 2034 3222 dives
2076 3232 2102 3236 ῳ
2145 3164 2299 3236 quod
2333 3161 2445 3219 sibi
2478 3179 2593 3218 non
2625 3162 2749 3218 vult
2777 3163 2922 3230 fieri,
2956 3161 3120 3218 alteri
3172 3179 3547 3235 nequaquam
3591 3159 3751 3222 faciat,

373 3232 446 3307 sit
470 3252 569 3306 ille
597 3232 711 3306 sive
738 3232 1101 3322 peregrinus:
1130 3232 1289 3306 nulla
1333 3255 1445 3307 erit
1484 3252 1750 3309 distantia
1770 3271 2030 3325 persona-
2062 3232 2105 3300 (ἶ
2136 3232 2306 3324 juxta
2348 3251 2490 3307 illud
2546 3251 2948 3326 evangelicum
2981 3252 3091 3324 (8‘7)
3125 3269 3138 3306 :
3174 3232 3520 3324 Quecumque
3544 3251 3688 3306 cuius
3710 3254 3755 3301 ut

375 3355 524 3410 rum,
557 3341 634 3395 ita
657 3356 890 3415 parvum
940 3339 1172 3396 audietis
1206 3348 1265 3396 ut
1294 3359 1603 3411 magnum;
1633 3358 1731 3397 nec
1757 3346 2034 3414 accipietis
2139 3343 2354 3414 faciant
2399 3343 2545 3397 vobis
2590 3340 2856 3408 homines,
2888 3342 2984 3397 hec
3031 3340 3219 3397 eadem
3258 3343 3431 3413 facile
3459 3341 3590 3397 illis.
3615 3336 3755 3402 Quis-

376 3429 711 3501 cujusquam
729 3446 1040 3501 personam,
1074 3431 1205 3504 quia
1253 3433 1355 3487 Dei
1373 3432 1653 3502 judicium
1683 3441 1779 3488 est.
1814 3432 2032 3488 Idcirco
2144 3432 2275 3503 quis
2308 3435 2500 3486 autem
2536 3434 2740 3486 contra
2769 3429 2891 3485 haec
2937 3429 3254 3486 constituta
3298 3430 3541 3495 venerit,
3571 3432 3658 3485 aut
3681 3424 3755 3479 his

378 3523 623 3591 uterque
642 3535 845 3575 eorum
870 3520 927 3574 in
941 3518 1283 3592 hujusmodi
1306 3519 1572 3576 criminis
1594 3522 1963 3577 accusatione
1981 3523 2031 3578 si
2143 3520 2382 3577 monitis
2414 3519 2632 3575 nostris
2677 3519 2847 3574 reniti
2896 3518 3287 3592 temptaverit,
3322 3523 3429 3575 aut
3457 3518 3683 3592 gradum
3708 3527 3755 3567 se

380 3609 699 3681 negaverit,
734 3608 858 3679 pari
882 3608 1109 3679 judicio
1139 3607 1522 3665 examinetur.
2142 3609 2290 3665 sciat
2318 3610 2701 3675 amissurum,
2737 3613 2839 3664 aut
2861 3609 2931 3645 ³⁰⁴
2962 3608 3020 3664 in
3051 3624 3281 3666 carcere
3321 3607 3495 3682 longo
3539 3613 3752 3678 tempore

452 3698 539 3751 14.
572 3697 646 3752 De
669 3697 918 3767 operibus
946 3697 1240 3752 servilibus
1259 3714 1361 3769 que
1383 3698 1572 3753 diebus
1595 3701 1891 3755 Dominicis
1922 3718 2029 3757 non
2141 3699 2543 3755 detinendum.

379 3792 510 3839 sunt
531 3785 762 3852 agenda.
788 3784 1117 3841 Statuimus
1140 3786 1249 3856 (85)
1275 3803 1505 3858 quoque
1528 3789 1849 3844 secundum
1876 3791 2030 3862 quod
2216 3790 2300 3843 18.
2340 3790 2402 3844 Ut
2450 3788 2635 3843 nullus
2668 3789 2905 3843 alterius
2935 3788 3049 3857 (88)
3080 3788 3340 3843 clericum
3369 3788 3633 3844 sollicitet.
3658 3781 3749 3837 Hoc

380 3872 443 3927 in
476 3871 607 3943 lege
632 3871 917 3928 Dominus
947 3874 1236 3945 praecepit,
1263 3879 1326 3929 ut
1357 3890 1532 3947 Opera
1561 3876 1794 3933 servilia
1823 3878 2032 3936 diebus
2140 3893 2372 3951 quoque
2402 3875 2593 3932 modis
2625 3877 2903 3932 omnibus
2932 3874 3338 3948 prohibemus,
3374 3880 3440 3931 ut
3470 3873 3653 3931 nullus
3673 3883 3749 3922 ve-

381 3959 706 4017 Dominicis
730 3977 846 4015 non
869 3964 1137 4033 agantur,
1154 3960 1546 4017 sicutethona:
1561 3966 1852 4021 memoria:
1873 3967 2033 4038 geni-
2140 3972 2329 4024 strum
2362 3964 2600 4021 alterius
2632 3965 2904 4021 clericum
2938 3962 3210 4020 sollicitet
3239 3969 3341 4020 aut
3371 3964 3618 4037 recipiat,
3640 3956 3747 4031 quia

381 4054 663 4105 tormeus
684 4047 744 4103 in
769 4048 892 4105 suis
913 4048 1517 4122 synodalibusedictis
1548 4054 2029 4128 mandavit,quod
2140 4057 2330 4129 gravis
2383 4056 2455 4111 de
2501 4054 2610 4110 hac
2660 4072 2720 4110 re
2768 4055 2827 4110 in
2883 4054 3065 4110 sacris
3124 4053 3450 4110 canonibus
3503 4045 3748 4110 sententia

380 4153 487 4194 nec
532 4136 639 4194 viri
686 4138 905 4194 ruralia
950 4143 1271 4207 exerceant,
1307 4157 1411 4195 nec
1442 4140 1497 4195 in
1546 4142 1716 4198 vinea
1764 4142 2025 4214 colenda,
2139 4150 2247 4202 est.

378 4243 485 4285 nec
516 4228 575 4283 in
607 4227 833 4301 campis
865 4228 1105 4294 arando,
1138 4244 1244 4284 nec
1293 4229 1351 4284 in
1403 4233 1654 4286 metente
1689 4232 1776 4288 vel
1808 4233 2027 4290 fcenum
2210 4234 2296 4290 19.
2335 4235 2398 4290 Ut
2432 4234 2620 4289 nullus
2669 4233 2949 4306 presbyter
2992 4250 3226 4290 munera
3272 4233 3412 4289 dare
3441 4230 3551 4304 (89)
3573 4239 3746 4304 prm-

376 4317 757 4385 secando,vel
782 4333 979 4390 sepem
1003 4318 1292 4390 ponendo,
1317 4335 1419 4374 nec
1444 4319 1500 4373 in
1522 4318 1683 4376 silvis
1704 4320 2026 4394 stirpando,
2136 4331 2251 4379 mat
2298 4323 2523 4378 alterius
2570 4323 2851 4379 ecclesiam
2901 4323 3206 4395 subripere.
3239 4321 3300 4377 Si
3330 4321 3464 4394 quis
3494 4318 3747 4395 presbyter

372 4405 461 4463 vel
484 4401 721 4463 arbores
743 4407 981 4473 caedere,
1003 4406 1091 4461 vel
1114 4407 1172 4461 in
1195 4408 1376 4479 petris
1397 4407 1679 4471 laborare,
1697 4427 1801 4466 nec
1823 4412 2028 4468 domos

374 4499 620 4565 struere,
644 4513 749 4552 nec
772 4496 831 4551 in
865 4500 990 4552 orto
1019 4495 1303 4563 laborent,
1337 4513 1441 4552 nec
1474 4497 1546 4551 ad
1579 4497 1793 4571 placita
1823 4517 2026 4556 conve-

2140 4413 2411 4467 inventus
2436 4412 2611 4467 fuerit
2641 4410 2815 4467 alicui
2838 4410 3046 4467 clerico
3070 4417 3172 4466 aut
3200 4410 3348 4467 laico
3380 4426 3613 4466 munera
3638 4405 3745 4459 dare

2138 4506 2239 4557 aut
2269 4500 2523 4567 dedisse,
2556 4504 2622 4555 ut
2652 4499 2957 4556 ecclesiam
2990 4499 3234 4555 alterius
3264 4499 3572 4573 presbiteri
3592 4489 3742 4552 subri-

372 4585 558 4653 niant,
589 4602 696 4643 nec
748 4587 1087 4642 venationes
1144 4590 1488 4654 exerceant;
1521 4592 1578 4643 et
1611 4586 1725 4643 tria
1772 4590 2027 4645 carraria
2056 4604 2102 4669 D
2136 4592 2276 4664 piat,
2312 4588 2459 4644 sciat
2489 4606 2550 4644 se
2578 4605 2681 4661 pro
2712 4587 2819 4644 hac
2849 4589 3054 4661 rapina
3076 4593 3139 4644 et
3169 4605 3307 4645 seva
3347 4576 3645 4661 cupiditate
3663 4581 3741 4635 aut

373 4690 549 4745 opera
587 4674 721 4729 licet
764 4675 889 4729 fieri
942 4675 1001 4730 in
1052 4674 1145 4730 die
1196 4674 1511 4743 dominico,
1545 4676 1604 4730 id
1636 4682 1724 4731 est
1750 4676 2026 4734 hostialia
2133 4680 2384 4752 gradum
2415 4677 2799 4743 amissurum,
2833 4682 2935 4733 aut
2964 4677 3021 4732 in
3054 4677 3305 4733 carceris
3338 4690 3579 4733 erumna
3606 4671 3742 4738 longo

374 4777 559 4829 carra,
592 4763 680 4819 vel
708 4763 1003 4828 victualia,
1038 4768 1095 4818 et
1123 4763 1172 4819 si
1205 4764 1351 4818 forte
1400 4779 1636 4819 necesse
1674 4765 1783 4820 erit
1812 4782 2025 4839 corpus
2132 4772 2393 4840 tempore
2424 4766 2801 4837 penitentiam
2834 4766 3058 4839 agendo
3090 4765 3491 4822 detinendam.

374 4849 689 4921 cujuslibet
718 4852 853 4907 duci
884 4852 955 4907 ad
989 4850 1391 4925 sepulchrum.
1431 4854 1573 4908 Item
1608 4853 1821 4911 femine
1851 4872 2027 4928 opera

2205 4858 2293 4913 20.
2321 4858 2396 4912 De
2410 4855 2729 4928 presbiter-is
2749 4857 2847 4929 qui
2866 4856 3103 4911 habuere
3129 4855 3409 4928 confugio.
3423 4854 3741 4919 Quicumque

1732 4997 1974 5057 VARL'E
2013 4998 2430 5058 LECTIONES.

443 5105 512 5141 ³⁰²
545 5112 770 5163 coercet
797 5125 847 5164 c.
880 5111 1019 5181 quod
1047 5116 1261 5169 correxi
1292 5113 1355 5167 P.
1430 5113 1499 5147 ³⁰³
1531 5112 1813 5185 pcnitenti
1844 5132 1896 5171 c.
1970 5116 2041 5154 θοι
2069 5121 2135 5173 ut
2162 5133 2213 5173 c.

1962 5259 2197 5317 NOTAE.

380 5362 702 5449 ;‘(8‘2)Aljoo
746 5364 1066 5449 capitulum
1094 5369 1534 5449 _conferendum
1585 5377 1674 5428 est
1722 5392 1856 5431 cum
1889 5392 2017 5449 cap.

370 5439 440 5493 2'2
470 5436 627 5510 et'23
658 5436 901 5510 praeced.
927 5440 1134 5510 synodi
1167 5457 1261 5494 an.
1289 5441 1412 5496 847.

440 5508 551 5595 (88)
584 5507 701 5563 Hoc
726 5507 1049 5595 capitulum
1080 5527 1273 5595 errore
1303 5512 1603 5595 scriptoris
1627 5517 1841 5573 codicis
1865 5523 2022 5575 ante-

368 5580 630 5656 positum
656 5584 745 5656 est
773 5580 1040 5652 sequenti
1064 5599 1077 5636 :
1114 5586 1196 5656 pe
1225 5580 1555 5656 homicidiis.

444 5652 557 5733 (84)
590 5653 763 5710 Levit.
797 5669 924 5729 cap.
955 5670 1070 5724 xxx,
1104 5654 1189 5712 15.
1284 5654 1291 5663 ’

2205 5371 2314 5446 (85)
2348 5370 2737 5446 Ansegisilib.
2771 5388 2811 5446 ι,
2844 5388 2897 5427 c.
2928 5372 3019 5446 75.

2203 5442 2316 5517 (86)
2348 5442 2917 5517 Sfubintelligendum
2945 5443 3033 5500 ad.

2201 5514 2312 5587 (87)
2346 5514 2552 5587 Matth.
2584 5514 2687 5581 vn,
2718 5516 2802 5570 12.

2200 5586 2314 5657 (88)
2344 5586 2575 5642 Scilicet
2600 5587 2855 5643 ecclesias.

2202 5658 2312 5739 (89)
2350 5659 2609 5717 Fortasse
2639 5657 2835 5716 dando.
