3828 6204
59 331 175 399 597

1066 327 1553 392 FitANCORUM
1602 325 1879 390 REGUM
1923 327 2511 394 CAPITULARIAr

3356 318 3482 399 598

63 464 335 523 salutem.
366 463 594 521 Notum
643 459 991 521 fraternitati
1035 466 1241 519 vestrae
1271 462 1397 518 ﬁeri
1427 461 1720 530 volumus,
1752 462 1807 528 Α
1834 458 1947 516 sibi
1991 461 2319 519 commissa;
2376 460 2707 519 necessitati
2763 460 3054 534 pietative,
3112 457 3483 519 consuluisse

65 556 202 628 quia
229 570 427 626 nuper
456 553 704 609 instanti
750 569 904 608 anno
934 568 1037 626 per
1077 555 1425 625 praesentem
1473 551 1725 624 primam

62 642 445 709 indictiopem
463 642 621 714 apud
637 642 840 697 urbem
854 641 1259 709 Suessionum,
1276 641 1502 699 decimo
1516 639 1723 696 Kalen-

63 736 160 789 das
180 731 395 799 Maias,
418 731 490 786 ad
515 731 806 803 synodum
829 729 1261 797 convenientes,
1282 729 1376 786 cui
1404 746 1571 787 sacro
1591 746 1727 787 con-

62 820 252 875 ventui
285 819 447 875 idem
480 817 775 891 gloriosus
804 835 904 874 rex
932 835 1102 874 suam
1134 823 1226 874 est
1256 818 1534 891 dignatus
1565 817 1723 874 exhi-

61 911 188 966 bere
215 906 787 981 prasentiamﬁnter
811 912 1020 964 caetera
1045 907 1448 965 ecclesiastica
1472 907 1721 981 negotia,

63 1000 127 1054 de
146 996 467 1054 venerabili
498 998 679 1053 fratre
710 1001 910 1054 nostro
940 997 1320 1064 Herimanno,
1347 997 1723 1054 Nivernensis

63 1088 217 1144 urbis
244 1086 551 1160 episcopo,
577 1085 977 1159 quaestionalis
1008 1090 1097 1142 est
1124 1086 1273 1142 ratio
1301 1088 1472 1143 nobis
1521 1087 1718 1143 obata.

64 1175 339 1231 Videlicet.
361 1174 506 1247 quia
528 1174 874 1231 inﬁrmitate
894 1180 1335 1247 praeoccupatus
1362 1193 1463 1231 seu
1498 1193 1724 1248 praepe-

64 1263 211 1320 ditus
228 1277 695 1336 corporea,saepe
718 1261 1047 1335 ineptire,et
1062 1263 1329 1336 quedam
1348 1280 1475 1335 quae
1493 1264 1565 1319 ad
1586 1281 1726 1319 nau-

66 1353 308 1426 fragium
331 1368 535 1407 rerum
559 1355 616 1407 et
640 1351 987 1407 facultatum
1006 1352 1533 1409 ecclesiasticarum
1555 1353 1725 1424 perti-

67 1458 212 1511 nere,
235 1446 419 1514 atque
451 1441 521 1496 ad
558 1440 947 1496 salvationem
972 1458 1035 1495 ac
1058 1441 1311 1497 debitam
1337 1460 1439 1497 seu
1466 1443 1721 1498 rationa—

68 1529 231 1587 bilem
252 1528 761 1603 dispensationem
785 1528 1072 1601 impedire
1100 1534 1388 1602 poterant,
1414 1531 1523 1585 nisi
1550 1530 1719 1586 celeri

68 1618 309 1675 remedio
345 1620 705 1675 subventum
746 1618 912 1685 foret,
936 1635 1108 1691 agere
1142 1618 1456 1675 indiscrete
1486 1619 1717 1676 soleret.

69 1709 231 1781 Cujus
251 1706 656 1781 suggestionis
674 1712 831 1763 certa
852 1708 1386 1781 experimentorum
1409 1710 1718 1765 documen-

1836 551 2319 608 manifestissime
2335 551 2998 616 demonstramus.Quod
3018 554 3083 605 ut
3098 549 3483 624 prementibus

1835 639 2058 696 scilicet
2086 645 2142 697 et
2189 641 2402 697 futuris
2448 640 2811 713 temporibus
2859 638 3223 695 enucleatius
3269 654 3483 713 cogno-

1835 738 2051 800 scatur,
2085 731 2176 786 his
2206 732 2388 803 gestis
2437 730 2711 786 manibus
2743 729 2995 803 propriis
3046 728 3483 787 subterﬁrmare

1836 820 2218 877 decrevimus.

1903 914 1957 964 2.
1974 910 2036 966 In
2060 910 2295 965 nomine
2316 910 2523 977 Patris,
2539 915 2595 965 et
2616 908 2766 975 Filii,
2781 912 2838 965 et
2853 908 3108 981 Spiritus
3127 906 3335 963 sancti.
3351 904 3484 978 Epi-

1833 999 1993 1071 300pi
2018 999 2116 1071 qui
2131 1000 2306 1070 jussu
2325 998 2563 1071 gloriosi
2578 996 3077 1071 principisdomni
3093 996 3278 1053 nostri
3291 994 3484 1053 Karoli

1834 1088 1906 1143 ad
1936 1088 2228 1160 synodum
2277 1088 2336 1143 in
2367 1087 2725 1143 Vermeriam
2756 1086 3038 1158 palatium
3080 1086 3481 1154 convenimus,

1834 1177 1893 1231 id
1933 1182 2043 1244 est,
2067 1176 2294 1233 Wenilo
2316 1176 2811 1249 archiepiscopus,
2837 1175 3051 1232 Paulus
3088 1173 3484 1247 archiepisco-

1836 1283 1966 1337 pus,
2012 1266 2339 1323 Amalricus
2380 1265 2876 1337 archiepiscopus,
2909 1264 3263 1320 Hincmarus
3291 1263 3486 1319 archi-

1833 1355 2146 1427 episcopus
2176 1356 2266 1421 ³⁸³,
2300 1355 2659 1411 Teutboldus
2716 1354 3045 1427 episcopus,
3095 1353 3484 1425 Ansegaudus

1833 1444 2166 1516 episcopus,
2202 1443 2485 1500 Pardulus
2532 1443 2840 1515 episcopus
2869 1443 2955 1509 ³⁸³,
2988 1441 3323 1498 Hrothadus
3361 1440 3485 1514 epi-

1835 1550 2070 1605 scopus,
2111 1538 2299 1588 Immo
2347 1530 3101 1605 episcopus,Yrminfridus
3150 1530 3482 1603 episcopus,

1832 1620 2122 1693 Erpcinus
2150 1620 2480 1693 episcopus,
2530 1620 2896 1675 Hilmeradus
2942 1618 3274 1691 episcopus,
3304 1618 3484 1691 Agius

1833 1710 2163 1783 episcopus,
2180 1710 2451 1766 Erloinus
2472 1711 2801 1782 episcopus,
2818 1708 3133 1764 Baltt'ridus
3150 1707 3481 1780 episcopus,

67 1803 120 1853 ta
160 1797 488 1899 evidentius
534 1795 986 1899 perquirentest
1014 1796 1330 1899 aliquanta.
1364 1798 1716 1865 invenimus,
1756 1834 1801 1899 Β
1836 1798 2198 1899 ςὶιιηὶὺθιιῐυε
2223 1799 2577 1899 .episcOpu's,
2610 1797 2887 1897 Eirardus
2935 1796 3485 1899 episcopus,‘Hilde-

74 1905 183 1960 quae
204 1887 377 1943 nobis
401 1887 580 1942 ﬁdem
608 1886 871 1942 fecerunt
891 1886 1022 1941 aliis
1045 1903 1172 1959 quae
1197 1886 1572 1945 audieramus
1594 1905 1722 1945 sen-

75 1994 192 2031 sum
212 1975 684 2032 accommodare.
708 1974 871 2031 Unde
899 1976 1226 2031 secundum
1251 1978 1405 2049 quod
1444 1978 1501 2031 in
1528 1978 1722 2033 decre-

74 2063 269 2120 talibus
296 2061 569 2136 epistolis
600 2062 754 2118 beati
793 2062 1055 2135 Gregorii
1076 2063 1341 2135 exemplo
1372 2062 1718 2137 reperimus,

75 2153 372 2208 statuimus
400 2150 487 2208 illi
509 2168 878 2208 meonomum
897 2152 961 2187 3“
996 2152 1371 2224 persuadere,
1396 2152 1496 2226 qui
1528 2152 1579 2208 ei
1603 2152 1721 2208 suf-

76 2242 303 2315 fragium
335 2246 397 2298 et
428 2239 690 2296 ecclesiae
712 2240 825 2296 sibi
849 2242 1178 2296 commissa:
1201 2240 1531 2297 custodiam
1564 2241 1720 2297 debi-

76 2331 179 2383 tam
205 2332 259 2384 et
302 2326 655 2383 canonicam
696 2326 1015 2393 exhiberet,
1046 2328 1229 2384 donec
1279 2332 1574 2385 annuente
1604 2328 1716 2384 Do-

78 2416 217 2473 mino
245 2416 438 2473 isdem
472 2416 651 2472 frater
673 2416 1021 2473 venerabilis
1052 2434 1087 2472 a
1115 2433 1223 2473 sua
1253 2416 1593 2473 inﬁrmitate
1622 2433 1720 2490 0p-

78 2505 310 2562 tabiliter
340 2503 792 2575 convalesceret.
810 2506 922 2562 Sed
954 2506 1236 2577 quoniam
1267 2505 1608 2562 intimatum
1630 2512 1719 2562 est

80 2593 244 2663 nobis,
280 2595 337 2650 in
372 2612 488 2651 sua
517 2593 763 2650 ecclesia
802 2594 1096 2650 neminem
1132 2611 1303 2667 posse
1342 2594 1583 2668 reperiri
1615 2595 1716 2668 qui

79 2681 288 2739 interim
310 2684 570 2740 eundem
591 2682 1003 2751 venerabilem,
1030 2684 1245 2757 partim
1278 2682 1541 2740 indebita
1570 2685 1716 2742 forte

80 2772 286 2844 pietate,
314 2772 539 2847 partim
570 2772 891 2828 reverentia
920 2773 1214 2841 seniorali,
1239 2774 1563 2829 secundum
1599 2791 1718 2830 mo-

79 2861 200 2922 dum
229 2880 261 2917 a
291 2861 466 2918 nobis
508 2860 895 2917 constitutum
927 2861 1221 2917 custodire
1260 2865 1361 2917 aut
1399 2862 1569 2918 vellet
1614 2868 1717 2918 aut

80 2954 270 3021 posset,
300 2949 536 3007 consilii
578 2949 853 3007 consultu
910 2950 1080 3007 illum
1139 2951 1354 3007 hortati
1386 2969 1614 3021 sumus,
1650 2957 1715 3007 ut

83 3034 199 3095 cum
227 3041 447 3097 domno
478 3038 784 3095 Wenilone
831 3039 1276 3112 praenominato,
1308 3039 1529 3096 scilicet
1558 3058 1713 3097 reve-

85 3128 412 3185 rendissimo
458 3129 747 3185 confratre
795 3133 994 3185 nostro
1027 3133 1083 3186 et
1114 3128 1553 3203 archiepiscopo
1583 3147 1710 3197 suo,

84 3222 335 3288 maneret,
360 3218 583 3291 illoque
617 3219 667 3273 ei
713 3219 1063 3275 conveniens
1113 3219 1378 3274 studium
1427 3219 1710 3292 impertiri
1742 3204 1791 3277 (ἶ

85 3311 306 3376 curaret,
331 3311 391 3363 et
422 3306 679 3362 ecclesiae
729 3305 1071 3364 Nivernensi
1118 3324 1186 3363 ea
1233 3308 1448 3379 quibus
1494 3308 1717 3381 indige-

88 3400 160 3450 ret
205 3396 532 3452 visitatorio
598 3395 790 3451 ofﬁcio
860 3394 1225 3469 impenderet
1280 3401 1339 3452 et
1399 3397 1715 3464 ordinaret,

86 3498 366 3557 quousque
386 3482 657 3539 azstivum
672 3484 1093 3556 tempus,quod
1114 3483 1455 3556 hujusmodi
1478 3484 1718 3540 inﬁrmi-

84 3571 314 3644 tati,qua
357 3572 635 3645 impediri
667 3572 991 3640 dicebatur,
1011 3572 1174 3629 valde
1206 3575 1565 3630 contrarium
1605 3579 1714 3641 est,

84 3662 461 3732 pertransiret,
486 3666 543 3718 et
572 3662 885 3734 saepefatus
924 3661 1346 3719 dilectissimus
1382 3681 1449 3718 ac
1480 3680 1714 3719 venera-

88 3749 202 3806 bilis
221 3751 394 3809 frater
426 3754 646 3820 noster,
672 3756 738 3806 ut
762 3752 1162 3824 praediximus,
1189 3769 1222 3807 a
1243 3770 1351 3808 sua
1374 3752 1717 3809 inﬁrmitate

87 3836 555 3906 inmelioraretur,
574 3844 631 3896 et
660 3857 778 3895 sua:
822 3840 1094 3913 potestati
1126 3857 1364 3913 suaeque
1394 3841 1579 3913 ipsius
1610 3859 1715 3897 cu-

89 3927 283 4000 stodiae,
306 3945 499 3986 suaeve
525 3928 787 3985 ecclesiae
807 3929 1198 4002 dispositioni,
1222 3934 1287 3984 ut
1312 3935 1401 3986 est
1429 3930 1713 4000 debitum,

91 4016 491 4074 restitueretur.
509 4020 643 4084 Qua:
676 4017 976 4091 quoniam,
1000 4018 1220 4091 gratias
1253 4019 1389 4087 Deo,
1416 4020 1486 4075 ad
1518 4024 1713 4075 votum

82 4104 225 4173 juxta
252 4107 512 4163 divinam
556 4107 1009 4176 ordinationem,
1035 4113 1100 4163 ut
1145 4108 1376 4164 fuerant
1409 4108 1714 4181 disposita,

88 4198 203 4250 sunt
228 4212 460 4270 quoque
487 4197 789 4269 perducta,
813 4200 868 4252 et
893 4196 1174 4253 canonica
1187 4197 1358 4268 jubet
1379 4197 1714 4265 auctoritas,

92 4285 142 4335 nt
166 4284 229 4340 ab
249 4302 362 4342 uno
385 4283 637 4357 quilibet
663 4286 914 4356 rejectus
935 4285 1229 4357 episcopo,
1259 4302 1372 4341 non
1397 4286 1662 4343 dicamus
1685 4305 1719 4342 a

91 4372 242 4429 tantis
262 4392 363 4446 pro
388 4379 651 4446 tempore
673 4377 730 4429 et
753 4375 825 4430 ad
848 4377 1084 4447 tempus
1106 4379 1366 4430 remotus
1390 4377 1714 4433 secundum

92 4462 349 4529 quendam
402 4463 647 4520 modum
705 4462 1015 4535 episcopis,
1053 4480 1168 4518 non
1229 4463 1545 4536 recipiatur
1591 4466 1717 4521 sine

1835 1888 2097 1957 brannus
2145 1887 2476 1960 episcopus,
2511 1888 2679 1943 Ionas
2737 1886 3070 1958 episcopus,
3122 1884 3483 1953 Godelsadus

1831 1978 2162 2050 episc0pus,
2179 1976 2531 2050 Braidingus
2552 1974 3248 2048 episcopus,Chuonrado
3270 1973 3484 2046 inclyte

1831 2074 1889 2122 et
1919 2066 2286 2122 nobilissimo
2308 2065 2429 2121 viro
2452 2069 2796 2138 prmsentem
2819 2068 2877 2120 et
2906 2068 3184 2119 internum
3212 2066 3486 2135 optamus

1830 2156 1889 2210 in
1911 2155 2177 2210 omnium
2200 2154 2486 2211 salvatore
2508 2152 2780 2211 salutem.
2804 2154 2949 2209 Cum
2982 2152 3134 2206 inter
3154 2156 3365 2207 caetera
3391 2166 3485 2206 ec-

1827 2243 2157 2300 clesiastica
2186 2244 2419 2315 negotia
2442 2244 2512 2298 de
2532 2240 2844 2298 ordinabili
2877 2239 3261 2312 dispositione
3289 2256 3486 2296 mona-

1828 2333 1988 2389 sterii
2021 2333 2211 2388 sancti
2237 2331 2499 2405 Dyonisii
2527 2332 2999 2403 disponeremus,
3028 2332 3312 2384 venerunt
3356 2345 3482 2385 mo-

1828 2422 1999 2478 nachi
2022 2422 2209 2495 ipsius
2232 2421 2383 2477 sacri
2406 2420 2653 2476 coenobii
2675 2421 2743 2454 ³⁶⁴
2767 2420 2828 2474 in
2859 2418 3170 2491 praesentia
3201 2434 3481 2475 veneran-

1826 2512 1911 2566 dae
1936 2511 2139 2584 synodi
2155 2510 2585 2576 “ﬁdeferentes
2607 2506 3287 2572 auctoritates,videlicet
3309 2509 3481 2569 testa-

1827 2605 2091 2656 mentum
2132 2602 2288 2672 quod
2338 2603 2550 2655 sanctae
2600 2596 3019 2654 recordationis
3071 2596 3223 2652 abba
3277 2595 3478 2651 Fulra-

1825 2690 1939 2746 dus
1958 2691 2026 2725 ³⁸⁵
2048 2690 2117 2745 de
2150 2689 2504 2746 monasterio
2537 2687 2817 2755 Lebraha,
2842 2685 2941 2741 ubi
2969 2689 3209 2741 sanctus
3227 2684 3475 2741 Alexan-

1825 2779 1927 2834 der
1957 2782 2177 2851 martyr
2228 2778 2479 2850 quiescit
2524 2777 2826 2844 humatus,
2851 2775 3007 2831 etde
3036 2773 3182 2830 cella
3228 2790 3356 2846 quae
3401 2774 3474 2830 ad

1823 2874 2093 2924 sanctum
2128 2867 2465 2940 Yppolitum
2506 2866 2862 2932 nominatur,
2887 2880 2990 2920 seu
3022 2863 3093 2918 de
3138 2863 3313 2918 rebus
3344 2862 3476 2918 aliis

1825 2974 1973 3030 quas
1991 2974 2092 3029 per
2109 2958 2264 3012 idem
2285 2960 2699 3012 testamentum
2724 2953 2909 3009 isdem
2929 2951 3277 3008 venerabilis
3293 2951 3476 3009 abbas

1823 3053 2025 3104 sancto
2072 3046 2347 3120 Dyonisio
2378 3043 2723 3112 contulerat,
2749 3058 2973 3097 necnon
3018 3045 3075 3096 et
3104 3038 3476 3113 privilegium

1825 3138 1981 3209 quod
2012 3135 2217 3191 exinde
2248 3139 2450 3190 sancta
2490 3134 2659 3189 sedes
2699 3130 3020 3204 apostolica
3075 3146 3179 3202 per
3233 3129 3475 3186 beatum

1825 3224 2187 3294 Stephanum
2211 3241 2421 3297 papam
2442 3222 2632 3278 eidem
2655 3219 3011 3276 monasterio
3033 3235 3209 3292 super
3239 3217 3475 3291 praefato

1825 3318 2172 3369 testamento
2199 3310 2704 3379 fecerat,dicentes
2728 3308 2884 3381 quod
2915 3306 3260 3365 venerabilis
3292 3306 3477 3363 abbas

1823 3402 2060 3458 illorum
2094 3402 2346 3457 domnus
2389 3400 2786 3467 llludowicus,
2810 3415 2878 3453 ex
2917 3401 3205 3469 praecepto
3233 3394 3476 3469 gloriosi

1826 3492 1980 3564 regis
2011 3490 2211 3545 domni
2242 3489 2425 3545 nostri
2452 3487 2665 3555 Karoli,
2690 3504 2787 3542 eos
2810 3484 3226 3549 consuluisset,
3248 3499 3314 3539 ac
3345 3499 3475 3539 con-

1826 3598 2065 3636 sensum
2113 3596 2313 3634 eorum
2365 3576 2689 3649 quaesisset,
2733 3575 3011 3648 quatinus
3067 3572 3473 3646 praescriptum

1826 3667 2245 3725 monasterium
2290 3667 2454 3722 vobis
2502 3667 2558 3721 in
2610 3663 2953 3737 precariam,
2986 3661 3241 3735 acceptis
3298 3660 3475 3716 rebus

1822 3764 2016 3814 vestra
2049 3757 2355 3813 traditione
2386 3757 2456 3811 ad
2478 3755 2723 3811 eandem
2751 3770 2945 3809 casam
2978 3751 3076 3808 Dei
3111 3749 3472 3824 delegandis,

1824 3847 2213 3903 concessisset
2247 3864 2259 3902 :
2292 3847 2445 3918 quod
2490 3843 2816 3900 consentire
2876 3841 3001 3899 sine
3059 3839 3331 3897 consultu
3382 3838 3473 3894 sui

1823 3936 2080 4009 episcopi
2129 3940 2305 4007 atque
2347 3932 2789 4005 archiepiSCOpi,
2823 3931 3003 3986 immo
3035 3947 3212 3986 sacrae
3244 3926 3474 4003 synodi,

1825 4042 1939 4080 non
1959 4024 2451 4086 audereni.Quam
2470 4039 2707 4077 causam
2726 4018 3021 4076 subtiliter
3035 4018 3475 4090 investigantes,

1825 4120 1881 4169 ct
1926 4115 1995 4168 ad
2048 4112 2341 4185 liquidum
2391 4116 2829 4183 cognoscentes,
2880 4109 3265 4163 diffinivimus
3305 4107 3478 4178 juxta

1825 4219 2052 4259 sacram
2084 4209 2140 4258 et
2169 4201 2427 4257 divinam
2472 4200 2902 4263 auctoritatem,
2928 4204 3104 4268 atque
3150 4195 3475 4251 secundum

1825 4296 2245 4347 testamentum
2295 4288 2517 4361 praefati
2578 4288 2683 4360 pice
2742 4285 3162 4342 recordationis
3218 4281 3472 4348 Fulradi,

1827 4396 2048 4436 necnon
2080 4384 2135 4433 et
2164 4377 2489 4434 secundum
2548 4376 2848 4431 decretum
2907 4371 3239 4444 apostolica:
3294 4369 3473 4437 sedis,

1826 4468 1984 4524 nullo
2018 4485 2276 4539 unquam
2320 4471 2577 4535 tempore
2617 4466 2743 4534 jam
2795 4463 3018 4518 dictum
3052 4457 3474 4515 monasterium

90 4551 375 4607 testimonii
400 4556 504 4607 aut
523 4550 856 4607 litterarum
880 4551 1320 4608 evidentissimo
1344 4553 1711 4622 documento,
1744 4573 1794 4639 D
1825 4558 2008 4614 sancti
2034 4555 2342 4611 Alexandri
2365 4571 2496 4608 cum
2523 4554 2697 4608 rebus
2715 4551 2827 4607 sibi
2847 4547 3279 4623 pertinentibus
3302 4564 3336 4602 τι
3356 4563 3476 4602 ma.

92 4652 174 4706 per
187 4638 284 4696 hos
303 4645 516 4698 nostrae
534 4640 919 4697 humanitatis
937 4642 1131 4713 apices
1148 4640 1475 4714 plerunque
1491 4643 1713 4700 dictum

92 4729 449 4786 venerabilem
508 4729 751 4785 fratrem
801 4734 1072 4785 nostrum
1104 4748 1223 4786 sua;
1254 4730 1458 4785 ditioni
1511 4736 1567 4787 et
1614 4750 1713 4804 po—

94 4814 281 4884 testati,
303 4822 479 4891 atque
502 4815 822 4891 episcopali
860 4818 1158 4887 custodiae,
1184 4837 1419 4891 suaeque
1460 4820 1715 4878 ecclesia:

96 4902 471 4972 gubernationi
517 4907 711 4963 debite
760 4906 1149 4974 restituimus,
1181 4912 1238 4963 et
1267 4926 1374 4964 nos
1416 4927 1549 4965 eum
1600 4929 1716 4967 non

99 5005 296 5050 morum
324 4995 503 5063 vitiis,
537 4999 641 5052 aut
689 4996 944 5068 peccatis
992 4995 1268 5068 publicis,
1293 5015 1421 5070 qua:
1470 5016 1719 5056 censura

100 5077 310 5139 damnat
336 5083 755 5151 ecclesiastica,
790 5102 824 5140 a
851 5102 963 5141 sua
986 5084 1155 5140 illum
1187 5084 1432 5142 ecclesia
1450 5087 1717 5161 aliquan-

97 5167 259 5227 tulum
288 5172 794 5246 removisse,quod
826 5174 954 5230 sine
999 5177 1200 5247 aperta
1240 5173 1602 5234 convictione
1631 5179 1720 5235 vel

102 5259 377 5319 manifesta
404 5262 771 5319 confessione
800 5262 926 5318 ﬁeri
980 5280 1096 5319 non
1147 5262 1302 5331 licet,
1328 5282 1446 5336 qua
1477 5266 1546 5321 de
1576 5285 1635 5323 re
1666 5275 1722 5324 et

102 5359 197 5401 non
222 5347 373 5420 libet,
397 5369 492 5408 sec
525 5367 813 5424 corporea:
846 5370 965 5408 suae
1011 5351 1361 5420 inﬁrmitati,
1387 5358 1442 5409 et
1463 5355 1719 5414 ecclesiae

1815 4650 1946 4720 jore
1978 4644 2329 4701 monasterio
2355 4642 2540 4699 sancti
2569 4640 2825 4714 Dyouisii
2849 4654 3221 4711 quocumque
3240 4635 3475 4709 ingenio

1826 4736 2241 4800 divellcndum,
2271 4751 2374 4789 nec
2422 4730 2791 4788 beneﬁciario
2837 4744 3026 4801 neque
3057 4726 3317 4801 precario
3341 4728 3478 4799 jure

1826 4825 2295 4883 distrahendum.
2318 4823 2761 4893 Subjunxerunt
2785 4819 2961 4874 etiam
2993 4818 3149 4873 idem
3182 4815 3475 4882 monachi,

1826 4916 1981 4988 quod
2012 4918 2207 4970 vestra
2245 4908 2752 4967 commendatione
2808 4925 2874 4963 ac
2921 4906 3213 4980 jussione,
3271 4905 3476 4975 immo,

1827 5005 2005 5061 etiam
2037 5001 2281 5069 actione,
2307 5000 2459 5055 idem
2492 4997 2921 5053 monasterium
2964 5012 3099 5052 cum
3148 4996 3326 5052 rebus
3365 4993 3480 5051 sibi

1830 5092 2083 5149 subditis
2113 5090 2172 5145 in
2194 5093 2450 5145 vestram
2476 5086 2755 5142 ditionem
2790 5087 3091 5142 redactum
3122 5089 3179 5143 et
3208 5101 3480 5158 assump-

1833 5179 2133 5252 tum,quin
2156 5178 2331 5234 etiam
2356 5180 2708 5247 usurpatum
2730 5174 3279 5244 habuissetis.Quod
3303 5190 3481 5247 quam

1831 5269 2155 5326 absurdum
2188 5272 2243 5322 et
2273 5270 2476 5321 contra
2522 5264 2709 5337 legem
2757 5270 2931 5338 atque
2971 5263 3268 5337 justitiam
3300 5263 3397 5329 sit,
3431 5261 3482 5316 si

1832 5365 2026 5415 tamen
2062 5358 2141 5411 ita
2171 5372 2231 5411 se
2264 5372 2355 5410 res
2386 5353 2580 5419 habet,
2614 5354 2725 5425 ipsi
2753 5355 2931 5411 etiam
2961 5352 3294 5427 pervidetis.
3317 5349 3482 5404 Unde

1422 5460 1658 5520 VARI/ii
1699 5464 2118 5522 LECTIONES.

158 5541 213 5626 I3“:
238 5545 621 5626 echonomum
648 5550 703 5626 2.
728 5548 860 5626 A3“:
878 5565 931 5603 a.
970 5548 1256 5604 Pardulus
1308 5549 1781 5626 archiepiscopus
1829 5555 1890 5611 Τ.
1928 5556 1979 5609 2.
2057 5553 2125 5588 ³9³
2159 5569 2213 5623 p.
2261 5568 2309 5605 c.
2361 5551 2505 5605 deest
2530 5554 2584 5607 2.
2660 5551 2730 5586 35‘
2758 5551 2900 5607 deest
2927 5553 2981 5603 2.
3056 5544 3125 5579 ³⁸⁸
3153 5538 3393 5610 synodis
3423 5540 3480 5597 2.

106 5609 165 5646 ³⁸⁸
190 5613 431 5678 folradus
462 5622 541 5676 ita
570 5627 623 5676 et
653 5612 802 5689 ἱηῙὲα.
830 5620 884 5675 2.
