3828 6204
308 324 311 329 ’
361 320 481 385 599

1021 322 1360 387 ΑΡΡΕΝΒ.
1403 321 1507 385 ΑΒ
1551 323 1739 386 SIEC.
1784 324 1858 384 X.
1894 357 1970 366 -—
2000 321 2049 384 Μ

2197 320 2494 384 JMENTA
2543 319 3064 403 DIPLOMATICA
3080 364 3093 379 .

3648 313 3759 377 sco

307 478 310 483 '
358 452 615 515 vestram
633 460 877 532 paterna
896 460 955 515 et
982 458 1287 515 caritativa
1315 474 1418 514 seu
1447 456 1850 515 auetoritativa
1872 473 2006 511 cum
2038 456 2092 523 Α
2121 453 2576 519 obsecravimus,
2606 452 2961 526 prmfatoque
2987 450 3307 510 venerabili
3335 449 3530 508 abbati
3557 455 3609 507 et
3642 467 3758 506 mo-

361 547 806 619 intsrpositione
826 548 1006 603 divini
1034 547 1290 603 nominis
1311 553 1368 603 et
1388 546 1735 619 episcopalis
1767 544 2014 601 auctori-

359 636 505 697 “tis
541 636 907 693 nobilitatem
953 636 1260 693 hortamur
1287 640 1345 692 et
1373 637 1757 701 obtestamur,
1789 639 1854 690 ut
1903 633 2013 688 hoc

360 723 700 781 nullatenus
728 741 899 797 agerc
926 724 1171 783 ulterius
1195 724 1520 792 attentetis;
1546 725 1647 780 sed
1680 728 1737 780 et
1767 723 1815 779 si
1849 722 2014 777 moli-

360 817 489 869 tum
529 817 635 878 est,
668 814 740 869 ab
789 813 1133 885 hujusmodi
1165 812 1466 869 molitione
1511 812 1599 869 vel
1652 812 1882 868 actione
1910 828 2012 867 vos

348 904 700 975 vestrosque
746 902 1164 975 eompescatis;
1199 902 1339 975 quia
1397 906 1455 958 et
1510 905 1713 959 contra
1742 901 1927 956 Deum
1958 904 2015 955 ct

361 992 564 1046 contra
592 1008 824 1048 omnem
854 991 1265 1048 auctoritatem
1298 994 1618 1063 contraque
1640 994 1894 1046 vestram
1926 1007 2014 1046 sa—

360 1079 541 1135 lutem
565 1094 692 1136 esse
720 1081 1068 1137 dinoscitur.
1098 1080 1309 1136 Sciatis
1337 1081 1536 1145 etiam,
1562 1079 1701 1151 quia
1730 1079 2012 1135 domuum

359 1172 419 1224 et
446 1169 733 1225 seniorem
776 1174 1045 1225 nostrum
1078 1185 1275 1241 regem
1307 1168 1802 1241 gloriosissimum
1836 1168 2012 1223 Karo-

359 1257 485 1314 lum
521 1261 578 1314 et
624 1256 855 1315 humilii
905 1258 1284 1331 suggestione
1332 1262 1390 1313 et
1434 1257 1631 1312 divina
1669 1256 2013 1312 auctoritate

2122 544 2327 599 nachis
2358 543 2483 598 suis
2516 544 3001 615 praecepimus,ut
3030 543 3089 598 in
3127 543 3237 598 hoc
3273 540 3424 597 nulli
3455 542 3758 597 adsensum

2123 634 2435 705 praebeant,
2458 632 2737 704 quoniam
2760 649 2866 688 nec
2885 632 3051 688 vobis
3082 648 3185 688 nec
3208 632 3491 704 cuiquam
3512 630 3761 686 ﬁdelium

2121 722 2356 794 expedit
2386 721 2527 777 talia
2566 722 2883 793 postulare.
2907 721 3127 787 Valete,
3159 722 3251 776 vir
3300 719 3685 785 nobilissime,
3716 724 3763 774 et

2121 811 2443 867 admodum
2474 810 2645 866 nobis
2677 811 2735 865 in
2768 810 2998 866 Christo
3029 809 3354 866 carissime.

2192 902 2244 955 3.
2270 900 2381 956 Sed
2414 903 2470 955 et
2499 898 2755 971 capitula
2776 915 2904 971 qua:
2926 898 3190 972 synodali
3223 897 3498 954 consultu
3520 898 3760 953 domnus

2122 1007 2221 1046 rex
2255 989 2494 1045 Karolus
2525 990 2584 1044 in
2617 988 2864 1045 concilio
2899 993 3220 1045 memorato
3250 988 3407 1060 apud
3440 987 3761 1044 Suessicnis

2122 1078 2413 1133 civitatem
2453 1094 2619 1133 sacro
2663 1078 2965 1151 proposuit
3006 1077 3337 1142 convcntui,
3361 1092 3554 1131 coram
3584 1076 3759 1131 ﬁdeli-

2121 1167 2233 1222 bus
2265 1166 2388 1222 suis
2417 1166 2476 1220 in
2507 1166 2710 1221 eodem
2754 1164 2970 1239 palatio
3000 1164 3299 1220 Vermeria
3329 1162 3504 1236 relegi
3536 1164 3692 1229 fecit,
3712 1169 3761 1217 et

2122 1256 2195 1310 ab
2226 1255 2503 1311 omnibus
2535 1259 2925 1311 consonanter
2953 1260 3226 1327 suscepta
3261 1257 3402 1310 sunt
3431 1259 3484 1309 et
3515 1259 3759 1324 accepta.

912 1376 1349 1437 llLO'l‘HAHII
1394 1375 1491 1435 ET
1534 1376 1826 1437 KAROLI
1871 1372 2341 1435 CONVENTUS
2385 1372 2595 1435 APUD
2640 1371 3213 1433 VALENTIANAS.

1913 1480 2040 1548 (853
2068 1477 2225 1551 Nov.)

428 1579 724 1637 Sirmondi
753 1583 811 1637 et
840 1577 1057 1649 Baluzii
1087 1577 1373 1649 editiones
1403 1593 1535 1632 cum
1561 1577 1767 1649 codice
1783 1577 1837 1648 2)
1859 1576 1999 1649 bibl.
2024 1592 2142 1649 reg.
2170 1576 2351 1649 Paris.
2377 1595 2435 1632 n.
2460 1577 2601 1632 4638
2622 1574 2862 1631 collatas
2885 1574 3226 1649 repetimus.
3251 1574 3495 1649 Exstant
3514 1573 3757 1649 capitula

356 1655 415 1707 et
445 1652 505 1705 in
534 1650 814 1705 Vaticano
843 1653 899 1704 et
928 1648 987 1721 in
1020 1649 1187 1705 codd.
1220 1648 1397 1721 regiis
1446 1646 1893 1721 Parisiensibus,
1929 1648 2042 1704 fine
2088 1646 2348 1704 carentia
2379 1649 2437 1704 in
2470 1664 2520 1703 c.
2557 1666 2615 1703 n.
2653 1649 2809 1715 1750,
2844 1646 2966 1705 saec
2982 1664 3062 1713 x1,
3084 1646 3276 1718 capita
3306 1663 3408 1702 sex
3440 1646 3497 1700 in
3527 1646 3753 1711 c.2859,

359 1736 491 1778 saec.
524 1739 580 1790 x,
614 1726 669 1776 et
699 1719 1034 1793 apographo
1066 1721 1194 1791 ejus
1231 1719 1536 1776 ch‘artaceo
1568 1737 1625 1774 n.
1658 1720 1819 1775 2419.

358 1819 433 1875 De
471 1819 555 1873 his
598 1817 857 1891 capitulis
915 1833 1037 1888 qua:
1085 1819 1492 1891 subsequuntur
1530 1817 2015 1891 adnuntiaverunt
2044 1819 2091 1884 Β
2196 1818 2247 1872 4.
2282 1818 2361 1873 De
2393 1817 2795 1874 observatione
2844 1815 3024 1888 pacis,
3054 1821 3111 1871 et
3158 1815 3418 1871 cavenda
3462 1815 3755 1886 rapacitate

431 1891 626 1962 populo
657 1888 844 1945 damni
880 1904 1029 1959 reges
1057 1888 1372 1945 Hlothdrius
1415 1898 1466 1944 et
1512 1890 1761 1957 Karolus,
1795 1889 2010 1962 quando

432 1960 640 2033 in’ipso
666 1977 812 2017 anno
844 1962 1244 2033 incarnationis
1290 1962 1514 2017 Domini
1547 1960 1916 2019 convenerunt
1943 1960 2011 2015 ad

362 2032 709 2093 Valentianas
733 2049 834 2106 per
861 2048 1098 2088 mensem
1128 2032 1526 2090 Novembrium.

764 2156 1116 2207 Adnuntiatio
1144 2156 1328 2207 domui
1359 2156 1595 2207 Hlotarii.

2122 1910 2180 1961 et
2211 1906 2588 1980 oppressione
2639 1923 2835 1962 rerum
2883 1894 3415 1961 ecclesiasticarum
3454 1921 3513 1960 ac
3546 1919 3757 1976 paupe-

2124 2012 2277 2051 rum.

2192 2087 2247 2140 5.
2281 2085 2443 2152 Quod
2476 2102 2580 2141 nos
2602 2102 2735 2140 cum
2759 2084 3002 2141 consilio
3024 2083 3290 2141 ﬁdelium
3321 2087 3645 2141 nostrorum
3676 2099 3755 2136 or-

2124 2173 2327 2230 dinare
2358 2173 2651 2243 volumus,
2676 2173 2925 2247 qualiter
2945 2173 3187 2229 honeste
3214 2176 3274 2228 et
3301 2172 3427 2229 sine
3454 2170 3755 2244 indigentia

2124 2264 2184 2318 in
2216 2268 2379 2319 curte
2408 2267 2627 2330 nostra,
2662 2263 2811 2318 sicut
2842 2267 3243 2319 antecessores
3283 2261 3465 2317 nostri
3495 2261 3751 2321 fecerunt,

322 2266 329 2271 ’
430 2264 484 2321 l.
518 2264 599 2320 De
629 2263 830 2320 missis
859 2262 1098 2319 directis
1126 2280 1228 2336 per
1249 2279 1516 2337 regnum,
1543 2267 1609 2318 ut
1638 2261 1890 2336 populus
1921 2280 2017 2336 pa-

302 2364 309 2369 '
360 2369 486 2410 cem
518 2357 575 2409 et
595 2351 891 2425 justitiam
924 2350 1153 2408 habeat.
1191 2353 1267 2409 De
1299 2352 1652 2426 raptoribus,
1686 2352 1756 2407 de
1792 2352 2015 2424 praeda-

358 2442 608 2508 toribus,
634 2442 705 2497 de
734 2439 1064 2496 latronibus
1086 2444 1143 2496 et
1174 2439 1305 2496 aliis
1338 2439 1830 2509 malefactoribus,
1861 2445 1917 2496 et
1945 2441 2017 2496 de

2124 2352 2313 2408 vivere
2343 2352 2661 2425 possimus.
2687 2353 2756 2407 Et
2787 2353 3033 2408 comites
3059 2368 3125 2407 ac
3167 2355 3406 2406 caeteros
3438 2349 3631 2406 ﬁdeles
3660 2365 3756 2404 no-

2127 2444 2280 2496 stros
2314 2442 2724 2508 admonemus,
2747 2446 2811 2496 ut
2840 2439 2952 2512 ipsi
2992 2439 3077 2496 sic
3122 2456 3301 2496 suum
3351 2455 3479 2495 esse
3504 2443 3559 2495 et
3585 2436 3755 2493 vivere

368 2530 645 2589 omnibus
667 2528 941 2602 justitiis.

432 2620 486 2673 2.
522 2617 597 2673 Ut
626 2616 727 2673 ubi
767 2616 1050 2672 missatici
1104 2615 1279 2673 simul
1308 2618 1591 2687 venerint,
1625 2618 1793 2674 missi
1842 2618 2018 2675 simul

362 2705 621 2762 veniant.
654 2705 800 2763 Etsi
831 2706 903 2761 de
948 2722 1063 2762 uno
1095 2722 1272 2779 regno
1320 2705 1381 2763 in
1430 2704 1589 2761 aliud
1640 2712 1741 2763 aut
1783 2707 1854 2763 de
1903 2724 2020 2764 uno

366 2793 665 2859 missatico
714 2793 773 2855 in
824 2792 981 2851 aliud
1028 2793 1308 2868 fugerint,
1359 2793 1535 2853 simul
1584 2811 1683 2852 eos
1732 2796 2018 2853 constrin-

370 2885 531 2956 gant.

443 2974 497 3029 3.
532 2971 605 3030 Ut
634 2971 990 3046 ubicumque
1029 2971 1307 3045 mgerint,
1329 2971 1465 3028 illuc
1496 2972 1793 3030 indiculus
1830 2977 2021 3032 trans-

371 3061 659 3129 mittatur,
677 3065 742 3117 ut
761 3076 955 3118 comes
985 3059 1116 3118 illos
1138 3061 1472 3135 distringat,
1499 3066 1601 3118 aut
1622 3079 1755 3120 cum
1773 3061 1940 3123 alode
1955 3063 2022 3100 ³⁸⁷

372 3153 474 3206 aut
522 3166 626 3256 per
675 3150 1088 3256 quodcumque
1119 3154 1342 3256 potest,
1360 3154 1425 3206 ut
1472 3151 1611 3206 illuc
1660 3151 1933 3220 reveniat,
1967 3157 2096 3256 et:C

339 3237 643 3305 -emendet
673 3238 771 3294 ubi
793 3238 860 3273 ³⁸³
892 3237 1114 3294 malum
1140 3238 1211 3275 35’
1238 3238 1393 3295 fecit.

443 3326 494 3381 4.
518 3326 590 3383 Ut
616 3326 816 3383 missis
836 3327 1302 3395 commendetur,
1329 3332 1393 3383 ut
1409 3327 1625 3384 faciant
1647 3329 1940 3401 jostitias;
1965 3334 2022 3386 et

2127 2529 2421 2596 ordinent,
2447 2529 2696 2602 qualiter
2716 2532 2951 2604 propter
2980 2527 3216 2585 illorum
3250 2528 3651 2584 necessitatem
3679 2525 3755 2580 vi-

2129 2617 2244 2674 cini
2276 2635 2478 2674 eorum
2512 2636 2578 2675 ac
2606 2635 2892 2692 pauperes
2924 2635 3040 2675 non
3072 2618 3501 2690 opprimantur.

2199 2710 2253 2762 6.
2290 2707 2370 2763 De
2397 2708 2707 2765 concordia
2747 2712 2805 2764 et
2852 2712 3058 2764 mutuo
3091 2707 3387 2778 adjutorio
3438 2705 3679 2780 episc0pi
3708 2708 3755 2759 et

2130 2795 2386 2866 comitis,
2420 2798 2492 2853 ad
2516 2796 2778 2870 justilias
2811 2796 3106 2853 faciendas
3136 2799 3193 2851 et
3220 2794 3489 2852 divinum
3518 2793 3754 2850 ministe-

2131 2884 2285 2942 rium
2316 2887 2775 2958 exsequendum.

2200 2978 2256 3030 7.
2294 2981 2368 3031 De
2390 2975 2642 3048 justitiis
2672 2994 2775 3049 per
2792 2975 3097 3048 episcopos
3118 2979 3175 3031 et
3194 2973 3414 3029 missos
3444 2989 3511 3029 ac
3539 2971 3752 3029 comites

2134 3069 2365 3121 nostros
2398 3065 2458 3120 in
2488 3065 2556 3101 37°
2586 3081 2762 3139 regno
2800 3070 2996 3120 nostro
3026 3061 3353 3119 studendis.

2204 3156 2257 3209 8.
2294 3155 2375 3211 De
2423 3154 2605 3227 raptis
2660 3159 2717 3210 et
2775 3153 3185 3229 conjunctione
3244 3150 3751 3208 sanctimonialium

2108 3242 2311 3316 atque
2340 3243 2802 3318 propinquarum
2861 3260 2963 3299 seu
3020 3257 3375 3315 sponsarum
3412 3240 3670 3305 aliorum,
3702 3242 3753 3295 ut

2130 3332 2285 3405 quod
2323 3332 2383 3388 in
2417 3332 2706 3405 praeterito
2748 3335 2941 3389 actum
2975 3320 3085 3400 est,
3112 3331 3442 3387 secundum
3474 3328 3751 3386 consilium

368 3413 419 3472 si
451 3429 564 3472 non
597 3410 855 3484 fecerint,
879 3417 1035 3490 quod
1068 3416 1180 3489 ipsi
1208 3433 1446 3490 pergere
1477 3418 1754 3474 debeatis.

435 3506 489 3561 5.
525 3504 597 3561 Ut
626 3505 675 3562 si
706 3505 1025 3562 necessitas
1064 3504 1237 3561 alicui
1270 3505 1464 3574 fuerit,
1489 3523 1696 3563 omnes
1744 3506 1864 3563 sint
1914 3525 2019 3581 pa—

365 3593 496 3661 rati,
530 3595 825 3666 quomodo
851 3592 1100 3648 invicem
1130 3609 1233 3648 vos
1266 3594 1570 3665 adjuvetis.

2128 3426 2186 3477 et
2206 3422 2499 3493 judicium
2544 3421 2953 3495 episcoporum
2985 3419 3331 3493 corrigatur,
3355 3423 3415 3476 et
3461 3419 3532 3475 de
3578 3421 3752 3475 celero

2129 3510 2485 3567 omnimodis
2515 3515 2807 3567 caveatur.

2198 3600 2251 3654 9.
2286 3600 2446 3666 Quod
2486 3600 2534 3655 si
2568 3599 2789 3672 aliquid
2833 3616 2936 3671 per
2982 3597 3396 3655 necessitatem
3431 3597 3491 3653 in
3523 3592 3751 3653 ecclesiis

2128 3686 2229 3743 Dei
2251 3692 2354 3743 aut
2372 3693 2574 3744 contra
2594 3687 2849 3761 aliquem
2870 3686 3133 3744 ﬁdelium
3156 3691 3496 3744 nostrorum
3518 3686 3749 3745 fecimus,

2127 3776 2237 3833 hoc
2258 3794 2432 3849 quam
2454 3777 2627 3834 citius
2650 3776 3018 3851 potuerimus
3039 3775 3435 3836 libentissime
3457 3771 3752 3832 emendabi-

2127 3883 2281 3922 mus.
2308 3867 2373 3921 Et
2394 3867 2464 3922 de
2484 3871 2689 3923 caetero
2722 3866 2770 3922 si
2801 3866 3018 3939 aliquis
3046 3866 3202 3939 apud
3237 3882 3345 3921 nos
3374 3882 3575 3935 parem
3604 3876 3750 3919 suum

2127 3972 2333 4012 nocere
2354 3954 2619 4023 voluerit,
2639 3956 2745 4011 hoc
2769 3956 3097 4013 secundum
3117 3954 3605 4010 consuetudinem
3624 3956 3751 4008 ante-

2126 4060 2425 4100 cessorum
2456 4049 2787 4101 nostrorum
2823 4044 3078 4100 difﬁnire
3108 4043 3404 4099 volumus.

556 3734 808 3798 Sequitur
834 3733 1174 3785 adnuntiatio
1202 3733 1373 3783 Caroli
1401 3734 1617 3799 gloriosi
1649 3736 1806 3800 regis.

442 3860 492 3914 1.
525 3856 607 3912 De
637 3856 1080 3913 adnuntiatione
1118 3856 1456 3930 episcopali,
1480 3862 1537 3914 et
1575 3860 1645 3915 de
1676 3860 1894 3917 honore
1924 3880 2018 3918 sa-

368 3947 693 4003 cerdotum.

437 4038 492 4090 2.
525 4038 603 4089 De
634 4032 1079 4089 resediﬁcaticnc
1110 4033 1513 4102 ecclesiarum,
1538 4041 1595 4091 et
1635 4037 1706 4093 de
1750 4039 1921 4095 nonis
1951 4058 2018 4096 ac

368 4122 655 4205 decimus'
1362 4132 1377 4141 ’
1854 4188 1859 4191 .
2199 4135 2285 4189 10.
2316 4133 2394 4189 De
2427 4133 2636 4205 placito
2686 4138 2911 4199 nostro,
2942 4137 3000 4190 et
3038 4133 3109 4189 de
3139 4132 3442 4189 communi
3493 4127 3748 4203 adjutorio

437 4214 491 4269 3.
519 4211 600 4267 De
629 4211 1032 4267 observatione
1075 4210 1463 4284 capitulorum
1494 4214 1695 4270 domni
1734 4216 1929 4273 Karoli
1963 4223 2015 4274 et
2125 4226 2328 4278 contra
2356 4221 2769 4291 Nortmannos,
2794 4227 2850 4278 et
2889 4223 2960 4277 de
2998 4220 3407 4279 conlocutionc
3437 4226 3633 4279 nostra
3659 4218 3747 4271 fra-

354 4299 566 4367 ‘dcmni
595 4298 924 4357 Hludowiei
957 4300 1027 4355 de
1058 4299 1341 4357 ecclesiis.
2125 4314 2312 4367 terna.

1341 4401 1630 4463 KAROLI
1676 4403 1726 4463 Il
1774 4406 2240 4471 CONVENTUS
2285 4410 2805 4472 SILVACENSIS.

430 4504 847 4588 Capitula_h§c
869 4504 1355 4588 Sirmopdugope
1385 4507 1812 4588 _coc_ld._'l‘iliani,
1836 4511 2071 4588 2)_regii
2102 4511 2280 4568 Paris.
2315 4515 2475 4581 4638,
2501 4515 2602 4588 31))
2634 4516 2691 4588 S.
2726 4514 3021 4571 Vincentii
3050 4514 3349 4588 Metensis,
3381 4518 3513 4588 tum
3546 4510 3741 4568 Lauda.

358 4575 559 4636 ηθηεῖδ
590 4594 655 4633 ac
686 4575 1431 4667 Bellqyacegsig‘edidéraft‘;
1467 4575 2227 4667 Balqzius'prmteqef‘riusus
2256 4591 2345 4667 est
2374 4575 2473 4667 _30)'
2497 4575 2755 4667 Palatino
2776 4588 2927 4667 etuti)
2956 4586 3119 4667 regio
3151 4575 3344 4667 Paris,
3366 4587 3661 4667 11626,“se‘c.
3689 4594 3740 4667 κέ

357 4665 471 4725 nos
500 4665 630 4704 vero
661 4648 961 4730 codicibus
990 4652 1044 4714 2,
1078 4650 1137 4730 3).
1165 4648 1333 4721 regiae
1365 4648 1807 4730 Paris._Suppl.'_
1825 4656 1940 4706 Lat.
1963 4655 2055 4730 75,
2090 4660 2147 4709 et
2176 4657 2229 4722 4)
2262 4648 2525 4730 Ρειῐυὶδλῃ.
2553 4658 2693 4730 4626
2723 4648 3004 4730 adhibitis
3025 4648 3742 4730 ‘recognovimus._'(‘.odex_2

354 4724 561 4776 coram
592 4735 741 4791 quos
769 4719 1023 4775 vidimus
1054 4719 1217 4791 solus
1247 4719 1751 4791 sacramentorum
1783 4719 2065 4780 formulas
2087 4730 2146 4781 et
2176 4719 2364 4782 totum
2393 4726 2828 4785 missaticorum
2861 4729 2920 4783 in
2953 4730 3066 4783 {ine
3096 4719 3407 4783 recensum
3438 4726 3674 4789 exhibet,
3693 4722 3738 4786 3,

360 4790 534 4872 (certe
566 4789 626 4849 et
651 4791 723 4847 3b
753 4794 813 4871 et
840 4792 931 4872 39)
961 4789 1442 4872 nonnisi-missos
1471 4792 2023 4872 decimi__missatici,
2060 4797 2417 4856 Senonensis
2448 4799 2670 4857 scilicet
2701 4797 2995 4869 nominat;
3029 4801 3204 4856 codex
3234 4801 3266 4854 4
3293 4797 3633 4872 particulam
3659 4792 3743 4848 lit-

357 4864 617 4919 terarum
647 4862 800 4935 regis
830 4863 902 4919 ad
936 4862 1152 4918 missos
1182 4862 1533 4918 directarum
1567 4863 1819 4920 exhibet.

358 4957 678 5035 Sequuntur
716 4960 958 5035 capitale
1001 4974 1129 5035 quae
1184 4960 1281 5035 in_
1304 4961 1420 5035 ipso
1475 4968 1724 5035 anno,_et
1780 4963 1839 5035 in
1876 4964 2012 5035 ipso

428 5028 610 5084 incnse
627 5028 961 5105 Noreinbfio,
978 5028 1211 5105 domata:
1226 5028 1467 5105 Karoliis
1486 5033 1741 5088 consultu
1760 5028 2010 5105 fideliam

355 5106 359 5111 ”
427 5114 654 5154 suorum
690 5101 751 5177 in
787 5100 1129 5177 silvatica?"
1155 5101 1268 5177 (9t)
1299 5102 1486 5177 edidit,
1521 5111 1572 5159 et
1624 5121 1723 5175 per
1760 5100 2009 5177 'regnum

425 5184 588 5227 suum
614 5186 650 5225 α
671 5173 854 5227 missis
872 5172 989 5226 suis
1002 5170 1332 5229 adnuntiari
1350 5180 1402 5229 et
1423 5170 1704 5231 observari
1721 5170 2003 5250 prmiepit,
2190 5180 2252 5237 In
2285 5181 2520 5239 nomine
2542 5188 2754 5240 sanctae
2778 5188 2834 5240 et
2854 5183 3165 5241 individua;
3199 5180 3504 5241 trinitatis,
3529 5174 3736 5236 Karolus

1708 5273 1951 5329 VARle
1992 5276 2408 5336 LECTIONES.

420 5356 491 5438 ³⁸]
523 5353 690 5438 ειιράρ
806 5356 917 5438 ..³⁸⁸
940 5355 1087 5438 φρει
1132 5359 1186 5411 2.
1239 5357 1721 5438 _3°’_m._quod__f.
1754 5366 1825 5438 2._
1887 5363 1957 5438 {7°
1994 5364 2090 5438 de
2114 5369 2170 5422 2.
2247 5368 2312 5403 ³⁷¹
2348 5369 2572 5427 Silvaco
2622 5372 2870 5428 Laudun.
2914 5379 2965 5427 et
3006 5371 3211 5426 Bellov.
3246 5367 3525 5424 Silvatico
3569 5358 3735 5434 reliqui

352 5430 421 5465 ³⁷³
449 5427 715 5502 Capitula
743 5425 975 5483 lotharii
1007 5427 1375 5499 imperatoris
1408 5436 1463 5486 et
1492 5425 1674 5488 karoli
1707 5433 1862 5507 regis
1895 5434 2046 5492 facta
2076 5437 2136 5495 in
2169 5438 2384 5510 palatio
2417 5425 2839 5500 valentinianas
2861 5425 2931 5498 73;
2952 5425 3166 5498 3b.730.

1937 5533 2170 5592 ΝΟΤιΕ.

2190 4967 2281 5023 sed
2307 4976 2357 5024 et
2384 4971 2576 5042 missos
2622 4986 2769 5039 suos,
2809 4972 2954 5026 sicut
2998 4970 3369 5042 subsequitur,
3395 4984 3498 5041 per
3541 4977 3739 5036 regnum

2188 5055 2349 5096 suum
2379 5040 2653 5098 ordinavit
2673 5043 2760 5097 ³⁷³.

358 5580 367 5591 “
426 5599 540 5669 (9|)
572 5597 633 5655 In
668 5613 816 5671 pago
849 5564 1263 5656 Laudunensis
