3828 6204
368 307 487 383 603

1039 304 1374 369 APPEND.
1419 303 1522 367 AD
1569 303 1756 366 SEC.
1803 303 1876 364 X.
1911 339 1951 348 —

2203 302 2304 367 ΗΜ
2317 304 2519 366 ENTA
2567 305 3122 369 DlPLOMATICA.

368 460 500 498 nem
536 441 594 497 in
625 439 881 515 hospitio
909 440 1281 515 suscepisset,
1308 438 1476 513 quasi
1506 438 1650 496 latro
1680 442 1735 494 et
1765 437 2022 493 infidelis
2051 438 2105 506 Α
2137 442 2251 496 tem
2282 444 2345 495 ut
2375 440 2701 496 secundum
2735 441 3244 508 consuetudinem,
3269 443 3456 514 prout
3487 439 3688 497 necessi

360 532 699 603 judicetur;
733 532 872 605 quia
920 531 1067 587 latro
1100 535 1210 598 est,
1239 535 1294 585 et
1327 529 1578 585 infidelis
1611 533 1700 584 est
1731 529 1798 563 3"
1830 531 2030 583 noster

367 626 424 678 et
455 622 840 689 Francorum;
865 625 920 676 et
943 619 1041 694 qui
1067 619 1234 675 illum
1267 619 1544 692 suscepit,
1571 616 1781 673 similis
1806 621 1896 672 est
1920 615 2024 672 illi.

367 713 426 769 Si
459 716 651 768 autem
685 709 906 766 audivit
954 709 1111 783 quod
1144 709 1295 764 latro
1329 709 1555 776 fuisset,
1592 712 1648 762 et
1681 712 1876 761 tamen
1912 723 2028 760 non

367 801 477 858 scit
501 817 603 876 pro
627 801 890 865 ﬁrmiter,
907 800 1180 870 autjuret
1199 797 1360 853 solus
1385 799 1540 869 quod
1568 813 1871 868 nunquam
1891 811 2026 850 eum

367 891 645 957 audisset,
681 906 783 944 nec
817 906 918 962 per
963 887 1288 954 veritatem,
1323 905 1426 941 nec
1479 903 1578 958 per
1629 885 2029 952 mendacium,

365 981 679 1046 latronem;
701 983 800 1033 aut
823 977 896 1033 sit
924 982 1185 1049 paratus,
1205 977 1252 1031 si
1274 975 1368 1030 ille
1386 976 1456 1030 de
1481 973 1783 1029 latrocinio
1806 972 2027 1028 evictus

369 1070 560 1134 fuerit,
589 1073 651 1124 ut
680 1069 747 1102 395
781 1066 1052 1123 similiter
1086 1067 1420 1120 damnetur.

434 1162 488 1212 7.
524 1158 592 1214 Ut
615 1158 849 1230 quando
873 1155 1038 1211 missi
1064 1155 1242 1210 nostri
1269 1155 1554 1209 latronem
1584 1151 2024 1217 forbannierint,

367 1248 473 1303 hoe
507 1252 563 1303 et
594 1247 795 1302 missis
829 1245 960 1300 aliis
991 1250 1046 1300 et
1077 1244 1394 1298 comitibus
1428 1243 1572 1298 scire
1609 1242 1842 1297 faciant.
1881 1241 1946 1296 Et
1978 1241 2024 1294 si

367 1338 436 1392 de
470 1354 584 1392 uno
622 1335 921 1391 missatieo
944 1335 1013 1368 ³⁹⁶
1036 1334 1091 1387 in
1126 1333 1309 1387 alium
1344 1332 1576 1404 fugerit,
1596 1331 1642 1385 si
1677 1332 1732 1385 in
1764 1329 2027 1386 vicinita-

370 1430 482 1481 tem
508 1425 722 1478 venerit
745 1426 831 1488 δοῖ,
857 1440 954 1494 pro
979 1421 1085 1476 hoc
1122 1421 1339 1475 missus
1372 1419 1470 1492 qui
1503 1437 1636 1474 cum
1675 1417 2027 1474 forbannivit

369 1533 485 1571 non
519 1514 776 1570 dimittat
809 1516 870 1566 ut
895 1529 1029 1566 eum
1084 1528 1199 1566 non
1252 1513 1642 1582 persequatur
1672 1514 1729 1564 et
1762 1525 2024 1579 compre-

368 1603 604 1659 hendat.
640 1603 707 1656 Et
755 1601 801 1655 si
853 1599 1087 1672 longius
1139 1598 1351 1670 fugerit
1374 1599 1461 1662 3°“,
1498 1598 1718 1653 missus
1765 1599 1822 1651 in
1855 1598 2026 1668 cujus

369 1691 738 1747 missaticum
764 1688 1056 1761 fugerit,si
1083 1688 1312 1743 alodem
1337 1688 1406 1722 399
1428 1687 1716 1753 habuerit,
1734 1684 1817 1740 illi
1840 1685 2023 1750 tollat,

371 1785 426 1835 et
469 1779 635 1836 illum
689 1776 1051 1850 constringat
1103 1781 1166 1831 ut
1198 1777 1262 1811 “‘0
1293 1775 1454 1843 illuc,
1487 1774 1625 1830 velit
1673 1775 1835 1838 nolit,
1871 1792 2024 1830 reve-

373 1871 493 1926 niat
521 1870 607 1937 ‘0‘,
631 1873 686 1924 et
718 1867 795 1923 ibi
833 1866 1051 1921 malum
1085 1866 1355 1921 emendet
1400 1865 1496 1919 ubi
1545 1863 1686 1919 illud
1725 1869 2025 1936 perpetra-

370 1960 468 2014 vit.
502 1959 567 2013 Et
621 1959 666 2013 si
720 1957 777 2011 in
827 1956 1078 2027 alicujus
1134 1953 1331 2010 villam
1391 1953 1623 2026 fugerit,
1651 1958 1707 2007 et
1739 1953 1864 2025 ipsa
1891 1969 2026 2008 eum

371 2047 751 2114 contenderit,
772 2038 1098 2101 secundum
1135 2045 1286 2117 quod
1319 2045 1378 2098 in
1409 2042 1834 2116 capitularibus
1858 2041 1947 2098 avi
1972 2047 2028 2098 et

372 2137 553 2211 patris
585 2136 767 2193 nostri
802 2135 1088 2207 scriptum
1120 2134 1389 2201 habetur,
1424 2133 1559 2188 inde
1593 2134 1712 2188 fiat.
1747 2133 1815 2188 Et
1847 2132 1895 2188 si
1928 2149 2027 2187 ne-

372 2244 532 2284 cesse
578 2225 774 2291 fuerit,
825 2229 890 2279 ut
931 2223 1167 2295 justitia
1216 2240 1329 2278 non
1379 2222 1715 2295 proteletur,
1751 2223 2028 2278 advocato

373 2315 753 2372 denuntietur
784 2318 848 2368 ut
878 2312 1072 2385 ipsum
1118 2311 1407 2367 latronem
1453 2312 1676 2380 reddat,
1711 2316 1766 2366 et
1797 2327 1895 2366 eos
1927 2309 2029 2383 qui

373 2422 507 2461 eum
539 2402 946 2459 contenderint
974 2401 1040 2436 ⁸⁰²
1071 2404 1400 2472 praesentet,
1435 2405 1498 2455 ut
1541 2399 1796 2455 debitam
1848 2399 2030 2455 disci-

377 2495 598 2568 plinam
625 2493 760 2546 inde
792 2489 1701 2555 sustineant,etemendationem
1734 2489 1867 2544 inde
1901 2506 2032 2543 con-

377 2599 582 2656 gruam
618 2579 852 2636 faciant.
887 2579 1048 2644 Quod
1085 2578 1131 2633 si
1171 2579 1352 2633 facere
1397 2577 1713 2649 neglexerit
1743 2595 1928 2649 usque
1958 2579 2029 2632 ad

380 2671 698 2727 secundam
731 2668 936 2735 vicem,
963 2668 1224 2723 bannum
1258 2666 1616 2722 dominicum
1648 2666 1781 2722 inde
1803 2684 2032 2738 compo-

380 2765 521 2828 nat;
555 2764 610 2815 et
640 2759 724 2816 sic
755 2775 859 2831 per
885 2757 1261 2829 ﬁdejussores
1291 2758 1362 2812 ad
1408 2757 1780 2828 praesentiam
1828 2773 2030 2812 eorum

383 2850 724 2916 deducatur,
758 2851 821 2902 ut
853 2851 910 2902 et
939 2846 1008 2901 de
1043 2845 1160 2914 illo,
1195 2850 1250 2902 et
1281 2847 1352 2901 de
1396 2845 1941 2913 eontradictoribus,
1977 2851 2032 2901 et

380 2939 450 2994 de
483 2939 608 3010 ipso
635 2937 876 3004 latrone,
899 2935 1223 2992 secundum
1257 2935 1411 3007 quod
1445 2951 1624 2991 causa
1653 2933 2029 3006 conjacuerit,

379 3028 462 3084 sic
493 3029 560 3063 ⁴⁰³
589 3029 954 3092 decernatur,
991 3030 1056 3081 ut
1087 3025 1273 3080 caeteri
1309 3028 1529 3081 metum
1562 3024 1832 3080 habeant.

450 3121 502 3173 8.
535 3118 654 3172 Hoc
674 3115 849 3172 etiam
873 3115 1431 3170 commendaverunt
1461 3113 1720 3169 seniores
1742 3113 1946 3180 nostri,
1969 3117 2032 3168 ut

380 3209 429 3263 si
474 3204 815 3278 hujusmodi
867 3203 1289 3272 malefactores,
1337 3203 1489 3258 sicut
1535 3201 1931 3274 praediximus,
1963 3202 2032 3258 de
2065 3185 2108 3251 C

382 3313 498 3352 uno
538 3311 714 3366 regno
744 3293 804 3347 in
835 3291 991 3347 aliud
1043 3291 1319 3364 fugerint,
1349 3290 1621 3347 similiter
1649 3291 1813 3346 missi
1850 3290 2030 3357 illius,

382 3386 452 3441 de
476 3384 646 3456 cujus
677 3398 853 3454 regno
886 3379 1204 3454 fugerit,ad
1223 3381 1368 3436 alios
1402 3379 1690 3436 missosin
1710 3378 1809 3435 illo
1834 3396 2032 3452 regno,

382 3473 480 3529 ubi
512 3471 680 3544 fugit,
715 3471 823 3526 hoc
856 3474 1059 3525 notum
1095 3469 1328 3533 faciant,
1362 3475 1420 3524 et
1456 3467 1536 3523 illi
1571 3469 1733 3524 missi
1769 3485 1867 3523 eos
1897 3485 2033 3524 eon-

384 3562 775 3633 stringant,ut
805 3559 876 3614 ad
911 3557 1052 3614 illud
1085 3575 1328 3630 regnum
1359 3562 1417 3613 et
1448 3558 1516 3612 ad
1549 3556 1679 3612 illos
1710 3557 1922 3612 missos
1953 3574 2037 3613 re-

383 3647 810 3716 veniant-,utibi
837 3647 1106 3719 distringi
1137 3647 1362 3718 possint
1384 3647 1479 3701 ubi
1507 3647 1728 3703 malum
1754 3646 2031 3702 fecerunt.

454 3739 508 3792 9.
545 3744 618 3792 De
642 3736 879 3791 advenis
900 3734 1000 3807 qui
1023 3735 1399 3807 oppressione
1427 3735 1922 3792 Nortmannorum
1949 3733 2036 3790 vel

387 3825 904 3882 Brittannorumin
928 3828 1122 3894 partes
1143 3823 1391 3879 istorum
1425 3841 1736 3896 regnorum
1769 3825 2040 3898 confuge-

389 3918 549 3980 runt,
583 3915 921 3968 statuerunt
951 3911 1212 3967 seniores
1245 3913 1531 3978 nostri,ut
1561 3930 1594 3967 a
1626 3913 1786 3968 nullo
1819 3914 1899 3969 rei
1933 3931 2037 3986 pu-

388 4002 552 4058 blicze
584 3999 852 4055 ministro
881 4016 1316 4073 quamcumque
1339 4000 1672 4056 violentiam
1700 4001 1786 4058 vel
1809 4018 2042 4074 oppres-

391 4092 616 4148 sionem
669 4092 768 4144 aut
815 4087 1173 4143 exactionem
1227 4089 1560 4161 patiantur;
1593 4091 1693 4146 sed
1747 4089 1915 4146 liceat
1957 4091 2040 4146 eis

392 4181 747 4236 conductum
781 4194 955 4233 suum
984 4193 1240 4249 quaerere
1261 4183 1318 4233 et
1339 4178 1769 4246 habere,donec
1799 4184 1900 4236 aut
1928 4179 2039 4251 ipsi

393 4270 635 4326 redeant
672 4268 742 4322 ad
794 4266 919 4322 loca
967 4284 1094 4337 sua,
1128 4272 1229 4322 aut
1273 4268 1532 4323 seniores
1581 4267 1815 4324 illorum
1849 4270 1916 4304 ‘°‘
1944 4285 2043 4326 eos

393 4358 692 4430 recipiant.
723 4355 932 4412 Nullus
954 4357 1021 4391 ⁴⁰⁵
1042 4360 1236 4412 autem
1268 4374 1368 4412 eos
1397 4357 1675 4412 inservire
1707 4362 2041 4430 praesumat,

391 4467 458 4505 eo
490 4448 644 4520 quod
675 4445 800 4502 loco
833 4446 1180 4501 mercenarii
1214 4446 1366 4519 apud
1400 4445 1653 4518 aliquem
1698 4447 2041 4513 manserint,

2139 529 2412 596 evenerit,
2445 530 2519 584 ad
2562 529 2664 586 Dei
2713 530 3016 587 servitium
3076 534 3133 586 et
3191 530 3460 594 illorum,
3509 534 3668 601 atque
3706 533 3753 585 ad

2141 619 2565 675 defendendam
2594 626 2856 676 sanctam
2890 620 3070 678 Dei‘“
3101 619 3418 676 ecclesiam
3450 626 3510 676 et
3537 636 3755 692 regnum,
3781 642 3783 720 ι

2141 725 2345 765 omnes
2371 708 2487 766 sint
2519 711 2851 782 praeparati.
3781 708 3783 780 ἶ

2212 807 2299 862 Η.
2333 807 2601 880 Capitula
2648 813 2844 864 autem
2889 808 2978 863 avi
3029 812 3085 864 et
3129 807 3311 881 patris
3362 805 3557 864 nostri
3587 807 3785 879 quaeinl

2141 897 2495 969 priescriptis
2542 897 3151 962 commemoravimus,
3185 896 3284 969 qui
3333 914 3410 952 ex
3463 897 3653 951 missis
3686 885 3785 951 ρει-λ

2141 986 2279 1042 stris
2313 1004 2426 1041 non
2467 985 2798 1052 habuerint,
2831 991 2888 1042 et
2916 987 3000 1043 eis
3031 988 3098 1021 ⁴⁰⁰
3127 985 3521 1058 indiguerint,
3557 991 3618 1040 ut
3641 1002 3754 1040 com-
3786 1035 3787 1040 η

2142 1076 2324 1131 missa
2373 1093 2474 1147 per
2523 1075 2622 1131 illa
2667 1075 2954 1149 corrigere
3000 1075 3250 1147 possint,
3284 1075 3449 1131 sicut
3494 1075 3553 1129 in
3581 1074 3750 1130 eisdem

2139 1165 2412 1240 capitulis
2462 1167 2725 1236 jubetur,
2783 1167 2872 1232 “°,
2931 1165 3000 1221 de
3059 1165 3274 1222 scrinio
3349 1170 3556 1220 nostro
3628 1163 3697 1217 vel
3733 1180 3754 1216 ι

2139 1254 2484 1310 cancellario
2535 1259 2732 1310 nostro
2784 1253 3090 1327 accipiant,
3145 1257 3210 1309 ut
3257 1252 3676 1308 rationabiliter
3717 1259 3753 1305 ei:

2139 1341 2402 1414 legaliter
2431 1346 2641 1398 cuncta
2672 1342 2965 1416 corrigant
2995 1347 3051 1398 et
3081 1340 3425 1414 disponant.

2214 1442 2296 1495 l2.
2332 1440 2405 1495 Ut
2436 1440 2848 1512 unusquisque
2881 1439 3099 1496 missu
3121 1439 3179 1494 in
3205 1456 3314 1495 suo
3349 1438 3646 1495 missatico
3661 1455 3754 1510 pre

2136 1531 2418 1586 visionem
2456 1529 2688 1599 habeat,
2723 1535 2786 1584 ut
2818 1529 2866 1584 si
2899 1528 3112 1600 aliquis
3143 1529 3212 1584 de
3257 1529 3487 1584 nostris
3533 1527 3752 1583 ﬁdelibus

2139 1637 2239 1692 per
2272 1617 2635 1675 missaticum
2683 1634 2857 1674 suum
2897 1619 2960 1652 ⁴¹¹
3003 1617 3324 1685 transierit,
3364 1622 3471 1673 aut
3499 1616 3575 1671 ibi
3603 1615 3750 1671 consi-

2137 1712 2298 1764 stens
2328 1707 2413 1764 vel
2449 1723 2825 1763 commanens
2877 1707 3116 1779 rapinas
3165 1706 3253 1760 vel
3309 1706 3749 1779 depraedationes,

2060 1815 2104 1880 Β
2136 1803 2238 1852 aut
2261 1797 2401 1852 talia
2421 1795 2642 1851 inlicita
2662 1796 2862 1852 fecerit
2878 1797 2948 1850 de
2969 1795 3186 1868 quibus
3210 1794 3374 1851 Deus
3403 1794 3606 1851 oﬂ‘endi
3624 1791 3749 1856 solet,

2139 1890 2195 1942 et
2225 1885 2477 1960 populus
2509 1903 2611 1958 pro
2643 1885 3018 1958 oppressione
3061 1901 3296 1958 gemere
3323 1903 3338 1951 ;
3374 1889 3646 1956 quatenus
3672 1883 3753 1936 hoc

2138 1975 2434 2032 subtiliter
2460 1980 2516 2030 et
2545 1975 2824 2031 veraciter
2851 1973 3255 2047 investiget,et
3279 1974 3459 2028 nobis
3485 1970 3753 2028 renuntiet.

2139 2064 2392 2135 qualiter
2419 2064 2553 2120 inde
2587 2081 2691 2120 nos
2722 2063 2805 2120 sic
2837 2064 3202 2131 ordinemus,
3224 2067 3291 2118 ut
3324 2079 3436 2119 nec
3467 2063 3752 2134 ipsum,nec

2139 2153 2319 2209 alium
2353 2152 2462 2209 hoc
2493 2169 2664 2226 agere
2691 2152 2956 2209 delectet.

2211 2253 2297 2308 13.
2331 2251 2405 2306 Ut
2429 2249 2596 2307 missi
2615 2249 2674 2306 in
2699 2249 2933 2306 illorum
2957 2249 3273 2307 missatieis
3292 2266 3502 2306 curam
3523 2247 3751 2308 habeant,

2140 2359 2212 2396 ne
2243 2339 2510 2397 homines
2563 2340 2747 2397 nostri
2788 2344 2889 2394 aut
2929 2338 3028 2395 alii
3073 2339 3323 2411 quilibet
3382 2339 3600 2394 vicinos
3644 2351 3751 2390 suos

2141 2432 2392 2501 majores
2431 2429 2518 2484 vel
2566 2429 2823 2484 minores
2870 2433 3131 2499 tempore
3180 2428 3431 2492 aestatis,
3465 2426 3676 2498 quando
3699 2423 3750 2478 ad

2140 2517 2382 2574 herbam
2413 2535 2552 2574 suos
2581 2517 2838 2573 caballos
2861 2516 3122 2582 mittunt,
3138 2515 3225 2572 vel
3255 2521 3523 2589 tempore
3551 2512 3750 2586 hyemis,

2141 2609 2374 2680 quando
2410 2606 3129 2663 marascalcos‘1'illorum
3151 2606 3222 2660 ad
3249 2605 3487 2662 fodrum
3517 2605 3748 2674 dirigunt.

2140 2697 2360 2753 vicinos
2413 2697 2666 2766 majores
2710 2695 2797 2751 vel
2848 2695 3105 2750 minores
3136 2696 3202 2730 “3
3233 2695 3634 2766 depraedentur
3676 2692 3751 2746 aut

2141 2786 2581 2859 opprimant.Et
2611 2785 2661 2840 si
2693 2785 3062 2856 egerint,hoc
3084 2785 3370 2849 etiam,ut
3402 2782 3748 2857 pradiximns.

2141 2874 2419 2932 veraciter
2450 2873 2614 2930 missi
2649 2874 2831 2930 nostri
2881 2873 3252 2945 investigent,
3284 2878 3343 2928 et
3378 2872 3546 2928 nobis
3576 2885 3747 2924 renun-

2141 2964 2306 3031 tient,
2340 2967 2404 3018 ut
2436 2962 2495 3017 in
2529 2963 2757 3019 seniore
2801 2962 2911 3018 hoc
2953 2963 3036 3018 sic
3065 2962 3478 3028 emendemus,
3509 2963 3745 3032 quatenus

2142 3053 2412 3111 homines
2443 3069 2584 3108 suos
2614 3052 2673 3107 in
2707 3055 2992 3124 potestate
3040 3051 3272 3122 habeat,
3305 3056 3363 3107 et
3397 3048 3634 3107 contenti
3663 3044 3753 3101 sint

2146 3141 2378 3206 debitis,
2411 3145 2468 3196 et
2498 3140 2760 3196 indebita
2796 3141 3014 3212 injuste
3046 3157 3161 3196 non
3193 3144 3478 3212 appetant
3504 3140 3582 3192 "‘.

2269 3293 2416 3350 Istud
2443 3301 2848 3348 sacramentum
2867 3292 3141 3365 jurabunt
3170 3294 3382 3349 Franci
3415 3293 3656 3348 homines.

2215 3446 2333 3519 Ego
2360 3444 2456 3500 ille
2489 3443 2891 3511 adsalituram,
2925 3443 3069 3499 illud
3105 3443 3325 3499 malum
3354 3443 3513 3516 quod
3543 3435 3753 3496 scach‘"

2144 3537 2355 3589 vocant
2383 3533 2469 3588 vel
2503 3533 2935 3601 tesceiam,non
2967 3533 3195 3598 faciam,
3217 3549 3324 3588 nec
3357 3537 3428 3588 ut
3458 3530 3596 3586 alius
3621 3527 3751 3584 faciat

2146 3622 2543 3689 consentiam;
2576 3626 2633 3678 et
2664 3622 2711 3677 si
2745 3639 2992 3694 sapuero
3025 3622 3124 3693 qui
3156 3621 3266 3676 hoc
3299 3621 3615 3688 faciat,non
3643 3613 3754 3670 cela-

2147 3713 2249 3768 bo:
2271 3719 2327 3767 et
2357 3728 2531 3783 quem
2564 3710 2682 3766 scio
2715 3709 2813 3783 qui
2846 3727 3001 3766 nunc
3030 3711 3178 3767 latro
3205 3715 3309 3766 aut
3339 3707 3750 3767 scachcatorest,

2146 3800 2311 3857 vobis
2344 3799 2544 3856 missis
2566 3799 2876 3856 dominicis
2911 3817 3025 3855 non
3051 3799 3270 3866 celabo,
3297 3805 3503 3855 utnon
3529 3793 3752 3853 manifes-

2149 3894 2286 3945 tem.
2323 3889 2417 3946 Sic
2451 3906 2542 3944 me
2573 3889 2727 3945 Deus
2758 3890 2994 3960 adjuvet
3025 3893 3081 3944 et
3109 3889 3232 3944 ista
3263 3888 3543 3961 reliquiae.

2367 4042 2510 4098 Istud
2539 4049 2943 4097 sacramentum
2963 4041 3236 4114 jurabunt
3263 4042 3581 4098 centenarii.

2222 4185 2340 4256 Ego
2362 4181 2459 4239 ille
2490 4181 2874 4239 adsalituram
2907 4183 3153 4252 ‘“,illud
3187 4183 3414 4240 malum
3447 4183 3592 4258 quod
3619 4174 3753 4235 scach

2153 4275 2218 4310 “7
2244 4277 2454 4328 vocant
2500 4272 2588 4327 vel
2632 4271 2928 4337 tesceiam,
2965 4291 3077 4328 non
3129 4273 3361 4340 faciam,
3399 4290 3500 4330 nec
3546 4275 3600 4327 ut
3639 4265 3753 4323 alius

2154 4363 2329 4419 faciat
2351 4359 2744 4429 consentiam;
2771 4365 2827 4417 et
2847 4362 2896 4418 si
2929 4379 3176 4434 sapuero
3208 4364 3304 4436 qui
3341 4363 3453 4420 hoc
3483 4361 3754 4422 faciat,non

2154 4450 2452 4508 celabozet
2486 4466 2659 4522 quem
2693 4449 2813 4506 scio
2845 4453 2943 4522 qui
2979 4468 3135 4506 nunc
3163 4451 3311 4507 latro
3345 4458 3448 4508 aut
3477 4447 3758 4507 scacbcator

395 4555 498 4594 nee
520 4553 760 4593 censum
784 4539 885 4590 aut
915 4536 1202 4590 tributum
1235 4535 1480 4608 exigere.
1503 4537 1662 4601 Quod
1689 4536 1734 4590 si
1757 4537 1824 4571 ⁸⁰⁶
1854 4536 2046 4590 inven-
2076 4556 2122 4622 Ι)
2157 4543 2265 4605 est,
2282 4538 2444 4593 vobis
2469 4537 2670 4593 missis
2689 4538 3002 4594 dominicis
3027 4557 3141 4595 non
3165 4539 3467 4607 celabo,ut
3489 4555 3592 4595 non
3616 4529 3758 4589 mani-

395 4633 490 4682 tus
521 4624 696 4681 fuerit
725 4642 791 4680 ex
819 4625 898 4679 rei
930 4623 1170 4696 publica:
1202 4623 1491 4680 ministris
1533 4629 1636 4680 aut
1665 4624 1795 4680 aliis
1823 4627 1887 4658 “’7
1921 4626 2046 4697 qui-

2159 4627 2468 4684 festem.Et
2489 4627 2559 4682 de
2581 4627 2817 4683 Francis
2839 4627 3181 4686 hominibus
3212 4629 3270 4684 in
3305 4630 3418 4686 isto
3449 4626 3692 4685 comitatu
3715 4620 3758 4672 et

395 4714 649 4771 buslibet
679 4717 881 4769 contra
910 4713 1020 4768 hoc
1053 4713 1286 4786 pietatis
1337 4717 1692 4786 praeceptum
1736 4715 1922 4770 facere
1949 4717 2050 4770 aut
2158 4717 2217 4772 in
2243 4733 2369 4772 meo
2395 4715 2718 4772 ministerio
2740 4719 3252 4774 commanentibus
3277 4719 3504 4776 nullum
3524 4709 3756 4771 recelaboy

399 4805 625 4872 fecisse,
657 4803 920 4858 bannum
951 4802 1314 4859 dominicum
1341 4803 1546 4884 exinde
1571 4808 1905 4875 componat.

2161 4809 2448 4878 quantum
2500 4805 2789 4860 recordari
2850 4811 3116 4876 potuero,
3146 4811 3210 4862 ut
3240 4824 3342 4879 per
3373 4809 3590 4863 brevem
3632 4794 3758 4854 vobiB

472 4894 555 4948 10.
593 4892 665 4946 Ut
695 4891 970 4946 omnibus
1001 4891 1398 4957 denuntietur,
1422 4882 1676 4962 qualiter
1706 4891 1903 4947 cuncti
1934 4891 2053 4948 sint
2161 4893 2361 4949 missis
2392 4892 2702 4948 dominicis
2734 4911 2850 4948 non
2884 4893 3385 4952 manifestem.Sie
3413 4911 3501 4951 me
3531 4893 3664 4949 Deus
3688 4882 3761 4939 ad-

401 4979 708 5053 praeparati
741 4980 808 5035 ad
845 4996 1281 5053 quamcumque
1306 4980 1710 5036 necessitatem
1742 4980 2054 5038 imminen-

2153 4983 2323 5054 juvet
2351 4986 2408 5037 et
2437 4981 2564 5038 ista:
2596 4981 2876 5055 reliquiae.

1764 5125 2004 5182 VARIJE
2043 5125 2345 5182 LECTION
2350 5125 2457 5181 ES.

475 5239 544 5272 39‘
572 5237 715 5292 deest
745 5238 797 5291 3.
874 5238 942 5272 39"
971 5242 1073 5292 aut
1099 5241 1151 5292 2.
1229 5241 1296 5274 396
1329 5257 1386 5293 u.
1436 5239 1905 5296 transmissatico
1951 5246 2004 5298 2.
2083 5243 2150 5277 39"
2181 5240 2448 5297 venerint
2475 5244 2529 5295 2.
2606 5242 2674 5276 ³⁸⁸
2707 5242 2880 5299 fuerit
2907 5246 2959 5298 2.
3037 5243 3106 5279 3”
3135 5242 3372 5299 alodum
3414 5244 3690 5299 constanter
3717 5230 3755 5280 2-

405 5309 558 5389 ‘f?_et
588 5312 652 5389 u_t
683 5307 718 5389 i_.
752 5309 806 5389 3.
883 5310 945 5343 ⁴⁰¹
969 5310 1177 5389 redeat
1191 5314 1260 5389 Δ2.
1292 5312 1414 5389 _‘°’_
1433 5312 1860 5389 contenderunt
1887 5317 1940 5389 2A.
1989 5313 2388 5389 “°3_deest_2.__
2417 5312 2718 5389 “ﬁcorum
2749 5317 2803 5370 2.
2856 5314 3186 5389 “°‘_Nullus
3232 5331 3404 5389 usque
3449 5299 3758 5389 exigerent!!!“

404 5381 546 5456 didit
580 5380 1143 5456 _Baluz.t'us,__desunt
1188 5384 1239 5456 2.
1290 5383 1443 5456 3.711.
1522 5384 1589 5417 ‘0“
1619 5383 1779 5456 Quod
1833 5385 1931 5456 qui
1981 5385 2034 5438 3.
2090 5386 2140 5440 4.

2218 5385 2283 5418 ⁴⁰⁷
2317 5382 2468 5438 alius
2493 5385 2546 5440 3.
2623 5385 2690 5419 ⁴⁰⁸
2739 5402 2786 5440 s.
2840 5386 2898 5441 d.
2942 5385 3137 5442 desunt
3184 5389 3236 5441 2.
3303 5371 3385 5421 ’⁸⁸³
3412 5371 3615 5442 οἱεάὅω
3651 5377 3693 5431 3-
3717 5371 3755 5424 ‘-

405 5455 473 5488 ⁴¹⁰
503 5453 750 5536 habetur
894 5451 972 5540 l‘.“
1003 5451 1147 5540 deest
1178 5455 1229 5506 2.
1303 5454 1374 5540 .“9
1407 5445 1938 5540 mares-ealcho‘s'z-
1999 5456 2067 5491 ⁴¹³
2097 5456 2288 5540 desunt
2316 5457 2369 5510 3.
2396 5457 2456 5538 ,4.
2478 5527 2488 5540 Ι
2507 5528 2515 5538 ⁸
2535 5455 2602 5490 ⁴¹⁴
2631 5457 2847 5540 reliqua
2878 5460 3084 5527 omnia,
3107 5465 3328 5530 excepta
3359 5457 3644 5515 recensione
3660 5445 3757 5540 ml};

405 5542 590 5607 sarum
622 5526 679 5579 in
713 5525 990 5607 missatt'co
1019 5522 1245 5607 declian
1279 5524 1470 5607 desunt
1502 5527 1557 5579 in
1588 5528 1640 5580 3.
1676 5527 1880 5607 3o._3c.
1920 5529 1966 5607 4_.
1999 5527 2254 5607 godeagﬁ.
2282 5527 2541 5607 capitulis
2569 5515 2946 5607 superioribus
2961 5515 3349 5607 [momentum
3377 5527 3607 5602 epistolae
3633 5515 3760 5585 "9‘3

409 5597 476 5652 ad
501 5598 694 5653 missos
723 5595 946 5667 subjicit
975 5594 1116 5667 quod
1147 5596 1297 5664 infra
1329 5598 1643 5665 referemus.
1721 5598 1788 5632 ⁸¹⁶
1818 5597 1977 5654 siach
2009 5603 2062 5654 2.
2143 5599 2212 5634 ⁵⁸⁸
2243 5594 2594 5655 assalturam
2627 5594 2680 5654 2.
2760 5601 2826 5636 ⁴¹⁷
2857 5594 2999 5658 scab
3030 5594 3084 5658 2:
