1914 3102
41 174 87 206 621
533 175 774 207 FRANCORUM
798 175 933 206 REGUM
957 176 1230 206 CAPITULARIA.
1672 178 1731 207 692

42 237 158 270 cundum
169 242 213 269 vel
223 242 341 270 tertium
352 242 492 278 placitum
503 251 622 270 causam
632 241 801 269 deliberent.
811 241 853 269 ln-
868 243 895 275 Α
910 243 938 270 ct
954 242 1029 269 ultra
1055 242 1102 269 ille
1127 243 1175 278 qui
1193 242 1338 279 quaesierit
1348 243 1381 261 ⁵⁷⁸
1395 244 1501 272 tacitus
1513 244 1547 262 ‘7’
1561 243 1598 272 de
1616 243 1732 273 servitio

41 289 78 314 ter
90 286 226 323 placitum
249 290 277 314 et
298 287 439 323 placitum
457 287 516 315 sint
526 287 557 305 ⁸η
575 286 637 314 dies
663 287 710 320 15;
737 286 853 313 tertium

40 340 96 359 vero
107 331 222 367 quando
234 340 331 359 comes
342 331 481 367 placitum
493 331 664 364 habuerit,si
676 331 750 358 infra
762 339 852 358 unum

40 377 199 404 comitatum
229 379 282 409 est,
299 376 359 404 sint
390 376 452 404 dies
469 377 503 404 l5
520 377 563 409 ⁵⁷³,
588 376 633 403 sin
644 376 678 393 ⁸⁷³
702 377 799 403 autem
824 375 853 402 in

39 420 129 455 alium,
140 421 198 448 sint
210 421 274 449 dies
283 422 319 448 20
327 421 371 448 ‘7‘.
384 421 418 448 Et
429 420 454 449 si
468 420 497 448 in
515 420 579 448 istis
589 421 622 438 575
634 420 727 447 tribus
738 419 854 456 placitis

39 466 91 501 ipse
105 465 151 501 qui
168 465 274 501 quaerit
287 465 385 493 venire
402 464 621 501 contempserit,
638 464 809 500 antepositis
820 465 854 482 ⁶Ἲ⁶

39 518 92 546 qua:
107 510 242 546 superius
254 510 520 545 anteposuimus,et
534 517 631 537 comes
648 509 788 545 placitum
805 508 854 536 ha.

38 554 130 588 buerit,
142 554 191 581 ille
206 562 335 590 namque
350 554 426 583 alius
439 563 504 582 cum
519 554 580 582 suis
591 554 717 581 testibus
732 555 852 589 paratus

38 599 123 632 fuerit,
134 603 204 626 tunc
220 607 319 627 comes
335 599 414 635 ipsos
438 601 528 627 testes
551 598 673 634 recipiat
688 600 715 625 et
730 606 849 625 causam

37 644 64 661 ⁶⁷τ
74 643 282 679 deﬁniagvelut
294 643 318 671 si
333 643 397 680 ipse
409 643 460 680 qui
471 643 576 680 quaerit
591 651 719 679 praesens
735 642 848 677 fuisset,

910 286 989 314 illius
1005 289 1183 322 permaneat.

946 331 961 357 li
978 331 1021 358 εεο.
1034 331 1215 360 Previdimus
1231 333 1267 360 de
1286 332 1406 366 Judmis,
1419 334 1451 359 ut
1473 332 1573 360 nullus
1597 332 1673 360 infra
1687 341 1734 360 re-

908 383 999 411 gnum
1015 375 1148 403 Italicum
1165 376 1242 404 ultra
1257 376 1402 405 Kalendas
1418 376 1551 404 Octobris
1567 379 1693 410 maneat,
1705 379 1734 404 et

908 420 994 448 modo
1010 420 1052 448 eis
1067 420 1257 449 denuntietur
1271 424 1302 449 ut
1312 429 1415 449 omnes
1431 430 1524 457 usque
1541 422 1576 449 ad
1592 421 1732 457 placitum

907 463 979 491 illud
996 467 1098 492 exeant
1113 466 1162 493 ubi
1178 465 1333 499 voluerint,
1350 466 1413 494 sine
1427 465 1517 494 ullius
1532 465 1734 493 contradictio-

908 517 953 536 ne.
965 509 1046 541 Quod
1063 509 1086 537 si
1102 512 1167 545 post
1181 510 1324 538 Kalendas
1337 510 1469 538 Octobris
1481 511 1587 547 aliquis
1598 511 1733 538 inventus

907 554 1004 587 fuerit,
1018 562 1034 581 a
1050 553 1286 590 quibuscumque
1310 554 1517 591 comprehendi
1541 557 1645 591 potest,
1663 563 1729 583 cum

907 598 986 625 omni
997 598 1162 626 substantia
1172 599 1203 616 ⁶⁸¹
1219 607 1273 627 sua
1289 599 1324 627 ad
1337 602 1468 628 nostram
1481 599 1644 627 deducatur
1659 608 1729 635 pra:-

905 641 978 669 senti
983 650 1028 670 am
1034 663 1040 669 .

408 729 635 760 llLUDOWlCI
658 729 685 759 ll
708 726 974 759 IMPERATORIS
996 728 1347 759 CONSTlTUTlONES.

649 796 711 830 (An.
728 794 790 822 856.
806 794 918 827 Martio,-
934 795 1060 822 Mantw
1069 796 1097 828 ?)

65 858 188 895 Capitula
203 859 232 886 in
250 858 400 899 codicibus
418 857 688 899 Blanlicnburgensi
706 859 732 898 et
748 856 903 899 Parisiensi
919 856 1050 899 pr‘oxim‘e
1066 859 1131 898 post
1145 857 1449 899 constitutionesann.
1462 857 1647 899 855_sc_r_ipta,
1663 865 1729 899 cum

37 896 66 922 ad
80 892 139 923 eam
157 897 334 923 conventum
351 902 408 921 non
426 893 599 930 pertineant,
610 892 646 920 ut
659 902 693 921 ex
708 892 896 930 inscriptione
907 892 1015 930 codicis
1029 892 1201 930 Parisiensis
1216 895 1244 930 et
1259 901 1292 930 ei:
1303 893 1401 930 capite
1416 894 1544 930 secundo
1556 892 1654 922 Missis
1664 894 1731 930 dato

38 933 143 963 constat,
155 930 276 958 cuinam
292 929 399 966 placito
410 928 555 966 ascribam
575 929 681 966 nescio.
696 928 753 956 nisi
769 928 1003 966 fortasseprimg
1026 930 1092 966 post
1109 928 1237 966 Lotliarii
1262 929 1374 957 obitum
1389 938 1407 957 a
1422 929 1566 957 Ludovico
1581 938 1647 957 vere
1661 929 1731 958 anni

38 968 80 1004 $56
91 967 210 994 Mantua)
229 968 276 1001 (ut
290 963 325 993 ex
338 965 497 1001 diplomate
513 965 657 993 Veneticis
673 973 810 992 concesso
827 964 969 999 conjicere
983 963 1059 999 licet)
1076 963 1184 991 habito.

38 1037 85 1065 Illio
106 1042 220 1073 tempore
245 1036 335 1064 dictus
348 1037 382 1053 ⁶⁸²
396 1037 585 1073 serenissima;
607 1036 744 1070 Augustus
770 1035 847 1062 insti—
864 1036 887 1068 Β
939 1034 1101 1062 3.Utmissi
1114 1035 1205 1063 nostri
1218 1043 1270 1071 per
1281 1036 1412 1072 singulas
1420 1036 1550 1063 civitates
1559 1044 1729 1064 mensuram

250 1077 327 1100 tuere
343 1072 470 1108 prwvidit
484 1072 615 1108 capitula.

41 1140 44 1142 -
66 1127 123 1153 1⁵⁸³.
133 1127 161 1155 Si
173 1126 316 1162 quislibet
327 1125 483 1162 episcopus
491 1124 619 1153 abbavel
634 1133 730 1152 comes
744 1124 772 1152 in
785 1133 848 1160 pro-

39 1170 89 1206 pria
98 1171 159 1198 sede
169 1171 213 1199 vel
226 1171 334 1198 domos
343 1172 394 1197 aut
402 1170 471 1197 villa
481 1169 599 1203 residet,
608 1169 743 1197 homines
754 1168 847 1205 ipsius

39 1215 248 1251 depredationes
262 1215 391 1249 fecerint,
401 1223 511 1242 messes
521 1214 563 1242 vel
576 1216 659 1250 prata
669 1213 847 1242 defensionis

39 1262 147 1295 tempore
162 1259 387 1293 devastaverint,
402 1262 429 1287 et
452 1259 505 1287 hoc
526 1259 675 1294 cognitum
693 1259 802 1293 absque
813 1259 847 1275 εει

40 1304 129 1339 injusta
149 1304 291 1332 dilatione
307 1312 365 1331 non
384 1303 592 1337 emendaverit,
609 1306 636 1331 et
652 1303 752 1330 factori
777 1311 844 1331 con-

39 1347 109 1384 digna
123 1348 314 1385 castigatione
329 1356 397 1375 nom
417 1348 601 1384 imposuerit,
615 1347 711 1383 ipsum
734 1347 845 1375 malum

40 1395 63 1418 ut
71 1391 107 1420 lex
117 1395 158 1421 est
168 1393 328 1420 emendare
339 1394 469 1428 cogatur,
482 1394 509 1419 et
520 1392 639 1427 insuper
650 1392 846 1428 quadraginta

39 1436 87 1463 dies
99 1439 124 1464 et
139 1440 236 1466 noctes
254 1446 271 1464 a
286 1437 353 1464 vino
367 1439 396 1464 et
410 1444 495 1464 carne
511 1437 667 1464 abstineat.

64 1483 85 1508 2.
101 1481 148 1509 Per
160 1482 236 1510 viam
256 1490 373 1517 quoque
388 1482 424 1509 ad
440 1481 582 1517 palatium
599 1481 718 1508 veniens
736 1483 786 1507 aut
801 1488 844 1508 re-

39 1524 104 1553 diens
117 1526 291 1562 cuicumque
306 1525 441 1553 homines
458 1525 590 1561 rapinam
608 1524 737 1557 fecerint,
753 1526 781 1552 et
796 1533 844 1552 co-

39 1570 102 1605 gnito
114 1571 208 1598 statim
220 1579 280 1598 non
293 1570 499 1604 emendaverit,
512 1572 540 1597 et
551 1569 651 1597 factori
669 1569 844 1605 condignam

40 1615 237 1651 castigationem
254 1624 312 1643 non
324 1615 498 1651 inposuerit,
508 1615 607 1642 omnia
617 1623 673 1650 que
684 1616 767 1650 rapta
776 1615 846 1641 sunt

40 1661 63 1685 ut
80 1659 123 1687 lex
141 1663 183 1688 est
207 1660 366 1688 emendare
382 1661 512 1696 cogatur,
530 1661 558 1687 et
581 1658 702 1695 insuper
725 1658 846 1694 triginta

41 1702 88 1731 dies
101 1707 126 1732 et
140 1713 240 1733 carnes
259 1707 287 1732 et
302 1713 318 1732 a
334 1704 399 1732 vino
415 1704 570 1732 abstineat.

66 1748 87 1775 3.
103 1749 220 1785 (Reliqua
235 1749 421 1783 exciderunt.)

250 1793 380 1830 Capitula
395 1794 486 1821 missis
499 1793 562 1821 data
569 1793 613 1820 ⁸⁸⁵.

68 1836 88 1864 1.
101 1837 134 1865 Ut
148 1838 301 1874 inquirant
316 1838 351 1865 de
366 1837 489 1874 singulis
504 1837 691 1865 monasteriis
706 1837 749 1865 vel
765 1845 846 1865 sene-

41 1880 141 1915 dochiis,
157 1882 285 1919 qualiter
300 1890 317 1910 a
331 1882 532 1910 conditoribus
554 1882 688 1909 ordinata
706 1883 785 1915 sunt,
800 1881 843 1909 vel

41 1927 163 1959 quomodo
178 1936 259 1955 nunc
286 1929 485 1963 permaneant,
502 1929 529 1954 et
548 1935 564 1954 a
580 1926 688 1962 quibus
712 1926 846 1962 personis

41 1968 210 1999 detineantur.

64 2015 87 2041 2-
98 2015 133 2043 De
149 2016 275 2044 monetis
290 2015 465 2052 inquiratur,
479 2024 537 2051 qua
547 2016 680 2044 custodia
693 2016 846 2044 observan-

44 2059 88 2091 tur,
97 2060 136 2087 vel
151 2069 207 2096 qua
226 2061 331 2088 fraude
348 2060 496 2094 vitiantur,
510 2062 538 2088 et
553 2069 569 2088 a
582 2060 689 2096 quibus
713 2060 847 2096 personis

42 2100 84 2130 hoc
97 2108 290 2141 perpetratum
306 2105 353 2138 sit,
366 2108 395 2133 et
409 2106 521 2133 noviter
536 2114 552 2132 a
566 2105 650 2133 nobis
661 2105 795 2133 instituta
805 2105 847 2132 in-

43 2149 133 2176 stanter
140 2150 172 2168 ⁶⁸⁶
183 2149 306 2187 ﬁgurari
318 2149 525 2186 precipiantur.
534 2150 741 2178 Verumtamen
754 2158 848 2186 usque

44 2192 116 2220 missa
129 2195 218 2222 sancti
235 2194 382 2223 Johannis
398 2194 551 2222 denarium
566 2196 736 2231 argenteum
748 2196 776 2222 et
791 2203 847 2221 non

45 2235 147 2266 fractum
158 2240 373 2275 cujuscumque
384 2241 506 2267 moneta
519 2238 684 2275 recipiatur.
696 2238 849 2274 Rejcctori-

45 2279 86 2307 bus
96 2285 185 2311 autem
193 2284 279 2320 juxta
290 2283 450 2319 capitulare
462 2283 614 2319 castigatio
627 2283 849 2316 adhibenda,vel

43 2324 69 2350 60
77 2326 175 2356 solidos
186 2328 403 2365 componat,vel
416 2328 538 2356 totidem
551 2328 627 2355 ictus
638 2327 772 2364 accipiat.
786 2328 848 2355 Fal-

43 2371 135 2399 satores
147 2380 212 2400 vero
229 2375 362 2406 monetae,
379 2373 403 2400 si
420 2372 528 2400 inventi
546 2372 663 2406 fuerint,
680 2372 709 2399 in
727 2380 850 2408 praesen-

43 2411 74 2440 tia
86 2418 382 2445 nostradeducantur.

902 1079 1054 1115 antiquam
1070 1079 1230 1115 inquirant,
1243 1083 1271 1107 et
1292 1088 1377 1108 nemo
1394 1088 1489 1116 neque
1514 1088 1610 1108 emere
1634 1089 1730 1117 neque

901 1124 1025 1152 vendere
1040 1127 1199 1160 praesumat
1215 1124 1271 1153 nisi
1287 1125 1323 1152 ad
1345 1125 1440 1161 ipsam
1457 1132 1637 1153 mensuram.

937 1177 963 1204 Ιι.
980 1177 1019 1205 De
1035 1177 1143 1212 usuris,
1163 1186 1218 1214 que
1234 1178 1335 1205 multis
1356 1178 1538 1214 argumentis
1560 1178 1644 1213 fiunt,
1660 1178 1730 1206 dili-

901 1221 1073 1258 gentissime
1092 1222 1260 1258 inquiratur
1275 1231 1291 1250 a
1307 1223 1407 1250 missis
1428 1223 1547 1259 nostris,
1559 1225 1587 1251 et
1601 1231 1668 1251 cum
1684 1232 1728 1251 re-

901 1266 975 1301 perti
988 1266 1097 1294 fuerint
1108 1266 1158 1303 qui
1170 1275 1219 1294 cas
1227 1269 1371 1301 exercent,
1382 1267 1508 1303 propriis
1521 1267 1665 1304 episcopis
1675 1269 1732 1295 tra-

901 1311 1020 1344 dantur,
1033 1313 1064 1338 ut
1079 1311 1135 1339 sub
1151 1311 1267 1347 publica
1282 1311 1452 1347 poenitentia
1468 1311 1648 1348 redigantur.

934 1369 1005 1396 5⁵⁸⁷.
1023 1369 1063 1396 De
1087 1369 1241 1404 judicibus
1270 1369 1445 1405 inquiratur,
1473 1369 1496 1396 si
1528 1368 1683 1398 nobilesm
1699 1372 1729 1398 et

900 1412 1047 1449 sapientes
1064 1416 1091 1440 et
1107 1413 1198 1441 Deum
1220 1414 1359 1442 timentes
1380 1413 1531 1441 constituti
1555 1415 1639 1448 sunt;
1656 1416 1685 1442 et
1694 1415 1728 1432 ⁸⁸³

895 1457 1007 1492 jurent,
1022 1459 1054 1484 ut
1064 1458 1150 1493 juxta
1160 1466 1243 1485 suam
1256 1457 1479 1494 intelligentiam
1492 1460 1568 1485 recte
1579 1458 1725 1493 judicent,

899 1503 928 1529 et
943 1510 994 1537 pro
1011 1502 1185 1530 muneribus
1195 1502 1239 1530 vel
1252 1502 1382 1530 humana
1395 1501 1490 1538 gratia
1500 1502 1649 1538 justitiam
1666 1511 1724 1530 non

899 1549 1065 1582 pervertant
1080 1555 1132 1574 nec
1155 1546 1301 1582 differant,
1308 1549 1335 1574 et
1350 1547 1428 1582 quod
1446 1546 1643 1582 judicaverint
1657 1555 1724 1574 con-

900 1591 1016 1618 ﬁrmare
1032 1599 1086 1618 sua
1096 1591 1312 1627 subscriptione
1326 1600 1382 1619 non
1398 1591 1595 1619 dissimulent.
1608 1591 1661 1619 Ubi
1676 1600 1726 1619 au-

900 1636 957 1662 tem
975 1635 1046 1663 tales
1061 1644 1119 1663 non
1134 1637 1213 1669 sunt,
1226 1644 1242 1663 a
1260 1635 1360 1663 missis
1376 1636 1484 1664 nostris
1497 1636 1724 1670 constituantur,

899 1682 928 1707 et
943 1680 1019 1707 idem
1036 1682 1253 1708 sacramentum
1269 1680 1362 1708 facere
1378 1682 1529 1716 cogantur.
1546 1681 1627 1713 Quod
1644 1681 1668 1708 si
1683 1680 1726 1708 vi-

860 1719 881 1753 C
900 1724 942 1753 les
951 1732 1081 1760 personae
1092 1727 1120 1752 et
1131 1724 1230 1752 minus
1242 1725 1352 1752 idoneae
1361 1725 1396 1752 ad
1408 1725 1462 1752 hoc
1470 1725 1635 1753 constitutae
1646 1727 1726 1757 sunt,

900 1768 1079 1805 rejiciantur.
1096 1768 1238 1797 Similiter
1256 1772 1284 1797 et
1305 1769 1411 1797 notarii
1437 1768 1552 1805 legibus
1575 1769 1682 1797 eruditi
1697 1771 1734 1797 et)

899 1813 980 1841 bonae
994 1813 1141 1849 opinionis
1152 1813 1379 1848 constituantur,
1391 1815 1419 1841 et
1429 1814 1641 1849 jusjurandum
1654 1821 1726 1850 pras—

899 1857 997 1890 beant,
1010 1860 1041 1885 ut
1061 1857 1229 1886 nullatenus
1246 1857 1403 1886 falsitatem
1419 1858 1462 1886 vel
1476 1857 1637 1886 colludium
1654 1858 1725 1886 scri-

899 1902 984 1936 bant;
1002 1904 1030 1930 et
1046 1903 1094 1939 qui
1110 1902 1164 1931 hoc
1180 1903 1283 1931 fecisse
1306 1903 1443 1939 preterito
1459 1902 1588 1940 tempore
1614 1902 1725 1931 inventi

899 1947 1018 1980 fuerint,
1030 1947 1241 1983 praesentaliter
1250 1948 1284 1965 “9°
1299 1948 1486 1976 damnentur.

935 2006 962 2032 6.
979 2005 1014 2033 Ut
1030 2005 1179 2041 inquirant
1203 2005 1425 2042 diligentissime
1451 2005 1534 2034 missi
1559 2005 1650 2034 nostri
1673 2014 1725 2042 per

902 2049 1033 2086 singulos
1050 2050 1276 2086 comitatus,qui
1292 2050 1386 2078 adhuc
1402 2053 1619 2078 sacramentum
1635 2050 1727 2078 fideli-

902 2094 971 2122 tatis
987 2095 1118 2122 nondum
1136 2094 1220 2122 nobis
1237 2094 1443 2130 promiserunt,
1456 2097 1484 2122 et
1499 2094 1667 2130 promittere
1679 2102 1728 2122 eos

903 2138 1091 2175 compellant.
1103 2139 1138 2166 Et
1153 2139 1303 2174 inquirant
1318 2138 1543 2175 diligentissime
1566 2138 1650 2165 missi
1677 2147 1729 2166 no-

903 2182 954 2211 stri
970 2182 1054 2210 villas
1069 2185 1097 2211 et
1119 2185 1224 2215 cortes,
1242 2183 1317 2210 unde
1334 2183 1410 2219 regis
1425 2191 1552 2218 expensa
1567 2182 1729 2210 ministrari

903 2227 991 2256 solita
1017 2227 1065 2261 sit,
1082 2230 1110 2255 et
1125 2236 1142 2255 θ.
1154 2227 1261 2263 quibus
1288 2227 1421 2263 personis
1437 2228 1524 2255 modo
1552 2227 1727 2262 detineatur,

903 2281 955 2301 nec
972 2281 1028 2300 non
1044 2274 1071 2300 et
1087 2281 1151 2308 quas
1166 2272 1195 2299 in
1211 2271 1336 2299 transitu
1353 2271 1452 2300 domni
1469 2271 1653 2308 imperatoris
1669 2280 1728 2300 ser-

903 2318 963 2346 vire
978 2317 1084 2346 debent
1098 2316 1142 2344 vel
1154 2316 1253 2344 missis
1268 2316 1488 2344 transeuntibus
1499 2316 1663 2345 necessaria
1678 2316 1731 2345 mi-

905 2363 1040 2391 nistrare.

939 2418 966 2445 7.
977 2416 1013 2444 Ut
1024 2424 1074 2452 per
1084 2415 1218 2452 singulas
1227 2415 1359 2443 civitates
1370 2414 1520 2451 inquirant
1530 2415 1613 2444 missi
1626 2415 1730 2458 nostri,

698 2479 820 2508 VAerE
839 2479 1047 2508 LECTIONES.

71 2535 100 2553 ⁶’¹¹
114 2536 180 2566 deest
196 2541 227 2566 P.
265 2538 300 2556 δτι
315 2547 339 2566 s.
366 2538 394 2566 d.
422 2538 466 2566 15.
491 2538 562 2566 deest
587 2539 615 2566 in
642 2538 684 2565 BI.
700 2541 728 2566 et
749 2541 781 2566 P.
821 2539 855 2556 ⁵⁷⁸
869 2539 893 2566 si
908 2539 940 2566 P.
978 2538 1013 2555 ⁵⁸⁸
1025 2537 1143 2574 Χνηω.
1181 2537 1214 2574 ⁸πὲ
1229 2536 1321 2574 his}?!
1340 2536 1367 2564 ν.
1384 2535 1482 2574 ῑξηηΕ.
1519 2537 1553 2554 οτθ
1568 2537 1732 2574 anteposito

46 2567 72 2614 ξς
86 2580 101 2598 ει
114 2574 185 2614 quod
205 2577 236 2614 γ.
255 2575 354 2614 ξιιμ-Ε.
380 2575 614 2614 διοςρὶο-έηιὸν.
653 2574 686 2591 ⁸⁷⁷
703 2574 845 2614 recipiant
874 2577 903 2614 et
914 2582 1018 2614 _cau_sa
1038 2573 1188 2614 definiant
1202 2573 1234 2600 P.
1271 2573 1305 2614 f“
1320 2572 1463 2614 quesieri‘t
1486 2580 1562 2614 corr:
1586 2567 1733 2614 que‘sierat

48 2605 81 2646 Βζς
114 2605 145 2646 Ψ
158 2610 245 2646 tacito
261 2611 280 2638 i.
297 2611 374 2646 deis.
391 2618 421 2646 p.
437 2605 469 2636 1⁵.
488 2610 541 2646 77⁸⁵³
555 2611 604 2638 hoc
617 2614 699 2645 caput
713 2605 821 2638 exhibet
835 2609 893 2646 cod.
910 2609 1112 2646 Blankenburg.
1150 2609 1187 2646 ⁶⁸¹ν
1198 2616 1250 2636 vos:
1264 2605 1336 2646 deest
1349 2610 1379 2636 in
1402 2608 1562 2646 codicepsed
1577 2605 1626 2637 αἱιι
1639 2618 1672 2638 ea
1686 2612 1742 2646 agt!

48 2641 202 2680 g‘liqfimilis
217 2645 373 2674 inserenda.
391 2641 401 2646 ’
411 2646 445 2662 ⁸³³
461 2645 573 2673 edictus
589 2654 613 2672 c.
648 2641 686 2662 ’⁵⁸³
699 2646 810 2673 numeri
823 2645 923 2673 codicis
945 2641 1124 2678 Parisienst's,
1139 2645 1188 2680 qui
1208 2652 1282 2671 unus
1294 2645 1353 2672 Iure
1367 2645 1457 2680 capita
1471 2645 1591 2678 exhibet,
1607 2650 1672 2673 sunt
1686 2645 1730 2672 IX.

48 2675 74 2717 ξι
88 2677 128 2717 Kl.
163 2681 196 2697 ⁸⁸⁸
211 2682 307 2717 adque
324 2690 348 2708 c.
387 2681 421 2700 ⁸⁸⁵
439 2681 509 2708 Item
535 2681 591 2708 alia
613 2680 740 2717 capitula
755 2681 839 2709 codex
853 2681 1002 2708 Blankenb.
1019 2679 1091 2707 unde
1104 2675 1160 2717 haec
1172 2680 1300 2717 capitula,
1312 2680 1377 2717 jamr
1395 2675 1487 2717 prima
1501 2681 1567 2717 Vilice
1585 2675 1731 2717 prodeunt.

49 2711 75 2752 ‘1'
89 2713 227 2752 instantur
240 2711 297 2744 οὖα.
336 2717 368 2733 ⁵⁸⁷
384 2718 473 2752 Caput
487 2717 535 2744 hoc
550 2711 665 2744 habetur
688 2718 759 2744 inter
773 2717 912 2744 Hlotharii
936 2717 1005 2751 leges
1030 2717 1060 2743 in
1083 2711 1219 2752 codicibus
1242 2711 1333 2743 Ambit
1349 2711 1419 2743 Flo'r.
1435 2716 1517 2743 Lami.
1536 2711 1612 2742 Vinii.
1633 2719 1732 2742 Vrrmz.

50 2747 91 2788 Est
102 2751 168 2785 apud
181 2752 361 2780 Muratorium
375 2747 435 2788 cap'.
453 2753 496 2779 14.
534 2753 567 2769 ⁵⁸³
583 2754 614 2780 In
629 2752 718 2780 codice
735 2752 882 2780 Vcronenst’
895 2753 940 2780 hic
961 2747 1050 2786 blossa
1066 2761 1074 2778 :
1091 2750 1203 2780 nobiles
1227 2753 1296 2788 sunt
1319 2759 1449 2788 quorum
1469 2751 1620 2788 majorum»
1632 2758 1733 2788 paren-

51 2785 232 2829 tqtqs‘uorpn}
248 2796 333 2817 nemo
350 2785 483 2817 servituti
499 2788 651 2826 subjectus
671 2788 709 2817 sit
731 2796 816 2817 manu
838 2789 935 2818 amuli
949 2785 995 2818 XII
1010 2788 1111 2817 inserta
1126 2791 1174 2818 est.
1213 2787 1247 2806 "9
1260 2785 1342 2817 deest.
1359 2788 1389 2817 in
1402 2786 1459 2816 cod.
1478 2785 1574 2815 Blank.
1613 2785 1646 2804 δίο
1661 2793 1749 2829 prses;

51 2820 156 2850 sentalis
169 2823 257 2854 Ambr.
552 2820 564 2826 ’
1661 2820 1672 2824 “
1721 2820 1742 2856 νξῖ

1846 3000 1899 3082 Α
