3828 6204
350 342 467 403 623

1009 339 1344 399 APPEND.
1397 336 1496 398 AD
1542 337 1729 398 S/EC.
1778 337 1853 395 Χ.
1891 359 1963 378 -—-'
1996 334 2496 397 MONUMENTA
2544 334 3096 397 DlPLOMATICA.

3635 335 3732 395 Gil

353 474 449 531 ubi
474 472 691 547 palatia
711 472 1039 546 antiquitus
1067 472 1304 529 fuerunt
1321 471 1383 507 ⁸⁹¹
1407 468 1493 526 vel
1526 468 1770 543 publica:
1794 469 2004 524 domus
2033 468 2087 535 Α
2189 468 2274 523 40.
2300 468 2372 524 Ut
2409 466 2565 524 idem
2614 467 2779 525 missi
2829 467 3173 542 perquirunt
3219 466 3279 522 in
3329 464 3581 541 singulis
3622 466 3739 522 civi-

352 562 700 636 autiquitus,
732 561 819 618 vel
865 562 1017 618 unde
1048 561 1519 628 continebantur,
1550 558 1639 614 vel
1688 576 1804 631 qua
1833 574 2002 614 occa-
2111 554 2353 623 tatibus,
2395 556 2648 628 qualiter
2702 555 3116 612 canonicorum
3166 556 3286 612 vita
3343 561 3399 611 et
3448 572 3740 612 conversa-

353 652 516 710 sione
546 656 647 708 aut
678 668 711 707 a
742 651 958 724 quibus
989 650 1255 724 personis
1285 649 1371 704 vel
1404 650 1513 704 sub
1546 649 1715 719 cujus
1746 651 2005 719 tempore

354 743 654 798 destructa
680 744 837 807 sunt,
862 745 919 796 et
960 743 1163 797 nostra
1200 737 1544 794 auctoritate
1573 734 1912 808 prmcipiant
1942 739 2007 790 ut

355 829 564 886 amodo
597 828 936 901 quantotius
967 830 1388 884 restaurcntur.
1425 826 1532 882 Sed
1568 830 1624 880 et
1655 825 1724 880 de
1756 823 2006 897 singulis

356 917 788 975 conditionibus
846 935 973 990 quae
1032 918 1102 973 ad
1162 932 1455 971 cameram
1516 918 1777 970 nostram
1806 912 1896 969 vel
1934 912 2005 968 ad

358 1006 567 1063 ﬁscum
597 1006 685 1062 vel
719 1007 792 1062 ad
824 1005 1053 1062 diversa
1081 1004 1298 1078 palatia
1326 1004 1640 1077 pertinent.

429 1097 482 1151 8.
506 1096 578 1151 Ut
608 1096 774 1151 missi
807 1095 992 1151 nostri
1031 1094 1374 1167 perquirant
1420 1092 1479 1147 in
1529 1091 1778 1165 singulis
1808 1089 2010 1146 civita-

358 1183 515 1240 tibus
546 1183 828 1245 beneficia
856 1200 983 1256 quae
1029 1183 1288 1254 antiquis
1336 1181 1699 1255 temporibus
1732 1179 1924 1236 clerici
1955 1182 2012 1236 et

358 1273 569 1329 vassali
604 1273 1081 1346 predecessorum
1111 1276 1443 1327 nostrorum
1477 1271 1809 1326 habuerunt
1834 1270 1904 1304 ⁰⁹²
1922 1268 2009 1324 vel

362 1363 459 1435 qui
492 1381 648 1418 nunc
679 1380 743 1418 ea
771 1362 1042 1427 retinent,
1067 1366 1123 1416 ct
1154 1362 1321 1417 nobis
1348 1360 1702 1416 renuntient.
1729 1358 2015 1413 Similiter

361 1452 675 1508 comitatus
725 1451 1075 1523 pertinentia
1105 1467 1231 1521 quae
1264 1448 1579 1505 comitatus
1626 1464 1740 1503 non
1776 1446 2010 1510 habent,

363 1557 467 1597 nec
498 1557 614 1596 non
654 1543 711 1595 et
755 1557 846 1595 res
896 1538 1157 1595 ecclesiis
1207 1538 1305 1593 Dei
1364 1538 1740 1611 pertinentes,
1773 1539 1851 1621 et.
1886 1534 2011 1591 alia:

361 1645 622 1703 persona:
654 1645 831 1700 quam
867 1632 1119 1684 rectores
1160 1643 1359 1682 earum
1407 1625 1676 1692 retinent,
1711 1623 2015 1696 inquirant

361 1720 417 1772 et
447 1716 616 1772 nobis
650 1716 1003 1771 renuntient.

431 1806 483 1861 9.
511 1805 584 1861 Ut
604 1804 986 1877 baptismales
1006 1804 1285 1873 ecclesiae,
1310 1821 1436 1875 qua:
1462 1819 1565 1875 per
1588 1801 2012 1875 neglegentiam

359 1910 561 1949 eorum
608 1893 710 1966 qui
760 1910 859 1949 eas
909 1897 1239 1949 restaurare
1287 1893 1637 1959 debuerunt,
1666 1889 1951 1963 paulatim
1984 1907 2019 1945 a

363 1999 469 2038 suo
498 1986 654 2037 statu
705 1982 1059 2049 defecerunt,
1091 1980 1394 2053 diligentia
1424 1980 1741 2035 missorum
1791 1983 2017 2035 nostro-

363 2089 492 2127 rum
525 2072 598 2127 ab
630 2072 724 2127 his
757 2072 857 2143 qui
910 2071 988 2125 ibi
1037 2071 1411 2143 baptizantur
1441 2070 1523 2124 vel
1556 2085 1722 2125 sacra
1754 2067 2019 2123 misteria

361 2161 694 2234 percipiunt
724 2160 1039 2216 restaurari
1072 2160 1503 2232 praecipiantur,
1524 2163 1580 2214 et
1611 2157 1901 2213 ministris
1934 2155 2017 2211 rei

363 2241 592 2322 publice
612 2249 1087 2317 comittantur,ut
1109 2248 1209 2302 filii
1233 2247 1489 2304 ecclesiae
1511 2264 1713 2303 eorum
1736 2246 2018 2301 instantia

364 2339 435 2394 ad
468 2355 670 2394 earum
728 2338 1211 2393 restaurationem
1270 2336 1714 2409 compellantur,
1757 2336 2015 2391 decimas

367 2442 600 2499 quoque
632 2426 746 2481 Deo
777 2426 914 2480 dare
945 2424 1161 2481 ibidem
1195 2430 1496 2498 cogantur.

2114 643 2193 700 tio
2234 645 2503 700 ordinata
2552 644 2649 717 sit,
2680 648 2738 701 et
2782 645 2853 701 de
2898 645 3176 702 thesauro
3222 644 3500 713 ecclesiae,
3533 644 3742 717 quid“

2114 733 2247 790 iLde
2288 733 2583 805 perditum
2636 733 2731 801 sit,
2762 732 2852 789 vel
2883 751 2917 789 a
2949 750 3085 806 quo,
3117 737 3221 789 aut
3259 735 3433 806 cujus
3478 738 3742 807 tempore,

2115 825 2171 876 et
2203 825 2396 876 utrum
2429 821 2686 895 episcopi
2721 839 2861 879 suas
2903 822 3102 895 plebes
3139 822 3440 879 ordinatas
3491 821 3746 891 habeant,

2115 915 2173 966 et
2223 910 2274 966 si
2333 914 2535 966 contra
2588 911 3073 967 restaurationem
3132 911 3456 967 distribute
3518 914 3748 978 sunt,ut

2116 1000 2464 1069 emendent;
2492 1004 2550 1056 et
2578 1000 2629 1056 si
2656 1018 2806 1073 opus
2840 1000 3038 1070 fuerit,
3070 999 3239 1056 nobis
3271 1000 3629 1056 renuntient.

2189 1124 2277 1180 Η.
2320 1124 2400 1180 De
2448 1125 2984 1196 depradationibus
3032 1143 3268 1198 quoque
3316 1143 3441 1198 qua
3492 1127 3747 1182 modem

2118 1218 2379 1283 tempore
2410 1213 2703 1269 defunctis
2747 1215 3038 1286 episcopis
3077 1233 3111 1269 a
3139 1214 3384 1270 diversis
3433 1214 3747 1270 hominibus

2120 1304 2284 1357 facta:
2318 1307 2458 1356 sunt
2490 1303 2545 1356 in
2580 1303 2754 1357 rebus
2792 1301 3228 1367 ecclesiasticis,
3262 1309 3330 1358 ut
3368 1303 3465 1375 qui
3500 1320 3602 1357 eas
3630 1303 3749 1357 fece-

2122 1396 2278 1459 runt,
2304 1389 2568 1463 legaliter
2598 1392 2912 1447 emendent
2941 1408 3074 1446 cum
3107 1392 3431 1446 emunitate
3456 1398 3679 1447 nostra.

2193 1506 2280 1561 l2.
2308 1509 2382 1561 De
2413 1505 2732 1561 sceleribus
2752 1506 2821 1541 6"
2841 1510 3014 1578 atque
3041 1505 3389 1562 criminibus
3415 1524 3546 1579 quae
3574 1506 3749 1562 multis

2124 1595 2314 1650 modis
2344 1594 2733 1663 increverunt,
2763 1594 3035 1651 volumus
3066 1600 3131 1651 ut
3159 1594 3463 1668 inquirant
3492 1600 3554 1652 et
3583 1611 3751 1651 emen-

2125 1684 2282 1740 dent.
2309 1682 2595 1739 Similiter
2614 1688 2672 1740 et
2700 1684 2773 1739 de
2804 1683 3337 1756 conspirationibus
3366 1684 3594 1741 nocivis
3613 1685 3754 1756 juxta

2125 1771 2445 1845 capitulare
2473 1772 2805 1828 emendent.
2831 1771 3115 1829 Similiter
3143 1776 3203 1829 et
3230 1773 3303 1828 de
3335 1771 3563 1846 rapinis
3592 1789 3684 1828 seu
3709 1778 3752 1827 et

2126 1862 2197 1917 de
2229 1860 2393 1917 falsis
2414 1861 2683 1925 testibus,
2706 1860 2793 1916 vel
2816 1861 2888 1918 de
2912 1861 3167 1933 perjuris
3186 1862 3255 1897 ⁸⁸⁵
3274 1861 3639 1927 hominibus,
3658 1860 3749 1917 sive

2129 1952 2200 2006 de
2231 1949 2537 2005 monachis
2577 1949 2679 2021 qui
2724 1949 3025 2022 proprium
3075 1949 3347 2005 habitum
3398 1949 3753 2022 reliquerunt,

2128 2045 2185 2094 et
2214 2040 2285 2095 de
2315 2039 2409 2095 his
2439 2039 2539 2110 qui
2571 2037 2865 2095 seculares
2894 2037 2979 2095 vel
3018 2037 3151 2093 laici
3182 2055 3253 2094 ex
3281 2038 3511 2094 clericis
3543 2038 3624 2095 vel
3651 2054 3753 2092 mo-

2128 2128 2332 2184 nachis
2366 2133 2507 2183 sunt
2536 2128 2744 2184 effecti.

2202 2246 2288 2301 13.
2314 2245 2394 2300 De
2423 2243 2531 2299 viis
2562 2248 2620 2300 et
2651 2245 2932 2317 pontibus
2970 2248 3027 2300 et
3064 2243 3276 2300 ceteris
3306 2243 3570 2301 excubiis
3598 2241 3751 2317 publi.

2127 2333 2298 2389 blicis
2334 2338 2400 2388 ut
2428 2332 2764 2405 inquirant;
2805 2336 2863 2387 et
2911 2349 3037 2405 qua:
3092 2333 3395 2406 potuerint
3449 2333 3751 2399 emendent,

2127 2427 2231 2479 aut
2259 2422 2427 2479 nobis
2457 2423 2613 2495 quod
2645 2422 2977 2478 invenerint
3007 2421 3343 2479 renuntient
3363 2423 3455 2478 ⁸⁵⁵.

1002 2604 1456 2667 HLUDOWICI
1501 2603 2037 2666 IMPERATORIS
2082 2604 2469 2665 CAPITULA
2512 2602 3137 2664 ECCLESIASTICA.

1927 2737 2051 2806 (An.
2082 2738 2231 2807 856).

410 2861 710 2918 Habentur
740 2861 797 2917 in
830 2861 1028 2918 codice
1062 2860 1600 2935 Blankenburgensi
1631 2866 1764 2934 post
1785 2861 2041 2935 capitula
2070 2862 2399 2935 superiora;
2433 2866 2490 2917 et
2518 2879 2551 2918 a
2583 2860 2808 2934 synodo
2839 2859 3040 2917 Italica
3061 2860 3337 2918 videntur
3366 2862 3549 2920 fuisse
3576 2859 3726 2917 edita.

441 3016 493 3069 1.
528 3014 742 3082 Primo,
793 3014 1057 3069 omnium
1108 3013 1478 3069 discutienda
1523 3018 1613 3068 est
1651 3015 2018 3069 sacerdotum
2051 3015 2094 3083 C
2133 3012 2544 3081 antifonarius,
2578 3013 3011 3085 baptisterium,
3039 3016 3371 3086 compotus,
3395 3030 3581 3070 canon
3617 3010 3748 3084 peni-

369 3102 534 3170 ﬁdes,
562 3100 810 3174 qualiter
840 3101 1079 3156 credant
1101 3105 1158 3155 et
1187 3100 1333 3156 alios
1364 3101 1598 3156 credere
1618 3101 1894 3173 doceant;
1917 3100 2017 3156 ubi
2129 3100 2408 3170 tentialis,
2428 3101 2792 3174 psalterium,
2812 3100 3076 3158 homeliw
3098 3118 3202 3175 per
3219 3100 3509 3158 circulum
3530 3099 3659 3157 anni
3676 3098 3752 3155 do-

364 3189 627 3262 exempla
684 3189 1063 3262 proponenda
1120 3194 1279 3256 sunt,
1314 3193 1605 3261 quatenus
1665 3207 1698 3244 a
1753 3193 2020 3245 creatura
2129 3191 2362 3246 minicis
2393 3191 2597 3247 diebus
2638 3196 2696 3246 et
2745 3189 2996 3264 singulis
3048 3189 3467 3247 festivitatibus
3517 3199 3750 3263 apta,”

366 3282 593 3335 creator
611 3277 1220 3351 quantulumcumque
1247 3277 1432 3350 possit
1462 3278 1729 3351 intelligi.

437 3369 491 3422 2.
518 3367 1173 3439 Secundo,jubendum,
1191 3372 1255 3422 ut
1284 3366 1467 3423 oratio
1487 3366 1792 3423 Dominica
1819 3367 1879 3423 in
1900 3384 2020 3439 qua

362 3457 562 3514 omnia
593 3456 924 3513 necessaria
952 3457 1223 3513 humanze
1252 3456 1379 3511 vitae
1416 3456 2013 3528 comprehenduntur,

360 3549 419 3603 et
438 3545 778 3618 Symbolum
801 3545 1201 3618 apostolorum
1223 3544 1282 3599 in
1306 3562 1420 3617 quo
1453 3546 1598 3600 fides
1630 3544 1917 3601 catholica
1946 3562 2016 3601 ex

361 3633 589 3707 integro
611 3633 1150 3706 comprehenditur,
1173 3633 1248 3687 ab
1278 3633 1553 3689 omnibus
1585 3634 1866 3703 discatur,
1892 3638 2012 3690 tam

357 3721 538 3777 latine
569 3738 747 3793 quam
798 3720 1098 3777 barbarica
1118 3723 1207 3787 ⁸9⁷,
1230 3726 1296 3777 ut
1327 3723 1481 3793 quod
1534 3740 1631 3778 ore
1683 3724 2009 3795 profitetur,

358 3810 531 3865 corde
562 3810 833 3865 credatur
860 3814 918 3865 et
948 3809 1342 3882 intellegatur.

427 3898 481 3952 3.
516 3897 732 3964 Tertio,
766 3896 1185 3963 intimandum,
1211 3901 1275 3952 ut
1307 3899 1378 3953 ad
1412 3898 1795 3957 salutationes
1826 3918 2013 3957 sacer-

356 3984 582 4042 dotales
622 4002 879 4058 congrue
925 3986 1338 4058 responsiones
1389 3987 1711 4055 discantur,
1746 3990 1844 4047 ubi
1893 4007 2010 4047 non

358 4076 552 4147 solum
574 4073 767 4129 clerici
795 4079 853 4129 et
882 4076 993 4129 Deo
1020 4074 1222 4130 dicatae
1253 4076 1538 4132 sacerdoti
1568 4078 2009 4150 responsionem

356 4162 620 4232 offerant,
646 4164 747 4218 sed
793 4161 986 4218 omnis
1037 4160 1200 4234 plebs
1230 4163 1437 4219 devota
1468 4180 1725 4219 consona
1754 4182 1889 4221 voce
1920 4183 2011 4223 re-

355 4251 643 4325 spondere
676 4252 869 4307 debet.

427 4343 478 4397 4.
514 4343 751 4409 Quarto,
777 4344 841 4395 ut
873 4340 1016 4395 fides
1057 4340 1243 4396 sancti
1274 4340 1580 4397 Athanasii
1622 4359 1655 4396 a
1694 4343 2007 4399 sacerdoti-

354 4430 466 4487 bus
492 4430 771 4498 discatur,
796 4433 853 4485 et
882 4446 949 4484 ex
980 4430 1150 4485 corde
1180 4428 1340 4485 omni
1373 4430 1673 4486 Dominica
1701 4433 1771 4487 ad
1803 4431 2002 4488 horam

354 4519 609 4592 primam
644 4519 938 4575 recitetur.

421 4610 475 4665 5.
510 4609 744 4678 Quinto,
771 4613 836 4663 ut
884 4608 1074 4664 sciant
1120 4607 1261 4681 quid
1296 4608 1414 4664 sint
1442 4613 1874 4666 sacramentum
1906 4611 2007 4665 ba-

352 4697 652 4769 ptismatis
686 4702 742 4753 et
773 4697 1257 4766 confirmationis,
1274 4701 1329 4751 et
1351 4697 1523 4769 quale
1553 4696 1631 4752 sit
1660 4699 2003 4770 mysterium

351 4786 611 4857 corporis
632 4790 689 4841 et
718 4785 1027 4859 sanguinis
1049 4785 1303 4853 Domini,
1332 4786 1627 4858 quomodo
1675 4785 1733 4840 in
1785 4787 2005 4843 eisdem

353 4873 647 4945 mysteriis
675 4874 926 4930 visibilis
959 4879 1226 4930 creatura
1252 4874 1497 4943 videtur,
1512 4878 1566 4929 et
1596 4878 1791 4930 tamen
1813 4875 2010 4931 invisi-

351 4960 486 5015 bilis
519 4961 682 5016 salus
711 4963 780 5017 ad
824 4963 1213 5020 aeternitatem
1247 4963 1454 5018 animae
1499 4963 2006 5032 subministratur,

351 5049 505 5120 quod
542 5048 600 5101 in
636 5047 760 5104 sola
790 5052 903 5105 fide
934 5051 1283 5107 continetur.

420 5137 476 5191 6.
510 5136 701 5204 Sexto,
726 5154 852 5209 qua:
886 5139 1029 5211 ipsis
1073 5139 1478 5196 sacerdotibus
1518 5141 1846 5199 necessaria
1871 5159 2013 5211 sunt

349 5224 422 5285 ad
446 5225 781 5294 dicendum,
796 5225 853 5281 id
876 5232 966 5282 est
986 5229 1477 5307 sacramentarius
1497 5229 1586 5299 ⁸⁸⁸,
1611 5229 2006 5303 lectionarius,

2041 4391 2086 4456 D

2126 3279 2342 3352 quibus
2374 3279 2651 3335 omnibus
2673 3279 2721 3335 si
2746 3296 2930 3335 unum
2953 3279 3204 3335 defuerit
3224 3279 3551 3335 sacerdotis
3572 3290 3748 3333 nomen

2124 3367 2217 3423 vix
2264 3369 2321 3423 in
2371 3385 2437 3424 eo
2496 3368 2807 3424 constabit.
2841 3367 2987 3435 Quia
3030 3366 3196 3423 valde
3254 3367 3581 3440 periculose
3631 3366 3749 3420 sunt

2124 3456 2467 3531 evangelicae
2491 3455 2662 3512 minae
2685 3457 2902 3529 quibus
2922 3456 3139 3512 dicitur
3161 3472 3176 3513 :
3199 3456 3259 3511 Si
3289 3473 3468 3513 oecus
3498 3471 3636 3512 casco
3660 3453 3744 3507 du-

2123 3551 2320 3601 catum
2352 3548 2607 3618 praastet,
2641 3546 2814 3601 ambo
2845 3545 2903 3600 in
2936 3545 3159 3600 foveam
3191 3543 3433 3600 cadunt.

2191 3637 2246 3689 7.
2272 3633 2556 3707 Septimo,
2583 3638 2650 3689 ut
2682 3634 2871 3690 sciant
2899 3637 3167 3706 tempora
3196 3632 3466 3706 legitima
3493 3633 3563 3688 ad
3592 3629 3746 3701 bapti-

2120 3723 2372 3779 zandum
2404 3722 2464 3778 in
2497 3740 2671 3789 anno,
2696 3722 2752 3777 id
2782 3726 2869 3778 est
2900 3722 3145 3779 sabbato
3166 3726 3385 3778 sanctae
3425 3720 3665 3783 Pascha,
3694 3719 3742 3772 ut

2121 3810 2222 3866 illa
2250 3812 2527 3867 triduana
2557 3810 2771 3867 mersio
2798 3810 2857 3866 in
2881 3811 3233 3883 baptismate
3265 3811 3536 3866 imitetur
3558 3806 3746 3863 tridua-

2121 3917 2258 3955 nam
2299 3905 2547 3957 mortem
2596 3899 2828 3956 Domini
2878 3898 3199 3955 clarificata
3244 3897 3674 3963 resurrectione,
3700 3896 3745 3948 et

2118 3988 2335 4046 idcirco
2366 4006 2553 4062 usque
2593 3989 2666 4044 ad
2717 3993 2984 4045 octavum
3031 3988 3187 4044 diem
3237 3988 3369 4061 ipsa
3414 3977 3743 4061 regeneratio

2120 4095 2287 4135 sacra
2317 4079 2388 4134 ab
2429 4078 2589 4134 omni
2621 4077 2836 4151 populo
2868 4077 3189 4133 christiano
3219 4076 3571 4133 celebratur.
3598 4070 3743 4129 Aliud

2118 4184 2250 4223 vero
2280 4170 2513 4239 tempus
2542 4165 2915 4239 baptismatis
2965 4166 3210 4222 sabbato
3242 4170 3450 4223 sancto
3505 4165 3743 4220 Penteco-

2118 4261 2243 4312 sten
2276 4255 2692 4311 celebrandum
2723 4259 2830 4311 est.
2856 4254 2914 4311 Si
2938 4272 3072 4312 vero
3095 4254 3418 4310 necessitas
3445 4248 3741 4326 contigerit,

2118 4339 2279 4401 omni
2310 4348 2566 4417 tempore
2601 4344 2659 4399 in
2700 4343 2959 4417 periculo
2998 4342 3467 4401 subveniendum
3496 4346 3599 4408 est,
3627 4335 3742 4411 quia

2120 4433 2439 4489 necessitas
2469 4432 2561 4488 vix
2600 4433 2776 4489 habet
2802 4432 3013 4507 legem.
3048 4433 3119 4488 Et
3167 4436 3234 4487 ut
3281 4449 3381 4486 vas
3431 4432 3507 4487 ad
3556 4430 3741 4485 fontem

2119 4522 2490 4594 baptismatis
2523 4521 2798 4588 habeant,
2818 4523 2972 4594 quod
2997 4522 3069 4577 ad
3091 4522 3159 4556 ⁶⁹⁹
3188 4519 3449 4594 reliquos
3481 4536 3619 4576 usus
3642 4512 3743 4571 nul-

2118 4611 2350 4666 latenus
2383 4614 2741 4666 assumatur.

2187 4702 2240 4754 8.
2277 4700 2508 4768 Octavo,
2534 4699 3036 4772 pronuntiandum
3060 4703 3168 4765 est,
3196 4703 3260 4754 ut
3291 4699 3482 4755 sciant
3516 4703 3742 4766 tempora

2119 4788 2361 4844 feriandi
2394 4805 2496 4861 per
2534 4805 2774 4857 annum,
2810 4788 2868 4843 id
2910 4794 3000 4845 est
3049 4804 3284 4844 omnem
3339 4784 3691 4843 Dominicam
3717 4793 3745 4830 ιι

2118 4878 2290 4933 mane
2307 4893 2495 4949 usque
2511 4877 2583 4933 ad
2600 4894 2901 4949 vesperam
2918 4878 2991 4933 ob
3008 4876 3441 4933 venerationem
3458 4869 3740 4931 Dominica

2119 4964 2580 5022 resurrectionis.
2605 4965 2924 5022 Sabbatum
2964 4982 3097 5022 vero
3137 4964 3505 5037 operandum
3537 4979 3569 5018 a
3597 4969 3741 5015 mane

2120 5072 2307 5127 usque
2336 5055 2408 5110 ad
2439 5070 2762 5127 vesperam,
2789 5071 2861 5111 ne
2891 5055 2950 5109 in
2973 5053 3277 5126 judaismo
3309 5052 3631 5125 capiantur.
3661 5046 3739 5102 Fe-

2121 5143 2309 5199 riandi
2342 5159 2475 5198 vero
2508 5159 2610 5214 per
2642 5160 2865 5198 annum
2895 5142 2994 5198 isti
3023 5146 3165 5199 sunt
3191 5141 3423 5208 dies,ut
3450 5155 3624 5212 supra
3642 5129 3739 5190 orsi

2121 5248 2329 5290 sumus
2367 5248 2381 5286 :
2430 5230 2653 5288 Natalis
2702 5231 2956 5301 Domini,
2989 5230 3176 5288 sancti
3226 5228 3534 5311 Stephani,
3580 5217 3737 5283 sancti

1700 5366 1944 5424 VARle
1985 5367 2399 5426 LECTlONES.

413 5469 479 5506 σοι
512 5468 731 5525 fuerint
756 5484 900 5526 corr.
933 5468 1169 5524 ruerunt
1198 5483 1248 5523 c.
1325 5467 1394 5504 6”
1423 5468 1739 5530 habuerint
1778 5490 1919 5533 corr.
1952 5476 2287 5534 habuerunt
2329 5471 2446 5530 cod.
2524 5472 2593 5510 ⁸9³

2623 5472 2725 5547 qui
2756 5491 2805 5531 οι
2883 5474 2951 5511 ⁸⁸⁸
2976 5470 3319 5547 ccelestibus
3339 5470 3461 5527 cod.
3482 5467 3599 5547 mm
3626 5477 3734 5537 per-

335 5541 518 5623 juriis
549 5558 598 5597 ο.
673 5542 741 5578 ⁸9⁸
776 5539 972 5623 [finita
992 5538 1419 5623 suntpapitula
1450 5558 1576 5620 quae
1609 5549 1762 5602 retro
1805 5546 1864 5605 in
1909 5565 2152 5607 numero
2182 5551 2321 5603 sunt
2352 5545 2588 5621 scripta.
2621 5538 2737 5603 ὁοά.
2814 5548 2882 5583 "7
2913 5550 2953 5603 ἰ.
2985 5563 3032 5602 e.
3063 5545 3398 5623 germanice.
3476 5541 3543 5577 ⁸⁸⁸
3572 5549 3730 5598 sacra-

342 5611 680 5703 inentorum
712 5613 826 5675 cod.
904 5613 973 5651 “9
1003 5628 1037 5670 a
1066 5611 1183 5670 cod.
