3828 6204
71 326 193 406 se:

1089 337 1585 406 FRANCORUM
1635 338 1906 405 REGUM
1950 338 2498 407 CAPITL’LARIA.

3384 341 3502 408 626

70 470 365 537 Johannis
396 476 790 553 evangelista,
820 475 1227 547 lnnocentum,
1260 482 1459 533 octava
1487 472 1735 543 Domini,
1765 475 1821 543 Α
1852 493 1965 533 non
1999 475 2311 534 celebrent.
2347 475 2508 545 Quod
2532 475 2581 534 si
2614 474 3117 551 fecerint,propter
3147 473 3503 537 inoboedien-

71 567 830 642 TheOphania,Purificatio
855 563 1069 625 saneta:
1102 566 1605 633 Mariae,sanctum
1637 565 1741 621 Pa-

74 658 244 726 schae,
281 658 455 714 sicut
489 657 546 713 in
596 656 894 730 superiore
945 654 1198 729 capitulo
1248 654 1739 728 comprehensum

75 752 175 805 est.
230 747 605 821 Rogationes
654 747 845 803 tribus
891 746 1121 815 diebus,
1170 745 1447 802 Ascensio
1488 743 1739 814 Domini,

70 836 387 893 Sabbatum
422 840 700 892 sanctum
731 835 1126 904 Pentecosten,
1161 834 1348 891 sancti
1368 835 1613 891 Joannis
1643 834 1741 890 ba-

67 925 273 998 ptistae,
306 924 636 981 duodecim
666 922 1349 997 apostolorum,maxime
1379 926 1575 979 tamen
1609 940 1738 978 san-

68 1020 290 1071 ctorum
318 1013 484 1070 Petri
498 1018 553 1071 et
570 1012 864 1086 Pauli,qui
886 1013 1176 1085 Europam
1199 1029 1308 1068 sua
1330 1010 1738 1085 przedicatione

66 1101 599 1169 inluminaverunt,
634 1100 963 1175 assumptio
990 1106 1203 1157 sancta:
1228 1100 1737 1169 Marize,dedicatio

68 1191 250 1248 sancti
284 1189 639 1264 archangeli
672 1189 1288 1258 Michaelis,dedicatio
1310 1190 1738 1262 cujuscumque

72 1280 305 1337 oratorii
336 1298 451 1337 seu
485 1279 800 1352 cujuslibet
815 1279 1001 1337 sancti
1028 1279 1088 1336 in
1110 1280 1283 1351 cujus
1300 1278 1516 1335 honore
1534 1280 1734 1335 eadem

71 1369 311 1427 ecclesia
342 1370 601 1426 fundata
628 1373 736 1436 est,
771 1369 927 1442 quod
975 1367 1182 1424 vicinis
1230 1371 1460 1423 tantum
1516 1366 1735 1423 circum

74 1457 589 1516 commorantibus
636 1456 1019 1514 indicendum
1066 1461 1177 1529 est,
1224 1474 1338 1512 non
1388 1455 1740 1530 generaliter

73 1546 690 1604 omnibuandictum
719 1562 853 1602 vero
876 1544 1173 1617 jejunium
1206 1546 1441 1617 quando
1464 1562 1497 1600 a
1520 1544 1736 1619 palatio

74 1636 153 1693 vel
182 1654 216 1692 a
244 1637 431 1693 domo
465 1635 644 1691 fuerit
690 1632 1126 1702 denuntiatum,
1156 1633 1229 1690 ab
1262 1633 1539 1690 omnibus
1561 1650 1734 1706 gene-

76 1725 263 1781 raliter
290 1725 665 1781 observetur.
692 1722 931 1795 Reliqua
960 1739 1094 1779 vero
1128 1722 1467 1779 festivitates
1498 1740 1600 1796 per
1641 1740 1739 1778 an-

1851 565 1992 621 tiam
2021 566 2427 640 degradandos
2457 583 2519 623 se
2550 566 2755 623 sciant'

1922 655 2009 710 45.
2043 654 2255 721 Quinto
2285 656 2533 723 decimo,
2560 657 2714 729 quod
2749 657 2975 713 decima
3006 675 3134 730 quas
3167 675 3201 714 a
3231 657 3502 717 fidelibus

1849 743 2041 811 datur,
2071 744 2163 800 Dei
2198 759 2411 800 census
2443 745 2837 817 nuncupanda
2867 750 2974 811 est,
3007 750 3064 802 et
3091 746 3220 803 ideo
3252 764 3320 803 ex
3348 747 3501 804 into-

1847 849 1952 905 gro
1982 837 2071 889 est
2099 834 2412 889 reddenda.
2450 834 2632 905 Cujus
2661 835 2835 890 tertia
2862 851 2998 908 pars
3049 837 3374 893 secundum
3405 854 3502 893 ca-

1850 938 2058 978 nonem
2083 921 2427 979 Toletanum
2451 923 2856 996 episcoporum
2881 941 3008 981 esse
3033 924 3345 982 debet.Nos
3366 944 3499 984 vero

1847 1009 1956 1067 hac
1989 1014 2275 1084 potestate
2333 1012 2415 1066 uti
2471 1011 2769 1080 nolumus,
2798 1012 2897 1069 sed
2959 1017 3188 1070 tantum
3229 1020 3499 1088 quartam

1846 1100 2427 1173 partem,secundum
2458 1117 2632 1156 usum
2656 1102 3049 1157 Romanorum
3074 1101 3419 1174 pontificum
3446 1108 3504 1160 et

1845 1188 2272 1245 observantiam
2316 1193 2530 1244 sanctae
2562 1189 2815 1245 ecclesiae
2848 1191 3143 1257 Romanae,
3177 1192 3248 1248 de
3296 1194 3496 1249 eadem

1846 1276 2057 1333 habere
2088 1276 2378 1333 volumus.
2414 1277 2574 1341 Quod
2625 1276 2673 1333 si
2700 1278 2832 1349 quis
2885 1280 3283 1336 contentiosus
3313 1281 3500 1337 inten-

1846 1366 1980 1421 dere
2011 1369 2276 1438 repertus
2304 1365 2494 1432 fuerit,
2549 1366 2666 1421 sive
2716 1366 2963 1423 clericus
3011 1368 3131 1424 sive
3171 1368 3268 1424 ille
3312 1369 3497 1428 laicus

1846 1454 1942 1522 sit,
1976 1453 2388 1511 communione
2437 1453 2779 1526 privabitur,
2828 1459 2887 1512 et
2934 1457 3196 1529 synodali
3249 1474 3499 1516 censura

1845 1542 2286 1615 dijudicabitur.

1922 1634 2006 1688 16.
2042 1632 2211 1687 Sexto
2239 1632 2486 1700 decimo,
2520 1636 2585 1687 ut
2617 1633 3025 1705 unusquisque
3045 1634 3154 1690 hoc
3176 1636 3496 1709 provideat,

1848 1724 1912 1777 ut
1943 1720 2218 1777 mulieres
2249 1722 2319 1776 ad
2355 1721 2538 1776 altare
2570 1738 2681 1776 non
2735 1723 3034 1791 accedant,
3069 1741 3175 1780 nec
3214 1725 3352 1798 ipsa:
3382 1727 3499 1783 Deo

78 1832 227 1876 num.
259 1813 425 1870 sicut
459 1813 649 1870 sancti
682 1809 965 1881 Remedii,
998 1810 1185 1869 sancti
1227 1810 1512 1879 Mauricii,
1549 1811 1734 1867 sancti
1765 1852 1816 1919 Β
1847 1810 2050 1865 dicatae
2084 1809 2143 1865 in
2176 1808 2295 1864 ullo
2341 1809 2668 1865 ministerio
2717 1809 2918 1867 altaris
2966 1812 3500 1873 intermisceantur.

80 1903 128 1919 ιι
195 1902 228 1919 ι·
282 1902 294 1914 ο
630 1906 644 1919 ι
692 1918 701 1919 κ
751 1900 912 1919 ικγὶ-
958 1900 1289 1919 γᾷρμνοκηᾷκ
1340 1918 1367 1919 ν.
1428 1904 1551 1919 .--Α
1616 1917 1681 1919 γ-.
1848 1898 2006 1919 Α---]
2044 1898 2088 1919 -2
2124 1897 2284 1919 _-II_.
2322 1897 2518 1919 ,ιι-..2-
2551 1897 2801 1919 l-_-___l,,
2840 1917 2879 1919 ,κ
2956 1905 2967 1919 ι
3136 1902 3151 1919 1
3226 1904 3236 1914 -
3282 1904 3291 1915 ο
3394 1906 3407 1919 1

80 1902 321 1968 Martini,
346 1919 476 1957 non
512 1906 651 1957 sunt
680 1900 920 1957 colende
950 1900 1021 1956 ad
1050 1900 1514 1969 feriandum,nec
1538 1904 1731 1957 tamen

82 1990 599 2065 probibendum,si
615 1989 780 2064 plebs
801 1989 912 2046 hoc
938 1993 1097 2045 caste
1125 1992 1183 2045 et
1213 1988 1333 2045 zelo
1365 1989 1461 2045 Dei
1492 1988 1737 2063 cupiunt

80 2098 348 2137 exercere.

140 2170 191 2226 9.
217 2170 413 2237 Nono,
438 2167 778 2240 jubendum
828 2170 916 2223 est
946 2166 1166 2222 eisdem
1213 2166 1635 2235 sacerdotibus,
1670 2171 1736 2223 ut

85 2276 186 2315 non
216 2259 576 2333 permittant
597 2273 795 2313 secum
818 2255 1096 2313 mulieres
1117 2256 1383 2313 habitare
1404 2260 1730 2325 extraneas,

82 2348 232 2420 juxta
246 2348 547 2405 Nicenum
578 2343 1035 2413 concilium,nisi
1062 2361 1160 2401 eas
1180 2348 1406 2401 tantum
1435 2344 1494 2401 in
1519 2344 1734 2418 quibus

89 2436 331 2509 suspicio
364 2435 540 2492 nulla
569 2433 738 2491 malae
763 2434 929 2490 fama
960 2433 1174 2490 oboriri
1205 2437 1416 2507 potest.

154 2544 233 2600 10.
262 2544 530 2609 Decimo,
563 2546 627 2597 ut
670 2541 945 2598 tabernas
994 2557 1108 2596 non
1156 2540 1578 2614 ingrediantur,
1631 2558 1733 2597 nec

94 2632 327 2689 sedendo
367 2631 537 2688 domi
580 2648 685 2688 nec
732 2630 790 2686 in
821 2629 1026 2686 itinere
1065 2630 1352 2703 occupati.
1389 2630 1449 2686 Si
1477 2647 1609 2687 vero
1643 2648 1735 2686 ne-

92 2738 233 2779 cesse
260 2722 489 2778 habent
517 2719 735 2776 ibidem
783 2718 1003 2792 aliquid
1050 2718 1304 2787 emendi,
1337 2718 1553 2775 missos
1594 2736 1734 2776 suos

96 2809 348 2884 dirigant,
366 2814 426 2867 et
458 2808 720 2866 oblatam
752 2808 809 2863 in
842 2807 1018 2865 aliam
1052 2808 1292 2864 domum
1326 2807 1645 2876 conferant,
1680 2811 1738 2863 et

94 2915 214 2955 cum
244 2900 579 2974 gratiarum
606 2898 834 2954 actione
864 2896 1113 2953 fideliter
1143 2896 1484 2969 percipiant.

156 3008 232 3061 11.
264 3005 687 3071 Undecimo,ut
706 3003 922 3076 placita
943 3002 1244 3058 saecularia
1266 3020 1381 3058 non
1404 3004 1733 3071 observent,

101 3095 590 3167 nectidejussores
621 3093 893 3161 existant,
927 3109 1033 3148 nec
1063 3108 1238 3147 canes
1269 3092 1341 3147 ad
1378 3092 1732 3160 venandum,

101 3198 187 3238 nec
214 3182 542 3256 accipitres,
577 3198 680 3237 nec
713 3181 992 3249 falcones,
1045 3197 1149 3236 nec
1198 3181 1584 3253 sparavarios,
1628 3198 1733 3237 nec

101 3270 256 3329 ullius
281 3271 403 3328 ludi
431 3275 543 3329 aut
562 3268 881 3343 spectaculi
905 3268 1199 3326 licentiam
1227 3268 1739 3326 habeant.Sufficit

104 3360 238 3416 enim
266 3360 349 3417 eis
379 3360 542 3434 quod
574 3360 633 3415 in
661 3359 847 3432 primo
881 3357 1109 3431 psalmo
1140 3357 1357 3413 dicitur
1388 3360 1487 3415 ειη
1507 3360 1624 3428 lege
1641 3360 1740 3415 Do-

103 3450 225 3503 mini
249 3465 437 3505 eorum
467 3465 586 3505 esse
615 3449 966 3514 voluntatem,
998 3455 1049 3504 et
1082 3449 1137 3502 in
1179 3447 1291 3519 lege
1320 3448 1438 3518 ejus
1484 3447 1741 3503 meditari

106 3535 177 3592 die
202 3555 261 3592 ac
288 3547 441 3594 nocte
462 3558 485 3603 ;
519 3541 577 3593 et
606 3536 762 3609 quod
792 3535 851 3590 in
882 3534 1156 3608 Apostolo
1180 3534 1498 3607 precipitur
1529 3552 1541 3590 :
1574 3537 1740 3592 Nemo

104 3626 325 3682 militans
354 3628 462 3683 Deo
519 3627 758 3697 implicet
786 3640 843 3680 se
886 3625 1141 3693 negotiz'is
1178 3624 1564 3692 saecularibus,
1598 3632 1659 3679 ut
1687 3626 1741 3680 ei

107 3713 288 3782 placeat
312 3718 407 3771 cui
432 3732 495 3771 se
523 3714 789 3787 probavit.

167 3820 241 3875 12.
273 3820 649 3885 Duodecimo,
674 3824 738 3874 ut
770 3818 959 3874 sciant
987 3818 1127 3891 quia
1142 3834 1310 3873 nemo
1333 3834 1436 3890 per
1460 3817 1739 3890 pecunias

110 3908 384 3967 ordinatus
413 3914 531 3975 est,
566 3924 673 3964 nec
702 3925 805 3980 per
834 3924 1084 3963 munera
1114 3904 1419 3962 ecclesiam
1450 3906 1622 3962 debet
1649 3922 1741 3963 oc-

110 4009 313 4067 cupere.
345 3999 498 4065 Quia
528 3997 579 4052 si
615 3998 832 4052 factum
866 3995 1057 4061 fuerit,
1087 3998 1145 4049 et
1191 3994 1316 4066 ipse
1353 3998 1410 4049 et
1438 3994 1741 4050 ordinator

112 4083 217 4152 ejus
243 4084 570 4159 deponendi
601 4089 773 4152 sunt;
806 4083 947 4156 quia
971 4082 1350 4139 manifestum
1374 4086 1485 4149 est,
1506 4098 1605 4137 eos
1636 4082 1738 4154 qui

114 4169 229 4227 talia
255 4181 454 4247 agunt,
486 4173 885 4229 Simoniacam
916 4172 1181 4228 heresem
1213 4170 1444 4237 sectari,
1477 4174 1533 4225 et
1562 4169 1738 4226 talem

117 4274 208 4315 non
231 4278 324 4333 per
352 4262 618 4319 hostium
669 4260 729 4316 in
779 4260 925 4317 ovile
984 4259 1176 4315 ovium
1229 4260 1399 4330 juxta
1445 4258 1738 4331 Evangelii

116 4348 279 4416 verba,
312 4352 410 4407 sed
443 4350 858 4407 ascendentem
881 4348 1318 4404 aliundefurem
1339 4363 1468 4403 esse
1497 4346 1741 4403 etlatro.
1820 4376 1824 4381 -

120 4426 256 4503 nem;
286 4443 340 4494 et
367 4457 485 4496 non
520 4437 711 4493 solum
738 4438 850 4510 ipsi
874 4436 973 4510 qui
1005 4436 1115 4492 hoc
1141 4436 1382 4502 faciunt,
1417 4436 1517 4492 sed
1551 4440 1607 4491 et
1636 4435 1738 4508 qui

119 4527 456 4584 consentiunt
489 4526 861 4593 facientibus,
893 4524 1441 4582 excommunieandi
1475 4529 1633 4580 sunt.

176 4629 250 4685 l3.
280 4633 471 4689 Tertio
526 4632 776 4699 decimo,
824 4637 888 4687 ut
918 4631 1119 4688 nullus
1166 4636 1473 4704 vagantem
1522 4648 1591 4686 ex
1622 4630 1738 4688 alia

121 4721 401 4784 parrmcbia
429 4723 646 4779 audeat
678 4721 931 4794 recipere
961 4725 1062 4777 aut
1092 4736 1293 4776 secum
1334 4720 1737 4775 commorandi

124 4808 204 4858 aut
230 4808 459 4866 missam
491 4809 845 4876 celebrandi,
866 4809 981 4865 nisi
1013 4825 1115 4882 per
1144 4808 1485 4865 missionem
1519 4825 1734 4876 veram,

125 4905 209 4947 nec
236 4894 399 4953 ullius
431 4897 691 4954 ecclesiae
722 4903 825 4953 aut
853 4896 1040 4970 plebis
1069 4900 1171 4952 aut
1198 4897 1738 4968 gubernaculasus-

125 4977 360 5053 cipiendi,
391 4986 503 5042 nisi
539 4985 924 5059 praeveniente
955 4985 1311 5042 conscientia
1341 4989 1559 5040 nostra.
1575 4984 1737 5048 Quod

128 5064 164 5119 si
191 5067 385 5144 fecerit,
415 5073 1043 5133 excommunicabitur.

186 5175 259 5230 14.
285 5178 489 5243 Quarto
520 5180 769 5248 decimo,
804 5179 956 5237 utin
1002 5178 1257 5254 tuguriis
1285 5177 1374 5233 vel
1404 5180 1463 5233 in
1495 5178 1740 5235 zeclesiis

132 5274 226 5317 non
249 5269 587 5325 consecratis
616 5267 702 5324 vel
734 5268 794 5324 in
827 5268 1123 5335 domibus,
1145 5267 1257 5324 nisi
1290 5268 1435 5324 forte
1463 5267 1739 5324 visitandi

133 5351 287 5418 gratia
314 5354 371 5412 in
398 5357 739 5413 infirmitate
770 5357 1043 5426 detentis,
1092 5356 1410 5413 missarum
1460 5356 1743 5430 mysteria

1846 1898 2008 1965 Quod
2041 1898 2089 1953 si
2124 1897 2289 1970 pallae
2319 1897 2520 1953 altaris
2551 1897 2808 1954 lavanda:
2836 1905 2994 1969 sunt,
3029 1919 3062 1956 a
3104 1902 3327 1960 clericis
3358 1906 3489 1961 abs-

1844 1986 2174 2053 trahantur,
2224 1991 2282 2041 et
2330 1986 2401 2042 ad
2453 1986 2742 2043 cancellos
2793 1988 3028 2045 feminis
3078 1992 3403 2061 tradantur,
3438 1998 3495 2050 et

1841 2075 2060 2132 ibidem
2120 2078 2475 2147 repetantur.
2532 2074 2814 2131 Similiter
2858 2081 2917 2131 et
2969 2079 3312 2151 presbyteri,
3360 2098 3492 2137 cum

1844 2164 2039 2220 oblata
2059 2165 2132 2219 ab
2160 2163 2381 2220 eisdem
2414 2162 2761 2219 mulieribus
2785 2164 3129 2238 offeruntur,
3150 2167 3366 2224 ibidem
3402 2186 3497 2225 ac-

1844 2252 2139 2326 cipiantur
2165 2256 2223 2307 et
2255 2253 2325 2307 ad
2359 2252 2538 2307 altare
2571 2253 2924 2309 deferantur.

1917 2344 2002 2397 17.
2037 2341 2300 2414 Septimo
2331 2340 2577 2406 decimo,
2612 2345 2676 2396 ut
2708 2342 2817 2415 ipsi
2871 2344 3201 2401 sacerdotes
3239 2347 3412 2403 verbo
3440 2352 3495 2403 et

1844 2430 2107 2503 exemplo
2137 2429 2411 2487 omnibus
2441 2430 2853 2503 praedicent,ut
2882 2432 3081 2489 nullus
3112 2452 3322 2491 usuras
3345 2436 3495 2492 acci«

1844 2519 2097 2593 piat,ncc
2128 2517 2405 2591 sexcupla
2453 2536 2559 2575 nec
2599 2519 2851 2593 speciem
2884 2539 2987 2593 pro
3021 2523 3233 2595 specie,
3264 2524 3400 2595 quia
3429 2527 3498 2561 τοο

1842 2609 2009 2665 valde
2039 2607 2294 2664 infidelis
2325 2612 2381 2662 et
2426 2607 2659 2664 rebellis
2705 2610 2800 2664 Dei
2835 2610 3093 2680 jussioni
3130 2617 3219 2668 est
3256 2614 3355 2685 qui
3386 2613 3496 2670 hoc

1845 2699 1966 2771 agit
1996 2698 2149 2770 quod
2200 2697 2477 2753 omnibus
2527 2697 2866 2753 christianis
2915 2716 3077 2772 aeque
3122 2700 3497 2758 interdictum

1845 2803 1974 2843 esse
2004 2785 2352 2853 dinoscitur,
2402 2785 2655 2841 maxime
2703 2791 2898 2842 tamen
2946 2789 3367 2858 sacerdotibus,
3402 2791 3502 2864 qui

1846 2876 2033 2933 forma
2061 2879 2119 2930 et
2144 2874 2473 2946 exempium
2506 2874 2779 2930 omnibus
2810 2891 2938 2931 esse
2968 2877 3199 2933 debent.

1916 2964 2004 3020 48.
2039 2964 2251 3019 Octavo
2283 2963 2531 3031 decimo,
2565 2968 2631 3017 ut
2672 2963 2869 3018 nullus
2914 2963 3219 3022 ordinatus
3267 2967 3385 3023 sive
3416 2985 3503 3024 or-

1846 3052 2142 3108 dinandus
2168 3049 2380 3124 migret
2410 3050 2480 3105 de
2512 3068 2619 3106 sua
2660 3051 2982 3124 parrmcbia
3031 3053 3102 3108 ad
3152 3053 3349 3124 aliam,
3392 3074 3498 3113 nec

1846 3140 1919 3196 ad
1949 3140 2155 3196 limina
2176 3139 2572 3213 apostolorum
2600 3156 2777 3195 causa
2800 3140 3084 3197 orationis
3104 3142 3357 3199 ecclesiae
3381 3162 3499 3201 sua

1767 3224 1811 3291 C
1846 3246 1987 3285 cura
2017 3229 2425 3293 derelicta,nec
2455 3229 2524 3284 ad
2550 3228 2832 3301 palatium
2854 3247 3027 3285 causa
3055 3230 3498 3305 interpellandi;

1849 3334 1954 3374 nec
1986 3333 2019 3372 a
2047 3316 2459 3373 communione
2507 3317 2779 3389 suspensi
2826 3318 2897 3373 ab
2930 3317 3044 3374 alio
3086 3321 3499 3377 communione

1847 3405 2161 3478 recipiendi
2196 3405 2322 3460 sine
2356 3404 2741 3478 permissione
2789 3408 2844 3460 et
2893 3406 3203 3477 praesentia
3239 3410 3496 3481 episcopi

1848 3495 2129 3560 sui.Quod
2162 3493 2211 3549 si
2237 3492 2605 3560 fecerit,nibil
2631 3492 2845 3548 valebit
2878 3494 3217 3564 hujusmodi
3241 3514 3501 3554 commu-

1849 3583 1944 3639 nio
1975 3589 2076 3638 aut
2105 3582 2397 3638 ordinatio
2425 3586 2525 3637 aut
2571 3582 2938 3656 demigratio.
2976 3585 3037 3641 Et
3083 3584 3192 3641 hoc
3227 3587 3503 3643 omnibus

1849 3673 2120 3728 fidelibus
2149 3671 2641 3733 denuntiandum,
2678 3677 2741 3726 ut
2774 3673 2873 3744 qui
2908 3691 3086 3729 causa
3127 3675 3407 3731 orationis
3427 3677 3498 3731 ad

1846 3760 2053 3816 limina
2074 3761 2375 3816 beatorum
2401 3759 2797 3831 apostolorum
2821 3778 3057 3835 pergere
3074 3763 3501 3835 cupiunt,domi

1847 3852 2237 3906 confiteantur
2266 3852 2502 3921 peccata
2533 3866 2658 3915 sua,
2683 3853 2740 3903 et
2765 3850 2847 3905 sic
2872 3851 3499 3925 proficiscantur;quod

1846 3958 1880 3996 a
1934 3939 2166 4013 proprio
2215 3939 2487 4011 episcOpo
2546 3955 2653 3994 suo
2683 3943 2786 3994 aut
2810 3941 3105 3997 sacerdote
3151 3940 3368 4015 ligandi
3402 3948 3503 3999 aut

1847 4029 2105 4086 solvendi
2140 4033 2297 4093 sunt,
2331 4045 2447 4083 non
2479 4033 2771 4084 extraneo.

1921 4120 2006 4173 19.
2042 4119 2204 4175 Nono
2240 4117 2561 4182 decimo,ut
2590 4117 2749 4173 aliud
2780 4118 2837 4172 in
2862 4120 3104 4175 ecclesia
3136 4138 3250 4175 non
3274 4121 3501 4194 legatur

1846 4210 1950 4263 aut
1980 4210 2265 4272 cantetur,
2300 4205 2413 4260 nisi
2448 4223 2515 4261 ea
2545 4223 2672 4278 quze
2708 4207 3072 4262 auctoritatis
3102 4207 3308 4263 divinae
3340 4213 3497 4276 sunt,

1846 4300 1903 4351 et
1929 4299 2159 4367 patrum
2184 4294 2640 4349 orthodoxorum
2666 4294 2859 4349 sanxit
2880 4293 3332 4360 auctoritas,Nec
3357 4296 3504 4353 falsa

1847 4382 2188 4455 angelorum
2223 4381 2464 4437 nomina
2495 4374 2706 4448 colant,
2728 4382 2827 4437 sed
2852 4399 2919 4436 ea
2944 4386 3170 4437 tantum
3205 4400 3332 4455 quae
3363 4402 3501 4457 pro-

1848 4471 2075 4546 phetica
2104 4476 2160 4525 et
2206 4469 2539 4540 evangelica
2589 4470 2757 4524 docet
2798 4470 3111 4542 scriptura,
3162 4469 3219 4525 id
3253 4476 3342 4528 est
3390 4473 3500 4527 Mi-

1846 4558 2073 4623 ehabel,
2108 4556 2401 4620 Gabrihel,
2432 4556 2693 4612 Rafabel.
2736 4558 2849 4612 Nec
2882 4557 3109 4613 diversa
3152 4559 3410 4615 sentiant
3439 4559 3499 4616 in

1837 4648 2079 4721 judiciis
2113 4645 2543 4718 prnnitentium,
2577 4662 2709 4701 cum
2743 4644 2841 4700 uni
2877 4646 3073 4701 minus
3095 4646 3259 4702 alteri
3283 4650 3500 4721 majus,

1845 4737 2009 4794 alteri
2044 4734 2523 4799 adolando,alteri
2548 4733 2926 4801 detrahendo,
2954 4734 3179 4807 placere
3209 4736 3366 4805 velit,
3399 4740 3500 4795 sed

1845 4826 2214 4883 considerata
2270 4825 2334 4858 τοι
2386 4823 2664 4896 qualitate
2715 4840 2993 4895 personis,
3030 4825 3200 4897 juxta
3258 4827 3498 4884 modum

1845 4915 2028 4987 culpa:
2058 4918 2266 4985 agatur
2297 4929 2544 4968 censura
2573 4911 2862 4966 vindictae.

1914 5005 2004 5058 20.
2036 5001 2353 5073 Vigesimo,
2400 5000 2753 5055 admonendi
2806 5006 2944 5057 sunt
2993 5007 3058 5057 ut
3115 5006 3499 5077 perpendant,

1847 5090 1990 5163 quia
2020 5088 2296 5162 quicquid
2330 5106 2362 5144 a
2392 5087 2666 5144 fidelibus
2680 5089 2873 5156 datur,
2888 5090 3210 5164 redemptio
3241 5100 3505 5166 peccato-

1847 5195 1978 5234 rum
2011 5182 2128 5245 est;
2154 5182 2211 5233 et
2239 5176 2367 5233 ideo
2399 5194 2514 5232 non
2564 5176 2891 5250 glorientur
2920 5178 3135 5238 talibus
3163 5183 3501 5256 sumptibus

1848 5268 1953 5335 uti,
1989 5266 2089 5321 sed
2123 5266 2312 5339 magis
2340 5266 2584 5322 timeant
2630 5269 2786 5340 quod
2838 5268 2897 5324 in
2928 5270 3104 5327 veteri
3149 5274 3499 5327 testamento

1849 5357 1921 5412 de
1943 5355 2348 5412 sacerdotibus
2365 5356 2587 5412 dictum
2606 5360 2697 5413 est
2723 5374 2735 5413 :
2758 5358 3131 5431 iniquitatem
3156 5358 3353 5431 populi
3375 5374 3495 5414 eos.

1434 5522 1679 5579 VARI/E
1725 5522 2144 5582 LECTIONES.

198 5632 252 5667 mo
278 5640 363 5709 Qui
392 5660 441 5701 ρ.
514 5644 576 5679 τοί
610 5641 973 5700 considerate
1006 5658 1055 5695 c.
