  <div class='ocr_page' id='page_1' title='image "/cluster/home/n/w/nwhite01/storage/ocr_20150623/138/uva.x000829786/321.png"; bbox 0 0 3828 6204; ppageno 0'>
   <div class='ocr_carea' id='block_1_1' title="bbox 316 335 434 402">
    <p class='ocr_par' dir='ltr' id='par_1_1' title="bbox 316 335 434 402">
     <span class='ocr_line' id='line_1_1' title="bbox 316 335 434 402; baseline -0.008 -2"><span class='ocrx_word' id='word_1_1' title='bbox 316 335 434 402; x_wconf 76' lang='grc'>627</span> 
     </span>
    </p>
   </div>
   <div class='ocr_carea' id='block_1_2' title="bbox 982 335 3071 400">
    <p class='ocr_par' dir='ltr' id='par_1_2' title="bbox 982 335 3071 400">
     <span class='ocr_line' id='line_1_2' title="bbox 982 335 3071 400; baseline -0 -1"><span class='ocrx_word' id='word_1_2' title='bbox 982 339 1315 400; x_wconf 71' lang='grc' dir='ltr'>ΑΡΡΕΝῙ).</span> <span class='ocrx_word' id='word_1_3' title='bbox 1363 339 1464 399; x_wconf 86' lang='lat' dir='ltr'>AD</span> <span class='ocrx_word' id='word_1_4' title='bbox 1509 338 1699 400; x_wconf 75' lang='lat' dir='ltr'>S/EC.</span> <span class='ocrx_word' id='word_1_5' title='bbox 1747 338 1823 400; x_wconf 83' lang='lat' dir='ltr'>X.</span> <span class='ocrx_word' id='word_1_6' title='bbox 1859 335 2466 400; x_wconf 76' lang='lat' dir='ltr'>-—-MONU.\IENTA</span> <span class='ocrx_word' id='word_1_7' title='bbox 2519 335 3071 400; x_wconf 77' lang='lat' dir='ltr'>DIPLQMATICA.</span> 
     </span>
    </p>
   </div>
   <div class='ocr_carea' id='block_1_3' title="bbox 3616 337 3716 399">
    <p class='ocr_par' dir='ltr' id='par_1_3' title="bbox 3616 337 3716 399">
     <span class='ocr_line' id='line_1_3' title="bbox 3616 337 3716 399; baseline 0.01 -1"><span class='ocrx_word' id='word_1_8' title='bbox 3616 337 3716 399; x_wconf 75' lang='lat'>628</span> 
     </span>
    </p>
   </div>
   <div class='ocr_carea' id='block_1_4' title="bbox 322 468 3716 546">
    <p class='ocr_par' dir='ltr' id='par_1_4' title="bbox 322 468 3716 546">
     <span class='ocr_line' id='line_1_4' title="bbox 322 468 3716 546; baseline -0.001 -16"><span class='ocrx_word' id='word_1_9' title='bbox 322 472 529 530; x_wconf 82' lang='lat' dir='ltr'>debere</span> <span class='ocrx_word' id='word_1_10' title='bbox 561 473 809 546; x_wconf 88' lang='lat' dir='ltr'>portare.</span> <span class='ocrx_word' id='word_1_11' title='bbox 843 472 912 529; x_wconf 86' lang='lat' dir='ltr'>Et</span> <span class='ocrx_word' id='word_1_12' title='bbox 956 471 1083 528; x_wconf 90' lang='lat' dir='ltr'>ideo</span> <span class='ocrx_word' id='word_1_13' title='bbox 1115 489 1247 528; x_wconf 89' lang='lat' dir='ltr'>cum</span> <span class='ocrx_word' id='word_1_14' title='bbox 1297 489 1508 546; x_wconf 87' lang='lat' dir='ltr'>magno</span> <span class='ocrx_word' id='word_1_15' title='bbox 1553 473 1758 529; x_wconf 78' lang='lat' dir='ltr'>timore</span> <span class='ocrx_word' id='word_1_16' title='bbox 1794 489 1968 544; x_wconf 84' lang='lat' dir='ltr'>super</span> <span class='ocrx_word' id='word_1_17' title='bbox 1999 475 2052 542; x_wconf 73' lang='grc' dir='ltr'><strong>Α</strong></span> <span class='ocrx_word' id='word_1_18' title='bbox 2083 475 2276 527; x_wconf 88' lang='lat' dir='ltr'>tamen</span> <span class='ocrx_word' id='word_1_19' title='bbox 2310 474 2364 527; x_wconf 91' lang='lat' dir='ltr'>et</span> <span class='ocrx_word' id='word_1_20' title='bbox 2391 470 2483 526; x_wconf 89' lang='lat' dir='ltr'>his</span> <span class='ocrx_word' id='word_1_21' title='bbox 2515 471 2808 528; x_wconf 84' lang='lat' dir='ltr'>similibus</span> <span class='ocrx_word' id='word_1_22' title='bbox 2841 472 3106 544; x_wconf 87' lang='lat' dir='ltr'>personis</span> <span class='ocrx_word' id='word_1_23' title='bbox 3135 468 3351 544; x_wconf 91' lang='lat' dir='ltr'>c0pula</span> <span class='ocrx_word' id='word_1_24' title='bbox 3373 468 3652 527; x_wconf 82' lang='lat' dir='ltr'>maritalis</span> <span class='ocrx_word' id='word_1_25' title='bbox 3668 471 3716 526; x_wconf 88' lang='lat' dir='ltr'>in</span> 
     </span>
    </p>
   </div>
   <div class='ocr_carea' id='block_1_5' title="bbox 320 561 1971 634">
    <p class='ocr_par' dir='ltr' id='par_1_5' title="bbox 320 561 1971 634">
     <span class='ocr_line' id='line_1_5' title="bbox 320 561 1971 634; baseline -0.002 -15"><span class='ocrx_word' id='word_1_26' title='bbox 320 563 405 619; x_wconf 86' lang='lat' dir='ltr'>eis</span> <span class='ocrx_word' id='word_1_27' title='bbox 437 561 670 619; x_wconf 84' lang='lat' dir='ltr'>solliciti</span> <span class='ocrx_word' id='word_1_28' title='bbox 703 566 841 618; x_wconf 91' lang='lat' dir='ltr'>sunt</span> <span class='ocrx_word' id='word_1_29' title='bbox 871 579 1122 633; x_wconf 84' lang='lat' dir='ltr'>quorum</span> <span class='ocrx_word' id='word_1_30' title='bbox 1154 561 1324 617; x_wconf 90' lang='lat' dir='ltr'>donis</span> <span class='ocrx_word' id='word_1_31' title='bbox 1356 561 1798 634; x_wconf 75' lang='lat' dir='ltr'>participantur.</span> <span class='ocrx_word' id='word_1_32' title='bbox 1825 561 1971 624; x_wconf 83' lang='lat' dir='ltr'>Quia</span> 
     </span>
    </p>
   </div>
   <div class='ocr_carea' id='block_1_6' title="bbox 321 649 1967 725">
    <p class='ocr_par' dir='ltr' id='par_1_6' title="bbox 321 649 1967 725">
     <span class='ocr_line' id='line_1_6' title="bbox 321 649 1967 725; baseline -0.003 -16"><span class='ocrx_word' id='word_1_33' title='bbox 321 669 602 725; x_wconf 86' lang='lat' dir='ltr'>magnum</span> <span class='ocrx_word' id='word_1_34' title='bbox 638 650 984 724; x_wconf 88' lang='lat' dir='ltr'>periculurn,</span> <span class='ocrx_word' id='word_1_35' title='bbox 1011 649 1272 722; x_wconf 90' lang='lat' dir='ltr'>judicem</span> <span class='ocrx_word' id='word_1_36' title='bbox 1298 651 1418 705; x_wconf 82' lang='lat' dir='ltr'>fieri</span> <span class='ocrx_word' id='word_1_37' title='bbox 1451 649 1576 705; x_wconf 75' lang='lat' dir='ltr'>vitae</span> <span class='ocrx_word' id='word_1_38' title='bbox 1609 649 1832 718; x_wconf 70' lang='lat' dir='ltr'>alienae,</span> <span class='ocrx_word' id='word_1_39' title='bbox 1865 650 1967 721; x_wconf 87' lang='lat' dir='ltr'>qui</span> 
     </span>
    </p>
   </div>
   <div class='ocr_carea' id='block_1_7' title="bbox 320 738 1482 797">
    <p class='ocr_par' dir='ltr' id='par_1_7' title="bbox 320 738 1482 797">
     <span class='ocr_line' id='line_1_7' title="bbox 320 738 1482 797; baseline -0.002 -1"><span class='ocrx_word' id='word_1_40' title='bbox 320 741 510 797; x_wconf 88' lang='lat' dir='ltr'>nescit</span> <span class='ocrx_word' id='word_1_41' title='bbox 531 745 723 796; x_wconf 88' lang='lat' dir='ltr'>tenere</span> <span class='ocrx_word' id='word_1_42' title='bbox 755 738 1154 795; x_wconf 82' lang='lat' dir='ltr'>moderamina</span> <span class='ocrx_word' id='word_1_43' title='bbox 1183 740 1310 794; x_wconf 69' lang='lat' dir='ltr'>vitae</span> <span class='ocrx_word' id='word_1_44' title='bbox 1345 757 1482 794; x_wconf 72' lang='lat' dir='ltr'>suae.</span> 
     </span>
    </p>
   </div>
   <div class='ocr_carea' id='block_1_8' title="bbox 389 844 1970 928">
    <p class='ocr_par' dir='ltr' id='par_1_8' title="bbox 389 844 1970 928">
     <span class='ocr_line' id='line_1_8' title="bbox 389 844 1970 928; baseline -0.001 -26"><span class='ocrx_word' id='word_1_45' title='bbox 389 848 480 902; x_wconf 87' lang='grc'>21.</span> <span class='ocrx_word' id='word_1_46' title='bbox 511 846 800 902; x_wconf 74' lang='lat' dir='ltr'>V’icesimo</span> <span class='ocrx_word' id='word_1_47' title='bbox 829 845 1049 918; x_wconf 73' lang='lat' dir='ltr'>primo,</span> <span class='ocrx_word' id='word_1_48' title='bbox 1075 849 1138 900; x_wconf 92' lang='lat' dir='ltr'>ut</span> <span class='ocrx_word' id='word_1_49' title='bbox 1168 846 1358 900; x_wconf 89' lang='lat' dir='ltr'>sciant</span> <span class='ocrx_word' id='word_1_50' title='bbox 1378 851 1435 900; x_wconf 89' lang='lat' dir='ltr'>et</span> <span class='ocrx_word' id='word_1_51' title='bbox 1459 844 1795 918; x_wconf 82' lang='lat' dir='ltr'>intellegant</span> <span class='ocrx_word' id='word_1_52' title='bbox 1815 847 1970 928; x_wconf 71' lang='lat' dir='ltr'>quod</span> 
     </span>
    </p>
   </div>
   <div class='ocr_carea' id='block_1_9' title="bbox 321 935 1971 1006">
    <p class='ocr_par' dir='ltr' id='par_1_9' title="bbox 321 935 1971 1006">
     <span class='ocr_line' id='line_1_9' title="bbox 321 935 1971 1006; baseline -0.001 -15"><span class='ocrx_word' id='word_1_53' title='bbox 321 935 400 991; x_wconf 84' lang='lat' dir='ltr'>sit</span> <span class='ocrx_word' id='word_1_54' title='bbox 429 935 632 991; x_wconf 88' lang='lat' dir='ltr'>incesti</span> <span class='ocrx_word' id='word_1_55' title='bbox 663 935 967 1006; x_wconf 90' lang='lat' dir='ltr'>crimen,et</span> <span class='ocrx_word' id='word_1_56' title='bbox 989 935 1097 990; x_wconf 90' lang='lat' dir='ltr'>hoc</span> <span class='ocrx_word' id='word_1_57' title='bbox 1129 935 1610 1006; x_wconf 90' lang='lat' dir='ltr'>unusquisquein</span> <span class='ocrx_word' id='word_1_58' title='bbox 1626 951 1733 990; x_wconf 89' lang='lat' dir='ltr'>sua</span> <span class='ocrx_word' id='word_1_59' title='bbox 1755 952 1971 1006; x_wconf 69' lang='lat' dir='ltr'>parrae-</span> 
     </span>
    </p>
   </div>
   <div class='ocr_carea' id='block_1_10' title="bbox 319 1022 1970 1096">
    <p class='ocr_par' dir='ltr' id='par_1_10' title="bbox 319 1022 1970 1096">
     <span class='ocr_line' id='line_1_10' title="bbox 319 1022 1970 1096; baseline -0.001 -16"><span class='ocrx_word' id='word_1_60' title='bbox 319 1023 452 1080; x_wconf 90' lang='lat' dir='ltr'>chia</span> <span class='ocrx_word' id='word_1_61' title='bbox 483 1024 790 1096; x_wconf 66' lang='lat' dir='ltr'>praevideat</span> <span class='ocrx_word' id='word_1_62' title='bbox 822 1041 892 1079; x_wconf 89' lang='lat' dir='ltr'>ne</span> <span class='ocrx_word' id='word_1_63' title='bbox 925 1024 1052 1086; x_wconf 81' lang='lat' dir='ltr'>fiat;</span> <span class='ocrx_word' id='word_1_64' title='bbox 1075 1028 1131 1078; x_wconf 90' lang='lat' dir='ltr'>et</span> <span class='ocrx_word' id='word_1_65' title='bbox 1163 1022 1211 1077; x_wconf 90' lang='lat' dir='ltr'>si</span> <span class='ocrx_word' id='word_1_66' title='bbox 1245 1023 1462 1078; x_wconf 89' lang='lat' dir='ltr'>factum</span> <span class='ocrx_word' id='word_1_67' title='bbox 1483 1023 1970 1094; x_wconf 89' lang='lat' dir='ltr'>fuerit,quanlum</span> 
     </span>
    </p>
   </div>
   <div class='ocr_carea' id='block_1_11' title="bbox 315 1111 1964 1184">
    <p class='ocr_par' dir='ltr' id='par_1_11' title="bbox 315 1111 1964 1184">
     <span class='ocr_line' id='line_1_11' title="bbox 315 1111 1964 1184; baseline -0.002 -15"><span class='ocrx_word' id='word_1_68' title='bbox 315 1111 613 1170; x_wconf 85' lang='lat' dir='ltr'>celerrime</span> <span class='ocrx_word' id='word_1_69' title='bbox 644 1112 1307 1184; x_wconf 85' lang='lat' dir='ltr'>potuerit,emendetur;</span> <span class='ocrx_word' id='word_1_70' title='bbox 1346 1112 1401 1166; x_wconf 88' lang='lat' dir='ltr'>id</span> <span class='ocrx_word' id='word_1_71' title='bbox 1437 1117 1523 1167; x_wconf 82' lang='lat' dir='ltr'>est</span> <span class='ocrx_word' id='word_1_72' title='bbox 1547 1117 1608 1166; x_wconf 92' lang='lat' dir='ltr'>ut</span> <span class='ocrx_word' id='word_1_73' title='bbox 1639 1111 1837 1167; x_wconf 85' lang='lat' dir='ltr'>nullus</span> <span class='ocrx_word' id='word_1_74' title='bbox 1853 1112 1964 1167; x_wconf 85' lang='lat' dir='ltr'>sibi</span> 
     </span>
    </p>
   </div>
   <div class='ocr_carea' id='block_1_12' title="bbox 316 1200 1963 1274">
    <p class='ocr_par' dir='ltr' id='par_1_12' title="bbox 316 1200 1963 1274">
     <span class='ocr_line' id='line_1_12' title="bbox 316 1200 1963 1274; baseline -0.002 -16"><span class='ocrx_word' id='word_1_75' title='bbox 316 1201 561 1274; x_wconf 88' lang='lat' dir='ltr'>accipiat</span> <span class='ocrx_word' id='word_1_76' title='bbox 590 1201 660 1257; x_wconf 91' lang='lat' dir='ltr'>de</span> <span class='ocrx_word' id='word_1_77' title='bbox 693 1201 1124 1273; x_wconf 79' lang='lat' dir='ltr'>propinquitate</span> <span class='ocrx_word' id='word_1_78' title='bbox 1157 1218 1344 1272; x_wconf 87' lang='lat' dir='ltr'>usque</span> <span class='ocrx_word' id='word_1_79' title='bbox 1378 1200 1437 1255; x_wconf 91' lang='lat' dir='ltr'>in</span> <span class='ocrx_word' id='word_1_80' title='bbox 1483 1200 1754 1272; x_wconf 90' lang='lat' dir='ltr'>quintum</span> <span class='ocrx_word' id='word_1_81' title='bbox 1788 1217 1963 1274; x_wconf 88' lang='lat' dir='ltr'>genu.</span> 
     </span>
    </p>
   </div>
   <div class='ocr_carea' id='block_1_13' title="bbox 317 1289 1970 1362">
    <p class='ocr_par' dir='ltr' id='par_1_13' title="bbox 317 1289 1970 1362">
     <span class='ocr_line' id='line_1_13' title="bbox 317 1289 1970 1362; baseline -0.001 -17"><span class='ocrx_word' id='word_1_82' title='bbox 317 1291 478 1356; x_wconf 86' lang='lat' dir='ltr'>Quod</span> <span class='ocrx_word' id='word_1_83' title='bbox 492 1289 887 1362; x_wconf 89' lang='lat' dir='ltr'>siignoranter</span> <span class='ocrx_word' id='word_1_84' title='bbox 910 1290 1124 1345; x_wconf 80' lang='lat' dir='ltr'>factum</span> <span class='ocrx_word' id='word_1_85' title='bbox 1151 1289 1465 1357; x_wconf 86' lang='lat' dir='ltr'>fuerit,nou</span> <span class='ocrx_word' id='word_1_86' title='bbox 1491 1289 1655 1344; x_wconf 84' lang='lat' dir='ltr'>facile</span> <span class='ocrx_word' id='word_1_87' title='bbox 1678 1291 1970 1356; x_wconf 83' lang='lat' dir='ltr'>credatur,</span> 
     </span>
    </p>
   </div>
   <div class='ocr_carea' id='block_1_14' title="bbox 319 1377 1968 1450">
    <p class='ocr_par' dir='ltr' id='par_1_14' title="bbox 319 1377 1968 1450">
     <span class='ocr_line' id='line_1_14' title="bbox 319 1377 1968 1450; baseline 0 -16"><span class='ocrx_word' id='word_1_88' title='bbox 319 1379 418 1434; x_wconf 89' lang='lat' dir='ltr'>sed</span> <span class='ocrx_word' id='word_1_89' title='bbox 442 1377 667 1450; x_wconf 89' lang='lat' dir='ltr'>judicio</span> <span class='ocrx_word' id='word_1_90' title='bbox 695 1377 788 1433; x_wconf 92' lang='lat' dir='ltr'>Dei</span> <span class='ocrx_word' id='word_1_91' title='bbox 821 1377 1205 1434; x_wconf 81' lang='lat' dir='ltr'>examinetur.</span> <span class='ocrx_word' id='word_1_92' title='bbox 1248 1378 1316 1432; x_wconf 89' lang='lat' dir='ltr'>Et</span> <span class='ocrx_word' id='word_1_93' title='bbox 1352 1395 1464 1432; x_wconf 89' lang='lat' dir='ltr'>non</span> <span class='ocrx_word' id='word_1_94' title='bbox 1516 1381 1863 1450; x_wconf 81' lang='lat' dir='ltr'>separentur</span> <span class='ocrx_word' id='word_1_95' title='bbox 1909 1377 1968 1434; x_wconf 91' lang='lat' dir='ltr'>in</span> 
     </span>
    </p>
   </div>
   <div class='ocr_carea' id='block_1_15' title="bbox 319 1466 1967 1540">
    <p class='ocr_par' dir='ltr' id='par_1_15' title="bbox 319 1466 1967 1540">
     <span class='ocr_line' id='line_1_15' title="bbox 319 1466 1967 1540; baseline 0 -18"><span class='ocrx_word' id='word_1_96' title='bbox 319 1472 525 1540; x_wconf 90' lang='lat' dir='ltr'>quarto</span> <span class='ocrx_word' id='word_1_97' title='bbox 547 1484 722 1540; x_wconf 87' lang='lat' dir='ltr'>genu,</span> <span class='ocrx_word' id='word_1_98' title='bbox 755 1467 855 1521; x_wconf 89' lang='lat' dir='ltr'>sed</span> <span class='ocrx_word' id='word_1_99' title='bbox 891 1469 948 1520; x_wconf 87' lang='lat' dir='ltr'>in</span> <span class='ocrx_word' id='word_1_100' title='bbox 983 1466 1301 1538; x_wconf 86' lang='lat' dir='ltr'>penitentia</span> <span class='ocrx_word' id='word_1_101' title='bbox 1329 1466 1556 1522; x_wconf 89' lang='lat' dir='ltr'>cunctis</span> <span class='ocrx_word' id='word_1_102' title='bbox 1588 1467 1796 1522; x_wconf 91' lang='lat' dir='ltr'>diebus</span> <span class='ocrx_word' id='word_1_103' title='bbox 1827 1484 1967 1522; x_wconf 87' lang='lat' dir='ltr'>con-</span> 
     </span>
    </p>
   </div>
   <div class='ocr_carea' id='block_1_16' title="bbox 309 1554 1966 1627">
    <p class='ocr_par' dir='ltr' id='par_1_16' title="bbox 309 1554 1966 1627">
     <span class='ocr_line' id='line_1_16' title="bbox 309 1554 1966 1627; baseline 0.001 -17"><span class='ocrx_word' id='word_1_104' title='bbox 309 1555 637 1626; x_wconf 88' lang='lat' dir='ltr'>junctionis</span> <span class='ocrx_word' id='word_1_105' title='bbox 664 1573 782 1610; x_wconf 73' lang='lat' dir='ltr'>suae</span> <span class='ocrx_word' id='word_1_106' title='bbox 814 1556 1279 1627; x_wconf 85' lang='lat' dir='ltr'>perseverent.Et</span> <span class='ocrx_word' id='word_1_107' title='bbox 1299 1554 1570 1610; x_wconf 87' lang='lat' dir='ltr'>similiter</span> <span class='ocrx_word' id='word_1_108' title='bbox 1586 1556 1734 1610; x_wconf 91' lang='lat' dir='ltr'>duas</span> <span class='ocrx_word' id='word_1_109' title='bbox 1757 1573 1966 1612; x_wconf 86' lang='lat' dir='ltr'>uxores</span> 
     </span>
    </p>
   </div>
   <div class='ocr_carea' id='block_1_17' title="bbox 316 1643 1970 1715">
    <p class='ocr_par' dir='ltr' id='par_1_17' title="bbox 316 1643 1970 1715">
     <span class='ocr_line' id='line_1_17' title="bbox 316 1643 1970 1715; baseline 0 -16"><span class='ocrx_word' id='word_1_110' title='bbox 316 1643 471 1699; x_wconf 90' lang='lat' dir='ltr'>inter</span> <span class='ocrx_word' id='word_1_111' title='bbox 499 1661 563 1698; x_wconf 91' lang='lat' dir='ltr'>se</span> <span class='ocrx_word' id='word_1_112' title='bbox 594 1643 773 1698; x_wconf 90' lang='lat' dir='ltr'>simili</span> <span class='ocrx_word' id='word_1_113' title='bbox 814 1643 1034 1698; x_wconf 89' lang='lat' dir='ltr'>ratione</span> <span class='ocrx_word' id='word_1_114' title='bbox 1075 1644 1444 1715; x_wconf 87' lang='lat' dir='ltr'>oonjunctas,</span> <span class='ocrx_word' id='word_1_115' title='bbox 1478 1649 1580 1698; x_wconf 89' lang='lat' dir='ltr'>aut</span> <span class='ocrx_word' id='word_1_116' title='bbox 1629 1662 1770 1699; x_wconf 85' lang='lat' dir='ltr'>uxor</span> <span class='ocrx_word' id='word_1_117' title='bbox 1823 1645 1970 1699; x_wconf 86' lang='lat' dir='ltr'>duos</span> 
     </span>
    </p>
   </div>
   <div class='ocr_carea' id='block_1_18' title="bbox 317 1731 1971 1805">
    <p class='ocr_par' dir='ltr' id='par_1_18' title="bbox 317 1731 1971 1805">
     <span class='ocr_line' id='line_1_18' title="bbox 317 1731 1971 1805; baseline -0.001 -16"><span class='ocrx_word' id='word_1_118' title='bbox 317 1731 472 1790; x_wconf 88' lang='lat' dir='ltr'>viros</span> <span class='ocrx_word' id='word_1_119' title='bbox 504 1732 656 1786; x_wconf 88' lang='lat' dir='ltr'>inter</span> <span class='ocrx_word' id='word_1_120' title='bbox 675 1749 738 1787; x_wconf 90' lang='lat' dir='ltr'>se</span> <span class='ocrx_word' id='word_1_121' title='bbox 759 1733 962 1786; x_wconf 90' lang='lat' dir='ltr'>eodem</span> <span class='ocrx_word' id='word_1_122' title='bbox 985 1732 1157 1787; x_wconf 92' lang='lat' dir='ltr'>modo</span> <span class='ocrx_word' id='word_1_123' title='bbox 1180 1733 1654 1803; x_wconf 86' lang='lat' dir='ltr'>conjunctos,aut</span> <span class='ocrx_word' id='word_1_124' title='bbox 1673 1737 1971 1805; x_wconf 89' lang='lat' dir='ltr'>compater</span> 
     </span>
    </p>
   </div>
   <div class='ocr_carea' id='block_1_19' title="bbox 320 1819 1970 1892">
    <p class='ocr_par' dir='ltr' id='par_1_19' title="bbox 320 1819 1970 1892">
     <span class='ocr_line' id='line_1_19' title="bbox 320 1819 1970 1892; baseline 0 -16"><span class='ocrx_word' id='word_1_125' title='bbox 320 1825 422 1877; x_wconf 88' lang='lat' dir='ltr'>aut</span> <span class='ocrx_word' id='word_1_126' title='bbox 451 1825 794 1888; x_wconf 86' lang='lat' dir='ltr'>commater,</span> <span class='ocrx_word' id='word_1_127' title='bbox 828 1819 1044 1876; x_wconf 81' lang='lat' dir='ltr'>filiolus</span> <span class='ocrx_word' id='word_1_128' title='bbox 1075 1824 1177 1876; x_wconf 90' lang='lat' dir='ltr'>aut</span> <span class='ocrx_word' id='word_1_129' title='bbox 1206 1821 1385 1876; x_wconf 81' lang='lat' dir='ltr'>ﬁliola</span> <span class='ocrx_word' id='word_1_130' title='bbox 1409 1821 1688 1892; x_wconf 82' lang='lat' dir='ltr'>spiritalis</span> <span class='ocrx_word' id='word_1_131' title='bbox 1718 1822 1789 1876; x_wconf 88' lang='lat' dir='ltr'>de</span> <span class='ocrx_word' id='word_1_132' title='bbox 1812 1821 1970 1876; x_wconf 87' lang='lat' dir='ltr'>fonte</span> 
     </span>
    </p>
   </div>
   <div class='ocr_carea' id='block_1_20' title="bbox 320 1908 1973 1984">
    <p class='ocr_par' dir='ltr' id='par_1_20' title="bbox 320 1908 1973 1984">
     <span class='ocr_line' id='line_1_20' title="bbox 320 1908 1973 1984; baseline 0.001 -20"><span class='ocrx_word' id='word_1_133' title='bbox 320 1914 421 1965; x_wconf 91' lang='lat' dir='ltr'>aut</span> <span class='ocrx_word' id='word_1_134' title='bbox 451 1910 522 1966; x_wconf 91' lang='lat' dir='ltr'>de</span> <span class='ocrx_word' id='word_1_135' title='bbox 552 1908 1010 1984; x_wconf 86' lang='lat' dir='ltr'>conversatione,</span> <span class='ocrx_word' id='word_1_136' title='bbox 1061 1915 1164 1964; x_wconf 93' lang='lat' dir='ltr'>aut</span> <span class='ocrx_word' id='word_1_137' title='bbox 1199 1914 1309 1965; x_wconf 89' lang='lat' dir='ltr'>Deo</span> <span class='ocrx_word' id='word_1_138' title='bbox 1362 1910 1552 1965; x_wconf 83' lang='lat' dir='ltr'>dicata</span> <span class='ocrx_word' id='word_1_139' title='bbox 1583 1915 1683 1964; x_wconf 88' lang='lat' dir='ltr'>aut</span> <span class='ocrx_word' id='word_1_140' title='bbox 1731 1909 1973 1966; x_wconf 87' lang='lat' dir='ltr'>alterius</span> 
     </span>
    </p>
   </div>
   <div class='ocr_carea' id='block_1_21' title="bbox 321 1997 1973 2064">
    <p class='ocr_par' dir='ltr' id='par_1_21' title="bbox 321 1997 1973 2064">
     <span class='ocr_line' id='line_1_21' title="bbox 321 1997 1973 2064; baseline 0.001 -11"><span class='ocrx_word' id='word_1_141' title='bbox 321 2016 466 2054; x_wconf 83' lang='lat' dir='ltr'>uxor</span> <span class='ocrx_word' id='word_1_142' title='bbox 493 1997 719 2053; x_wconf 88' lang='lat' dir='ltr'>vivente</span> <span class='ocrx_word' id='word_1_143' title='bbox 750 1998 980 2064; x_wconf 91' lang='lat' dir='ltr'>marito,</span> <span class='ocrx_word' id='word_1_144' title='bbox 1013 2003 1115 2052; x_wconf 86' lang='lat' dir='ltr'>aut</span> <span class='ocrx_word' id='word_1_145' title='bbox 1164 1997 1404 2054; x_wconf 85' lang='lat' dir='ltr'>alterius</span> <span class='ocrx_word' id='word_1_146' title='bbox 1455 1999 1703 2054; x_wconf 90' lang='lat' dir='ltr'>maritus</span> <span class='ocrx_word' id='word_1_147' title='bbox 1751 1999 1973 2054; x_wconf 89' lang='lat' dir='ltr'>vivente</span> 
     </span>
    </p>
   </div>
   <div class='ocr_carea' id='block_1_22' title="bbox 320 2085 1976 2154">
    <p class='ocr_par' dir='ltr' id='par_1_22' title="bbox 320 2085 1976 2154">
     <span class='ocr_line' id='line_1_22' title="bbox 320 2085 1976 2154; baseline -0.002 -10"><span class='ocrx_word' id='word_1_148' title='bbox 320 2103 521 2154; x_wconf 82' lang='lat' dir='ltr'>uxore,</span> <span class='ocrx_word' id='word_1_149' title='bbox 543 2086 634 2143; x_wconf 90' lang='lat' dir='ltr'>his</span> <span class='ocrx_word' id='word_1_150' title='bbox 656 2086 872 2142; x_wconf 87' lang='lat' dir='ltr'>talibus</span> <span class='ocrx_word' id='word_1_151' title='bbox 901 2085 1062 2142; x_wconf 92' lang='lat' dir='ltr'>nulla</span> <span class='ocrx_word' id='word_1_152' title='bbox 1079 2086 1373 2142; x_wconf 85' lang='lat' dir='ltr'>rationein</span> <span class='ocrx_word' id='word_1_153' title='bbox 1389 2086 1831 2144; x_wconf 86' lang='lat' dir='ltr'>matrimonium</span> <span class='ocrx_word' id='word_1_154' title='bbox 1854 2087 1976 2142; x_wconf 88' lang='lat' dir='ltr'>lici-</span> 
     </span>
    </p>
   </div>
   <div class='ocr_carea' id='block_1_23' title="bbox 318 2175 1974 2248">
    <p class='ocr_par' dir='ltr' id='par_1_23' title="bbox 318 2175 1974 2248">
     <span class='ocr_line' id='line_1_23' title="bbox 318 2175 1974 2248; baseline 0.001 -17"><span class='ocrx_word' id='word_1_155' title='bbox 318 2179 444 2231; x_wconf 90' lang='lat' dir='ltr'>tum</span> <span class='ocrx_word' id='word_1_156' title='bbox 465 2179 554 2231; x_wconf 90' lang='lat' dir='ltr'>est</span> <span class='ocrx_word' id='word_1_157' title='bbox 584 2175 879 2248; x_wconf 85' lang='lat' dir='ltr'>conjungi.</span> <span class='ocrx_word' id='word_1_158' title='bbox 909 2176 970 2230; x_wconf 92' lang='lat' dir='ltr'>In</span> <span class='ocrx_word' id='word_1_159' title='bbox 1002 2176 1192 2247; x_wconf 89' lang='lat' dir='ltr'>primo</span> <span class='ocrx_word' id='word_1_160' title='bbox 1239 2193 1372 2231; x_wconf 85' lang='lat' dir='ltr'>vero</span> <span class='ocrx_word' id='word_1_161' title='bbox 1404 2193 1558 2248; x_wconf 90' lang='lat' dir='ltr'>genu</span> <span class='ocrx_word' id='word_1_162' title='bbox 1595 2175 1684 2232; x_wconf 87' lang='lat' dir='ltr'>vel</span> <span class='ocrx_word' id='word_1_163' title='bbox 1717 2177 1974 2232; x_wconf 89' lang='lat' dir='ltr'>secundo</span> 
     </span>
    </p>
   </div>
   <div class='ocr_carea' id='block_1_24' title="bbox 321 2263 1972 2337">
    <p class='ocr_par' dir='ltr' id='par_1_24' title="bbox 321 2263 1972 2337">
     <span class='ocr_line' id='line_1_24' title="bbox 321 2263 1972 2337; baseline -0.001 -16"><span class='ocrx_word' id='word_1_164' title='bbox 321 2265 368 2321; x_wconf 92' lang='lat' dir='ltr'>si</span> <span class='ocrx_word' id='word_1_165' title='bbox 403 2263 619 2320; x_wconf 89' lang='lat' dir='ltr'>inventi</span> <span class='ocrx_word' id='word_1_166' title='bbox 652 2264 869 2319; x_wconf 84' lang='lat' dir='ltr'>fuerint</span> <span class='ocrx_word' id='word_1_167' title='bbox 899 2263 1088 2320; x_wconf 87' lang='lat' dir='ltr'>scelus</span> <span class='ocrx_word' id='word_1_168' title='bbox 1142 2264 1546 2320; x_wconf 81' lang='lat' dir='ltr'>fornicationis</span> <span class='ocrx_word' id='word_1_169' title='bbox 1586 2269 1972 2337; x_wconf 88' lang='lat' dir='ltr'>perpetrasse,</span> 
     </span>
    </p>
   </div>
   <div class='ocr_carea' id='block_1_25' title="bbox 323 2351 1977 2425">
    <p class='ocr_par' dir='ltr' id='par_1_25' title="bbox 323 2351 1977 2425">
     <span class='ocr_line' id='line_1_25' title="bbox 323 2351 1977 2425; baseline -0.001 -16"><span class='ocrx_word' id='word_1_170' title='bbox 323 2353 680 2409; x_wconf 85' lang='lat' dir='ltr'>matrimonii</span> <span class='ocrx_word' id='word_1_171' title='bbox 705 2353 843 2423; x_wconf 89' lang='lat' dir='ltr'>jura</span> <span class='ocrx_word' id='word_1_172' title='bbox 873 2351 1116 2408; x_wconf 85' lang='lat' dir='ltr'>alterius</span> <span class='ocrx_word' id='word_1_173' title='bbox 1163 2353 1355 2409; x_wconf 90' lang='lat' dir='ltr'>sciant</span> <span class='ocrx_word' id='word_1_174' title='bbox 1384 2370 1446 2409; x_wconf 91' lang='lat' dir='ltr'>se</span> <span class='ocrx_word' id='word_1_175' title='bbox 1479 2353 1747 2409; x_wconf 89' lang='lat' dir='ltr'>funditus</span> <span class='ocrx_word' id='word_1_176' title='bbox 1780 2353 1977 2425; x_wconf 89' lang='lat' dir='ltr'>perdi-</span> 
     </span>
    </p>
   </div>
   <div class='ocr_carea' id='block_1_26' title="bbox 321 2440 1976 2512">
    <p class='ocr_par' dir='ltr' id='par_1_26' title="bbox 321 2440 1976 2512">
     <span class='ocr_line' id='line_1_26' title="bbox 321 2440 1976 2512; baseline -0.001 -14"><span class='ocrx_word' id='word_1_177' title='bbox 321 2440 573 2498; x_wconf 87' lang='lat' dir='ltr'>disse.ln</span> <span class='ocrx_word' id='word_1_178' title='bbox 607 2440 775 2497; x_wconf 89' lang='lat' dir='ltr'>tertio</span> <span class='ocrx_word' id='word_1_179' title='bbox 807 2458 938 2496; x_wconf 88' lang='lat' dir='ltr'>vero</span> <span class='ocrx_word' id='word_1_180' title='bbox 969 2457 1121 2512; x_wconf 87' lang='lat' dir='ltr'>genu</span> <span class='ocrx_word' id='word_1_181' title='bbox 1157 2441 1207 2496; x_wconf 91' lang='lat' dir='ltr'>si</span> <span class='ocrx_word' id='word_1_182' title='bbox 1239 2441 1455 2496; x_wconf 89' lang='lat' dir='ltr'>inventi</span> <span class='ocrx_word' id='word_1_183' title='bbox 1489 2442 1706 2497; x_wconf 89' lang='lat' dir='ltr'>fuerint</span> <span class='ocrx_word' id='word_1_184' title='bbox 1737 2442 1835 2497; x_wconf 90' lang='lat' dir='ltr'>tali</span> <span class='ocrx_word' id='word_1_185' title='bbox 1859 2441 1976 2496; x_wconf 89' lang='lat' dir='ltr'>cri-</span> 
     </span>
    </p>
   </div>
   <div class='ocr_carea' id='block_1_27' title="bbox 321 2529 1976 2604">
    <p class='ocr_par' dir='ltr' id='par_1_27' title="bbox 321 2529 1976 2604">
     <span class='ocr_line' id='line_1_27' title="bbox 321 2529 1976 2604; baseline 0 -17"><span class='ocrx_word' id='word_1_186' title='bbox 321 2531 479 2587; x_wconf 85' lang='lat' dir='ltr'>mine</span> <span class='ocrx_word' id='word_1_187' title='bbox 512 2529 767 2604; x_wconf 85' lang='lat' dir='ltr'>pollutos</span> <span class='ocrx_word' id='word_1_188' title='bbox 795 2531 864 2564; x_wconf 79' lang='grc'>⁷⁰²</span> <span class='ocrx_word' id='word_1_189' title='bbox 895 2546 1043 2596; x_wconf 88' lang='lat' dir='ltr'>esse,</span> <span class='ocrx_word' id='word_1_190' title='bbox 1078 2529 1256 2601; x_wconf 87' lang='lat' dir='ltr'>digna</span> <span class='ocrx_word' id='word_1_191' title='bbox 1286 2530 1607 2602; x_wconf 87' lang='lat' dir='ltr'>penitentia</span> <span class='ocrx_word' id='word_1_192' title='bbox 1640 2547 1738 2586; x_wconf 88' lang='lat' dir='ltr'>eos</span> <span class='ocrx_word' id='word_1_193' title='bbox 1773 2532 1976 2587; x_wconf 86' lang='lat' dir='ltr'>subse-</span> 
     </span>
    </p>
   </div>
   <div class='ocr_carea' id='block_1_28' title="bbox 319 2618 1977 2692">
    <p class='ocr_par' dir='ltr' id='par_1_28' title="bbox 319 2618 1977 2692">
     <span class='ocr_line' id='line_1_28' title="bbox 319 2618 1977 2692; baseline 0.001 -18"><span class='ocrx_word' id='word_1_194' title='bbox 319 2624 555 2692; x_wconf 86' lang='lat' dir='ltr'>quatur,</span> <span class='ocrx_word' id='word_1_195' title='bbox 579 2623 636 2674; x_wconf 91' lang='lat' dir='ltr'>et</span> <span class='ocrx_word' id='word_1_196' title='bbox 673 2623 867 2674; x_wconf 89' lang='lat' dir='ltr'>tamen</span> <span class='ocrx_word' id='word_1_197' title='bbox 902 2619 1259 2674; x_wconf 89' lang='lat' dir='ltr'>matrimonii</span> <span class='ocrx_word' id='word_1_198' title='bbox 1281 2621 1421 2690; x_wconf 85' lang='lat' dir='ltr'>jura</span> <span class='ocrx_word' id='word_1_199' title='bbox 1453 2618 1537 2674; x_wconf 88' lang='lat' dir='ltr'>eis</span> <span class='ocrx_word' id='word_1_200' title='bbox 1570 2636 1684 2674; x_wconf 91' lang='lat' dir='ltr'>non</span> <span class='ocrx_word' id='word_1_201' title='bbox 1717 2620 1977 2676; x_wconf 87' lang='lat' dir='ltr'>vicissim</span> 
     </span>
    </p>
   </div>
   <div class='ocr_carea' id='block_1_29' title="bbox 321 2705 1979 2781">
    <p class='ocr_par' dir='ltr' id='par_1_29' title="bbox 321 2705 1979 2781">
     <span class='ocr_line' id='line_1_29' title="bbox 321 2705 1979 2781; baseline 0.001 -18"><span class='ocrx_word' id='word_1_202' title='bbox 321 2708 420 2763; x_wconf 85' lang='lat' dir='ltr'>sed</span> <span class='ocrx_word' id='word_1_203' title='bbox 454 2709 524 2764; x_wconf 89' lang='lat' dir='ltr'>ad</span> <span class='ocrx_word' id='word_1_204' title='bbox 559 2705 704 2763; x_wconf 90' lang='lat' dir='ltr'>alios</span> <span class='ocrx_word' id='word_1_205' title='bbox 737 2724 851 2762; x_wconf 91' lang='lat' dir='ltr'>non</span> <span class='ocrx_word' id='word_1_206' title='bbox 885 2711 1194 2778; x_wconf 82' lang='lat' dir='ltr'>negantur.</span> <span class='ocrx_word' id='word_1_207' title='bbox 1232 2708 1336 2763; x_wconf 91' lang='lat' dir='ltr'>Ubi</span> <span class='ocrx_word' id='word_1_208' title='bbox 1367 2724 1501 2764; x_wconf 92' lang='lat' dir='ltr'>vero</span> <span class='ocrx_word' id='word_1_209' title='bbox 1541 2708 1834 2781; x_wconf 90' lang='lat' dir='ltr'>mancipia</span> <span class='ocrx_word' id='word_1_210' title='bbox 1864 2725 1979 2764; x_wconf 92' lang='lat' dir='ltr'>non</span> 
     </span>
    </p>
   </div>
   <div class='ocr_carea' id='block_1_30' title="bbox 325 2795 1981 2868">
    <p class='ocr_par' dir='ltr' id='par_1_30' title="bbox 325 2795 1981 2868">
     <span class='ocr_line' id='line_1_30' title="bbox 325 2795 1981 2868; baseline 0 -16"><span class='ocrx_word' id='word_1_211' title='bbox 325 2795 505 2852; x_wconf 87' lang='lat' dir='ltr'>unius</span> <span class='ocrx_word' id='word_1_212' title='bbox 524 2797 624 2852; x_wconf 89' lang='lat' dir='ltr'>sed</span> <span class='ocrx_word' id='word_1_213' title='bbox 648 2795 886 2852; x_wconf 64' lang='lat' dir='ltr'>diversae</span> <span class='ocrx_word' id='word_1_214' title='bbox 905 2795 1438 2868; x_wconf 87' lang='lat' dir='ltr'>potestatisjuncta</span> <span class='ocrx_word' id='word_1_215' title='bbox 1466 2795 1819 2864; x_wconf 85' lang='lat' dir='ltr'>fuerint,nisi</span> <span class='ocrx_word' id='word_1_216' title='bbox 1845 2814 1981 2853; x_wconf 88' lang='lat' dir='ltr'>con-</span> 
     </span>
    </p>
   </div>
   <div class='ocr_carea' id='block_1_31' title="bbox 324 2884 1982 2958">
    <p class='ocr_par' dir='ltr' id='par_1_31' title="bbox 324 2884 1982 2958">
     <span class='ocr_line' id='line_1_31' title="bbox 324 2884 1982 2958; baseline 0.002 -19"><span class='ocrx_word' id='word_1_217' title='bbox 324 2885 694 2940; x_wconf 85' lang='lat' dir='ltr'>venientibus</span> <span class='ocrx_word' id='word_1_218' title='bbox 718 2884 1026 2957; x_wconf 88' lang='lat' dir='ltr'>utriusque</span> <span class='ocrx_word' id='word_1_219' title='bbox 1040 2884 1666 2957; x_wconf 88' lang='lat' dir='ltr'>dominis,hujusmodi</span> <span class='ocrx_word' id='word_1_220' title='bbox 1689 2886 1982 2958; x_wconf 87' lang='lat' dir='ltr'>copulatio</span> 
     </span>
    </p>
   </div>
   <div class='ocr_carea' id='block_1_32' title="bbox 2082 560 2924 632">
    <p class='ocr_par' dir='ltr' id='par_1_32' title="bbox 2082 560 2924 632">
     <span class='ocr_line' id='line_1_32' title="bbox 2082 560 2924 632; baseline 0 -16"><span class='ocrx_word' id='word_1_221' title='bbox 2082 560 2505 632; x_wconf 86' lang='lat' dir='ltr'>sempiternum</span> <span class='ocrx_word' id='word_1_222' title='bbox 2541 561 2924 617; x_wconf 88' lang='lat' dir='ltr'>subtrahitur.</span> 
     </span>
    </p>
   </div>
   <div class='ocr_carea' id='block_1_33' title="bbox 2150 648 3716 719">
    <p class='ocr_par' dir='ltr' id='par_1_33' title="bbox 2150 648 3716 719">
     <span class='ocr_line' id='line_1_33' title="bbox 2150 648 3716 719; baseline 0.001 -15"><span class='ocrx_word' id='word_1_223' title='bbox 2150 653 2239 704; x_wconf 85' lang='lat'>22.</span> <span class='ocrx_word' id='word_1_224' title='bbox 2273 648 2561 705; x_wconf 82' lang='lat' dir='ltr'>Vicesimo</span> <span class='ocrx_word' id='word_1_225' title='bbox 2590 651 2869 719; x_wconf 90' lang='lat' dir='ltr'>secundo,</span> <span class='ocrx_word' id='word_1_226' title='bbox 2904 651 3257 707; x_wconf 88' lang='lat' dir='ltr'>admonendi</span> <span class='ocrx_word' id='word_1_227' title='bbox 3293 655 3434 706; x_wconf 89' lang='lat' dir='ltr'>sunt</span> <span class='ocrx_word' id='word_1_228' title='bbox 3468 653 3532 706; x_wconf 87' lang='lat' dir='ltr'>ut</span> <span class='ocrx_word' id='word_1_229' title='bbox 3552 651 3716 706; x_wconf 79' lang='lat' dir='ltr'>sciant</span> 
     </span>
    </p>
   </div>
   <div class='ocr_carea' id='block_1_34' title="bbox 2082 737 3718 812">
    <p class='ocr_par' dir='ltr' id='par_1_34' title="bbox 2082 737 3718 812">
     <span class='ocr_line' id='line_1_34' title="bbox 2082 737 3718 812; baseline 0.002 -20"><span class='ocrx_word' id='word_1_230' title='bbox 2082 737 2314 810; x_wconf 87' lang='lat' dir='ltr'>populis</span> <span class='ocrx_word' id='word_1_231' title='bbox 2329 738 2674 794; x_wconf 85' lang='lat' dir='ltr'>denuntiare</span> <span class='ocrx_word' id='word_1_232' title='bbox 2690 756 2816 812; x_wconf 72' lang='lat' dir='ltr'>qua:</span> <span class='ocrx_word' id='word_1_233' title='bbox 2834 739 3141 812; x_wconf 88' lang='lat' dir='ltr'>sintopera</span> <span class='ocrx_word' id='word_1_234' title='bbox 3163 739 3581 796; x_wconf 69' lang='lat' dir='ltr'>misericordia:</span> <span class='ocrx_word' id='word_1_235' title='bbox 3602 758 3718 796; x_wconf 85' lang='lat' dir='ltr'>cum</span> 
     </span>
    </p>
   </div>
   <div class='ocr_carea' id='block_1_35' title="bbox 2084 827 3719 902">
    <p class='ocr_par' dir='ltr' id='par_1_35' title="bbox 2084 827 3719 902">
     <span class='ocr_line' id='line_1_35' title="bbox 2084 827 3719 902; baseline 0.002 -21"><span class='ocrx_word' id='word_1_236' title='bbox 2084 827 2373 882; x_wconf 88' lang='lat' dir='ltr'>fructibus</span> <span class='ocrx_word' id='word_1_237' title='bbox 2397 827 2521 883; x_wconf 88' lang='lat' dir='ltr'>suis</span> <span class='ocrx_word' id='word_1_238' title='bbox 2555 844 2679 899; x_wconf 70' lang='lat' dir='ltr'>quae</span> <span class='ocrx_word' id='word_1_239' title='bbox 2711 827 3043 901; x_wconf 88' lang='lat' dir='ltr'>evangelica</span> <span class='ocrx_word' id='word_1_240' title='bbox 3073 833 3132 884; x_wconf 86' lang='lat' dir='ltr'>et</span> <span class='ocrx_word' id='word_1_241' title='bbox 3161 828 3491 901; x_wconf 90' lang='lat' dir='ltr'>apostolica</span> <span class='ocrx_word' id='word_1_242' title='bbox 3529 830 3719 902; x_wconf 79' lang='lat' dir='ltr'>pagina</span> 
     </span>
    </p>
   </div>
   <div class='ocr_carea' id='block_1_36' title="bbox 2083 915 3719 990">
    <p class='ocr_par' dir='ltr' id='par_1_36' title="bbox 2083 915 3719 990">
     <span class='ocr_line' id='line_1_36' title="bbox 2083 915 3719 990; baseline 0.002 -20"><span class='ocrx_word' id='word_1_243' title='bbox 2083 915 2509 987; x_wconf 88' lang='lat' dir='ltr'>complectitur,</span> <span class='ocrx_word' id='word_1_244' title='bbox 2561 916 2776 988; x_wconf 89' lang='lat' dir='ltr'>quibus</span> <span class='ocrx_word' id='word_1_245' title='bbox 2821 917 3154 989; x_wconf 82' lang='lat' dir='ltr'>pervenitur</span> <span class='ocrx_word' id='word_1_246' title='bbox 3203 917 3275 972; x_wconf 84' lang='lat' dir='ltr'>ad</span> <span class='ocrx_word' id='word_1_247' title='bbox 3310 917 3513 982; x_wconf 85' lang='lat' dir='ltr'>vitam,</span> <span class='ocrx_word' id='word_1_248' title='bbox 3545 935 3719 990; x_wconf 61' lang='lat' dir='ltr'>quave</span> 
     </span>
    </p>
   </div>
   <div class='ocr_carea' id='block_1_37' title="bbox 2082 1003 3716 1080">
    <p class='ocr_par' dir='ltr' id='par_1_37' title="bbox 2082 1003 3716 1080">
     <span class='ocr_line' id='line_1_37' title="bbox 2082 1003 3716 1080; baseline 0.001 -18"><span class='ocrx_word' id='word_1_249' title='bbox 2082 1022 2257 1078; x_wconf 89' lang='lat' dir='ltr'>opera</span> <span class='ocrx_word' id='word_1_250' title='bbox 2288 1003 2619 1076; x_wconf 86' lang='lat' dir='ltr'>iniquitatis</span> <span class='ocrx_word' id='word_1_251' title='bbox 2653 1021 2786 1060; x_wconf 88' lang='lat' dir='ltr'>cum</span> <span class='ocrx_word' id='word_1_252' title='bbox 2819 1005 3110 1062; x_wconf 88' lang='lat' dir='ltr'>fructibus</span> <span class='ocrx_word' id='word_1_253' title='bbox 3141 1006 3266 1062; x_wconf 85' lang='lat' dir='ltr'>suis</span> <span class='ocrx_word' id='word_1_254' title='bbox 3290 1005 3716 1080; x_wconf 88' lang='lat' dir='ltr'>multiplicibus,</span> 
     </span>
    </p>
   </div>
   <div class='ocr_carea' id='block_1_38' title="bbox 2083 1092 3686 1166">
    <p class='ocr_par' dir='ltr' id='par_1_38' title="bbox 2083 1092 3686 1166">
     <span class='ocr_line' id='line_1_38' title="bbox 2083 1092 3686 1166; baseline 0.001 -18"><span class='ocrx_word' id='word_1_255' title='bbox 2083 1093 2297 1166; x_wconf 87' lang='lat' dir='ltr'>quibus</span> <span class='ocrx_word' id='word_1_256' title='bbox 2316 1092 2459 1148; x_wconf 89' lang='lat' dir='ltr'>calle</span> <span class='ocrx_word' id='word_1_257' title='bbox 2482 1093 2723 1150; x_wconf 86' lang='lat' dir='ltr'>sinistro</span> <span class='ocrx_word' id='word_1_258' title='bbox 2743 1094 2812 1150; x_wconf 90' lang='lat' dir='ltr'>ad</span> <span class='ocrx_word' id='word_1_259' title='bbox 2827 1101 3108 1150; x_wconf 80' lang='lat' dir='ltr'>aeternum</span> <span class='ocrx_word' id='word_1_260' title='bbox 3128 1095 3381 1152; x_wconf 90' lang='lat' dir='ltr'>intendit</span> <span class='ocrx_word' id='word_1_261' title='bbox 3397 1095 3686 1151; x_wconf 83' lang='lat' dir='ltr'>interitum</span> 
     </span>
    </p>
   </div>
   <div class='ocr_carea' id='block_1_39' title="bbox 2081 1182 3721 1256">
    <p class='ocr_par' dir='ltr' id='par_1_39' title="bbox 2081 1182 3721 1256">
     <span class='ocr_line' id='line_1_39' title="bbox 2081 1182 3721 1256; baseline -0.001 -17"><span class='ocrx_word' id='word_1_262' title='bbox 2081 1187 2136 1239; x_wconf 90' lang='lat' dir='ltr'>et</span> <span class='ocrx_word' id='word_1_263' title='bbox 2169 1187 2230 1238; x_wconf 90' lang='lat' dir='ltr'>ut</span> <span class='ocrx_word' id='word_1_264' title='bbox 2261 1182 2500 1256; x_wconf 86' lang='lat' dir='ltr'>perjurii</span> <span class='ocrx_word' id='word_1_265' title='bbox 2532 1183 2752 1239; x_wconf 91' lang='lat' dir='ltr'>crimen</span> <span class='ocrx_word' id='word_1_266' title='bbox 2785 1183 3124 1242; x_wconf 88' lang='lat' dir='ltr'>omnimodo</span> <span class='ocrx_word' id='word_1_267' title='bbox 3155 1184 3434 1251; x_wconf 85' lang='lat' dir='ltr'>devitent,</span> <span class='ocrx_word' id='word_1_268' title='bbox 3458 1184 3596 1256; x_wconf 87' lang='lat' dir='ltr'>quia</span> <span class='ocrx_word' id='word_1_269' title='bbox 3624 1201 3721 1240; x_wconf 79' lang='lat' dir='ltr'>non</span> 
     </span>
    </p>
   </div>
   <div class='ocr_carea' id='block_1_40' title="bbox 2083 1271 3722 1346">
    <p class='ocr_par' dir='ltr' id='par_1_40' title="bbox 2083 1271 3722 1346">
     <span class='ocr_line' id='line_1_40' title="bbox 2083 1271 3722 1346; baseline 0.003 -20"><span class='ocrx_word' id='word_1_270' title='bbox 2083 1271 2276 1327; x_wconf 89' lang='lat' dir='ltr'>solum</span> <span class='ocrx_word' id='word_1_271' title='bbox 2309 1271 2367 1326; x_wconf 91' lang='lat' dir='ltr'>in</span> <span class='ocrx_word' id='word_1_272' title='bbox 2400 1272 2696 1344; x_wconf 86' lang='lat' dir='ltr'>evangelio</span> <span class='ocrx_word' id='word_1_273' title='bbox 2729 1271 2814 1328; x_wconf 81' lang='lat' dir='ltr'>vel</span> <span class='ocrx_word' id='word_1_274' title='bbox 2869 1271 3111 1346; x_wconf 84' lang='lat' dir='ltr'>reliquis</span> <span class='ocrx_word' id='word_1_275' title='bbox 3148 1277 3488 1330; x_wconf 88' lang='lat' dir='ltr'>sanctorum</span> <span class='ocrx_word' id='word_1_276' title='bbox 3522 1273 3722 1331; x_wconf 79' lang='lat' dir='ltr'>crimen</span> 
     </span>
    </p>
   </div>
   <div class='ocr_carea' id='block_1_41' title="bbox 2082 1359 3719 1435">
    <p class='ocr_par' dir='ltr' id='par_1_41' title="bbox 2082 1359 3719 1435">
     <span class='ocr_line' id='line_1_41' title="bbox 2082 1359 3719 1435; baseline 0 -20"><span class='ocrx_word' id='word_1_277' title='bbox 2082 1359 2461 1433; x_wconf 85' lang='lat' dir='ltr'>perjurii,sed</span> <span class='ocrx_word' id='word_1_278' title='bbox 2497 1361 2554 1415; x_wconf 91' lang='lat' dir='ltr'>in</span> <span class='ocrx_word' id='word_1_279' title='bbox 2586 1361 2845 1433; x_wconf 83' lang='lat' dir='ltr'>veritate,</span> <span class='ocrx_word' id='word_1_280' title='bbox 2879 1379 3005 1435; x_wconf 70' lang='lat' dir='ltr'>quae</span> <span class='ocrx_word' id='word_1_281' title='bbox 3049 1361 3202 1420; x_wconf 85' lang='lat' dir='ltr'>Deus</span> <span class='ocrx_word' id='word_1_282' title='bbox 3234 1367 3343 1428; x_wconf 89' lang='lat' dir='ltr'>est,</span> <span class='ocrx_word' id='word_1_283' title='bbox 3376 1362 3428 1418; x_wconf 86' lang='lat' dir='ltr'>si</span> <span class='ocrx_word' id='word_1_284' title='bbox 3460 1362 3719 1420; x_wconf 82' lang='lat' dir='ltr'>mentitur</span> 
     </span>
    </p>
   </div>
   <div class='ocr_carea' id='block_1_42' title="bbox 2080 1447 2776 1522">
    <p class='ocr_par' dir='ltr' id='par_1_42' title="bbox 2080 1447 2776 1522">
     <span class='ocr_line' id='line_1_42' title="bbox 2080 1447 2776 1522; baseline -0.001 -17"><span class='ocrx_word' id='word_1_285' title='bbox 2080 1448 2403 1522; x_wconf 88' lang='lat' dir='ltr'>perpetrari</span> <span class='ocrx_word' id='word_1_286' title='bbox 2436 1447 2776 1505; x_wconf 91' lang='lat' dir='ltr'>dinoscitur.</span> 
     </span>
    </p>
   </div>
   <div class='ocr_carea' id='block_1_43' title="bbox 2149 1537 3718 1611">
    <p class='ocr_par' dir='ltr' id='par_1_43' title="bbox 2149 1537 3718 1611">
     <span class='ocr_line' id='line_1_43' title="bbox 2149 1537 3718 1611; baseline 0.003 -19"><span class='ocrx_word' id='word_1_287' title='bbox 2149 1539 2238 1592; x_wconf 82' lang='lat'>23.</span> <span class='ocrx_word' id='word_1_288' title='bbox 2273 1537 2569 1611; x_wconf 87' lang='lat' dir='ltr'>Vigcsimo</span> <span class='ocrx_word' id='word_1_289' title='bbox 2614 1539 2805 1608; x_wconf 90' lang='lat' dir='ltr'>tertio,</span> <span class='ocrx_word' id='word_1_290' title='bbox 2841 1539 3193 1596; x_wconf 85' lang='lat' dir='ltr'>admonendi</span> <span class='ocrx_word' id='word_1_291' title='bbox 3247 1545 3387 1596; x_wconf 87' lang='lat' dir='ltr'>sunt</span> <span class='ocrx_word' id='word_1_292' title='bbox 3436 1544 3499 1595; x_wconf 89' lang='lat' dir='ltr'>ut</span> <span class='ocrx_word' id='word_1_293' title='bbox 3532 1542 3718 1606; x_wconf 79' lang='lat' dir='ltr'>sciant,</span> 
     </span>
    </p>
   </div>
   <div class='ocr_carea' id='block_1_44' title="bbox 2080 1626 3720 1702">
    <p class='ocr_par' dir='ltr' id='par_1_44' title="bbox 2080 1626 3720 1702">
     <span class='ocr_line' id='line_1_44' title="bbox 2080 1626 3720 1702; baseline 0 -20"><span class='ocrx_word' id='word_1_294' title='bbox 2080 1627 2218 1699; x_wconf 89' lang='lat' dir='ltr'>quia</span> <span class='ocrx_word' id='word_1_295' title='bbox 2249 1628 2315 1661; x_wconf 70' lang='grc' dir='ltr'>τ⁰⁵</span> <span class='ocrx_word' id='word_1_296' title='bbox 2365 1626 2423 1682; x_wconf 91' lang='lat' dir='ltr'>in</span> <span class='ocrx_word' id='word_1_297' title='bbox 2464 1626 2708 1683; x_wconf 69' lang='lat' dir='ltr'>molesiis</span> <span class='ocrx_word' id='word_1_298' title='bbox 2761 1627 2976 1700; x_wconf 89' lang='lat' dir='ltr'>quibus</span> <span class='ocrx_word' id='word_1_299' title='bbox 3018 1633 3299 1701; x_wconf 72' lang='lat' dir='ltr'>praesunt,</span> <span class='ocrx_word' id='word_1_300' title='bbox 3349 1629 3553 1702; x_wconf 80' lang='lat' dir='ltr'>sponsi</span> <span class='ocrx_word' id='word_1_301' title='bbox 3604 1630 3720 1701; x_wconf 57' lang='lat' dir='ltr'>facti</span> 
     </span>
    </p>
   </div>
   <div class='ocr_carea' id='block_1_45' title="bbox 2080 1716 3721 1791">
    <p class='ocr_par' dir='ltr' id='par_1_45' title="bbox 2080 1716 3721 1791">
     <span class='ocr_line' id='line_1_45' title="bbox 2080 1716 3721 1791; baseline 0 -19"><span class='ocrx_word' id='word_1_302' title='bbox 2080 1721 2237 1781; x_wconf 91' lang='lat' dir='ltr'>sunt,</span> <span class='ocrx_word' id='word_1_303' title='bbox 2273 1722 2329 1772; x_wconf 89' lang='lat' dir='ltr'>et</span> <span class='ocrx_word' id='word_1_304' title='bbox 2361 1717 2490 1772; x_wconf 91' lang='lat' dir='ltr'>ideo</span> <span class='ocrx_word' id='word_1_305' title='bbox 2523 1717 2683 1772; x_wconf 90' lang='lat' dir='ltr'>omni</span> <span class='ocrx_word' id='word_1_306' title='bbox 2714 1716 3036 1790; x_wconf 76' lang='lat' dir='ltr'>vigilantia,</span> <span class='ocrx_word' id='word_1_307' title='bbox 3068 1717 3322 1791; x_wconf 87' lang='lat' dir='ltr'>qualiter</span> <span class='ocrx_word' id='word_1_308' title='bbox 3341 1735 3443 1774; x_wconf 88' lang='lat' dir='ltr'>eas</span> <span class='ocrx_word' id='word_1_309' title='bbox 3468 1718 3721 1775; x_wconf 80' lang='lat' dir='ltr'>decorent</span> 
     </span>
    </p>
   </div>
   <div class='ocr_carea' id='block_1_46' title="bbox 2081 1803 3716 1880">
    <p class='ocr_par' dir='ltr' id='par_1_46' title="bbox 2081 1803 3716 1880">
     <span class='ocr_line' id='line_1_46' title="bbox 2081 1803 3716 1880; baseline 0.001 -20"><span class='ocrx_word' id='word_1_310' title='bbox 2081 1808 2137 1860; x_wconf 88' lang='lat' dir='ltr'>et</span> <span class='ocrx_word' id='word_1_311' title='bbox 2167 1804 2251 1860; x_wconf 89' lang='lat' dir='ltr'>eis</span> <span class='ocrx_word' id='word_1_312' title='bbox 2284 1803 2645 1860; x_wconf 85' lang='lat' dir='ltr'>incessanter</span> <span class='ocrx_word' id='word_1_313' title='bbox 2669 1806 3020 1874; x_wconf 85' lang='lat' dir='ltr'>deserviant,</span> <span class='ocrx_word' id='word_1_314' title='bbox 3053 1805 3234 1862; x_wconf 89' lang='lat' dir='ltr'>totius</span> <span class='ocrx_word' id='word_1_315' title='bbox 3265 1823 3418 1863; x_wconf 67' lang='lat' dir='ltr'>cura</span> <span class='ocrx_word' id='word_1_316' title='bbox 3450 1825 3566 1863; x_wconf 69' lang='lat' dir='ltr'>sua:</span> <span class='ocrx_word' id='word_1_317' title='bbox 3595 1807 3716 1880; x_wconf 82' lang='lat' dir='ltr'>vigi-</span> 
     </span>
    </p>
   </div>
   <div class='ocr_carea' id='block_1_47' title="bbox 2082 1893 2723 1966">
    <p class='ocr_par' dir='ltr' id='par_1_47' title="bbox 2082 1893 2723 1966">
     <span class='ocr_line' id='line_1_47' title="bbox 2082 1893 2723 1966; baseline 0.002 -19"><span class='ocrx_word' id='word_1_318' title='bbox 2082 1893 2324 1948; x_wconf 88' lang='lat' dir='ltr'>lantiam</span> <span class='ocrx_word' id='word_1_319' title='bbox 2357 1893 2723 1966; x_wconf 88' lang='lat' dir='ltr'>impendant.</span> 
     </span>
    </p>
   </div>
   <div class='ocr_carea' id='block_1_48' title="bbox 2152 1981 3715 2055">
    <p class='ocr_par' dir='ltr' id='par_1_48' title="bbox 2152 1981 3715 2055">
     <span class='ocr_line' id='line_1_48' title="bbox 2152 1981 3715 2055; baseline 0.003 -19"><span class='ocrx_word' id='word_1_320' title='bbox 2152 1983 2240 2038; x_wconf 74' lang='lat'>24.</span> <span class='ocrx_word' id='word_1_321' title='bbox 2277 1981 2572 2055; x_wconf 87' lang='lat' dir='ltr'>Vigesimo</span> <span class='ocrx_word' id='word_1_322' title='bbox 2623 1987 2851 2054; x_wconf 87' lang='lat' dir='ltr'>quarto,</span> <span class='ocrx_word' id='word_1_323' title='bbox 2904 1988 2968 2039; x_wconf 89' lang='lat' dir='ltr'>ut</span> <span class='ocrx_word' id='word_1_324' title='bbox 3014 1983 3188 2040; x_wconf 88' lang='lat' dir='ltr'>horas</span> <span class='ocrx_word' id='word_1_325' title='bbox 3252 1985 3566 2041; x_wconf 88' lang='lat' dir='ltr'>canonicas</span> <span class='ocrx_word' id='word_1_326' title='bbox 3611 1990 3715 2041; x_wconf 84' lang='lat' dir='ltr'>tam</span> 
     </span>
    </p>
   </div>
   <div class='ocr_carea' id='block_1_49' title="bbox 2085 2071 3715 2146">
    <p class='ocr_par' dir='ltr' id='par_1_49' title="bbox 2085 2071 3715 2146">
     <span class='ocr_line' id='line_1_49' title="bbox 2085 2071 3715 2146; baseline 0.002 -22"><span class='ocrx_word' id='word_1_327' title='bbox 2085 2073 2401 2125; x_wconf 87' lang='lat' dir='ltr'>nocturnas</span> <span class='ocrx_word' id='word_1_328' title='bbox 2429 2087 2607 2142; x_wconf 88' lang='lat' dir='ltr'>quam</span> <span class='ocrx_word' id='word_1_329' title='bbox 2641 2071 2884 2127; x_wconf 91' lang='lat' dir='ltr'>diurnas</span> <span class='ocrx_word' id='word_1_330' title='bbox 2919 2071 3256 2128; x_wconf 88' lang='lat' dir='ltr'>nullatenus</span> <span class='ocrx_word' id='word_1_331' title='bbox 3285 2075 3715 2146; x_wconf 86' lang='lat' dir='ltr'>pretermittant.</span> 
     </span>
    </p>
   </div>
   <div class='ocr_carea' id='block_1_50' title="bbox 2084 2157 3714 2235">
    <p class='ocr_par' dir='ltr' id='par_1_50' title="bbox 2084 2157 3714 2235">
     <span class='ocr_line' id='line_1_50' title="bbox 2084 2157 3714 2235; baseline 0.002 -21"><span class='ocrx_word' id='word_1_332' title='bbox 2084 2157 2229 2222; x_wconf 87' lang='lat' dir='ltr'>Quia</span> <span class='ocrx_word' id='word_1_333' title='bbox 2279 2159 2430 2214; x_wconf 85' lang='lat' dir='ltr'>sicut</span> <span class='ocrx_word' id='word_1_334' title='bbox 2475 2159 2738 2216; x_wconf 83' lang='lat' dir='ltr'>Romana</span> <span class='ocrx_word' id='word_1_335' title='bbox 2786 2161 2986 2233; x_wconf 88' lang='lat' dir='ltr'>psallit</span> <span class='ocrx_word' id='word_1_336' title='bbox 3037 2160 3302 2227; x_wconf 83' lang='lat' dir='ltr'>ecclesia,</span> <span class='ocrx_word' id='word_1_337' title='bbox 3349 2162 3431 2217; x_wconf 84' lang='lat' dir='ltr'>ita</span> <span class='ocrx_word' id='word_1_338' title='bbox 3468 2163 3714 2235; x_wconf 83' lang='lat' dir='ltr'>omnibus</span> 
     </span>
    </p>
   </div>
   <div class='ocr_carea' id='block_1_51' title="bbox 2085 2247 3714 2320">
    <p class='ocr_par' dir='ltr' id='par_1_51' title="bbox 2085 2247 3714 2320">
     <span class='ocr_line' id='line_1_51' title="bbox 2085 2247 3714 2320; baseline 0.002 -19"><span class='ocrx_word' id='word_1_339' title='bbox 2085 2247 2351 2316; x_wconf 89' lang='lat' dir='ltr'>ejusdem</span> <span class='ocrx_word' id='word_1_340' title='bbox 2379 2248 2659 2320; x_wconf 88' lang='lat' dir='ltr'>propositi</span> <span class='ocrx_word' id='word_1_341' title='bbox 2692 2249 2843 2304; x_wconf 90' lang='lat' dir='ltr'>viam</span> <span class='ocrx_word' id='word_1_342' title='bbox 2876 2251 3254 2307; x_wconf 90' lang='lat' dir='ltr'>tendentibus</span> <span class='ocrx_word' id='word_1_343' title='bbox 3277 2251 3599 2308; x_wconf 82' lang='lat' dir='ltr'>faciendum</span> <span class='ocrx_word' id='word_1_344' title='bbox 3620 2258 3714 2306; x_wconf 82' lang='lat' dir='ltr'>est.</span> 
     </span>
    </p>
   </div>
   <div class='ocr_carea' id='block_1_52' title="bbox 2085 2335 3715 2414">
    <p class='ocr_par' dir='ltr' id='par_1_52' title="bbox 2085 2335 3715 2414">
     <span class='ocr_line' id='line_1_52' title="bbox 2085 2335 3715 2414; baseline 0.001 -22"><span class='ocrx_word' id='word_1_345' title='bbox 2085 2337 2156 2414; x_wconf 84' lang='lat' dir='ltr'>Et</span> <span class='ocrx_word' id='word_1_346' title='bbox 2185 2353 2300 2392; x_wconf 88' lang='lat' dir='ltr'>non</span> <span class='ocrx_word' id='word_1_347' title='bbox 2334 2335 2524 2392; x_wconf 91' lang='lat' dir='ltr'>solum</span> <span class='ocrx_word' id='word_1_348' title='bbox 2558 2337 2686 2392; x_wconf 90' lang='lat' dir='ltr'>novi</span> <span class='ocrx_word' id='word_1_349' title='bbox 2715 2339 3048 2394; x_wconf 84' lang='lat' dir='ltr'>testamenti</span> <span class='ocrx_word' id='word_1_350' title='bbox 3073 2340 3429 2396; x_wconf 87' lang='lat' dir='ltr'>documenta</span> <span class='ocrx_word' id='word_1_351' title='bbox 3448 2345 3576 2396; x_wconf 86' lang='lat' dir='ltr'>sunt</span> <span class='ocrx_word' id='word_1_352' title='bbox 3594 2358 3715 2396; x_wconf 84' lang='lat' dir='ltr'>ean-</span> 
     </span>
    </p>
   </div>
   <div class='ocr_carea' id='block_1_53' title="bbox 2087 2425 3715 2491">
    <p class='ocr_par' dir='ltr' id='par_1_53' title="bbox 2087 2425 3715 2491">
     <span class='ocr_line' id='line_1_53' title="bbox 2087 2425 3715 2491; baseline 0.003 -13"><span class='ocrx_word' id='word_1_353' title='bbox 2087 2426 2217 2479; x_wconf 90' lang='lat' dir='ltr'>dem</span> <span class='ocrx_word' id='word_1_354' title='bbox 2252 2425 2564 2480; x_wconf 86' lang='lat' dir='ltr'>formulam</span> <span class='ocrx_word' id='word_1_355' title='bbox 2598 2426 2965 2491; x_wconf 89' lang='lat' dir='ltr'>observandi,</span> <span class='ocrx_word' id='word_1_356' title='bbox 2999 2428 3100 2482; x_wconf 91' lang='lat' dir='ltr'>sed</span> <span class='ocrx_word' id='word_1_357' title='bbox 3148 2427 3359 2484; x_wconf 84' lang='lat' dir='ltr'>veteris</span> <span class='ocrx_word' id='word_1_358' title='bbox 3409 2429 3715 2485; x_wconf 81' lang='lat' dir='ltr'>testamenti</span> 
     </span>
    </p>
   </div>
   <div class='ocr_carea' id='block_1_54' title="bbox 2088 2512 3716 2588">
    <p class='ocr_par' dir='ltr' id='par_1_54' title="bbox 2088 2512 3716 2588">
     <span class='ocr_line' id='line_1_54' title="bbox 2088 2512 3716 2588; baseline 0.002 -21"><span class='ocrx_word' id='word_1_359' title='bbox 2088 2517 2247 2586; x_wconf 89' lang='lat' dir='ltr'>patet</span> <span class='ocrx_word' id='word_1_360' title='bbox 2285 2512 2452 2578; x_wconf 89' lang='lat' dir='ltr'>ratio,</span> <span class='ocrx_word' id='word_1_361' title='bbox 2505 2514 2644 2586; x_wconf 89' lang='lat' dir='ltr'>quia</span> <span class='ocrx_word' id='word_1_362' title='bbox 2691 2515 2975 2587; x_wconf 84' lang='lat' dir='ltr'>propheta</span> <span class='ocrx_word' id='word_1_363' title='bbox 3023 2516 3243 2588; x_wconf 89' lang='lat' dir='ltr'>Spiritu</span> <span class='ocrx_word' id='word_1_364' title='bbox 3295 2523 3494 2573; x_wconf 88' lang='lat' dir='ltr'>sancto</span> <span class='ocrx_word' id='word_1_365' title='bbox 3538 2517 3716 2574; x_wconf 88' lang='lat' dir='ltr'>instin-</span> 
     </span>
    </p>
   </div>
   <div class='ocr_carea' id='block_1_55' title="bbox 2088 2601 3714 2674">
    <p class='ocr_par' dir='ltr' id='par_1_55' title="bbox 2088 2601 3714 2674">
     <span class='ocr_line' id='line_1_55' title="bbox 2088 2601 3714 2674; baseline 0.002 -17"><span class='ocrx_word' id='word_1_366' title='bbox 2088 2606 2216 2657; x_wconf 89' lang='lat' dir='ltr'>ctus</span> <span class='ocrx_word' id='word_1_367' title='bbox 2248 2601 2466 2674; x_wconf 87' lang='lat' dir='ltr'>profert</span> <span class='ocrx_word' id='word_1_368' title='bbox 2500 2620 2512 2658; x_wconf 91' lang='lat'>:</span> <span class='ocrx_word' id='word_1_369' title='bbox 2547 2603 2747 2674; x_wconf 72' lang='lat' dir='ltr'>Septies</span> <span class='ocrx_word' id='word_1_370' title='bbox 2778 2605 2837 2658; x_wconf 75' lang='lat' dir='ltr'>in</span> <span class='ocrx_word' id='word_1_371' title='bbox 2865 2604 2954 2659; x_wconf 79' lang='lat' dir='ltr'>die</span> <span class='ocrx_word' id='word_1_372' title='bbox 2983 2604 3201 2660; x_wconf 64' lang='lat' dir='ltr'>tau—dem</span> <span class='ocrx_word' id='word_1_373' title='bbox 3220 2604 3344 2661; x_wconf 58' lang='lat' dir='ltr'>diri</span> <span class='ocrx_word' id='word_1_374' title='bbox 3366 2608 3538 2672; x_wconf 77' lang='lat' dir='ltr'>iibi,et</span> <span class='ocrx_word' id='word_1_375' title='bbox 3555 2607 3714 2661; x_wconf 76' lang='lat' dir='ltr'>media</span> 
     </span>
    </p>
   </div>
   <div class='ocr_carea' id='block_1_56' title="bbox 2087 2691 3191 2762">
    <p class='ocr_par' dir='ltr' id='par_1_56' title="bbox 2087 2691 3191 2762">
     <span class='ocr_line' id='line_1_56' title="bbox 2087 2691 3191 2762; baseline 0.004 -17"><span class='ocrx_word' id='word_1_376' title='bbox 2087 2698 2239 2745; x_wconf 82' lang='lat' dir='ltr'>nocte</span> <span class='ocrx_word' id='word_1_377' title='bbox 2266 2691 2556 2760; x_wconf 67' lang='lat' dir='ltr'>surgebam</span> <span class='ocrx_word' id='word_1_378' title='bbox 2583 2692 2654 2748; x_wconf 82' lang='lat' dir='ltr'>ad</span> <span class='ocrx_word' id='word_1_379' title='bbox 2683 2692 3041 2762; x_wconf 66' lang='lat' dir='ltr'>conﬁtendum</span> <span class='ocrx_word' id='word_1_380' title='bbox 3072 2695 3191 2749; x_wconf 81' lang='lat' dir='ltr'>tibi.</span> 
     </span>
    </p>
   </div>
   <div class='ocr_carea' id='block_1_57' title="bbox 2160 2779 3712 2855">
    <p class='ocr_par' dir='ltr' id='par_1_57' title="bbox 2160 2779 3712 2855">
     <span class='ocr_line' id='line_1_57' title="bbox 2160 2779 3712 2855; baseline 0.002 -21"><span class='ocrx_word' id='word_1_381' title='bbox 2160 2781 2248 2834; x_wconf 87' lang='grc'>25.</span> <span class='ocrx_word' id='word_1_382' title='bbox 2282 2779 2581 2852; x_wconf 82' lang='lat' dir='ltr'>Vigcsimo</span> <span class='ocrx_word' id='word_1_383' title='bbox 2641 2781 2872 2852; x_wconf 90' lang='lat' dir='ltr'>quinto,</span> <span class='ocrx_word' id='word_1_384' title='bbox 2929 2785 2995 2836; x_wconf 92' lang='lat' dir='ltr'>ut</span> <span class='ocrx_word' id='word_1_385' title='bbox 3052 2781 3323 2855; x_wconf 85' lang='lat' dir='ltr'>plebibus</span> <span class='ocrx_word' id='word_1_386' title='bbox 3375 2783 3712 2850; x_wconf 86' lang='lat' dir='ltr'>denuntient,</span> 
     </span>
    </p>
   </div>
   <div class='ocr_carea' id='block_1_58' title="bbox 2093 2867 3714 2954">
    <p class='ocr_par' dir='ltr' id='par_1_58' title="bbox 2093 2867 3714 2954">
     <span class='ocr_line' id='line_1_58' title="bbox 2093 2867 3714 2954; baseline 0.003 -32"><span class='ocrx_word' id='word_1_387' title='bbox 2093 2868 2247 2940; x_wconf 91' lang='lat' dir='ltr'>quod</span> <span class='ocrx_word' id='word_1_388' title='bbox 2281 2867 2431 2923; x_wconf 82' lang='lat' dir='ltr'>ﬁlios</span> <span class='ocrx_word' id='word_1_389' title='bbox 2477 2873 2533 2924; x_wconf 91' lang='lat' dir='ltr'>et</span> <span class='ocrx_word' id='word_1_390' title='bbox 2582 2868 2734 2954; x_wconf 78' lang='lat' dir='ltr'>filias</span> <span class='ocrx_word' id='word_1_391' title='bbox 2765 2869 3058 2943; x_wconf 89' lang='lat' dir='ltr'>spiritales</span> <span class='ocrx_word' id='word_1_392' title='bbox 3097 2888 3244 2942; x_wconf 88' lang='lat' dir='ltr'>quos</span> <span class='ocrx_word' id='word_1_393' title='bbox 3290 2872 3348 2926; x_wconf 93' lang='lat' dir='ltr'>in</span> <span class='ocrx_word' id='word_1_394' title='bbox 3396 2873 3714 2944; x_wconf 84' lang='lat' dir='ltr'>baptismate</span> 
     </span>
    </p>
   </div>
   <div class='ocr_carea' id='block_1_59' title="bbox 333 2955 3715 3046">
    <p class='ocr_par' dir='ltr' id='par_1_59' title="bbox 333 2955 3715 3046">
     <span class='ocr_line' id='line_1_59' title="bbox 333 2955 3715 3046; baseline 0.001 -17"><span class='ocrx_word' id='word_1_395' title='bbox 333 2979 459 3030; x_wconf 86' lang='lat' dir='ltr'>rata</span> <span class='ocrx_word' id='word_1_396' title='bbox 490 2992 603 3030; x_wconf 91' lang='lat' dir='ltr'>non</span> <span class='ocrx_word' id='word_1_397' title='bbox 635 2955 1060 3046; x_wconf 83' lang='lat' dir='ltr'>erit.Quicquid</span> <span class='ocrx_word' id='word_1_398' title='bbox 1083 2990 1215 3030; x_wconf 90' lang='lat' dir='ltr'>vero</span> <span class='ocrx_word' id='word_1_399' title='bbox 1239 2955 1596 3046; x_wconf 79' lang='lat' dir='ltr'>neglegendo</span> <span class='ocrx_word' id='word_1_400' title='bbox 1621 2955 1985 3031; x_wconf 79' lang='lat' dir='ltr'>consentitur</span> <span class='ocrx_word' id='word_1_401' title='bbox 2092 2955 2445 3046; x_wconf 56' lang='grc' dir='ltr'>εμεφίρίυηιτ</span> <span class='ocrx_word' id='word_1_402' title='bbox 2479 2957 2564 3013; x_wconf 59' lang='lat' dir='ltr'>Bis</span> <span class='ocrx_word' id='word_1_403' title='bbox 2603 2957 2978 3046; x_wconf 56' lang='lat' dir='ltr'>ﬁdeiussores</span> <span class='ocrx_word' id='word_1_404' title='bbox 3029 2958 3301 3027; x_wconf 60' lang='grc' dir='ltr'>θιίείδηίν</span> <span class='ocrx_word' id='word_1_405' title='bbox 3332 2967 3390 3016; x_wconf 68' lang='grc' dir='ltr'>εί</span> <span class='ocrx_word' id='word_1_406' title='bbox 3436 2978 3715 3034; x_wconf 60' lang='lat' dir='ltr'>sponsores</span> 
     </span>
    </p>
   </div>
   <div class='ocr_carea' id='block_1_60' title="bbox 331 3044 3713 3136">
    <p class='ocr_par' dir='ltr' id='par_1_60' title="bbox 331 3044 3713 3136">
     <span class='ocr_line' id='line_1_60' title="bbox 331 3044 3713 3136; baseline 0.001 -17"><span class='ocrx_word' id='word_1_407' title='bbox 331 3063 398 3098; x_wconf 71' lang='grc'>⁸0³</span> <span class='ocrx_word' id='word_1_408' title='bbox 428 3067 486 3119; x_wconf 89' lang='lat' dir='ltr'>et</span> <span class='ocrx_word' id='word_1_409' title='bbox 513 3063 726 3119; x_wconf 88' lang='lat' dir='ltr'>virtute</span> <span class='ocrx_word' id='word_1_410' title='bbox 753 3080 868 3135; x_wconf 87' lang='lat' dir='ltr'>qua</span> <span class='ocrx_word' id='word_1_411' title='bbox 897 3044 1109 3136; x_wconf 80' lang='lat' dir='ltr'>poterit</span> <span class='ocrx_word' id='word_1_412' title='bbox 1137 3078 1253 3118; x_wconf 88' lang='lat' dir='ltr'>non</span> <span class='ocrx_word' id='word_1_413' title='bbox 1276 3044 1784 3130; x_wconf 69' lang='lat' dir='ltr'>emendeturmam</span> <span class='ocrx_word' id='word_1_414' title='bbox 1806 3063 1986 3136; x_wconf 88' lang='lat' dir='ltr'>hujus</span> <span class='ocrx_word' id='word_1_415' title='bbox 2094 3044 2228 3100; x_wconf 64' lang='lat' dir='ltr'>ﬁdei</span> <span class='ocrx_word' id='word_1_416' title='bbox 2256 3061 2359 3136; x_wconf 60' lang='lat' dir='ltr'>Pro</span> <span class='ocrx_word' id='word_1_417' title='bbox 2399 3045 2483 3136; x_wconf 56' lang='lat' dir='ltr'>9i?</span> <span class='ocrx_word' id='word_1_418' title='bbox 2530 3045 2810 3117; x_wconf 58' lang='grc' dir='ltr'>θκίεῑυηῑ,</span> <span class='ocrx_word' id='word_1_419' title='bbox 2857 3052 2913 3103; x_wconf 67' lang='lat' dir='ltr'>et</span> <span class='ocrx_word' id='word_1_420' title='bbox 2943 3047 3174 3104; x_wconf 67' lang='grc' dir='ltr'>ἀίδδοίο</span> <span class='ocrx_word' id='word_1_421' title='bbox 3223 3066 3329 3122; x_wconf 65' lang='lat' dir='ltr'>Pro</span> <span class='ocrx_word' id='word_1_422' title='bbox 3361 3049 3444 3106; x_wconf 76' lang='grc' dir='ltr'>είε</span> <span class='ocrx_word' id='word_1_423' title='bbox 3489 3050 3571 3105; x_wconf 75' lang='grc' dir='ltr'>συί</span> <span class='ocrx_word' id='word_1_424' title='bbox 3599 3055 3713 3104; x_wconf 58' lang='lat' dir='ltr'>ante</span> 
     </span>
    </p>
   </div>
   <div class='ocr_carea' id='block_1_61' title="bbox 332 3133 3714 3225">
    <p class='ocr_par' dir='ltr' id='par_1_61' title="bbox 332 3133 3714 3225">
     <span class='ocr_line' id='line_1_61' title="bbox 332 3133 3714 3225; baseline 0.001 -17"><span class='ocrx_word' id='word_1_425' title='bbox 332 3151 551 3224; x_wconf 74' lang='lat' dir='ltr'>copulae</span> <span class='ocrx_word' id='word_1_426' title='bbox 583 3133 785 3208; x_wconf 79' lang='lat' dir='ltr'>auctor</span> <span class='ocrx_word' id='word_1_427' title='bbox 815 3133 941 3218; x_wconf 82' lang='lat' dir='ltr'>erit,</span> <span class='ocrx_word' id='word_1_428' title='bbox 976 3151 1077 3222; x_wconf 88' lang='lat' dir='ltr'>qui</span> <span class='ocrx_word' id='word_1_429' title='bbox 1127 3150 1236 3206; x_wconf 91' lang='lat' dir='ltr'>hoc</span> <span class='ocrx_word' id='word_1_430' title='bbox 1281 3150 1640 3225; x_wconf 87' lang='lat' dir='ltr'>neglegendo</span> <span class='ocrx_word' id='word_1_431' title='bbox 1672 3133 1980 3209; x_wconf 77' lang='lat' dir='ltr'>consentit.</span> <span class='ocrx_word' id='word_1_432' title='bbox 2031 3224 2038 3225; x_wconf 15' lang='grc' dir='ltr'>ί</span> <span class='ocrx_word' id='word_1_433' title='bbox 2095 3133 2413 3225; x_wconf 40' lang='lat' dir='ltr'>“imam”</span> <span class='ocrx_word' id='word_1_434' title='bbox 2441 3135 3147 3225; x_wconf 47' lang='lat' dir='ltr'>fuer3“t_abrelluntlanti</span> <span class='ocrx_word' id='word_1_435' title='bbox 3181 3142 3239 3193; x_wconf 53' lang='grc' dir='ltr'><strong>εἴ</strong></span> <span class='ocrx_word' id='word_1_436' title='bbox 3260 3137 3391 3194; x_wconf 60' lang='lat' dir='ltr'>ideo</span> <span class='ocrx_word' id='word_1_437' title='bbox 3405 3155 3578 3212; x_wconf 67' lang='lat' dir='ltr'>usque</span> <span class='ocrx_word' id='word_1_438' title='bbox 3597 3155 3714 3193; x_wconf 67' lang='lat' dir='ltr'>cum</span> 
     </span>
    </p>
   </div>
   <div class='ocr_carea' id='block_1_62' title="bbox 330 3223 3712 3314">
    <p class='ocr_par' dir='ltr' id='par_1_62' title="bbox 330 3223 3712 3314">
     <span class='ocr_line' id='line_1_62' title="bbox 330 3223 3712 3314; baseline 0.002 -40"><span class='ocrx_word' id='word_1_439' title='bbox 330 3223 504 3297; x_wconf 53' lang='lat' dir='ltr'>plura</span> <span class='ocrx_word' id='word_1_440' title='bbox 533 3244 674 3296; x_wconf 64' lang='lat' dir='ltr'>sum</span> <span class='ocrx_word' id='word_1_441' title='bbox 703 3257 829 3312; x_wconf 52' lang='lat' dir='ltr'>quae</span> <span class='ocrx_word' id='word_1_442' title='bbox 853 3241 922 3295; x_wconf 67' lang='lat' dir='ltr'>ad</span> <span class='ocrx_word' id='word_1_443' title='bbox 952 3223 1665 3297; x_wconf 55' lang='lat' dir='ltr'>incestivoscrirﬁen&#39;scribi</span> <span class='ocrx_word' id='word_1_444' title='bbox 1692 3245 1978 3314; x_wconf 58' lang='lat' dir='ltr'>poterant,</span> <span class='ocrx_word' id='word_1_445' title='bbox 2015 3224 2063 3290; x_wconf 80' lang='lat' dir='ltr'>C-</span> <span class='ocrx_word' id='word_1_446' title='bbox 2095 3223 2279 3314; x_wconf 80' lang='lat' dir='ltr'>adulti</span> <span class='ocrx_word' id='word_1_447' title='bbox 2313 3223 2529 3278; x_wconf 86' lang='lat' dir='ltr'>fuerint</span> <span class='ocrx_word' id='word_1_448' title='bbox 2558 3227 2614 3314; x_wconf 83' lang='lat' dir='ltr'>et</span> <span class='ocrx_word' id='word_1_449' title='bbox 2643 3223 2725 3279; x_wconf 91' lang='lat' dir='ltr'>eis</span> <span class='ocrx_word' id='word_1_450' title='bbox 2748 3223 2885 3314; x_wconf 81' lang='lat' dir='ltr'>fidei</span> <span class='ocrx_word' id='word_1_451' title='bbox 2902 3225 3275 3314; x_wconf 87' lang='lat' dir='ltr'>sponsionem</span> <span class='ocrx_word' id='word_1_452' title='bbox 3300 3231 3360 3282; x_wconf 86' lang='lat' dir='ltr'>et</span> <span class='ocrx_word' id='word_1_453' title='bbox 3375 3227 3712 3283; x_wconf 82' lang='lat' dir='ltr'>abrenuntia-</span> 
     </span>
    </p>
   </div>
   <div class='ocr_carea' id='block_1_63' title="bbox 330 3311 3712 3403">
    <p class='ocr_par' dir='ltr' id='par_1_63' title="bbox 330 3311 3712 3403">
     <span class='ocr_line' id='line_1_63' title="bbox 330 3311 3712 3403; baseline 0.001 -17"><span class='ocrx_word' id='word_1_454' title='bbox 330 3327 484 3386; x_wconf 86' lang='lat' dir='ltr'>sicut</span> <span class='ocrx_word' id='word_1_455' title='bbox 514 3328 572 3384; x_wconf 92' lang='lat' dir='ltr'>in</span> <span class='ocrx_word' id='word_1_456' title='bbox 605 3311 788 3385; x_wconf 77' lang='lat' dir='ltr'>matre</span> <span class='ocrx_word' id='word_1_457' title='bbox 817 3331 873 3385; x_wconf 91' lang='lat' dir='ltr'>et</span> <span class='ocrx_word' id='word_1_458' title='bbox 906 3329 1023 3384; x_wconf 83' lang='lat' dir='ltr'>{ilia</span> <span class='ocrx_word' id='word_1_459' title='bbox 1053 3333 1110 3386; x_wconf 89' lang='lat' dir='ltr'>et</span> <span class='ocrx_word' id='word_1_460' title='bbox 1135 3346 1398 3396; x_wconf 88' lang='lat' dir='ltr'>noverca,</span> <span class='ocrx_word' id='word_1_461' title='bbox 1418 3334 1474 3386; x_wconf 89' lang='lat' dir='ltr'>et</span> <span class='ocrx_word' id='word_1_462' title='bbox 1504 3346 1649 3403; x_wconf 89' lang='lat' dir='ltr'>pene</span> <span class='ocrx_word' id='word_1_463' title='bbox 1671 3311 1982 3387; x_wconf 80' lang='lat' dir='ltr'>innumera</span> <span class='ocrx_word' id='word_1_464' title='bbox 2090 3311 2680 3403; x_wconf 51' lang='lat' dir='ltr'>tioeesexpowerint</span> <span class='ocrx_word' id='word_1_465' title='bbox 2709 3316 2767 3403; x_wconf 42' lang='lat' dir='ltr'>ei</span> <span class='ocrx_word' id='word_1_466' title='bbox 2793 3313 3172 3403; x_wconf 56' lang='grc' dir='ltr'>Γξᾷάίάθτίηί»</span> <span class='ocrx_word' id='word_1_467' title='bbox 3207 3314 3265 3370; x_wconf 68' lang='lat' dir='ltr'>in</span> <span class='ocrx_word' id='word_1_468' title='bbox 3299 3332 3409 3372; x_wconf 66' lang='lat' dir='ltr'>sua</span> <span class='ocrx_word' id='word_1_469' title='bbox 3439 3315 3712 3389; x_wconf 49' lang='lat' dir='ltr'>Pm‘iden‘</span> 
     </span>
    </p>
   </div>
   <div class='ocr_carea' id='block_1_64' title="bbox 331 3399 3710 3492">
    <p class='ocr_par' dir='ltr' id='par_1_64' title="bbox 331 3399 3710 3492">
     <span class='ocr_line' id='line_1_64' title="bbox 331 3399 3710 3492; baseline 0.001 -17"><span class='ocrx_word' id='word_1_470' title='bbox 331 3417 650 3492; x_wconf 62' lang='lat' dir='ltr'>quamenti</span> <span class='ocrx_word' id='word_1_471' title='bbox 667 3418 736 3476; x_wconf 87' lang='lat' dir='ltr'>ad</span> <span class='ocrx_word' id='word_1_472' title='bbox 759 3417 1133 3476; x_wconf 85' lang='lat' dir='ltr'>scribendum</span> <span class='ocrx_word' id='word_1_473' title='bbox 1148 3435 1264 3475; x_wconf 91' lang='lat' dir='ltr'>non</span> <span class='ocrx_word' id='word_1_474' title='bbox 1279 3399 1978 3492; x_wconf 79' lang='lat' dir='ltr'>occurrunt;hujusmodi</span> <span class='ocrx_word' id='word_1_475' title='bbox 2089 3400 2170 3492; x_wconf 56' lang='lat' dir='ltr'>tl“</span> <span class='ocrx_word' id='word_1_476' title='bbox 2201 3399 2486 3492; x_wconf 52' lang='lat' dir='ltr'>habent;</span> <span class='ocrx_word' id='word_1_477' title='bbox 2519 3403 2576 3492; x_wconf 41' lang='lat' dir='ltr'>ei</span> <span class='ocrx_word' id='word_1_478' title='bbox 2609 3401 2762 3473; x_wconf 72' lang='grc' dir='ltr'>(ἰυοά</span> <span class='ocrx_word' id='word_1_479' title='bbox 2797 3399 2881 3492; x_wconf 48' lang='lat' dir='ltr'>illi</span> <span class='ocrx_word' id='word_1_480' title='bbox 2915 3419 2984 3474; x_wconf 68' lang='lat' dir='ltr'><strong>PP</strong></span> <span class='ocrx_word' id='word_1_481' title='bbox 2987 3419 3019 3456; x_wconf 86' lang='lat'>0</span> <span class='ocrx_word' id='word_1_482' title='bbox 3049 3403 3134 3460; x_wconf 64' lang='grc' dir='ltr'>δίε</span> <span class='ocrx_word' id='word_1_483' title='bbox 3182 3407 3627 3477; x_wconf 62' lang='lat' dir='ltr'>spoponderant:</span> <span class='ocrx_word' id='word_1_484' title='bbox 3651 3404 3710 3459; x_wconf 63' lang='lat' dir='ltr'>ab</span> 
     </span>
    </p>
   </div>
   <div class='ocr_carea' id='block_1_65' title="bbox 2088 3490 3050 3563">
    <p class='ocr_par' dir='ltr' id='par_1_65' title="bbox 2088 3490 3050 3563">
     <span class='ocr_line' id='line_1_65' title="bbox 2088 3490 3050 3563; baseline -0.001 -17"><span class='ocrx_word' id='word_1_485' title='bbox 2088 3490 2172 3547; x_wconf 89' lang='lat' dir='ltr'>eis</span> <span class='ocrx_word' id='word_1_486' title='bbox 2201 3491 2404 3546; x_wconf 90' lang='lat' dir='ltr'>eadem</span> <span class='ocrx_word' id='word_1_487' title='bbox 2439 3506 2506 3544; x_wconf 88' lang='lat' dir='ltr'>ex</span> <span class='ocrx_word' id='word_1_488' title='bbox 2537 3490 2762 3562; x_wconf 86' lang='lat' dir='ltr'>integro</span> <span class='ocrx_word' id='word_1_489' title='bbox 2793 3490 3050 3563; x_wconf 84' lang='lat' dir='ltr'>exigant.</span> 
     </span>
    </p>
   </div>
   <div class='ocr_carea' id='block_1_66' title="bbox 1051 3641 2863 3700">
    <p class='ocr_par' dir='ltr' id='par_1_66' title="bbox 1051 3641 2863 3700">
     <span class='ocr_line' id='line_1_66' title="bbox 1051 3641 2863 3700; baseline 0 -2"><span class='ocrx_word' id='word_1_490' title='bbox 1051 3641 1467 3699; x_wconf 82' lang='lat' dir='ltr'>HLUDOWICl</span> <span class='ocrx_word' id='word_1_491' title='bbox 1501 3643 1550 3699; x_wconf 91' lang='lat' dir='ltr'><strong>II</strong></span> <span class='ocrx_word' id='word_1_492' title='bbox 1578 3643 2063 3700; x_wconf 80' lang='lat' dir='ltr'>IMPERATORIS</span> <span class='ocrx_word' id='word_1_493' title='bbox 2093 3641 2442 3699; x_wconf 84' lang='lat' dir='ltr'>CAPITULA</span> <span class='ocrx_word' id='word_1_494' title='bbox 2472 3641 2863 3698; x_wconf 76' lang='lat' dir='ltr'>EXCERPTA.</span> 
     </span>
    </p>
   </div>
   <div class='ocr_carea' id='block_1_67' title="bbox 1883 3767 2193 3838">
    <p class='ocr_par' dir='ltr' id='par_1_67' title="bbox 1883 3767 2193 3838">
     <span class='ocr_line' id='line_1_67' title="bbox 1883 3767 2193 3838; baseline -0.003 -16"><span class='ocrx_word' id='word_1_495' title='bbox 1883 3767 2007 3837; x_wconf 86' lang='lat' dir='ltr'>(An.</span> <span class='ocrx_word' id='word_1_496' title='bbox 2040 3768 2193 3838; x_wconf 88' lang='lat'>856.)</span> 
     </span>
    </p>
   </div>
   <div class='ocr_carea' id='block_1_68' title="bbox 401 3889 3718 3971">
    <p class='ocr_par' dir='ltr' id='par_1_68' title="bbox 401 3889 3718 3971">
     <span class='ocr_line' id='line_1_68' title="bbox 401 3889 3718 3971; baseline 0.002 -27"><span class='ocrx_word' id='word_1_497' title='bbox 401 3889 1350 3971; x_wconf 40' lang='lat' dir='ltr'>Excipiunt.superiorajn&#39;codice</span> <span class='ocrx_word' id='word_1_498' title='bbox 1381 3890 1944 3971; x_wconf 76' lang='lat' dir='ltr'>Blankcnburgensi,</span> <span class='ocrx_word' id='word_1_499' title='bbox 1976 3893 2145 3971; x_wconf 84' lang='lat' dir='ltr'>et_ad_</span> <span class='ocrx_word' id='word_1_500' title='bbox 2166 3892 2498 3971; x_wconf 79' lang='lat' dir='ltr'>exemplum</span> <span class='ocrx_word' id='word_1_501' title='bbox 2527 3893 3435 3971; x_wconf 43' lang='lat' dir='ltr'>constitutionumPapgnsium</span> <span class='ocrx_word' id='word_1_502' title='bbox 3461 3896 3594 3971; x_wconf 70' lang='lat' dir='ltr'>anni</span> <span class='ocrx_word' id='word_1_503' title='bbox 3637 3896 3718 3971; x_wconf 59' lang='lat'>832</span> 
     </span>
    </p>
   </div>
   <div class='ocr_carea' id='block_1_69' title="bbox 330 3960 3717 4037">
    <p class='ocr_par' dir='ltr' id='par_1_69' title="bbox 330 3960 3717 4037">
     <span class='ocr_line' id='line_1_69' title="bbox 330 3960 3717 4037; baseline 0.001 -21"><span class='ocrx_word' id='word_1_504' title='bbox 330 3960 848 4037; x_wconf 9' lang='lat' dir='ltr'>exgcapitularibu’s</span> <span class='ocrx_word' id='word_1_505' title='bbox 877 3961 1266 4037; x_wconf 57' lang='lat' dir='ltr'>antgioribus</span> <span class='ocrx_word' id='word_1_506' title='bbox 1297 3960 1901 4037; x_wconf 31' lang='lat' dir='ltr'>dep‘rompta,_in_&quot;ﬁne</span> <span class='ocrx_word' id='word_1_507' title='bbox 1932 3963 2189 4037; x_wconf 87' lang='lat' dir='ltr'>capitula</span> <span class='ocrx_word' id='word_1_508' title='bbox 2219 3960 2405 4037; x_wconf 79' lang='lat' dir='ltr'>pauca</span> <span class='ocrx_word' id='word_1_509' title='bbox 2437 3969 2495 4019; x_wconf 91' lang='lat' dir='ltr'>et</span> <span class='ocrx_word' id='word_1_510' title='bbox 2527 3963 2585 4018; x_wconf 90' lang='lat' dir='ltr'>in</span> <span class='ocrx_word' id='word_1_511' title='bbox 2617 3960 3588 4023; x_wconf 68' lang='lat' dir='ltr'>constitutionibusTicinensibus</span> <span class='ocrx_word' id='word_1_512' title='bbox 3611 3965 3717 4022; x_wconf 87' lang='lat' dir='ltr'>anni</span> 
     </span>
    </p>
   </div>
   <div class='ocr_carea' id='block_1_70' title="bbox 328 4031 2571 4107">
    <p class='ocr_par' dir='ltr' id='par_1_70' title="bbox 328 4031 2571 4107">
     <span class='ocr_line' id='line_1_70' title="bbox 328 4031 2571 4107; baseline 0.001 -19"><span class='ocrx_word' id='word_1_513' title='bbox 328 4035 433 4088; x_wconf 88' lang='grc'>855</span> <span class='ocrx_word' id='word_1_514' title='bbox 463 4031 630 4088; x_wconf 89' lang='lat' dir='ltr'>obvia</span> <span class='ocrx_word' id='word_1_515' title='bbox 662 4031 954 4087; x_wconf 85' lang='lat' dir='ltr'>exhibent.</span> <span class='ocrx_word' id='word_1_516' title='bbox 987 4033 1200 4087; x_wconf 78' lang='lat' dir='ltr'>Textus</span> <span class='ocrx_word' id='word_1_517' title='bbox 1230 4031 1632 4105; x_wconf 81' lang='lat' dir='ltr'>compluribus</span> <span class='ocrx_word' id='word_1_518' title='bbox 1665 4035 1722 4090; x_wconf 90' lang='lat' dir='ltr'>in</span> <span class='ocrx_word' id='word_1_519' title='bbox 1755 4035 1896 4092; x_wconf 91' lang='lat' dir='ltr'>locis</span> <span class='ocrx_word' id='word_1_520' title='bbox 1925 4031 2092 4092; x_wconf 86' lang='lat' dir='ltr'>valde</span> <span class='ocrx_word' id='word_1_521' title='bbox 2121 4031 2431 4107; x_wconf 71' lang='lat' dir='ltr'>corruptus</span> <span class='ocrx_word' id='word_1_522' title='bbox 2464 4040 2571 4091; x_wconf 88' lang='lat' dir='ltr'>est.</span> 
     </span>
    </p>
   </div>
   <div class='ocr_carea' id='block_1_71' title="bbox 399 4173 3722 4253">
    <p class='ocr_par' dir='ltr' id='par_1_71' title="bbox 399 4173 3722 4253">
     <span class='ocr_line' id='line_1_71' title="bbox 399 4173 3722 4253; baseline 0.002 -25"><span class='ocrx_word' id='word_1_523' title='bbox 399 4175 529 4230; x_wconf 81' lang='lat' dir='ltr'>Item</span> <span class='ocrx_word' id='word_1_524' title='bbox 556 4174 795 4246; x_wconf 83' lang='lat' dir='ltr'>capitula</span> <span class='ocrx_word' id='word_1_525' title='bbox 845 4173 980 4243; x_wconf 78' lang='lat' dir='ltr'>tegis</span> <span class='ocrx_word' id='word_1_526' title='bbox 1024 4174 1248 4231; x_wconf 59' lang='lat' dir='ltr'>Saliae.</span> <span class='ocrx_word' id='word_1_527' title='bbox 1285 4177 1332 4230; x_wconf 90' lang='grc'><strong>1.</strong></span> <span class='ocrx_word' id='word_1_528' title='bbox 1369 4175 1440 4230; x_wconf 89' lang='lat' dir='ltr'>Ut</span> <span class='ocrx_word' id='word_1_529' title='bbox 1468 4177 1617 4243; x_wconf 86' lang='grc'>(102)</span> <span class='ocrx_word' id='word_1_530' title='bbox 1652 4175 1776 4232; x_wconf 91' lang='lat' dir='ltr'>loca</span> <span class='ocrx_word' id='word_1_531' title='bbox 1824 4178 1978 4250; x_wconf 90' lang='lat' dir='ltr'>quod</span> <span class='ocrx_word' id='word_1_532' title='bbox 2010 4181 2056 4244; x_wconf 89' lang='lat' dir='ltr'>D</span> <span class='ocrx_word' id='word_1_533' title='bbox 2090 4178 2348 4234; x_wconf 87' lang='lat' dir='ltr'>cundum</span> <span class='ocrx_word' id='word_1_534' title='bbox 2382 4176 2591 4232; x_wconf 90' lang='lat' dir='ltr'>merita</span> <span class='ocrx_word' id='word_1_535' title='bbox 2625 4177 2942 4250; x_wconf 87' lang='lat' dir='ltr'>propria,et</span> <span class='ocrx_word' id='word_1_536' title='bbox 2973 4178 3268 4250; x_wconf 88' lang='lat' dir='ltr'>quomodo</span> <span class='ocrx_word' id='word_1_537' title='bbox 3293 4178 3458 4252; x_wconf 88' lang='lat' dir='ltr'>impii</span> <span class='ocrx_word' id='word_1_538' title='bbox 3501 4198 3597 4253; x_wconf 90' lang='lat' dir='ltr'>pro</span> <span class='ocrx_word' id='word_1_539' title='bbox 3625 4185 3722 4236; x_wconf 77' lang='lat' dir='ltr'>see&#39;</span> 
     </span>
    </p>
   </div>
   <div class='ocr_carea' id='block_1_72' title="bbox 328 4261 3717 4339">
    <p class='ocr_par' dir='ltr' id='par_1_72' title="bbox 328 4261 3717 4339">
     <span class='ocr_line' id='line_1_72' title="bbox 328 4261 3717 4339; baseline 0.001 -20"><span class='ocrx_word' id='word_1_540' title='bbox 328 4261 508 4319; x_wconf 89' lang='lat' dir='ltr'>semel</span> <span class='ocrx_word' id='word_1_541' title='bbox 538 4261 804 4318; x_wconf 90' lang='lat' dir='ltr'>dedicata</span> <span class='ocrx_word' id='word_1_542' title='bbox 835 4267 974 4318; x_wconf 89' lang='lat' dir='ltr'>sunt</span> <span class='ocrx_word' id='word_1_543' title='bbox 996 4266 1059 4318; x_wconf 90' lang='lat' dir='ltr'>ut</span> <span class='ocrx_word' id='word_1_544' title='bbox 1089 4263 1675 4333; x_wconf 87' lang='lat' dir='ltr'>monasteria,sint,et</span> <span class='ocrx_word' id='word_1_545' title='bbox 1705 4270 1983 4322; x_wconf 89' lang='lat' dir='ltr'>maneant</span> <span class='ocrx_word' id='word_1_546' title='bbox 2091 4265 2213 4322; x_wconf 89' lang='lat' dir='ltr'>lera</span> <span class='ocrx_word' id='word_1_547' title='bbox 2243 4283 2350 4321; x_wconf 89' lang='lat' dir='ltr'>sua</span> <span class='ocrx_word' id='word_1_548' title='bbox 2381 4283 2515 4322; x_wconf 90' lang='lat' dir='ltr'>cum</span> <span class='ocrx_word' id='word_1_549' title='bbox 2539 4266 2773 4322; x_wconf 90' lang='lat' dir='ltr'>diabolo</span> <span class='ocrx_word' id='word_1_550' title='bbox 2797 4266 2854 4322; x_wconf 90' lang='lat' dir='ltr'>in</span> <span class='ocrx_word' id='word_1_551' title='bbox 2876 4267 3073 4339; x_wconf 83' lang='lat' dir='ltr'>ignem</span> <span class='ocrx_word' id='word_1_552' title='bbox 3101 4271 3386 4324; x_wconf 65' lang='lat' dir='ltr'>aeternum</span> <span class='ocrx_word' id='word_1_553' title='bbox 3415 4270 3717 4332; x_wconf 85' lang='lat' dir='ltr'>mittuntur,</span> 
     </span>
    </p>
   </div>
   <div class='ocr_carea' id='block_1_73' title="bbox 327 4350 3716 4428">
    <p class='ocr_par' dir='ltr' id='par_1_73' title="bbox 327 4350 3716 4428">
     <span class='ocr_line' id='line_1_73' title="bbox 327 4350 3716 4428; baseline 0.001 -20"><span class='ocrx_word' id='word_1_554' title='bbox 327 4353 386 4408; x_wconf 91' lang='lat' dir='ltr'>in</span> <span class='ocrx_word' id='word_1_555' title='bbox 418 4355 765 4425; x_wconf 91' lang='lat' dir='ltr'>perpetuum</span> <span class='ocrx_word' id='word_1_556' title='bbox 799 4350 1285 4420; x_wconf 90' lang='lat' dir='ltr'>monasteria,nec</span> <span class='ocrx_word' id='word_1_557' title='bbox 1308 4359 1558 4426; x_wconf 87' lang='lat' dir='ltr'>possunt</span> <span class='ocrx_word' id='word_1_558' title='bbox 1585 4355 1652 4390; x_wconf 77' lang='grc'>⁷⁰⁶</span> <span class='ocrx_word' id='word_1_559' title='bbox 1684 4353 1836 4410; x_wconf 90' lang='lat' dir='ltr'>ultra</span> <span class='ocrx_word' id='word_1_560' title='bbox 1856 4355 1978 4411; x_wconf 82' lang='lat' dir='ltr'>ﬁeri</span> <span class='ocrx_word' id='word_1_561' title='bbox 2090 4360 2147 4411; x_wconf 91' lang='lat' dir='ltr'>et</span> <span class='ocrx_word' id='word_1_562' title='bbox 2167 4354 2315 4427; x_wconf 89' lang='lat' dir='ltr'>justi</span> <span class='ocrx_word' id='word_1_563' title='bbox 2365 4371 2497 4410; x_wconf 91' lang='lat' dir='ltr'>cum</span> <span class='ocrx_word' id='word_1_564' title='bbox 2544 4354 2772 4412; x_wconf 87' lang='lat' dir='ltr'>Christo</span> <span class='ocrx_word' id='word_1_565' title='bbox 2825 4360 2884 4411; x_wconf 88' lang='lat' dir='ltr'>et</span> <span class='ocrx_word' id='word_1_566' title='bbox 2927 4356 3148 4414; x_wconf 83' lang='lat' dir='ltr'>sanctis</span> <span class='ocrx_word' id='word_1_567' title='bbox 3191 4355 3420 4428; x_wconf 85' lang='lat' dir='ltr'>angelis</span> <span class='ocrx_word' id='word_1_568' title='bbox 3473 4358 3531 4414; x_wconf 90' lang='lat' dir='ltr'>in</span> <span class='ocrx_word' id='word_1_569' title='bbox 3567 4356 3716 4412; x_wconf 86' lang='lat' dir='ltr'>vitam</span> 
     </span>
    </p>
   </div>
   <div class='ocr_carea' id='block_1_74' title="bbox 326 4439 1015 4498">
    <p class='ocr_par' dir='ltr' id='par_1_74' title="bbox 326 4439 1015 4498">
     <span class='ocr_line' id='line_1_74' title="bbox 326 4439 1015 4498; baseline -0.003 -1"><span class='ocrx_word' id='word_1_570' title='bbox 326 4440 632 4498; x_wconf 66' lang='lat' dir='ltr'>smcularia</span> <span class='ocrx_word' id='word_1_571' title='bbox 660 4439 1015 4496; x_wconf 88' lang='lat' dir='ltr'>habitacula.</span> 
     </span>
    </p>
   </div>
   <div class='ocr_carea' id='block_1_75' title="bbox 396 4527 1979 4606">
    <p class='ocr_par' dir='ltr' id='par_1_75' title="bbox 396 4527 1979 4606">
     <span class='ocr_line' id='line_1_75' title="bbox 396 4527 1979 4606; baseline 0.003 -22"><span class='ocrx_word' id='word_1_572' title='bbox 396 4533 451 4584; x_wconf 87' lang='lat'>2.</span> <span class='ocrx_word' id='word_1_573' title='bbox 487 4529 560 4585; x_wconf 92' lang='lat' dir='ltr'>Ut</span> <span class='ocrx_word' id='word_1_574' title='bbox 588 4527 841 4601; x_wconf 83' lang='lat' dir='ltr'>virgines</span> <span class='ocrx_word' id='word_1_575' title='bbox 865 4547 979 4584; x_wconf 88' lang='lat' dir='ltr'>non</span> <span class='ocrx_word' id='word_1_576' title='bbox 1013 4528 1278 4585; x_wconf 90' lang='lat' dir='ltr'>velentur</span> <span class='ocrx_word' id='word_1_577' title='bbox 1314 4536 1449 4587; x_wconf 87' lang='lat' dir='ltr'>ante</span> <span class='ocrx_word' id='word_1_578' title='bbox 1482 4532 1684 4605; x_wconf 88' lang='lat' dir='ltr'>viginti</span> <span class='ocrx_word' id='word_1_579' title='bbox 1719 4533 1979 4606; x_wconf 90' lang='lat' dir='ltr'>quinque</span> 
     </span>
    </p>
   </div>
   <div class='ocr_carea' id='block_1_76' title="bbox 325 4617 1753 4694">
    <p class='ocr_par' dir='ltr' id='par_1_76' title="bbox 325 4617 1753 4694">
     <span class='ocr_line' id='line_1_76' title="bbox 325 4617 1753 4694; baseline 0.001 -20"><span class='ocrx_word' id='word_1_580' title='bbox 325 4634 532 4685; x_wconf 88' lang='lat' dir='ltr'>annos,</span> <span class='ocrx_word' id='word_1_581' title='bbox 565 4617 676 4674; x_wconf 90' lang='lat' dir='ltr'>nisi</span> <span class='ocrx_word' id='word_1_582' title='bbox 708 4617 1041 4674; x_wconf 88' lang='lat' dir='ltr'>rationabili</span> <span class='ocrx_word' id='word_1_583' title='bbox 1075 4618 1420 4676; x_wconf 89' lang='lat' dir='ltr'>necessitate</span> <span class='ocrx_word' id='word_1_584' title='bbox 1450 4625 1753 4694; x_wconf 88' lang='lat' dir='ltr'>cogantur.</span> 
     </span>
    </p>
   </div>
   <div class='ocr_carea' id='block_1_77' title="bbox 397 4707 1978 4780">
    <p class='ocr_par' dir='ltr' id='par_1_77' title="bbox 397 4707 1978 4780">
     <span class='ocr_line' id='line_1_77' title="bbox 397 4707 1978 4780; baseline 0.003 -20"><span class='ocrx_word' id='word_1_585' title='bbox 397 4708 450 4761; x_wconf 90' lang='lat'>3.</span> <span class='ocrx_word' id='word_1_586' title='bbox 483 4707 624 4763; x_wconf 89' lang='lat' dir='ltr'>Item</span> <span class='ocrx_word' id='word_1_587' title='bbox 658 4707 1078 4779; x_wconf 89' lang='lat' dir='ltr'>predicandum</span> <span class='ocrx_word' id='word_1_588' title='bbox 1111 4712 1220 4776; x_wconf 90' lang='lat' dir='ltr'>est,</span> <span class='ocrx_word' id='word_1_589' title='bbox 1254 4709 1547 4780; x_wconf 86' lang='lat' dir='ltr'>quomodo</span> <span class='ocrx_word' id='word_1_590' title='bbox 1573 4709 1666 4764; x_wconf 88' lang='lat' dir='ltr'>Dei</span> <span class='ocrx_word' id='word_1_591' title='bbox 1703 4709 1856 4765; x_wconf 81' lang='lat' dir='ltr'>filius</span> <span class='ocrx_word' id='word_1_592' title='bbox 1887 4708 1978 4764; x_wconf 90' lang='lat' dir='ltr'>in-</span> 
     </span>
    </p>
   </div>
   <div class='ocr_carea' id='block_1_78' title="bbox 326 4795 1980 4869">
    <p class='ocr_par' dir='ltr' id='par_1_78' title="bbox 326 4795 1980 4869">
     <span class='ocr_line' id='line_1_78' title="bbox 326 4795 1980 4869; baseline 0.002 -19"><span class='ocrx_word' id='word_1_593' title='bbox 326 4800 602 4851; x_wconf 89' lang='lat' dir='ltr'>carnatus</span> <span class='ocrx_word' id='word_1_594' title='bbox 631 4800 722 4850; x_wconf 89' lang='lat' dir='ltr'>est</span> <span class='ocrx_word' id='word_1_595' title='bbox 751 4797 820 4851; x_wconf 91' lang='lat' dir='ltr'>de</span> <span class='ocrx_word' id='word_1_596' title='bbox 852 4795 1060 4869; x_wconf 89' lang='lat' dir='ltr'>spiritu</span> <span class='ocrx_word' id='word_1_597' title='bbox 1096 4802 1296 4851; x_wconf 84' lang='lat' dir='ltr'>sancto</span> <span class='ocrx_word' id='word_1_598' title='bbox 1327 4801 1384 4852; x_wconf 91' lang='lat' dir='ltr'>et</span> <span class='ocrx_word' id='word_1_599' title='bbox 1406 4797 1588 4853; x_wconf 89' lang='lat' dir='ltr'>Maria</span> <span class='ocrx_word' id='word_1_600' title='bbox 1620 4815 1851 4868; x_wconf 86' lang='lat' dir='ltr'>semper</span> <span class='ocrx_word' id='word_1_601' title='bbox 1871 4798 1980 4853; x_wconf 89' lang='lat' dir='ltr'>vir-</span> 
     </span>
    </p>
   </div>
   <div class='ocr_carea' id='block_1_79' title="bbox 325 4882 1973 4958">
    <p class='ocr_par' dir='ltr' id='par_1_79' title="bbox 325 4882 1973 4958">
     <span class='ocr_line' id='line_1_79' title="bbox 325 4882 1973 4958; baseline 0.003 -22"><span class='ocrx_word' id='word_1_602' title='bbox 325 4882 478 4955; x_wconf 89' lang='lat' dir='ltr'>gine,</span> <span class='ocrx_word' id='word_1_603' title='bbox 531 4899 634 4954; x_wconf 89' lang='lat' dir='ltr'>pro</span> <span class='ocrx_word' id='word_1_604' title='bbox 681 4884 868 4939; x_wconf 89' lang='lat' dir='ltr'>salute</span> <span class='ocrx_word' id='word_1_605' title='bbox 911 4891 967 4940; x_wconf 89' lang='lat' dir='ltr'>et</span> <span class='ocrx_word' id='word_1_606' title='bbox 1017 4887 1380 4958; x_wconf 87' lang='lat' dir='ltr'>reparatione</span> <span class='ocrx_word' id='word_1_607' title='bbox 1426 4884 1670 4940; x_wconf 90' lang='lat' dir='ltr'>humani</span> <span class='ocrx_word' id='word_1_608' title='bbox 1723 4886 1973 4958; x_wconf 89' lang='lat' dir='ltr'>generis,</span> 
     </span>
    </p>
   </div>
   <div class='ocr_carea' id='block_1_80' title="bbox 325 4969 1976 5044">
    <p class='ocr_par' dir='ltr' id='par_1_80' title="bbox 325 4969 1976 5044">
     <span class='ocr_line' id='line_1_80' title="bbox 325 4969 1976 5044; baseline 0.002 -18"><span class='ocrx_word' id='word_1_609' title='bbox 325 4969 664 5026; x_wconf 82' lang='lat' dir='ltr'>ascenditin</span> <span class='ocrx_word' id='word_1_610' title='bbox 697 4971 928 5038; x_wconf 73' lang='lat' dir='ltr'>coelum,</span> <span class='ocrx_word' id='word_1_611' title='bbox 980 4979 1036 5028; x_wconf 86' lang='lat' dir='ltr'>et</span> <span class='ocrx_word' id='word_1_612' title='bbox 1088 4974 1380 5044; x_wconf 89' lang='lat' dir='ltr'>quomodo</span> <span class='ocrx_word' id='word_1_613' title='bbox 1431 4973 1640 5028; x_wconf 88' lang='lat' dir='ltr'>iterum</span> <span class='ocrx_word' id='word_1_614' title='bbox 1694 4978 1976 5030; x_wconf 86' lang='lat' dir='ltr'>venturus</span> 
     </span>
    </p>
   </div>
   <div class='ocr_carea' id='block_1_81' title="bbox 323 5058 1976 5132">
    <p class='ocr_par' dir='ltr' id='par_1_81' title="bbox 323 5058 1976 5132">
     <span class='ocr_line' id='line_1_81' title="bbox 323 5058 1976 5132; baseline 0.003 -18"><span class='ocrx_word' id='word_1_615' title='bbox 323 5058 400 5114; x_wconf 87' lang='lat' dir='ltr'>sit</span> <span class='ocrx_word' id='word_1_616' title='bbox 431 5058 490 5112; x_wconf 91' lang='lat' dir='ltr'>in</span> <span class='ocrx_word' id='word_1_617' title='bbox 525 5059 824 5129; x_wconf 87' lang='lat' dir='ltr'>majestate</span> <span class='ocrx_word' id='word_1_618' title='bbox 838 5061 1376 5132; x_wconf 70' lang='lat' dir='ltr'>divina7°7judicare</span> <span class='ocrx_word' id='word_1_619' title='bbox 1390 5078 1594 5118; x_wconf 90' lang='lat' dir='ltr'>omnes</span> <span class='ocrx_word' id='word_1_620' title='bbox 1607 5062 1878 5118; x_wconf 89' lang='lat' dir='ltr'>homines</span> <span class='ocrx_word' id='word_1_621' title='bbox 1890 5080 1976 5118; x_wconf 91' lang='lat' dir='ltr'>se-</span> 
     </span>
    </p>
   </div>
   <div class='ocr_carea' id='block_1_82' title="bbox 2088 4448 2388 4499">
    <p class='ocr_par' dir='ltr' id='par_1_82' title="bbox 2088 4448 2388 4499">
     <span class='ocr_line' id='line_1_82' title="bbox 2088 4448 2388 4499; baseline -0.003 0"><span class='ocrx_word' id='word_1_622' title='bbox 2088 4448 2388 4499; x_wconf 63' lang='lat' dir='ltr'>aeternam.</span> 
     </span>
    </p>
   </div>
   <div class='ocr_carea' id='block_1_83' title="bbox 2161 4531 3716 4606">
    <p class='ocr_par' dir='ltr' id='par_1_83' title="bbox 2161 4531 3716 4606">
     <span class='ocr_line' id='line_1_83' title="bbox 2161 4531 3716 4606; baseline -0.001 -19"><span class='ocrx_word' id='word_1_623' title='bbox 2161 4535 2207 4589; x_wconf 77' lang='grc'><strong>4.</strong></span> <span class='ocrx_word' id='word_1_624' title='bbox 2239 4533 2383 4588; x_wconf 89' lang='lat' dir='ltr'>ltem</span> <span class='ocrx_word' id='word_1_625' title='bbox 2417 4531 2782 4604; x_wconf 85' lang='lat' dir='ltr'>diligendum</span> <span class='ocrx_word' id='word_1_626' title='bbox 2832 4533 2899 4568; x_wconf 79' lang='grc'>⁷⁰⁸</span> <span class='ocrx_word' id='word_1_627' title='bbox 2942 4537 3032 4590; x_wconf 89' lang='lat' dir='ltr'>est</span> <span class='ocrx_word' id='word_1_628' title='bbox 3087 4538 3146 4590; x_wconf 86' lang='lat' dir='ltr'>et</span> <span class='ocrx_word' id='word_1_629' title='bbox 3194 4533 3625 4606; x_wconf 66' lang='lat' dir='ltr'>praedicandum</span> <span class='ocrx_word' id='word_1_630' title='bbox 3661 4532 3716 4587; x_wconf 78' lang='lat' dir='ltr'>de</span> 
     </span>
    </p>
   </div>
   <div class='ocr_carea' id='block_1_84' title="bbox 2090 4621 3713 4689">
    <p class='ocr_par' dir='ltr' id='par_1_84' title="bbox 2090 4621 3713 4689">
     <span class='ocr_line' id='line_1_84' title="bbox 2090 4621 3713 4689; baseline -0.001 -14"><span class='ocrx_word' id='word_1_631' title='bbox 2090 4621 2514 4677; x_wconf 90' lang='lat' dir='ltr'>resurrectione</span> <span class='ocrx_word' id='word_1_632' title='bbox 2564 4624 2952 4689; x_wconf 88' lang='lat' dir='ltr'>mortuorum,</span> <span class='ocrx_word' id='word_1_633' title='bbox 2988 4627 3053 4680; x_wconf 91' lang='lat' dir='ltr'>ut</span> <span class='ocrx_word' id='word_1_634' title='bbox 3101 4623 3294 4679; x_wconf 88' lang='lat' dir='ltr'>sciant</span> <span class='ocrx_word' id='word_1_635' title='bbox 3322 4626 3382 4679; x_wconf 89' lang='lat' dir='ltr'>et</span> <span class='ocrx_word' id='word_1_636' title='bbox 3421 4624 3644 4680; x_wconf 83' lang='lat' dir='ltr'>credant</span> <span class='ocrx_word' id='word_1_637' title='bbox 3671 4622 3713 4675; x_wconf 87' lang='lat' dir='ltr'>in</span> 
     </span>
    </p>
   </div>
   <div class='ocr_carea' id='block_1_85' title="bbox 2088 4708 3636 4784">
    <p class='ocr_par' dir='ltr' id='par_1_85' title="bbox 2088 4708 3636 4784">
     <span class='ocr_line' id='line_1_85' title="bbox 2088 4708 3636 4784; baseline 0 -18"><span class='ocrx_word' id='word_1_638' title='bbox 2088 4708 2316 4766; x_wconf 88' lang='lat' dir='ltr'>hisdem</span> <span class='ocrx_word' id='word_1_639' title='bbox 2352 4709 2610 4782; x_wconf 88' lang='lat' dir='ltr'>corporis</span> <span class='ocrx_word' id='word_1_640' title='bbox 2639 4711 2880 4782; x_wconf 62' lang='lat' dir='ltr'>praemia</span> <span class='ocrx_word' id='word_1_641' title='bbox 2909 4710 3253 4768; x_wconf 87' lang='lat' dir='ltr'>meritorum</span> <span class='ocrx_word' id='word_1_642' title='bbox 3285 4717 3636 4784; x_wconf 85' lang='lat' dir='ltr'>accepturos.</span> 
     </span>
    </p>
   </div>
   <div class='ocr_carea' id='block_1_86' title="bbox 2156 4797 3710 4873">
    <p class='ocr_par' dir='ltr' id='par_1_86' title="bbox 2156 4797 3710 4873">
     <span class='ocr_line' id='line_1_86' title="bbox 2156 4797 3710 4873; baseline -0.001 -20"><span class='ocrx_word' id='word_1_643' title='bbox 2156 4800 2210 4853; x_wconf 87' lang='lat'>5.</span> <span class='ocrx_word' id='word_1_644' title='bbox 2244 4802 2387 4854; x_wconf 84' lang='lat' dir='ltr'>Item</span> <span class='ocrx_word' id='word_1_645' title='bbox 2420 4814 2555 4854; x_wconf 91' lang='lat' dir='ltr'>cum</span> <span class='ocrx_word' id='word_1_646' title='bbox 2587 4814 2802 4870; x_wconf 86' lang='lat' dir='ltr'>magna</span> <span class='ocrx_word' id='word_1_647' title='bbox 2832 4797 3138 4872; x_wconf 84' lang='lat' dir='ltr'>diligentia</span> <span class='ocrx_word' id='word_1_648' title='bbox 3165 4800 3394 4856; x_wconf 88' lang='lat' dir='ltr'>cunctis</span> <span class='ocrx_word' id='word_1_649' title='bbox 3426 4798 3710 4873; x_wconf 69' lang='lat' dir='ltr'>praedican-</span> 
     </span>
    </p>
   </div>
   <div class='ocr_carea' id='block_1_87' title="bbox 2087 4881 3711 4960">
    <p class='ocr_par' dir='ltr' id='par_1_87' title="bbox 2087 4881 3711 4960">
     <span class='ocr_line' id='line_1_87' title="bbox 2087 4881 3711 4960; baseline -0.001 -19"><span class='ocrx_word' id='word_1_650' title='bbox 2087 4886 2229 4942; x_wconf 91' lang='lat' dir='ltr'>dum</span> <span class='ocrx_word' id='word_1_651' title='bbox 2261 4892 2370 4952; x_wconf 91' lang='lat' dir='ltr'>est,</span> <span class='ocrx_word' id='word_1_652' title='bbox 2403 4903 2505 4960; x_wconf 91' lang='lat' dir='ltr'>pro</span> <span class='ocrx_word' id='word_1_653' title='bbox 2554 4886 2773 4959; x_wconf 88' lang='lat' dir='ltr'>quibus</span> <span class='ocrx_word' id='word_1_654' title='bbox 2818 4881 3163 4944; x_wconf 88' lang='lat' dir='ltr'>criminibus</span> <span class='ocrx_word' id='word_1_655' title='bbox 3197 4888 3560 4960; x_wconf 85' lang='lat' dir='ltr'>deputantur</span> <span class='ocrx_word' id='word_1_656' title='bbox 3597 4900 3711 4941; x_wconf 84' lang='lat' dir='ltr'>cum</span> 
     </span>
    </p>
   </div>
   <div class='ocr_carea' id='block_1_88' title="bbox 2087 4973 3711 5050">
    <p class='ocr_par' dir='ltr' id='par_1_88' title="bbox 2087 4973 3711 5050">
     <span class='ocr_line' id='line_1_88' title="bbox 2087 4973 3711 5050; baseline -0.001 -21"><span class='ocrx_word' id='word_1_657' title='bbox 2087 4973 2315 5030; x_wconf 87' lang='lat' dir='ltr'>diabolo</span> <span class='ocrx_word' id='word_1_658' title='bbox 2350 4974 2408 5028; x_wconf 91' lang='lat' dir='ltr'>in</span> <span class='ocrx_word' id='word_1_659' title='bbox 2443 4979 2724 5030; x_wconf 69' lang='lat' dir='ltr'>aeternum</span> <span class='ocrx_word' id='word_1_660' title='bbox 2751 4974 3417 5050; x_wconf 86' lang='lat' dir='ltr'>supplicium.Legimus</span> <span class='ocrx_word' id='word_1_661' title='bbox 3437 4976 3584 5032; x_wconf 90' lang='lat' dir='ltr'>enim</span> <span class='ocrx_word' id='word_1_662' title='bbox 3600 4990 3711 5045; x_wconf 75' lang='lat' dir='ltr'>apo-</span> 
     </span>
    </p>
   </div>
   <div class='ocr_carea' id='block_1_89' title="bbox 2085 5062 3708 5138">
    <p class='ocr_par' dir='ltr' id='par_1_89' title="bbox 2085 5062 3708 5138">
     <span class='ocr_line' id='line_1_89' title="bbox 2085 5062 3708 5138; baseline -0.001 -20"><span class='ocrx_word' id='word_1_663' title='bbox 2085 5062 2233 5119; x_wconf 86' lang='lat' dir='ltr'>stolo</span> <span class='ocrx_word' id='word_1_664' title='bbox 2249 5063 2657 5119; x_wconf 87' lang='lat' dir='ltr'>manifestante</span> <span class='ocrx_word' id='word_1_665' title='bbox 2670 5065 2764 5118; x_wconf 69' lang='lat'>709:</span> <span class='ocrx_word' id='word_1_666' title='bbox 2796 5086 2823 5112; x_wconf 90' lang='grc'>‹‹</span> <span class='ocrx_word' id='word_1_667' title='bbox 2839 5065 2988 5120; x_wconf 87' lang='lat' dir='ltr'>Sunt</span> <span class='ocrx_word' id='word_1_668' title='bbox 3001 5069 3198 5121; x_wconf 87' lang='lat' dir='ltr'>autem</span> <span class='ocrx_word' id='word_1_669' title='bbox 3219 5064 3708 5138; x_wconf 65' lang='lat' dir='ltr'>operacarnisqua</span> 
     </span>
    </p>
   </div>
   <div class='ocr_carea' id='block_1_90' title="bbox 1672 5204 2376 5262">
    <p class='ocr_par' dir='ltr' id='par_1_90' title="bbox 1672 5204 2376 5262">
     <span class='ocr_line' id='line_1_90' title="bbox 1672 5204 2376 5262; baseline 0 -3"><span class='ocrx_word' id='word_1_670' title='bbox 1672 5205 1917 5262; x_wconf 66' lang='lat' dir='ltr'>VARUE</span> <span class='ocrx_word' id='word_1_671' title='bbox 1957 5204 2376 5262; x_wconf 83' lang='lat' dir='ltr'>LECTIONES.</span> 
     </span>
    </p>
   </div>
   <div class='ocr_carea' id='block_1_91' title="bbox 393 5323 1698 5386">
    <p class='ocr_par' dir='ltr' id='par_1_91' title="bbox 393 5323 1698 5386">
     <span class='ocr_line' id='line_1_91' title="bbox 393 5323 1698 5386; baseline 0.005 -6"><span class='ocrx_word' id='word_1_672' title='bbox 393 5328 461 5361; x_wconf 71' lang='lat'>7‘”</span> <span class='ocrx_word' id='word_1_673' title='bbox 493 5323 724 5386; x_wconf 86' lang='lat' dir='ltr'>polutos</span> <span class='ocrx_word' id='word_1_674' title='bbox 756 5342 805 5379; x_wconf 91' lang='lat' dir='ltr'>c.</span> <span class='ocrx_word' id='word_1_675' title='bbox 855 5326 948 5358; x_wconf 76' lang='lat'>&quot;&#39;03</span> <span class='ocrx_word' id='word_1_676' title='bbox 979 5326 1227 5382; x_wconf 86' lang='lat' dir='ltr'>sentitur</span> <span class='ocrx_word' id='word_1_677' title='bbox 1255 5347 1304 5382; x_wconf 87' lang='lat' dir='ltr'>c.</span> <span class='ocrx_word' id='word_1_678' title='bbox 1380 5329 1447 5363; x_wconf 64' lang='grc' dir='ltr'>τοι</span> <span class='ocrx_word' id='word_1_679' title='bbox 1476 5332 1616 5386; x_wconf 90' lang='lat' dir='ltr'>cesti</span> <span class='ocrx_word' id='word_1_680' title='bbox 1649 5349 1698 5386; x_wconf 94' lang='lat' dir='ltr'>c.</span> 
     </span>
    </p>
   </div>
   <div class='ocr_carea' id='block_1_92' title="bbox 322 5417 436 5456">
    <p class='ocr_par' dir='ltr' id='par_1_92' title="bbox 322 5417 436 5456">
     <span class='ocr_line' id='line_1_92' title="bbox 322 5417 436 5456; baseline 0 -1"><span class='ocrx_word' id='word_1_681' title='bbox 322 5417 436 5456; x_wconf 79' lang='lat' dir='ltr'>ne:</span> 
     </span>
    </p>
   </div>
   <div class='ocr_carea' id='block_1_93' title="bbox 961 5330 3700 5407">
    <p class='ocr_par' dir='ltr' id='par_1_93' title="bbox 961 5330 3700 5407">
     <span class='ocr_line' id='line_1_93' title="bbox 961 5330 3700 5407; baseline 0 -27"><span class='ocrx_word' id='word_1_682' title='bbox 961 5330 1227 5407; x_wconf 55' lang='lat' dir='ltr'>sentitur</span> <span class='ocrx_word' id='word_1_683' title='bbox 1255 5347 1332 5407; x_wconf 85' lang='lat' dir='ltr'>c._</span> <span class='ocrx_word' id='word_1_684' title='bbox 1380 5330 1447 5363; x_wconf 63' lang='grc' dir='ltr'>τοι</span> <span class='ocrx_word' id='word_1_685' title='bbox 1476 5332 1616 5407; x_wconf 74' lang='lat' dir='ltr'>cesti</span> <span class='ocrx_word' id='word_1_686' title='bbox 1649 5349 1698 5407; x_wconf 70' lang='lat' dir='ltr'>c.</span> <span class='ocrx_word' id='word_1_687' title='bbox 1777 5332 1844 5407; x_wconf 64' lang='grc' dir='ltr'>τοξι</span> <span class='ocrx_word' id='word_1_688' title='bbox 1874 5331 1980 5407; x_wconf 69' lang='lat' dir='ltr'>qui</span> <span class='ocrx_word' id='word_1_689' title='bbox 2005 5348 2054 5385; x_wconf 91' lang='lat' dir='ltr'>c.</span> <span class='ocrx_word' id='word_1_690' title='bbox 2131 5332 2205 5407; x_wconf 49' lang='lat' dir='ltr'>&quot;ff</span> <span class='ocrx_word' id='word_1_691' title='bbox 2231 5347 2465 5402; x_wconf 87' lang='lat' dir='ltr'>possam</span> <span class='ocrx_word' id='word_1_692' title='bbox 2499 5335 2563 5386; x_wconf 92' lang='lat' dir='ltr'>ut</span> <span class='ocrx_word' id='word_1_693' title='bbox 2591 5331 2706 5387; x_wconf 80' lang='lat' dir='ltr'>cod.</span> <span class='ocrx_word' id='word_1_694' title='bbox 2783 5332 2851 5366; x_wconf 75' lang='grc'><strong>⁷⁰⁷</strong></span> <span class='ocrx_word' id='word_1_695' title='bbox 2883 5330 3075 5388; x_wconf 86' lang='lat' dir='ltr'>divine</span> <span class='ocrx_word' id='word_1_696' title='bbox 3104 5331 3222 5388; x_wconf 85' lang='lat' dir='ltr'>cod.</span> <span class='ocrx_word' id='word_1_697' title='bbox 3303 5333 3370 5368; x_wconf 60' lang='lat'>7°“</span> <span class='ocrx_word' id='word_1_698' title='bbox 3421 5330 3700 5407; x_wconf 57' lang='lat' dir='ltr'>teqmdnm-</span> 
     </span>
    </p>
   </div>
   <div class='ocr_carea' id='block_1_94' title="bbox 513 5396 2455 5472">
    <p class='ocr_par' dir='ltr' id='par_1_94' title="bbox 513 5396 2455 5472">
     <span class='ocr_line' id='line_1_94' title="bbox 513 5396 2455 5472; baseline 0.002 -19"><span class='ocrx_word' id='word_1_699' title='bbox 513 5397 784 5453; x_wconf 88' lang='lat' dir='ltr'>icendum</span> <span class='ocrx_word' id='word_1_700' title='bbox 817 5412 889 5450; x_wconf 88' lang='lat' dir='ltr'>an</span> <span class='ocrx_word' id='word_1_701' title='bbox 918 5396 1227 5466; x_wconf 84' lang='lat' dir='ltr'>diligenter</span> <span class='ocrx_word' id='word_1_702' title='bbox 1253 5404 1339 5455; x_wconf 90' lang='lat' dir='ltr'>est</span> <span class='ocrx_word' id='word_1_703' title='bbox 1369 5403 1845 5472; x_wconf 66' lang='lat' dir='ltr'>praedicandum?</span> <span class='ocrx_word' id='word_1_704' title='bbox 1889 5396 1986 5438; x_wconf 71' lang='grc' dir='ltr'>’τοθ</span> <span class='ocrx_word' id='word_1_705' title='bbox 2016 5396 2326 5458; x_wconf 75' lang='lat' dir='ltr'>manifesta</span> <span class='ocrx_word' id='word_1_706' title='bbox 2358 5418 2406 5456; x_wconf 94' lang='lat' dir='ltr'>c.</span> <span class='ocrx_word' id='word_1_707' title='bbox 2446 5453 2455 5464; x_wconf 83' lang='grc'><em>,</em></span> 
     </span>
    </p>
   </div>
   <div class='ocr_carea' id='block_1_95' title="bbox 3413 5403 3478 5466">
    <p class='ocr_par' dir='ltr' id='par_1_95' title="bbox 3413 5403 3478 5466">
     <span class='ocr_line' id='line_1_95' title="bbox 3413 5403 3478 5466; baseline 0 -7"><span class='ocrx_word' id='word_1_708' title='bbox 3413 5403 3478 5466; x_wconf 55' lang='grc' dir='ltr'>τ..</span> 
     </span>
    </p>
   </div>
   <div class='ocr_carea' id='block_1_96' title="bbox 1907 5536 2140 5592">
    <p class='ocr_par' dir='ltr' id='par_1_96' title="bbox 1907 5536 2140 5592">
     <span class='ocr_line' id='line_1_96' title="bbox 1907 5536 2140 5592; baseline -0.004 -2"><span class='ocrx_word' id='word_1_709' title='bbox 1907 5536 2140 5592; x_wconf 61' lang='grc' dir='ltr'>ΝΟΤΕ.</span> 
     </span>
    </p>
   </div>
   <div class='ocr_carea' id='block_1_97' title="bbox 397 5627 1068 5700">
    <p class='ocr_par' dir='ltr' id='par_1_97' title="bbox 397 5627 1068 5700">
     <span class='ocr_line' id='line_1_97' title="bbox 397 5627 1068 5700; baseline -0.009 -15"><span class='ocrx_word' id='word_1_710' title='bbox 397 5629 544 5700; x_wconf 85' lang='grc'>(102)</span> <span class='ocrx_word' id='word_1_711' title='bbox 573 5631 698 5690; x_wconf 88' lang='lat'>789.</span> <span class='ocrx_word' id='word_1_712' title='bbox 731 5630 858 5687; x_wconf 88' lang='lat' dir='ltr'>Ecc.</span> <span class='ocrx_word' id='word_1_713' title='bbox 895 5644 943 5684; x_wconf 91' lang='lat' dir='ltr'>c.</span> <span class='ocrx_word' id='word_1_714' title='bbox 978 5627 1068 5681; x_wconf 91' lang='grc'>31.</span> 
     </span>
    </p>
   </div>
   <div class='ocr_carea' id='block_1_98' title="bbox 3090 5662 3292 5728">
    <p class='ocr_par' dir='ltr' id='par_1_98' title="bbox 3090 5662 3292 5728">
     <span class='ocr_line' id='line_1_98' title="bbox 3090 5662 3292 5728; baseline 0.045 -9"><span class='ocrx_word' id='word_1_715' title='bbox 3090 5662 3292 5728; x_wconf 55' lang='lat' dir='ltr'>tr...&quot;</span> 
     </span>
    </p>
   </div>
   <div class='ocr_carea' id='block_1_99' title="bbox 3407 5653 3530 5746">
    <p class='ocr_par' dir='ltr' id='par_1_99' title="bbox 3407 5653 3530 5746">
     <span class='ocr_line' id='line_1_99' title="bbox 3407 5653 3530 5746; baseline 0 -22"><span class='ocrx_word' id='word_1_716' title='bbox 3407 5653 3530 5746; x_wconf 65' lang='grc' dir='ltr'>ἐκ</span> 
     </span>
    </p>
   </div>
  </div>
