3828 6204
410 332 532 425 639

484 569 725 627 Karolus
751 583 849 639 per
878 563 1212 639 Adalardum
1240 562 1506 629 abbatem,
1537 561 1979 626 et‘Rt'chuinum,
2011 566 2063 614 et

485 636 798 713 Rodat/uni,
830 644 881 693 et
899 636 1310 707 Berengarium.

486 787 539 842 1.
570 784 809 840 Mandat
826 779 990 836 vobis
1012 776 1209 834 senior
1239 778 1435 831 noster
1464 772 1703 829 salutes.
1728 771 1797 826 Et
1820 771 2061 826 mandat

410 871 744 946 vobis,quia
764 869 1041 943 quicquid
1075 866 1134 921 in
1166 870 1356 920 vestra
1387 880 1561 918 causa
1584 861 1910 918 secundum
1930 876 2062 915 con-

412 965 610 1023 silium
643 976 886 1017 suorum
920 956 1179 1012 ﬁdelium
1213 952 1422 1008 melius
1452 956 1508 1007 et
1553 949 1860 1006 honestius
1902 949 2058 1004 inve-

412 1054 538 1110 nire
568 1050 884 1125 potuit,per
913 1063 1051 1101 suos
1084 1043 1281 1098 ﬁdeles
1311 1046 1367 1098 et
1397 1058 1505 1097 sua
1526 1038 1784 1112 capitula
1805 1040 1931 1111 jam
1956 1055 2061 1111 per

411 1145 560 1200 duas
588 1140 740 1195 vices
769 1135 932 1193 vobis
966 1132 1280 1189 mandavit.

480 1253 535 1305 2.
569 1246 808 1303 Mandat
836 1242 1020 1305 vobis,
1046 1238 1185 1311 quia
1214 1237 1366 1294 sicut
1398 1254 1499 1310 per
1531 1236 1660 1291 illos
1693 1252 1831 1291 suos
1858 1233 2058 1290 ﬁdeles

411 1343 470 1395 et
493 1353 597 1409 per
625 1334 831 1390 eadem
861 1327 1120 1402 capitula
1150 1326 1315 1382 vobis
1344 1325 1618 1392 innotuit,
1653 1323 1736 1379 sic
1767 1323 1894 1379 vult
1922 1340 2061 1395 erga

410 1444 512 1483 vos
541 1424 854 1481 adtendere
883 1424 939 1474 et
970 1418 1311 1472 observare.
1331 1415 1399 1477 Et
1429 1413 1480 1469 si
1508 1431 1610 1469 vos
1640 1413 1833 1469 adhuc
1885 1410 2059 1468 talem

410 1526 650 1573 causam
678 1528 811 1565 eum
844 1506 1139 1581 postul'are
1171 1502 1470 1560 volueritis
1499 1520 1626 1574 quae
1660 1503 1730 1556 ad
1765 1519 1936 1557 suum
1961 1500 2061 1556 ho-

411 1619 615 1662 norem
646 1605 703 1656 et
732 1599 803 1654 ad
836 1602 1093 1651 vestrum
1130 1593 1455 1665 profectum
1486 1591 1787 1663 pertineat,
1820 1594 2061 1662 paratus

414 1697 505 1750 est
532 1691 707 1747 etiam
738 1688 799 1743 in
829 1686 940 1742 hoc
971 1683 1297 1739 secundum
1324 1684 1576 1735 vestram
1600 1680 1937 1752 petitionem
1970 1680 2059 1735 fa-

415 1798 544 1838 cere
565 1780 735 1851 juxta
755 1773 1066 1833 consilium
1101 1769 1362 1825 ﬁdelium
1394 1786 1657 1826 suorum.

484 1890 538 1943 3.
571 1885 809 1941 Mandat
837 1879 1035 1947 etiam,
1067 1882 1132 1934 ut
1180 1875 1561 1933 recordemini
1612 1876 1714 1931 Dei
1764 1879 1822 1932 et
1857 1881 2060 1932 vestrae

413 1971 883 2036 christianitatis,
917 1973 974 2024 et
1003 1964 1362 2024 condoleatis
1390 1969 1565 2037 atque
1616 1966 2059 2038 compatiamini

412 2065 549 2122 huic
581 2066 794 2121 sanctis
823 2056 1235 2128 ecclesiae,quaa
1264 2058 1321 2110 et
1350 2071 1384 2109 a
1412 2053 1577 2109 vobis
1607 2056 1665 2109 et
1690 2054 1762 2109 ab
1795 2052 1928 2109 aliis
1949 2055 2059 2109 mi-

412 2153 739 2215 serabiliter
766 2153 856 2207 est
884 2162 1165 2219 oppressa
1193 2148 1251 2200 et
1279 2143 1693 2215 depraedata,et
1713 2159 1839 2215 qua:
1862 2142 2063 2197 crude-

411 2245 545 2302 liter
571 2260 641 2300 ex
671 2240 854 2297 altera
882 2240 1045 2309 parte
1075 2231 1447 2306 persequitur
1474 2248 1510 2288 a
1540 2230 1812 2304 paganis;
1843 2235 1900 2286 et
1942 2248 2059 2287 non

410 2352 513 2390 vos
534 2328 867 2388 dissocietis
895 2326 966 2381 ab
997 2322 1221 2379 unitate
1268 2326 1327 2377 et
1374 2320 1765 2376 unanimitate
1797 2318 2060 2377 ﬁdelium

412 2422 535 2490 Dei,
568 2421 668 2477 sed
701 2413 1033 2474 aceeleretis
1065 2409 1508 2484 praesentialiter
1534 2426 1636 2465 vos
1669 2408 1751 2463 illi
1777 2409 2057 2477 adunare,

414 2517 473 2568 et
501 2510 857 2580 conjungere
887 2501 1020 2573 aliis
1047 2500 1149 2556 Dei
1183 2500 1424 2571 suisque
1448 2498 1741 2567 ﬁdelibus,
1765 2499 1837 2553 ad
1870 2498 2062 2555 defen-

414 2601 643 2657 sionem
676 2597 891 2652 sanctaa
913 2589 1169 2647 ecclesiae
1199 2592 1255 2643 et
1285 2604 1452 2643 suam
1482 2586 1843 2644 ﬁdelitatem.

484 2709 537 2762 4.
568 2704 627 2759 Si
658 2705 855 2758 autem
885 2696 1100 2762 dicitis,
1130 2711 1232 2750 vos
1259 2697 1497 2767 prepter
1527 2710 1694 2766 pares
1712 2697 1936 2749 vestros
1958 2692 2060 2766 qui

410 2797 727 2870 prmsentes
752 2806 866 2845 non
900 2789 1041 2842 sunt
1068 2784 1177 2840 hoc
1208 2801 1323 2839 non
1351 2800 1521 2855 posse
1553 2782 1760 2849 facere,
1797 2783 2058 2854 mandat,

413 2890 479 2943 ut
505 2902 608 2940 vos
641 2880 737 2955 qui
770 2878 828 2933 in
862 2873 1272 2949 prasentiarum
1303 2871 1658 2939 estis,talem
1686 2870 2056 2927 securitatem

410 2975 461 3033 ei
494 2970 811 3036 faciatis,ut
839 2983 956 3023 non
987 2966 1225 3037 propter
1254 2960 1431 3017 aliam
1464 2977 1703 3016 causam
1733 2959 1844 3015 hoc
1865 2958 2061 3016 dimit-

407 3065 545 3121 tatis
576 3060 729 3135 quod
762 3073 865 3130 per
895 3071 1003 3109 nos
1031 3051 1193 3108 vobis
1223 3050 1487 3118 mandat,
1523 3049 1637 3104 nisi
1671 3052 1907 3122 propter
1928 3048 2060 3104 illos

407 3156 630 3211 vestros
659 3162 830 3222 pares
873 3142 973 3216 qui
1022 3144 1339 3214 praesentes
1369 3155 1483 3195 non
1515 3141 1672 3194 sunt.
1707 3139 1778 3193 Et
1809 3137 1977 3193 facite
2007 3135 2060 3194 ei

1074 350 1410 418 APPEND.
1459 338 1558 415 AD
1604 352 1793 415 sae.
1840 352 1914 413 x.
1948 382 2027 397 --
2057 346 2554 414 MONUMENTA
2597 335 3152 414 DIPLOMATICA.
3705 325 3793 408 sio

410 502 586 558 Istum
630 493 975 552 misreticum
1020 489 1327 548 transmisit
1373 485 1605 544 domnus
1652 505 1753 545 rex
1788 484 2060 558 gloriosus
2091 487 2143 555 Α
2171 483 2340 540 illum
2372 483 2745 559 neglegenter
2772 482 2889 559 egit
2918 485 2979 540 in
3006 484 3116 541 hac
3144 499 3361 553 causa;
3397 482 3484 540 ita
3530 486 3736 546 tamen,
3756 482 3787 537 si

2169 592 2270 631 vos
2301 592 2534 647 quoque
2563 591 2701 648 erga
2731 574 2898 631 illum
2931 574 3193 631 debitum
3223 574 3513 631 honorem
3565 576 3625 630 et
3665 572 3789 628 debi-

2167 667 2289 719 tam
2331 663 2670 720 ﬁdelitatem
2720 664 3220 733 conservaveritis,
3254 663 3411 720 sicut
3464 661 3575 719 Dei
3620 662 3791 734 suique
3826 656 3828 734 ί

2169 752 2393 810 ﬁdeles.

2238 843 2291 898 6.
2328 843 2396 899 Et
2421 843 2471 897 si
2503 841 2703 916 aliqua
2737 860 2872 916 pars
2902 859 2972 898 ex
2997 841 3162 899 vobis
3194 843 3267 898 ad
3298 842 3433 915 ejus
3460 839 3791 898 senioratum

2168 934 2225 986 et
2255 932 2326 987 ad
2359 932 2488 1003 ejus
2521 931 2861 987 ﬁdelitatem
2897 932 3101 988 reverti
3132 930 3402 999 voluerit,
3437 929 3712 987 similiter
3733 936 3794 984 est

2168 1024 2409 1093 paratus
2440 1038 2539 1077 eos
2570 1020 2821 1094 benigne
2842 1021 3116 1094 recipere,
3138 1025 3195 1077 et
3222 1037 3365 1094 erga
3384 1019 3525 1076 illos
3550 1019 3793 1077 omnium}

2168 1110 2260 1165 dis
2291 1109 2612 1183 adimplere
2637 1127 2764 1183 quae
2794 1109 3067 1183 superius
3098 1109 3319 1183 scripta
3349 1114 3519 1165 sunt.
3704 1179 3709 1183 θ

2168 1221 2342 1272 Istum
2385 1218 2726 1272 mismticum
2771 1219 3079 1273 transmisit
3122 1235 3222 1272 res:
3265 1234 3361 1273 per
3389 1218 3743 1273 Hincmarum
3764 1224 3798 1271 et

2248 1234 2342 1271 um
2385 1234 2726 1272 mmcuwum
2771 1234 3079 1273 transmzsu
3122 1235 3222 1272 rea:
3299 1234 3361 1273 er
3389 1234 3743 1273 amt-marum
3764 1234 3793 1271 ξι

2244 1289 2644 1360 Yrmz'nfrz‘dum
2670 1290 2960 1415 episcoiios,
2983 1296 3035 1345 et
3060 1306 3159 1362 per
3186 1234 3535 1345 Atiitardum
3562 1288 3793 1352 abbatem,

2244 1368 2289 1415 et
2319 1360 2632 1415 Rodulfum.
2658 1368 2711 1415 et
2737 1362 2839 1415 Ric
2878 1362 3097 1415 uinum.
3126 1367 3178 1415 et
3208 1362 3640 1415 Berenaarium.

2237 1368 2289 1416 et
2319 1360 2632 1432 Rodulfum,
2658 1368 2711 1415 et
2737 1360 3097 1430 Richuinuni,
3126 1367 3178 1417 et
3208 1362 3640 1430 Berengarium.

2241 1466 2483 1521 Mandat
2527 1465 2691 1522 vobis
2740 1466 2938 1521 senior
2982 1469 3181 1522 noster
3208 1464 3458 1522 salutes.
3494 1466 3561 1521 Et
3591 1464 3794 1521 mandat
3826 1464 3828 1522 ἐ

2166 1554 2351 1621 vobis,
2385 1554 2526 1626 quia
2560 1571 2661 1627 pro
2695 1554 2797 1611 Dei
2828 1572 3025 1611 amore
3054 1558 3111 1612 et
3141 1572 3245 1629 pro
3273 1558 3486 1611 vestrae
3533 1555 3792 1626 quondam

2170 1642 2465 1699 ﬁdelitatis
2497 1643 2731 1699 servitio
2760 1643 2870 1700 sibi
2904 1644 3407 1716 impenso,omnes
3434 1660 3547 1699 vos
3568 1641 3687 1698 vult
3704 1642 3792 1698 sal-

2167 1749 2269 1788 vos
2298 1749 2447 1797 esse,
2482 1737 2540 1788 et
2570 1732 2698 1789 sine
2746 1732 2947 1806 aliqua
2994 1733 3299 1790 occasione
3350 1748 3565 1789 omnes
3611 1749 3706 1788 vos
3741 1732 3790 1786 ad

2169 1819 2266 1876 Dei
2299 1821 2600 1877 servitium
2632 1826 2690 1878 et
2717 1822 2788 1877 ad
2810 1839 2978 1878 suam
3006 1821 3350 1878 ﬁdelitatem
3384 1821 3695 1878 adtrahere
3719 1837 3790 1876 ου·

2169 1908 2273 1982 pit.
2306 1911 2377 1965 Et
2407 1915 2469 1965 ut
2496 1898 2772 1967 omnibus
2802 1911 3182 1968 manifestum
3216 1911 3337 1979 ﬁat,
3359 1910 3508 1984 quia
3528 1911 3611 1967 sic
3631 1927 3791 1967 omnes
3826 1902 3828 1969 ἶ

2168 2016 2269 2055 vos
2300 1998 2426 2055 vult
2454 1997 2677 2055 salvare
2709 1998 2864 2055 sicut
2892 2017 3032 2056 suos
3080 2000 3301 2067 ﬁdeles,
3336 2004 3397 2056 et
3450 1999 3618 2055 nulla
3660 2016 3790 2057 occa-

2170 2087 2332 2144 sione
2364 2088 2703 2144 intermissa
2732 2088 3088 2162 aliquemex
3117 2088 3284 2145 vobis
3329 2088 3579 2161 perdere
3603 2088 3728 2153 vult,
3752 2094 3791 2142 et
3826 2087 3828 2141 ἓ

2170 2179 2236 2231 ut
2263 2176 2441 2232 etiam
2469 2182 2680 2233 contra
2708 2194 2879 2250 pares
2915 2181 3139 2233 vestros
3161 2177 3389 2251 absque
3420 2176 3656 2234 lesione
3681 2175 3788 2232 salvi
3826 2164 3828 2187 ⁵

2169 2281 2298 2321 esse
2329 2264 2588 2338 possitis,
2621 2264 2775 2322 sicut
2804 2264 3029 2322 debetis
3059 2270 3118 2321 et
3166 2265 3529 2322 christianos
3577 2270 3784 2339 oportet,
3826 2256 3828 2271 '

2168 2353 2347 2411 talem
2379 2371 2619 2411 causam
2654 2354 2888 2428 qualem
2915 2372 3018 2411 vos
3062 2372 3197 2412 cum
3247 2354 3617 2428 postulastis,
3645 2353 3789 2410 liben-
3826 2384 3828 2407 ;

2168 2443 2399 2499 tissime
2420 2443 2584 2500 vobis
2605 2444 2874 2501 concedit
2898 2445 3223 2501 secundum
3247 2444 3564 2501 consilium
3586 2460 3787 2501 suorum
3826 2438 3828 2497 ἓ

2170 2531 2434 2588 ﬁdelium
2465 2550 2652 2605 usque
2682 2534 2753 2589 ad
2786 2533 3123 2590 condictum
3155 2532 3441 2607 placitum
3475 2534 3625 2607 quod
3670 2530 3789 2588 ests
3826 2540 3828 2545 '

2170 2621 2310 2678 Idus
2341 2622 2537 2680 Octob.
2575 2621 2918 2679 Carnutum.
2953 2626 3039 2679 Ita
3067 2627 3285 2691 tamen,
3316 2627 3382 2679 ut
3411 2640 3517 2679 vos
3547 2621 3786 2678 securita-
3826 2666 3828 2675 .

2168 2715 2288 2766 tem
2318 2709 2495 2767 talem
2528 2711 2579 2766 ei
2613 2710 2859 2779 faciatis,
2878 2715 2943 2767 ut
2972 2728 3159 2784 usque
3189 2712 3259 2767 ad
3293 2710 3441 2767 illud
3466 2709 3786 2785 placitumin

2168 2816 2310 2872 pace
2340 2798 2723 2868 maneatis,et
2743 2799 2967 2856 nullam
2999 2800 3520 2858 dehonorationem
3541 2800 3600 2856 in
3628 2798 3784 2869 aliqua
3826 2786 3828 2845 ἶ

2169 2905 2348 2945 causa
2376 2906 2515 2962 erga
2542 2906 2679 2946 eum
2698 2894 2799 2946 aut
2827 2906 2966 2963 erga
2994 2907 3134 2946 suos
3166 2889 3368 2946 ﬁdeles
3392 2889 3785 2962 faciatis,quam

2168 2978 2592 3035 rationabiliter
2623 2983 2681 3034 et
2709 2978 3067 3051 possibiliter
3116 2978 3298 3036 vitare
3324 2983 3381 3036 et
3411 2995 3611 3036 cavere
3631 2981 3784 3051 potes-
3826 2972 3828 3047 Ὺ

2166 3067 2460 3140 tis,neque
2490 3067 2978 3140 impedimentum
3010 3067 3136 3124 suis
3168 3066 3441 3124 ﬁdelibus
3463 3067 3782 3131 faciatis,nec

2168 3156 2813 3229 impraedationemmec
2844 3156 3103 3231 aliquam
3137 3157 3714 3230 inquietudinemﬁ”.
3734 3154 3781 3210 Et
3826 3164 3828 3197 ἰ

410 3242 803 3305 securitatem,
819 3237 883 3290 Ut
910 3230 1044 3287 illos
1073 3233 1295 3287 νθείνοε
1325 3245 1494 3302 Pares
1524 3227 1597 3283 ad
1629 3225 1729 3282 Dei
1752 3226 2054 3283 servulum
2086 3237 2128 3304 C
2167 3225 2433 3301 concedit
2461 3244 2646 3314 vobis,
2676 3248 2740 3301 ut
2771 3225 2975 3302 omnes
3007 3245 3066 3300 in
3097 3225 3422 3302 honoribus
3453 3249 3512 3302 et
3540 3244 3601 3300 in
3629 3241 3779 3299 alodis

410 3336 468 3389 et
523 3331 595 3386 ad
647 3342 817 3383 suam
864 3320 1225 3385 ﬁdelitatem,
1260 3318 1318 3372 in
1380 3321 1667 3390 quantum
1724 3315 2053 3388 potueritis,

409 3414 791 3479 exhortemini
825 3415 881 3469 et
909 3407 1278 3472 convertatis,
1312 3410 1369 3462 et
1398 3405 1448 3461 si
1480 3404 1611 3461 illos
1642 3404 1896 3461 converti
1939 3421 2055 3461 non

409 3507 842 3585 potueritis,vos
872 3500 946 3556 ab
975 3499 1103 3570 ejus
1134 3494 1366 3552 servitio
1394 3511 1505 3551 non
1536 3510 1639 3550 vos
1668 3492 2053 3549 subtrahatis.

408 3582 693 3665 Quoniam
740 3592 789 3647 si
839 3604 1042 3645 omnes
1096 3583 1350 3641 converti
1400 3584 1471 3638 ad
1525 3582 1693 3638 illum
1732 3582 2053 3650 volueritis,

409 3671 651 3762 paratus
681 3685 770 3737 est
797 3696 899 3734 vos
930 3693 1132 3731 omnes
1163 3674 1487 3729 secundum
1540 3680 1750 3729 sanctae
1800 3672 2055 3729 ecclesiae

409 3775 725 3831 utilitatem
756 3772 813 3824 et
842 3781 1018 3821 suum
1073 3764 1353 3818 honorem
1388 3766 1446 3816 et
1492 3765 1753 3817 vestrum
1786 3778 2056 3816 commu-

411 3879 545 3919 nem
577 3859 902 3934 prot‘ectum
946 3851 1200 3922 recipere
1245 3854 1302 3906 et
1332 3848 1552 3905 salvere
1581 3855 1639 3905 et
1684 3849 2057 3906 honorabiles

410 3966 642 4023 semper
669 3945 972 4009 habere,et
1000 3937 1145 3995 nulli
1164 3954 1447 4011 umquam
1474 3937 1852 4010 imputare,in
1876 3956 2058 4011 quan-

410 4044 540 4096 tum
588 4037 661 4092 ad
710 4051 772 4090 se
803 4028 1071 4104 pertinet,
1105 4026 1384 4099 quicquid
1417 4025 1786 4099 neglegenter
1836 4027 2053 4082 factum

408 4126 639 4186 habetis
668 4125 739 4179 de
770 4135 899 4192 ejus
927 4114 1182 4182 servitio,
1220 4118 1320 4169 aut
1367 4113 1427 4169 in
1476 4113 1589 4169 ista
1634 4130 1813 4170 causa
1855 4120 2059 4171 contra

410 4216 578 4274 illum
608 4210 837 4289 egistis.

479 4325 534 4379 5.
569 4322 638 4378 Et
670 4317 912 4375 mandat
940 4311 1283 4384 vobis,quia
1312 4314 1622 4384 postquam
1653 4314 1903 4366 vestram
1927 4312 2059 4368 ﬁde-

407 4414 631 4470 litatem
665 4404 1017 4482 cognoverit,
1045 4417 1280 4459 securos
1311 4399 1487 4457 etiam
1514 4416 1614 4456 vos
1647 4399 1819 4456 faciet
1849 4417 1918 4456 ex
1950 4418 2059 4457 sua

407 4507 592 4580 parte,
626 4497 782 4572 quod
813 4492 960 4551 nulli
989 4492 1199 4549 debeat
1245 4493 1516 4562 reputare
1561 4488 1670 4545 hoc
1719 4489 1874 4563 quod
1921 4505 2059 4563 erga

2162 3333 2375 3390 vestris
2407 3333 2643 3390 interim
2693 3333 3050 3402 consistatis,
3103 3333 3360 3407 exceptis
3415 3333 3511 3390 his
3565 3346 3778 3406 quorum
3826 3364 3828 3385 ι

2164 3423 2414 3480 honores
2444 3423 2639 3480 senior
2669 3428 2869 3481 noster
2915 3424 3161 3480 donatos
3209 3423 3404 3479 habet.
3441 3424 3508 3479 Et
3532 3422 3582 3479 si
3628 3418 3775 3493 aliqui

2163 3515 2306 3568 sunt
2334 3529 2403 3568 ex
2431 3512 2596 3568 vobis
2627 3511 2727 3585 qui
2758 3512 3008 3568 honores
3039 3529 3155 3568 non
3188 3511 3428 3580 habent,
3449 3511 3499 3568 si
3530 3510 3711 3567 volunt
3733 3508 3775 3562 in

2164 3600 2289 3657 suis
2319 3599 2588 3657 alodibus
2613 3601 2950 3670 consistere,
2985 3606 3088 3657 aut
3116 3617 3252 3657 cum
3282 3600 3416 3657 aliis
3445 3617 3641 3661 eorum.
3661 3594 3778 3671 pali-

2164 3690 2275 3746 bus
2308 3689 2393 3745 vel
2425 3689 2651 3759 amicis,
2692 3689 2928 3746 faciant.
2962 3692 3031 3746 Et
3055 3683 3231 3747 etiam
3282 3689 3330 3745 si
3363 3689 3646 3746 voluerint
3673 3702 3775 3743 cum

2164 3778 2391 3835 seniore
2423 3784 2621 3835 nostro
2652 3796 2907 3845 manere,
2943 3779 3023 3835 ita
3054 3782 3251 3835 tamen
3296 3782 3363 3835 ut
3403 3795 3539 3834 cum
3568 3792 3700 3857 pace
3717 3774 3779 3827 vi-

2163 3871 2320 3934 vant,
2356 3872 2413 3925 et
2441 3868 2555 3941 ipsi
2586 3871 2644 3923 et
2673 3867 2786 3937 sui,
2820 3868 2999 3925 etiam
3030 3867 3140 3924 hoc
3172 3867 3493 3924 clementer
3532 3864 3777 3925 concedit.

2163 3958 2244 4012 Ea
2270 3956 2537 4013 videlicet
2566 3956 2808 4025 ratione,
2833 3961 2900 4012 ut
2927 3975 3028 4013 vos
3058 3974 3332 4013 securum
3367 3957 3440 4013 de
3471 3956 3629 4014 vobis
3647 3953 3780 4009 illum

2163 4046 2473 4113 faciatis,et
2504 4050 2568 4102 ut
2589 4046 2815 4102 nullum
2850 4064 3025 4102 suum
3058 4045 3294 4102 ﬁdelem
3325 4045 3527 4119 aliquo
3554 4044 3711 4102 modo
3728 4042 3782 4095 de

2165 4153 2273 4192 sua
2295 4134 2572 4192 ﬁdelitate
2601 4134 2963 4192 subtrahatis
2994 4152 3183 4209 neque
3203 4133 3632 4191 sollicicetis.Et
3644 4131 3687 4188 si
3706 4127 3782 4185 ali

2164 4224 2301 4297 quis
2332 4241 2399 4279 ex
2427 4224 2591 4281 vobis
2615 4223 2787 4280 fuerit
2818 4224 2918 4296 qui
2949 4223 3100 4281 hanc
3131 4241 3336 4298 pacem
3368 4224 3481 4280 isto
3513 4222 3674 4279 modo
3694 4235 3783 4275 ser-

2164 4330 2297 4369 vare
2329 4311 2600 4382 noluerit,
2634 4331 2668 4370 a
2696 4300 2888 4369 vestro
2920 4313 3213 4370 consortio
3244 4330 3451 4370 omnes
3500 4328 3625 4369 eum
3662 4324 3777 4364 una-

2166 4402 2405 4459 nimiter
2433 4401 2757 4474 expellatis,
2791 4401 2841 4458 si
2871 4403 3187 4458 emendare
3226 4401 3484 4458 noluerit
3535 4398 3675 4474 quod
3702 4411 3780 4459 318‘

2166 4489 2466 4565 glegenter
2496 4490 2705 4547 fecisse
2737 4489 3118 4547 manifestum
3151 4489 3344 4546 fuerit.

1398 4624 1811 4688 CORONATlO
1848 4630 2176 4689 JUDITHIE
2214 4632 2483 4689 KAROLI
2522 4632 2572 4689 II
2614 4632 2841 4689 FILIIE.

1851 4728 1975 4802 (Αη.
2008 4731 2133 4786 856.
2167 4732 2277 4788 Oct.
2313 4733 2390 4800 1.)

479 4858 690 4939 meum.
711 4855 830 4939 ιιεξεί
863 4848 1570 4939 Αηειοηιξφέιςερρξιεξεὶεξ
1597 4806 3778 4939 Ξῗίέἓηρὲἒδέἐὲιέἱί,Ῡίῖνίὲίέθῗίέξέἒθὲδὲίὲἒξτέέὲἓὲ)ι99έ9ξ¹ἒέξέ⁵¹ἓῖῗὲ¹ἒῖ¹ἷίέῗλ

411 4907 1149 4995 Κέῶἷῖἧξίίῗιίιίιῖὶιῖνυάἰβ
1178 4924 1235 4975 et
1267 4907 1565 4995 Ludgvvlci
1599 4907 2307 4995 Ga_roli_.ﬁlii,Sirr_iiondus
2337 4934 2405 4973 ex
2432 4907 2630 4995 codice
2661 4917 2719 4973 S.
2742 4907 3416 4975 Laurentii'Leodiensis
3436 4915 3633 4982 edidit;
3654 4907 3777 4986 quod

411 4985 570 5060 haud
602 4985 856 5070 amplius
886 4992 1218 5066 superstite,
1254 5005 1361 5045 nos
1392 4985 1688 5044 Sirmondi
1720 4985 2034 5042 editionem
2067 4987 2281 5045 iterum
2311 4988 2720 5061 proponimus.

414 5116 721 5176 Benedictio
748 5128 912 5183 super
938 5111 1210 5194 reginam,
1241 5103 1729 5194 quathdelut/“us
1757 5119 1857 5158 rex
1903 5119 2058 5159 arce-

1010 5189 1094 5252 pit
1124 5189 1187 5235 in
1214 5192 1461 5233 uxorem.

481 5295 681 5352 Nubas
710 5291 770 5347 in
801 5286 1030 5344 Christo
1051 5286 1313 5355 obnupta
1338 5281 1492 5336 nube
1521 5279 1760 5348 caelesti,
1788 5283 1845 5335 et
1893 5280 2057 5337 refri-

2168 5108 2368 5178 gerata
2397 5105 2589 5179 gratia
2618 5103 2891 5178 spiritali,
2925 5121 2992 5160 ac
3020 5108 3283 5177 protecta
3310 5106 3383 5162 ab
3414 5103 3569 5162 omni
3595 5097 3775 5157 inlicita

2168 5192 2661 5266 concupiscentia,
2693 5210 2918 5267 panges
2967 5194 3154 5249 fmdus
3203 5211 3339 5251 cum
3370 5193 3556 5251 oculis
3582 5189 3701 5255 tuis,
3727 5187 3775 5238 ut

2169 5300 2285 5339 non
2303 5283 2500 5340 videas
2517 5281 2777 5338 alienum
2797 5281 2986 5337 virum
3010 5282 3083 5338 ad
3105 5283 3629 5356 concupiscendum
3647 5290 3770 5337 eum,

1761 5376 2002 5434 VARI/E
2042 5379 2453 5437 LECTIONES.

478 5477 548 5512 75°
569 5474 664 5531 Sic
692 5463 1014 5527 Sirmonde
1045 5481 1062 5517 :
1091 5469 1147 5517 at
1174 5475 1345 5514 manu
1369 5458 1553 5530 posuit
1583 5473 1689 5513 nec
1718 5456 1777 5512 in
1810 5458 2166 5529 praedatione
2196 5478 2303 5518 nec
2332 5462 2392 5518 in
2423 5460 2624 5534 aliqua
2653 5458 3079 5532 inquietudine.
3115 5465 3247 5517 BAL.

485 5653 633 5724 (125)
661 5648 804 5705 Vide
838 5638 1135 5701 Prudentii
1165 5634 1416 5694 Annales
1447 5636 1609 5696 Mon.
1636 5635 1829 5692 Germ.
1864 5636 1964 5692 SS.
2000 5557 2231 5711 Egi),
2255 5657 2346 5698 an.
2378 5641 2484 5696 856
2513 5638 2870 5712 (Patrotogiae
2897 5640 3040 5696 tom.
3070 5638 3252 5710 CXV).
3336 5718 3339 5721 _
