3828 6204
28 289 89 367 ii
989 282 1473 350 FRANCOltUM
1525 282 1799 353 θειλοΜ
1844 288 2388 353 CAPITULAHIA.

3270 296 3395 361 642

27 428 169 480 tnon
201 420 524 497 mmcheris
561 421 619 477 in
655 438 892 496 corpore
923 421 1009 478 vel
1041 423 1211 479 corde
1239 427 1359 489 tuo,
1387 426 1444 477 et
1481 438 1637 478 aver-
1665 422 1722 490 Α
1821 424 2051 481 Sursum
2079 426 2268 482 corda.
2295 425 2533 481 Domine
2563 431 2781 497 sancte,
2805 434 2971 500 pater
2998 433 3390 507 omnipotens.

27 530 71 569 ιε
97 510 284 568 oculos
308 515 474 577 tuos,
513 528 595 567 ne
622 511 860 566 videant
888 512 1234 568 vanitatem:
1255 514 1545 584 quatenus
1578 509 1635 565 in

27 600 73 657 ia
100 600 318 656 Domini
350 599 700 669 viviﬁceris,
734 605 800 655 ut
845 599 1037 673 possis
1083 600 1275 656 dicere
1319 616 1452 655 cum
1502 616 1634 671 pro-

30 692 184 747 heta:
216 689 293 745 Ad
323 697 376 745 te
409 688 602 744 levavi
626 689 806 745 oculos
833 705 978 744 meos
1009 690 1108 762 qui
1135 689 1351 744 habitas
1383 690 1441 743 in
1460 688 1633 743 oculis.

27 780 84 834 it:
111 779 303 834 Levavi
329 778 527 834 oculos
559 794 706 834 meos
737 779 796 832 in
824 784 1057 843 montes,
1090 776 1234 833 unde
1256 779 1460 846 veniat,
1479 776 1641 831 auxi-

27 870 115 922 iam
140 869 291 922 mihi.
330 866 444 922 Per
475 866 842 922 conditorem
882 871 941 922 et
971 867 1401 939 redemptorem
1433 881 1498 921 ac
1530 866 1636 920 do-

27 955 195 1012 minum
228 958 506 1011 nostrum
543 954 749 1011 Jesum
781 954 1107 1022 Christum,
1140 954 1242 1027 qui
1285 971 1419 1011 cum
1469 954 1637 1010 Patre

28 1050 48 1101 t
86 1044 290 1119 Spiritu
327 1048 547 1101 sancto
582 1043 718 1099 vivit
748 1048 806 1100 et
836 1048 1042 1118 regnat
1074 1043 1134 1099 in
1164 1042 1375 1100 saecula
1400 1041 1640 1099 saeculo-

28 1151 131 1189 um.

62 1221 309 1289 Benedic,
344 1221 630 1291 Domine,
665 1221 772 1277 has
823 1221 1008 1289 dotes,
1043 1224 1100 1276 et
1148 1219 1499 1293 accipientes
1539 1224 1642 1275 tua

27 1311 371 1365 .enedictione
418 1311 633 1366 dotare
688 1310 993 1383 digneris:
1051 1314 1112 1364 ut
1166 1309 1421 1383 conjugii
1468 1310 1638 1364 fidem

27 1406 51 1455 si
76 1400 290 1456 thorum
324 1399 792 1456 immaculatum
825 1405 1146 1470 servantes,
1178 1403 1513 1455 sanctorum
1548 1414 1642 1470 pa-

30 1488 366 1544 riarcharum
426 1488 690 1544 adscisci
761 1464 1097 1544 mereatitur
1164 1487 1476 1544 consortio.
1539 1487 1645 1543 Per

27 1575 311 1633 )ominum.

66 1666 252 1738 Accipe
283 1664 570 1734 anulum,
598 1666 730 1721 fidei
757 1670 814 1722 et
842 1664 1172 1722 dilectionis
1202 1665 1645 1739 signum,atque

27 1754 301 1828 :onjugalis
325 1754 776 1827 conjunctionis
804 1753 1127 1822 vinculum,
1160 1758 1224 1809 ut
1253 1771 1369 1809 non
1416 1755 1643 1825 separet
1674 1794 1725 1861 Β

27 1860 158 1897 nemo
185 1860 328 1915 quos
362 1843 686 1916 conjungit
717 1844 892 1899 Deus.
927 1842 1032 1909 Qui
1067 1842 1208 1898 vivit
1247 1847 1304 1898 et
1351 1845 1556 1915 regnat
1586 1840 1645 1897 in

27 1931 181 1985 omnia
200 1931 415 1988 saecula
436 1932 820 1988 seculorum.

82 2020 393 2092 Despondeo
426 2024 486 2077 te
521 2020 625 2076 uni
656 2021 778 2075 viro
808 2020 1091 2094 virginem
1114 2024 1334 2075 castam
1351 2024 1526 2092 atque
1549 2036 1647 2092 pu-

27 2108 180 2163 dicam
207 2109 471 2164 futuram
506 2110 915 2183 conjugem,ut
947 2114 1159 2164 sanctae
1191 2107 1465 2163 mulieros
1488 2108 1648 2162 fuere

30 2196 137 2251 viris
163 2197 299 2265 suis,
324 2198 531 2264 Sarra,
561 2198 841 2267 Rebecca,
886 2196 1126 2265 Rachel,
1167 2197 1390 2264 Hester,
1419 2196 1647 2263 Judith,

29 2285 671 2355 Anna,Noemi,favente
702 2290 937 2342 auctore
962 2285 1386 2342 sanctificatore
1418 2284 1647 2357 nuptia-

33 2390 135 2428 rum
162 2374 291 2431 Jesu
318 2374 563 2432 Christo
594 2375 832 2431 domino
863 2374 1194 2447 nostro,qui
1214 2373 1353 2429 vivit
1376 2378 1432 2429 et
1445 2377 1651 2446 regnat

32 2460 77 2513 in
103 2462 294 2519 secula
323 2464 709 2521 saeculorum.

91 2549 241 2617 Deus,
266 2552 364 2625 qui
394 2552 456 2608 in
488 2553 701 2609 mundi
733 2551 1047 2609 crescentis
1078 2551 1312 2609 exordio
1358 2549 1649 2623 multipli-

34 2638 191 2692 candze
218 2639 362 2712 proli
394 2640 1097 2714 benedixisti,propitiare
1119 2639 1648 2714 supplicationibus

40 2732 235 2798 nostris,
266 2734 322 2784 et
348 2729 492 2785 huic
543 2729 765 2785 famulo
816 2736 916 2786 tuo
967 2736 1024 2785 et
1073 2728 1212 2785 huic
1259 2728 1488 2784 famulas
1538 2734 1648 2783 tuas

38 2826 170 2883 opem
199 2819 306 2871 tua:
353 2817 788 2875 benedictionis
819 2818 1101 2887 infunde;
1134 2822 1201 2873 ut
1248 2819 1305 2873 in
1355 2817 1650 2891 conjugali

40 2904 281 2961 consortio
323 2908 663 2964 secundum
713 2906 1148 2980 beneplacitum
1207 2912 1376 2963 tuum
1436 2908 1646 2963 affectu

40 2993 273 3064 compari,
305 3001 506 3053 mente
539 2994 856 3063 consimili,
890 2996 1196 3052 sanctitate
1228 2999 1433 3051 mutua
1468 3012 1646 3068 copu-

42 3076 346 3139 lentur.Dita
375 3101 478 3141 eos
513 3085 810 3141 fructibus
839 3086 1062 3141 sanctis
1088 3090 1145 3140 et
1174 3084 1448 3158 operibus
1474 3085 1649 3141 bene-

1746 516 1957 569 mterne
1987 514 2160 586 Deus,
2180 514 2494 571 electorum
2530 516 2827 585 fortitudo,
2851 523 2906 572 et
2937 519 3250 579 humilium
3280 525 3391 581 cel-

1747 601 2078 674 situdo,qui
2111 603 2167 657 in
2204 603 2523 676 primordio
2556 622 2655 677 per
2682 606 3022 663 effusionem
3057 610 3256 667 diluvii
3280 614 3391 669 cri-

1748 689 1909 745 mina
1940 690 2144 747 mundi
2176 693 2411 765 purgari
2444 692 2698 764 voluisti,
2722 698 2777 749 et
2806 713 2909 767 per
2937 697 3268 756 columbam
3303 720 3392 758 ra-

1747 796 1911 834 mum
1939 778 2097 835 olivas
2129 785 2457 853 portantem
2489 799 2691 855 pacem
2743 784 2914 841 terris
2960 787 3244 844 redditam
3294 791 3392 846 de-

1748 868 2325 938 monstrasti,iterum
2339 871 2526 926 Aaron
2546 870 2831 927 famulum
2866 878 3032 929 tuum
3057 893 3157 946 per
3176 878 3399 933 unctio-

1751 972 1883 1011 nem
1916 955 2025 1012 olei
2060 957 2416 1013 sacerdotem
2452 959 2693 1027 unxisti,
2723 964 2779 1015 et
2819 968 3021 1034 postea
3068 981 3171 1037 per
3218 965 3397 1038 hujus

1750 1045 2034 1119 unguenti
2067 1046 2419 1102 infusionem
2455 1047 2525 1102 ad
2560 1049 2878 1121 regendum
2910 1051 3189 1124 populum
3214 1054 3398 1111 Israe-

1748 1132 1973 1189 liticum
2008 1135 2358 1205 sacerdotes,
2392 1152 2577 1208 reges,
2612 1140 2670 1192 et
2718 1139 3030 1210 prophetas
3080 1143 3396 1213 perfecisti,

1749 1221 2092 1295 vultumque
2124 1222 2376 1278 ecclesiae
2411 1224 2466 1279 in
2501 1224 2626 1279 oleo
2657 1225 3100 1283 exbilarandum
3148 1232 3396 1303 prophe-

1752 1311 1866 1366 tica
1897 1310 2101 1366 famuli
2135 1311 2216 1366 tui
2249 1328 2382 1367 voce
2414 1312 2594 1367 David
2626 1330 2752 1369 esse
2786 1316 3129 1387 przedixisti;
3155 1320 3255 1391 qui
3290 1320 3397 1376 hoc

1750 1401 1927 1457 etiam
1963 1404 2258 1473 unguento
2291 1401 2523 1457 famulae
2543 1407 2655 1457 tuae
2687 1402 2889 1458 Judith
2905 1404 3397 1465 adliberationem

1752 1505 2051 1545 servorum
2081 1492 2315 1543 tuorum
2346 1493 2403 1543 et
2432 1489 2834 1546 confusionem
2876 1492 3247 1552 inimicorum
3272 1496 3398 1553 vul-

1753 1582 1880 1632 tum
1910 1576 2272 1644 exhilarasti,
2305 1582 2362 1633 et
2392 1577 2615 1634 ancillae
2647 1583 2757 1634 tua:
2791 1580 2995 1637 Hester
3041 1583 3248 1640 faciem
3291 1585 3400 1641 hac

1754 1665 2004 1739 spiritali
2036 1664 2445 1722 misericordiae
2476 1671 2590 1722 tuae
2620 1667 2892 1725 unctione
2920 1671 3065 1727 adeo
3097 1671 3401 1732 luciﬂuam

1754 1754 2155 1817 reddidisti,ut
2186 1755 2486 1810 efferatum
2520 1772 2619 1811 cor
2648 1757 2802 1829 regis
2834 1758 2906 1813 ad
2938 1759 3399 1820 misericordiam

1757 1848 1815 1899 et
1844 1842 2223 1899 salvationem
2264 1841 2320 1898 in
2372 1847 2429 1899 te
2477 1845 2860 1913 credentium,
2896 1846 3082 1919 ipsius
3130 1851 3402 1921 precibus

1758 1930 2090 1987 inclinares.
2116 1932 2195 1987 Te
2226 1948 2588 2003 quaesumus,
2621 1934 2993 2006 omnipotens
3025 1936 3270 2003 Deus,ut
3302 1956 3403 2010 per

1758 2022 1936 2092 hujus
1963 2024 2237 2076 creaturas
2270 2020 2994 2093 pinguedinem,columbaa
3017 2027 3404 2100 pace,simpli-

1757 2110 1948 2177 citate,
1977 2126 2042 2164 ac
2071 2109 2351 2181 pudicitia
2382 2110 2649 2164 decoram
2678 2110 2917 2166 efficias.
2951 2113 3058 2167 Per
3095 2114 3400 2173 dominum

1758 2204 2022 2253 nostrum
2050 2197 2253 2253 Jesum
2286 2197 2782 2255 Cbristumtilium
2810 2202 3402 2274 tuum,quiventurus

1758 2292 1846 2344 est
1868 2287 2155 2358 judicare.

1831 2374 2340 2432 Coronalioﬁloria
2370 2379 2426 2430 et
2455 2374 2672 2432 honore
2702 2382 2936 2435 coronet
2954 2381 3011 2436 te
3044 2381 3406 2455 Dominus,et

1759 2469 1937 2538 ponat
1966 2482 2143 2537 super
2168 2469 2344 2537 caput
2361 2468 2528 2519 tuum
2562 2482 2835 2521 coronam
2849 2466 2921 2522 de
2946 2467 3404 2543 spiritalilapide

1759 2554 2106 2628 pretioso;ut
2135 2552 2415 2625 quicquid
2449 2553 2506 2607 in
2540 2552 2765 2627 fulgore
2792 2554 2917 2622 auri
2951 2559 3008 2611 et
3038 2556 3096 2612 in
3126 2559 3283 2615 vario
3315 2559 3403 2615 ni-

1758 2650 1883 2699 tore
1912 2658 2278 2715 gemmarum
2312 2640 2702 2713 significatur,
2735 2642 2843 2697 boc
2875 2642 2933 2697 in
2968 2644 3085 2701 tuis
3117 2647 3402 2722 moribus,

1758 2731 1865 2787 hoc
1899 2732 1956 2786 in
1984 2731 2211 2786 actibus
2242 2746 2475 2802 semper
2500 2729 3107 2805 refulgeat.Quodipse
3129 2741 3404 2808 praestare

1759 2821 2032 2893 dignetur
2055 2818 2147 2874 cui
2179 2822 2268 2874 est
2298 2818 2484 2874 honor
2514 2824 2569 2873 et
2596 2817 2781 2891 gloria
2827 2819 2887 2875 in
2936 2821 3132 2877 secula
3178 2825 3402 2881 seculo-

1758 2926 1911 2965 rum.

1830 2996 2254 3053 Benedictioncs.
2288 2994 2557 3061 Benedic,
2602 2995 2861 3063 Domine,
2916 2997 3065 3053 hanc
3121 2999 3403 3058 famulam

1758 3090 1942 3154 tuam,
2003 3084 2102 3157 qui
2161 3100 2341 3157 regna
2393 3100 2598 3156 regum
2670 3100 2704 3139 a
2774 3085 2984 3141 saeculo
3061 3088 3400 3165 moderatis.

47 3164 308 3227 dictis.Fac
333 3171 466 3230 illos
496 3172 679 3230 talem
711 3173 968 3229 sobolem
1002 3189 1432 3246 generare,qua3
1462 3173 1533 3228 ad
1568 3172 1651 3228 tui
1682 3162 1724 3229 C
1760 3178 1964 3231 Amen.

51 3256 260 3324 paradisi
286 3261 584 3334 pertineat
614 3262 1018 3318 hereditatem.
1050 3261 1243 3334 Aperi,
1279 3261 1543 3329 Domine,
1568 3262 1657 3333 ja-

53 3357 166 3399 nuas
186 3346 325 3417 cceli,
359 3353 417 3405 et
445 3350 628 3406 visita
658 3367 757 3406 eos
788 3349 846 3405 in
880 3367 1042 3422 pace.
1077 3350 1272 3424 Inriga
1310 3355 1523 3406 terram
1559 3366 1652 3405 eo-

52 3444 172 3498 rum,
219 3440 279 3490 ut
315 3440 611 3510 germinet
653 3439 907 3495 fructum
960 3437 1305 3511 spiritalem.
1346 3439 1657 3495 Sanctiﬁca

55 3530 144 3585 eos,
171 3523 261 3593 qui
288 3525 460 3583 datus
491 3545 558 3584 es
589 3527 759 3583 nobis
804 3544 873 3583 ex
919 3527 1172 3600 virgine;
1205 3531 1262 3582 et
1309 3532 1519 3599 praesta
1570 3527 1656 3583 eis

54 3606 273 3680 tempora
298 3614 667 3689 salutisque:
699 3620 831 3672 ante
860 3620 1029 3671 tuum
1057 3615 1368 3671 adventum
1392 3614 1658 3688 praedixit

57 3702 249 3755 sanctus
275 3704 560 3777 propheta
587 3705 864 3773 Joannes,
893 3708 957 3759 ut
986 3704 1081 3759 hic
1112 3703 1362 3761 fideliter
1392 3705 1652 3772 credant,

56 3785 97 3834 et
119 3784 260 3844 beate
296 3790 560 3850 viventes
589 3793 768 3849 vitam
820 3796 877 3849 et
925 3810 1171 3865 regnum
1218 3797 1655 3865 consequantur

59 3875 306 3947 aeternum,
338 3883 531 3954 gratia
561 3888 684 3950 tua,
719 3882 948 3938 Christe
994 3880 1246 3938 salvator
1295 3887 1512 3947 noster,
1553 3881 1654 3954 qui

58 3970 157 4014 cum
187 3964 286 4021 Deo
314 3968 480 4027 Patre
509 3971 573 4025 in
604 3970 827 4026 unitate
866 3970 1122 4043 Spiritus
1170 3970 1359 4027 sancti
1406 3971 1550 4026 vivis
1598 3975 1655 4026 et

60 4058 226 4118 regnas
250 4053 398 4115 Deus
424 4077 529 4133 per
560 4059 780 4115 omnia.

111 4140 383 4202 Benedictio
414 4150 649 4219 regitur.
669 4148 749 4203 Te
779 4147 1137 4218 invocamus,
1164 4147 1403 4203 Domine
1433 4151 1652 4214 sancte,

60 4217 191 4280 Pater
215 4217 594 4307 omnipotens,
629 4240 839 4292 aeterne
870 4236 1043 4303 Deus,
1079 4217 1143 4291 ut
1171 4235 1322 4293 hanc
1372 4235 1653 4291 famulam

62 4310 206 4402 illam,
234 4335 401 4391 quam
434 4331 549 4381 tua:
580 4324 787 4380 divinae
818 4324 1276 4397 dispensationis
1294 4325 1657 4397 providentia

64 4409 108 4449 “1
130 4414 439 4469 Praesentem
466 4414 626 4470 diem
650 4412 911 4485 juvenali
943 4412 1382 4470 florelastantem
1399 4431 1657 4471 crescere

1836 3264 2022 3336 Opera
2050 3278 2333 3318 manuum
2364 3260 2523 3317 illius
2549 3261 2865 3334 suscipe,ct
2885 3262 3286 3322 benedictione
3304 3271 3407 3324 tua

1762 3357 1918 3408 terra
1947 3352 2075 3424 ejus
2106 3350 2175 3407 de
2207 3349 2396 3423 pomis
2428 3350 2722 3405 fructuum
2775 3350 2904 3405 οωὶὶ
2952 3357 3009 3407 et
3059 3370 3185 3410 rore
3226 3360 3405 3427 atque

1765 3441 1975 3513 abysso
2007 3440 2344 3511 subjacente
2374 3437 2684 3511 repleatur.
2716 3440 2922 3496 Amen.

1836 3529 1916 3584 De
1944 3526 2156 3585 vertice
2184 3525 2560 3598 antiquorum
2593 3527 2880 3583 montium
2912 3533 2969 3583 et
2998 3528 3233 3587 collium
3248 3537 3407 3589 reter-

1765 3634 1998 3682 norum,
2030 3616 2100 3671 de
2131 3614 2399 3687 frugibus
2430 3618 2614 3682 terras,
2650 3619 2706 3670 et
2733 3615 3094 3688 plenitudine
3138 3620 3265 3691 ejus
3304 3626 3407 3678 tua

1763 3705 2168 3763 benedictione
2196 3703 2441 3758 laetetur.
2473 3704 2675 3759 Amen.

1837 3793 2166 3851 Benedictio
2197 3791 2355 3847 illius
2386 3791 2487 3863 qui
2519 3792 2788 3865 apparuit
2820 3793 2880 3849 in
2913 3796 3058 3851 rubo
3088 3798 3283 3854 veniat
3312 3815 3408 3855 su-

1763 3902 1867 3957 per
1896 3886 2071 3955 caput
2100 3880 2339 3952 ejus.Da
2368 3878 2419 3935 ei
2452 3880 2522 3935 de
2557 3896 2684 3936 rore
2714 3880 2841 3937 cmli
2873 3888 2929 3938 et
2961 3884 3032 3939 de
3053 3885 3408 3960 pinguedine

1762 3978 1926 4028 terrae
1958 3970 2380 4027 abundantiam
2413 3966 2690 4025 frumenti
2740 3975 2791 4025 et
2842 3971 3000 4041 vini;
3039 3978 3103 4029 ut
3147 3976 3407 4032 serviant

1762 4061 1847 4116 illi
1879 4076 1944 4115 ac
1976 4059 2184 4115 semini
2216 4056 2344 4128 ejus
2377 4056 2596 4129 populi,
2630 4061 2688 4113 et
2716 4057 2776 4113 in
2808 4058 3026 4116 honore
3077 4066 3176 4117 tuo
3216 4063 3406 4120 tribus

1762 4149 1925 4204 illam
1957 4152 2014 4202 et
2043 4162 2242 4203 semen
2273 4145 2401 4216 ejus
2433 4146 2692 4201 adorent.
2725 4148 2929 4202 Amen.

1835 4234 2011 4307 Reple
2060 4251 2188 4289 eam
2236 4232 2743 4288 benedictionibus
2800 4235 3046 4292 uberum
3097 4243 3150 4293 et
3201 4239 3403 4295 vulvae.

1765 4323 2201 4381 Benedictioncs
2236 4326 2466 4393 patrum
2500 4322 2877 4393 antiquorum
2910 4325 3243 4382 confortatae
3288 4327 3407 4383 sint

1764 4429 1941 4486 super
1969 4428 2097 4467 eam
2131 4415 2188 4465 et
2230 4426 2407 4480 super
2436 4426 2634 4464 semen
2685 4410 2833 4479 ejus,
2878 4411 3032 4467 sicut
3085 4414 3401 4485 promisisti

65 4495 498 4592 ffillicessistinuaa
522 4501 759 4574 pietatis
779 4502 933 4558 dono
955 4502 1221 4569 ditatam,
1248 4502 1479 4575 plenam
1511 4502 1656 4558 veri-
1684 4527 1731 4592 Ι)
1764 4519 1927 4559 servo
1959 4504 2060 4555 tuo
2090 4497 2334 4553 Abrahae
2364 4502 2422 4552 et
2451 4496 2661 4553 semini
2694 4499 2823 4570 ejus
2852 4498 2911 4555 in
2944 4500 3174 4557 saecula.
3198 4504 3402 4559 Amen.

65 4572 257 4667 gitis,“
283 4585 370 4643 die
398 4589 459 4646 in
491 4572 646 4648 diem
683 4606 879 4646 coram
907 4594 963 4646 te
993 4594 1051 4646 et
1074 4572 1414 4647 hominibus
1434 4591 1505 4647 ad
1530 4607 1651 4647 me-

65 4652 177 4718 Ῑιθη
200 4684 412 4746 semper
440 4679 720 4752 proficere
747 4678 965 4748 facias;
1001 4683 1065 4734 ut
1110 4680 1169 4734 in
1216 4678 1499 4751 regimine
1546 4696 1653 4735 suo

1834 4589 2115 4655 Concede,
2148 4602 2509 4659 quaesumus,
2542 4585 2915 4658 omnipotens
2966 4592 3023 4643 et
3074 4590 3406 4649 misericors

1766 4682 1934 4747 Deus,
1969 4682 2032 4733 ut
2063 4676 2183 4731 haec
2214 4675 2367 4730 dona
2393 4679 2513 4741 tua,
2549 4690 2675 4746 quae
2708 4673 2907 4730 ﬁdeles
2940 4675 3025 4731 tui
3058 4683 3407 4752 acceperunt

66 4751 222 4840 gratia:
249 4751 501 4835 supernae
536 4766 866 4840 largitatem
898 4767 1273 4840 congaudens
1290 4767 1655 4839 suscipiat,et
1761 4770 1832 4825 de
1862 4784 2042 4824 manu
2074 4761 3039 4834 tua,dantibus,accipientibus,et
3066 4751 3407 4839 dispensan-

68 4835 414 4928 misericordiae
442 4861 557 4911 tuas
588 4835 755 4911 muro
787 4835 1136 4911 adversitate
1167 4855 1425 4928 undique
1451 4835 1648 4911 inuni-

1758 4859 1919 4914 tibus
1951 4857 2020 4911 ad
2056 4852 2357 4927 praesentis
2387 4852 2513 4907 vitae
2554 4850 2906 4919 subsidium,
2940 4869 3006 4909 ac
3053 4856 3403 4929 redemptio-

65 4922 125 5019 ξξι,
146 4943 259 5019 cum
306 4955 438 5011 pace
486 4942 917 5018 pr0pitiationis
964 4943 1150 5000 vivere
1202 4948 1514 5000 mereatur.
1548 4944 1653 5001 Per
1761 4962 1896 5001 nem
1927 4943 2280 5007 animarum,
2313 4944 2488 5011 atque
2517 4940 2586 4995 ad
2620 4939 2797 4994 vitam
2829 4922 3404 5019 capessendam-pro-

72 5004 348 5085 Dominum.

1761 5034 1960 5090 ficiant
1990 5028 2428 5102 sempiternam.
2465 5027 2571 5083 Per
2600 5028 2937 5085 Dominum.

987 5230 1252 5289 KAROLI
1301 5232 1351 5289 ΙΙ
1388 5231 1817 5291 CONVENTUS
1863 5227 2417 5287 CARISIACENSIS.

1401 5359 1526 5429 (An.
1558 5358 1680 5415 857.
1714 5358 1868 5415 Febr.
1904 5354 2014 5426 14.)

82 5568 107 5605 n
128 5485 377 5605 Sjgrn‘ondi
407 5506 753 5605 Baluziiqujej
770 5504 1527 5605 editioonesyrecogpovip‘us
1558 5507 1835 5605 adhibitis
1856 5507 2032 5605 godd.
2065 5506 2099 5560 3
2128 5503 2294 5605 (blinl‘.
2526 5504 2705 5605 P‘aris,
2752 5507 2922 5605 inter.
2957 5509 3159 5592 Suppl.
3179 5504 3402 5590 .Latina

116 5597 125 5608 '
157 5574 310 5641 ’δνἾυί
337 5594 485 5653 aeque
516 5600 580 5639 ac
610 5574 780 5640 codd.
814 5581 905 5655 3b)
940 5580 999 5636 S.
1032 5574 1318 5637 Vincentii
1352 5580 1625 5640 Metensis
1646 5584 1704 5639 et
1733 5582 1822 5651 3c)
1855 5577 2153 5636 Palatinus
2186 5574 2425 5646 Baluzii,
2458 5581 2702 5646 textum,
2738 5587 2909 5654 prout
2938 5574 3137 5636 missis
3177 5580 3234 5634 in
3263 5576 3400 5634 mis-
