3828 6204
55 323 161 391 649
1030 327 1513 389 FRANCORUM
1564 326 1839 390 REGUM
1884 329 2435 390 CAPlTULAHIA.
3319 332 3439 389 650

56 466 196 522 tibus
223 458 630 528 subleventur;
682 462 737 515 et
784 476 1162 532 oppressores
1219 458 1474 529 illorum,
1527 461 1680 517 sicut
1706 461 1761 529 Α
1792 460 2155 516 contenderit
2182 466 2241 535 et
2270 461 2508 518 reddere
2540 460 2815 529 noluerit,
2836 466 2893 518 et
2932 465 3132 536 postea
3164 462 3435 537 fugerint,

58 571 214 626 supra
241 550 528 622 scriptum
558 550 664 617 est,
698 549 754 604 in
787 549 1062 605 omnibus
1094 549 1590 624 constringuntur.
1791 548 2055 623 legaliter
2083 567 2181 607 eas
2213 549 2520 624 persolvat.

114 644 160 697 3.
189 639 265 697 De
292 638 386 695 his
408 654 545 693 vero
579 636 677 710 qui
706 637 861 693 intra
896 638 1146 711 patriam
1175 638 1498 695 residentes
1529 640 1679 711 rapi-
1860 641 1914 694 5.
1938 640 2012 695 Ut
2041 656 2213 696 nemo
2242 640 2496 714 virgines
2518 645 2620 697 aut
2640 640 2843 698 viduas
2877 657 3075 714 rapere
3102 644 3438 713 presumat,

55 749 144 788 nas
164 730 443 794 exercent,
467 728 673 784 domos
694 726 1042 800 infringunt,
1062 726 1333 784 homines
1356 728 1481 785 sine
1504 744 1681 784 causa
1791 732 1844 783 et
1877 728 1945 783 ad
1981 744 2078 785 eas
2110 728 2270 785 nullo
2301 731 2476 787 modo
2496 731 2754 791 accedat.
2778 730 2891 787 nisi
2922 729 3186 803 legaliter
3208 746 3307 786 eas
3338 747 3441 786 nu-

57 819 319 886 occidunt,
343 821 565 873 trustes
585 822 971 885 commovent,
992 820 1092 872 aut
1113 816 1260 872 alios
1282 818 1606 890 dampnant
1625 821 1682 873 et
1787 817 2048 889 ptialiter
2096 817 2481 893 desponsatas
2513 820 2899 891 conjunxerit.
2924 818 3134 878 Nullus
3182 819 3298 876 Deo
3345 835 3441 875 sa-

56 908 381 981 opprimant,
407 908 577 980 prata
605 904 933 962 defensoris
953 905 1298 978 depascunt,
1322 905 1520 978 fruges
1542 904 1679 961 alio-
1788 910 2010 963 cratam
2046 907 2236 982 rapiat
2260 913 2361 964 aut
2385 907 2578 977 violet,
2602 908 2688 964 vel
2720 909 2778 964 in
2809 910 2937 981 conj
2948 909 3081 983 ugio
3102 908 3216 965 sibi
3238 907 3436 965 societ.

54 1015 165 1053 rum
187 997 510 1065 devastant,
524 1011 591 1049 ex
609 994 703 1050 his
726 995 970 1051 mandat
1000 994 1194 1052 senior
1224 1000 1440 1061 noster,
1467 998 1529 1050 ut
1558 994 1676 1068 pri-
1788 995 1844 1051 Si
1880 995 2013 1069 quis
2043 996 2155 1053 hoc
2196 1002 2604 1071 transgressus
2655 998 2848 1066 fuerit,
2874 996 3269 1055 ecclesiastico
3298 1014 3437 1053 ana-

56 1103 194 1141 mum
240 1082 555 1157 episcopali
605 1083 949 1140 auctoritate
988 1083 1348 1155 judicentur,
1375 1088 1432 1140 et
1461 1083 1543 1139 sic
1577 1101 1676 1158 po-
1788 1084 2049 1141 themate
2079 1086 2343 1153 feriatur,
2364 1093 2423 1142 et
2452 1086 2685 1160 publico
2706 1086 2935 1159 judicio
2968 1088 3299 1143 damnetur.

53 1179 156 1230 stes
182 1192 212 1231 a
238 1172 553 1231 comitibus
594 1171 859 1246 legaliter
902 1171 1404 1247 constringantur,
1426 1176 1483 1230 et
1514 1174 1675 1229 insu-
1856 1177 1911 1231 6.
1948 1174 2019 1231 Ut
2044 1174 2273 1250 regales
2295 1176 2541 1247 justitia:
2594 1192 2729 1231 cum
2778 1176 2939 1233 omni
2972 1175 3276 1250 diligentia
3305 1192 3437 1250 per-

53 1280 138 1335 per
177 1263 433 1318 bannum
487 1263 777 1316 nostrum.
829 1261 887 1316 id
940 1264 1028 1316 est
1068 1259 1288 1318 solidos
1315 1263 1406 1329 60,
1442 1278 1677 1334 compo-
1786 1262 2078 1319 ﬁciantur.

54 1353 188 1405 nant.
217 1347 283 1406 Et
313 1349 361 1405 si
398 1365 502 1403 eos
551 1349 953 1420 constringere
974 1349 1041 1383 77‘
1085 1366 1201 1405 non
1252 1350 1570 1422 potuerint,
1603 1350 1673 1405 ad
1854 1353 1908 1405 7.
1945 1352 2016 1408 Ut
2046 1352 2245 1408 nullus
2275 1355 2345 1409 de
2376 1354 2550 1410 domo
2571 1371 2679 1409 sua
2699 1354 2767 1409 ad
2801 1353 2977 1409 aliam
3008 1353 3319 1420 transiens,
3337 1354 3438 1408 aut

53 1436 271 1511 regalem
298 1438 674 1511 praesentiam
708 1437 1097 1506 deducantur,
1122 1443 1185 1493 ut
1216 1439 1455 1512 dignam
1488 1439 1674 1495 susci-
1784 1438 1841 1494 in
1876 1440 2082 1497 itinere
2113 1457 2383 1515 pergens,
2407 1443 2672 1514 rapinam
2705 1444 2890 1499 facere
2924 1446 3254 1516 presumat.

50 1528 190 1600 piant
216 1527 557 1583 vindictam.
1855 1530 1907 1583 8.
1934 1529 2007 1585 Ut
2037 1529 2446 1603 unusquisque
2478 1532 2779 1603 presbyter
2822 1531 3215 1588 imbreviatm
3239 1530 3297 1586 in
3329 1547 3438 1586 sua

108 1615 457 1688 «LMancipia
478 1614 1421 1688 aliena,quseintrainmunitates
1445 1617 1677 1691 fugiunt
1783 1619 2091 1689 parrochia
2136 1637 2341 1676 omnes
2391 1617 2814 1689 malefactores,
2836 1618 3106 1676 videlicet
3151 1624 3433 1693 raptores,

54 1710 134 1760 aut
160 1705 301 1761 intra
330 1706 545 1760 fiscum
576 1708 842 1760 nostrum
874 1708 975 1760 aut
1006 1703 1254 1762 aliorum
1287 1711 1594 1779 potestate,
1619 1711 1673 1761 et
1784 1724 2043 1780 rapaces,
2066 1707 2384 1775 adulteros,
2408 1707 3048 1779 incestos,homicidas,
3072 1708 3355 1778 latrones;
3379 1711 3439 1764 et

54 1812 80 1848 a
103 1794 333 1850 dominis
364 1795 493 1850 suis
544 1793 909 1863 insecuntur,
939 1794 1064 1849 sine
1112 1794 1233 1851 ullo
1284 1812 1525 1851 munere
1574 1801 1674 1851 aut
1709 1835 1752 1871 η
1782 1814 1881 1852 eos
1913 1801 2075 1852 extra
2119 1796 2425 1853 ecclesiam
2460 1796 2651 1869 faciat,
2676 1798 2788 1854 nisi
2832 1797 3233 1871 paenitentiam
3266 1812 3437 1870 agere

55 1882 217 1955 aliqua
244 1882 704 1941 contradictione
744 1883 1084 1953 reddantur,
1119 1888 1222 1939 aut
1253 1884 1409 1940 foras
1435 1882 1672 1955 ejician-
1705 1882 1753 1899 "
1782 1884 2089 1940 voluerint.
2125 1886 2183 1941 Si
2239 1901 2300 1941 se
2349 1886 2661 1942 emendare
2709 1885 3022 1954 noluerint,
3050 1887 3120 1941 ad
3175 1884 3435 1958 episcopi

58 1976 146 2039 tur,
175 1973 273 2027 nisi
306 1973 541 2047 legibus
592 1990 701 2029 sua
744 1988 873 2028 esse
918 1973 1304 2044 probrveriut.
1329 1973 1399 2028 Et
1447 1973 1495 2028 si
1543 1972 1675 2046 quis
1782 1975 2156 2047 praesentiam
2190 1974 2607 2046 perducantur.

375 2153 672 2215 KAROLI
715 2152 768 2213 II
815 2152 1249 2213 HLO'l'HAltlI
1294 2152 1346 2213 II
1391 2151 1864 2216 CONVENTUS

1550 2153 1864 2216 VENTUS
1910 2153 2121 2216 APUD
2167 2153 2539 2216 SANCTUM
2586 2155 3062 2227 QUINTINUM.

1430 2304 1553 2371 (An.
1587 2303 1711 2359 857.
1745 2306 1912 2359 Mart.
1950 2304 2027 2372 1.)
2159 2264 2164 2275 ’

107 2443 432 2502 Sirmondus
473 2445 533 2501 in
567 2444 943 2501 collocatione
993 2444 1505 2517 adnuntiationum
1560 2445 1828 2513 istarum,
1861 2446 2001 2517 quia
2028 2444 2085 2500 in
2121 2446 2320 2502 codice
2369 2445 2755 2503 Bellovacensi
2799 2446 3052 2503 confusa:
3083 2450 3301 2514 essent,
3334 2462 3428 2502 co-

56 2514 327 2600 dicemn3b)
361 2517 687 2600 Metensem
718 2533 781 2600 se
819 2522 1087 2600 secutum
1120 2532 1248 2572 esse
1271 2516 1379 2600 ait,
1411 2516 1795 2600 inscriptione
1826 2514 2031 2599 tamen
2064 2535 2190 2598 qua:
2242 2517 2318 2600 in.
2351 2518 2547 2600 cod‘ice
2598 2518 2985 2600 Bellovacensi
3019 2518 3283 2600 exstabat
3310 2534 3429 2600 ser-

58 2587 315 2714 multo:
350 2588 672 2645 editionem
731 2588 859 2660 ejus
919 2587 1127 2644 collato
1185 2588 1379 2643 codice
1410 2590 1461 2659 3;
1496 2587 1653 2661 regio
1711 2588 2044 2657 Parisiensi,
2079 2587 2229 2643 inter
2284 2589 2705 2663 Supplementa
2756 2588 2960 2646 Latina
2990 2606 3047 2646 n.
3078 2590 3151 2645 75
3180 2589 3431 2663 signato,

58 2672 287 2714 recognov
319 2677 480 2714 mus.

57 2672 454 2731 recognovimus
466 2702 480 2714 .

54 2807 362 2884 Adnuntiatio
389 2812 601 2867 Karoli
627 2819 679 2867 et
708 2813 915 2884 nepotis
946 2813 1037 2884 sui
1068 2810 1351 2867 Hlotharii
1379 2811 1524 2882 apud
1551 2828 1682 2867 san-
1711 2811 1754 2878 C
1793 2810 2062 2878 audistis,
2094 2812 2452 2880 inﬁrmitate,
2487 2829 2555 2867 ex
2595 2814 2663 2847 7”
2708 2815 2871 2884 parte
2920 2828 3024 2884 pro
3072 2827 3433 2884 paganorum

110 2883 919 2973 ηρέιίζῖζξηξθῖξνμξῇίεηάίδ
947 2883 1101 2939 Μανία
1152 2898 1298 2938 απηο
1341 2884 1447 2938 857
1496 2885 1674 2938 ίησαν·
1782 2901 2246 2973 superventione,
2272 2904 2328 2955 et
2370 2917 2474 2973 pro
2505 2900 2636 2956 aliis
2679 2883 3085 2956 occasionibus
3114 2900 3182 2935 ⁷⁸³
3212 2915 3341 2971 qum
3370 2900 3431 2954 in

110 2961 328 3008 “non”
362 2953 766 3011 dommw‘zm'
1782 2953 1959 3062 regno
1984 2994 2180 3044 nostro
2203 2988 2559 3057 acciderunt,
2577 3005 2765 3061 usque
2796 2989 2969 3045 modo
2992 3004 3107 3045 non
3141 2988 3251 3043 fuit
3268 3003 3434 3059 opor-

112 3076 440 3135 Adnuntialz’o
483 3080 551 3115 7"
596 3080 811 3135 Karoli.
836 3110 899 3121 —-
941 3082 986 3133 ι.
1020 3078 1303 3135 Volumus
1334 3096 1450 3135 .vos
1500 3078 1669 3151 scire,
1779 3082 1962 3133 tunus
1992 3078 2175 3145 locus,
2200 3081 2265 3134 ut
2293 3094 2398 3151 ego
2429 3081 2485 3133 et
2514 3078 2623 3133 iste
2666 3094 2835 3134 meus
2875 3076 3218 3134 carissimus
3249 3092 3431 3148 nepos

59 3166 179 3234 quod
204 3169 305 3224 luit
324 3169 572 3224 insimul
594 3174 793 3225 noster
812 3174 1154 3224 conventus.
1177 3168 1493 3241 Postquam
1516 3170 1671 3225 Deus
1779 3165 2019 3222 insimul
2050 3166 2415 3238 parabolare-
2436 3167 2858 3239 potuissemus,
2881 3172 2939 3223 et
2980 3166 3231 3222 invicem
3260 3164 3431 3220 nobis

59 3258 285 3312 nostrum
312 3258 607 3314 seniorem
658 3258 883 3313 vocavit
911 3259 983 3313 de
1028 3257 1141 3313 isto
1191 3258 1407 3325 seculo,
1440 3275 1674 3331 semper
1780 3260 2094 3328 praesentes
2115 3260 2346 3330 nostras
2368 3256 2700 3312 voluntates
2715 3256 3430 3327 demonstraremus,quas

58 3340 211 3399 inveni
242 3344 351 3402 tale
381 3346 698 3403 consilium
728 3347 785 3401 in
833 3363 963 3403 meo
1002 3346 1214 3403 dilecto
1246 3348 1419 3403 fratre
1449 3346 1668 3403 Hludo-
1779 3345 1837 3399 in
1868 3346 2040 3400 corde
2070 3345 2480 3418 unusquisque
2501 3348 2703 3400 contra
2729 3342 2981 3400 alterum
3006 3344 3424 3400 retinebamus.

58 3431 274 3501 wicom,
297 3435 452 3491 sicut
482 3434 627 3490 mihi
662 3451 898 3491 necesse
928 3436 1059 3501 fuit,
1083 3440 1138 3491 et
1167 3451 1273 3507 ego
1306 3436 1363 3490 in
1396 3434 1495 3491 illo
1518 3452 1672 3508 quas-
1849 3434 1901 3488 3.
1936 3434 2136 3489 Evenit
2164 3438 2362 3489 autem
2402 3433 2566 3489 locus
2609 3449 2923 3505 congruus,
2951 3432 3091 3505 quia
3116 3432 3228 3488 iste
3259 3446 3426 3487 meus

59 3516 219 3583 sivi,et
238 3520 400 3577 illum
425 3522 735 3578 ostendere
757 3522 980 3591 decuit;
1003 3527 1061 3578 et
1081 3520 1240 3578 illius
1264 3522 1671 3580 adhortatione
1777 3522 2121 3579 carissimus
2151 3539 2331 3595 nepos
2360 3538 2495 3577 cum
2518 3521 2901 3578 dilectissimo
2932 3522 3109 3578 fratre
3139 3537 3268 3576 meo
3290 3519 3427 3575 Hlu-

58 3608 101 3657 et
124 3605 524 3666 interventione
545 3609 793 3678 devenit,
819 3615 932 3666 Deo
954 3611 1198 3682 gratias,
1219 3610 1354 3667 talis
1376 3610 1668 3667 unanimi-
1778 3611 2006 3667 dowico
2037 3610 2395 3683 parabolavit
2425 3612 2591 3683 (126),
2615 3616 2671 3667 et
2700 3610 2816 3666 tale
2845 3614 3142 3683 receptum
3164 3614 3222 3665 et
3240 3608 3430 3665 consi-

59 3696 128 3749 tas
151 3696 285 3754 inter
313 3716 405 3755 me
433 3703 494 3755 et
523 3700 688 3755 bonae
715 3700 1006 3755 memoriae
1038 3700 1274 3756 fratrem
1304 3717 1501 3755 meum
1534 3700 1670 3756 Hlo-
1777 3700 1924 3755 lium
1956 3700 2016 3755 in
2046 3717 2112 3756 eo
2143 3699 2554 3772 invenit,sicut
2577 3704 2635 3755 et
2658 3698 2754 3756 isti
2779 3716 3014 3755 necesse
3045 3699 3153 3755 fuit
3173 3703 3230 3755 et
3258 3698 3427 3754 illum

61 3779 292 3851 tharium,
332 3787 493 3853 sicut
550 3788 702 3845 inter
757 3788 968 3845 fratres
1025 3806 1155 3845 esse
1213 3788 1459 3845 debebat
1480 3790 1567 3843 ππ.
1603 3789 1672 3845 Et
1779 3789 2614 3862 demonstraredecuitzquod
2635 3787 2779 3844 mihi
2804 3789 2948 3844 satis
2969 3786 3432 3862 complacuit.Et

63 3878 253 3945 propter
280 3877 423 3935 tales
455 3894 832 3950 causas,quaa
860 3878 1013 3934 sicut
1043 3879 1196 3934 inter
1226 3895 1334 3933 nos
1366 3879 1671 3950 conjacue-
1779 3878 2210 3950 nunc,quando
2239 3895 2468 3934 mecum
2500 3877 3039 3950 parabolavit,dixit
3084 3876 3252 3945 mihi,
3274 3876 3432 3948 quod

62 3966 180 4029 rant,
200 3963 527 4024 invenimus
546 3983 679 4023 cum
703 3967 1121 4023 communibus
1139 3967 1411 4023 fidelibus
1431 3967 1669 4034 nostris,
1777 3965 1838 4023 in
1872 3965 1972 4021 illa
2001 3967 2277 4023 firmitate
2299 3984 2476 4040 quam
2508 3984 2613 4040 ego
2645 3983 2779 4023 cum
2812 3971 2976 4040 patre
2996 3983 3102 4023 suo
3124 3968 3286 4023 bona:
3308 3982 3433 4021 me-

62 4048 171 4116 quia
195 4068 425 4112 necesse
454 4059 681 4121 erat,ut
702 4054 855 4111 inter
879 4072 986 4112 nos
1006 4055 1270 4112 ﬁrmatas
1293 4055 1445 4111 facta
1465 4055 1674 4112 fuisset
1781 4055 1977 4110 moria:
2009 4056 2185 4112 fratre
2214 4072 2343 4112 meo
2398 4056 2529 4123 feci,
2555 4060 2610 4112 et
2661 4054 2829 4111 illum
2879 4055 3132 4128 suscepi,
3156 4055 3216 4111 in
3247 4055 3348 4111 illa
3365 4056 3436 4091 ⁷⁸⁸

61 4142 337 4245 secundum
368 4144 472 4200 Dei
492 4143 855 4200 voluntatem
876 4145 953 4200 de
981 4149 1180 4200 nostro
1206 4145 1504 4200 communi
1537 4161 1668 4217 pro-
1701 4181 1749 4245 Β
1781 4144 2148 4215 susceptione
2176 4144 2347 4199 vellet
2390 4161 2778 4217 perseverare,
2813 4148 2871 4199 et
2900 4143 3061 4199 illam
3094 4142 3433 4199 ﬁrmitatem

62 4222 180 4283 fectu
200 4234 252 4287 et
268 4231 655 4305 adjutorio,et
672 4233 745 4289 de
775 4232 1029 4289 filiorum
1053 4249 1120 4289 ac
1145 4234 1304 4306 regni
1329 4238 1387 4289 et
1408 4233 1670 4290 fidelium
1701 4222 1748 4245 ³³
1783 4249 1961 4304 quam
1995 4249 2140 4288 suus
2184 4237 2350 4304 pater
2380 4251 2547 4289 meus
2600 4233 2779 4289 frater
2806 4236 3009 4288 contra
3057 4249 3150 4287 me
3199 4232 3431 4302 fecerat,

62 4319 349 4377 nostrorum
396 4320 784 4387 salvamento,
810 4322 965 4378 sicut
992 4326 1134 4378 tunc
1169 4323 1238 4357 ⁷⁸⁰
1276 4320 1671 4394 adcognitavi-
1782 4320 1971 4384 vellet.
2005 4322 2317 4391 adjuvante
2352 4322 2617 4389 Domino,
2653 4338 2757 4393 per
2786 4320 2984 4376 omnia
3012 4321 3338 4377 observare.

64 4416 168 4460 mus
193 4412 399 4468 nostris
428 4410 848 4468 communibus
889 4411 1162 4467 ﬁdelibus
1190 4411 1290 4484 qui
1334 4411 1671 4467 adfuerunt.
1853 4411 1904 4465 4.
1941 4409 2009 4463 Et
2034 4408 2367 4464 invenimus
2406 4425 2540 4465 cum
2583 4408 2997 4465 communibus
3028 4407 3300 4465 fidelibus
3331 4425 3436 4465 no-

65 4487 184 4543 Εῐπί
212 4494 303 4553 ille
330 4498 390 4555 in
422 4516 535 4556 sua
553 4500 672 4555 vita
691 4504 896 4556 contra
922 4516 1030 4556 nos
1050 4498 1430 4567 conservavit,
1457 4502 1533 4568 et,
1558 4500 1674 4555 Deo
1784 4498 1940 4566 stris,
1975 4502 2042 4554 ut
2071 4514 2174 4571 pro
2223 4497 2442 4554 talibus
2490 4498 2959 4566 necessitatibus,
2984 4498 3139 4554 sicut
3186 4497 3351 4554 scitis
3380 4502 3437 4554 et

63 4583 262 4652 gratias,
284 4603 388 4644 nos
429 4592 636 4645 contra
660 4588 829 4644 illum
865 4589 1362 4656 conservavimus,
1386 4594 1444 4645 et
1474 4593 1676 4644 contra
1786 4587 1993 4645 videtis
2013 4588 2071 4643 in
2102 4588 2215 4644 isto
2239 4603 2418 4660 regno
2438 4587 2686 4658 evenire,
2708 4603 2816 4643 nos
2847 4587 3092 4642 invicem
3126 4587 3435 4643 conﬁrma-

64 4663 192 4725 illius
211 4672 353 4732 filios
372 4681 617 4749 nepotes
640 4680 893 4744 nostros,
912 4677 1223 4748 adjuvante
1242 4677 1673 4749 Deo,quantum
1783 4695 2004 4745 remus,
2029 4676 2181 4733 sicut
2210 4680 2267 4732 et
2299 4676 2565 4745 fecimus,
2587 4681 2651 4732 ut
2680 4677 2750 4732 ad
2784 4676 3064 4733 honorem
3086 4680 3302 4732 sanctae
3335 4676 3438 4733 Dei

62 4753 246 4817 mimus
270 4766 327 4818 et
354 4781 695 4837 possumus,
723 4769 779 4821 et
810 4764 896 4821 illi
927 4767 999 4821 ad
1021 4783 1125 4821 nos
1156 4765 1521 4837 quaesierint,
1544 4782 1675 4821 con-
1784 4765 2039 4823 ecclesiae
2065 4771 2126 4822 et
2167 4782 2542 4821 communem
2582 4765 2909 4838 profectum
2943 4783 3009 4821 ac
3040 4758 3437 4822 ﬁdelium'no-

63 4856 258 4906 Bervare
278 4852 571 4910 volumus.
1785 4861 2042 4912 atrorum
2075 4854 2526 4923 salvamentum,
2560 4860 2617 4910 et
2656 4871 2901 4927 regnum
2934 4858 3204 4911 nostrum
3234 4860 3439 4913 contra

116 4936 161 4988 2.
180 4936 302 4997 Post
328 4942 554 5000 obitum
579 4960 712 5001 vero
743 4943 924 5011 illius,
940 4948 996 5000 et
1017 4949 1180 5017 parte
1209 4962 1315 5018 pro
1346 4960 1497 5013 mea,
1522 4944 1675 5000 sicut
1786 4957 2190 5015 quoscumque
2219 4941 2391 4998 nobis
2419 4957 2655 4997 necesse
2687 4941 2862 4998 fuerit
2882 4943 3328 5016 continendum,
3355 4946 3447 5005 in.

1372 5086 1614 5143 vitam
1654 5049 2071 5144 LECTIONES.

123 5200 181 5291 :7“
205 5209 553 5291 confringe???
582 5229 630 5269 ο,
706 5212 886 5291 "sita
899 5212 1110 5291 _code:_c_._
1143 5212 1240 5291 17‘
1271 5214 1395 5291 _Pal.
1415 5221 1478 5291 et
1508 5212 1625 5291 Met.
1652 5210 1973 5291 :_gapitula
1999 5208 2483 5291 Iferol_i__r_egisﬁet
2510 5211 2746 5291 bothari
2779 5214 2932 5289 regis
2964 5217 3195 5291 nepotis
3225 5217 3353 5291 ejus
3384 5217 3443 5291 in

67 5269 390 5374 Xgllﬁtinas.
421 5269 864 5374 :771‘annuntio
976 5366 981 5371 ο
1035 5286 1112 5374 ’ξπ
1143 5284 1511 5374 111ιιίίιινιιίοο¹
1776 5269 1985 5374 debeat
2121 5269 2346 5374 “mnta?
2382 5284 2434 5340 3.
2510 5286 2576 5321 ⁷⁸⁸
2607 5269 2927 5346 adfuerunt
2964 5269 3272 5348 3'32"?!"
3288 5269 3351 5346 Si
3377 5269 3442 5346 ὗξ

147 5353 213 5401 ιτα
239 5356 467 5411 correxit
495 5356 647 5413 BAL.
680 5355 1167 5430 occupatidnibus
1202 5373 1385 5414 omnes
1414 5355 1567 5414 codd.
1641 5356 1749 5413 784
1779 5356 1863 5412 itu
1892 5356 1926 5411 3
1954 5354 2085 5428 ipsa
2114 5354 2169 5411 S.
2207 5357 2271 5411 Β.

1621 5496 1857 5558 NOTAE.

130 5597 259 5681 “26)
285 5609 447 5669 Anno
477 5614 584 5671 857
613 5631 817 5673 mense
843 5613 1155 5676 Februario
1188 5616 1244 5675 in
1278 5617 1618 5680 Conﬂuente
1648 5615 1887 5677 castello
1917 5633 1986 5676 ex
2015 5611 2283 5677 Ruodolﬁ
2311 5617 2635 5679 Annalibus
2667 5618 2767 5679 SS.
2803 5617 2869 5679 Τ.
2905 5617 2947 5692 Ι,
2981 5637 3038 5695 p.
3072 5618 3199 5679 370.

354 5737 613 5808 PATROL.
659 5742 1034 5812 CXXXVIII.
2852 5758 2863 5766 '
3051 5749 3136 5840 ει
