3828 6204
495 308 610 368 651

1093 333 1105 343 ν
1167 307 1498 370 APPEND.
1548 307 1649 369 AD
1693 307 1882 370 SzEC.
1928 307 1999 367 X.
2035 340 2109 350 —
2140 303 2641 367 MONUMENTA
2690 305 3244 370 DlPLOMA'l‘lCA.
3726 311 3793 372 68

498 441 822 496 vicem'nos
850 438 1144 498 salvemus
1174 445 1231 496 et
1259 440 1625 514 adjuvemus,
1652 440 1803 495 sicut
1824 437 2146 495 avunculus
2176 439 2232 505 Α
2260 454 2460 492 serum
2494 442 2827 514 nostrorum
2872 440 2944 495 de
2991 438 3101 495 hoc
3152 437 3437 494 omnibus
3490 428 3798 505 ostendantal

497 535 767 601 nepotem
799 534 857 585 et
886 546 1068 602 nepos
1089 529 1442 585 avunculum
1475 545 1578 602 per
1606 532 1827 585 rectum
1850 527 2071 584 salvare
2091 530 2148 582 et

496 618 772 689 adjuvare
802 618 993 674 debet.

563 707 618 761 5.
646 706 716 761 Et
744 705 930 761 nostri
964 706 1186 773 ﬁdeles,
1211 707 1311 780 qui
1341 711 1655 779 prmsentes
1687 706 1923 761 fuerunt
1951 709 2007 761 et
2038 704 2147 759 hoc

497 794 809 851 consilium
843 794 1013 850 nobis
1038 796 1343 863 dederunt,
1360 795 1632 851 dixerunt
1651 794 1841 859 nobis,
1867 794 2023 865 quod
2055 809 2151 866 pa-

496 881 608 939 rati
639 887 778 939 sunt
810 901 936 950 nos,
966 883 1281 939 auxiliante
1314 884 1584 952 Domino,
1609 885 1664 939 in
1690 883 1963 939 omnibus
1989 882 2150 953 adju-

497 988 654 1039 vare,
679 976 744 1027 ut
773 972 947 1028 istam
978 962 1312 1028 ﬁrmitatem
1345 973 1645 1044 possimus
1675 974 1744 1028 ad
1778 971 2023 1027 invicem
2054 973 2148 1028 ob-

499 1077 749 1117 servare.
780 1062 849 1116 Et
907 1066 1214 1134 propterea
1270 1061 1542 1117 volumus
1587 1079 1620 1117 a
1666 1061 1834 1117 vobis
1890 1066 2149 1117 vestrum

497 1162 851 1206 consensum
882 1154 940 1205 et
981 1149 1342 1206 voluntatem
1392 1152 1613 1217 audire,
1647 1151 1696 1207 si
1745 1155 1801 1205 et
1849 1150 1958 1205 hoc
1987 1150 2150 1205 vobis

498 1239 644 1294 bene
673 1239 920 1307 videtur,
943 1244 1001 1295 et
1032 1240 1201 1295 nobis
1233 1240 1368 1295 inde
1399 1241 1682 1295 auxilium
1712 1238 1887 1294 vultis
1918 1243 2153 1312 praesta-

499 1343 583 1394 re,
607 1333 671 1382 ut
704 1327 812 1383 hoc
844 1329 1144 1401 possimus
1188 1345 1321 1383 cum
1370 1329 1471 1385 Dei
1522 1329 1812 1401 adjutorio
1859 1333 1915 1383 et
1960 1334 2150 1383 vestro

498 1417 828 1473 observare.

567 1506 928 1562 Adnuntiatio
948 1508 1016 1541 ⁷⁸⁵
1039 1507 1346 1563 Hlotharii.
1365 1505 1604 1561 ~Sicut
1637 1523 1801 1563 meus
1830 1506 2153 1563 avunculus

497 1594 664 1650 vobis
687 1594 1143 1667 dicit,quantum
1171 1600 1322 1650 Deus
1352 1594 1496 1649 mihi
1518 1595 1665 1651 scire
1696 1600 1751 1651 et
1783 1612 1951 1667 posse
1972 1596 2153 1651 dona-

501 1682 666 1749 verit,
682 1682 821 1739 etin
843 1684 911 1718 ⁷⁸θ
933 1682 1034 1739 illa
1055 1683 1331 1739 ﬁrmitate
1354 1700 1487 1738 cum
1515 1685 1740 1739 seniore
1764 1701 1891 1739 meo
1915 1684 2066 1740 facta
2096 1683 2154 1739 in

503 1788 622 1844 qua
643 1788 735 1827 me
758 1772 1036 1844 suscepit,
1058 1777 1116 1827 et
1146 1789 1323 1844 quam
1359 1773 1555 1828 senior
1581 1790 1747 1829 meus
1771 1778 1973 1828 contra
1990 1773 2154 1828 illum
2185 1809 2235 1875 Β

504 1861 660 1928 fecit,
681 1860 808 1917 volo
850 1878 1240 1934 perseverare,
1265 1866 1322 1916 et
1351 1860 1510 1917 illam
1544 1879 1720 1934 quam
1773 1867 1975 1918 contra
2022 1879 2155 1917 eum

503 1949 632 2015 feci,
657 1966 791 2005 cum
823 1950 924 2006 Dei
956 1950 1247 2021 adiutorio
1277 1951 1405 2006 volo
1438 1951 1684 2006 firmiter
1712 1952 2038 2008 observare.

572 2040 706 2095 Item
726 2038 1077 2095 adnuntiatio
1099 2041 1293 2095 Κανοιὶ
1312 2039 1842 2107 regis.—Volumus
1863 2058 1963 2096 vos
1985 2039 2153 2107 scire,

501 2126 641 2199 quia
667 2132 903 2200 propter
932 2128 1075 2182 istas
1103 2128 1338 2200 rapinas
1368 2132 1424 2183 et
1453 2129 1914 2200 deprmdationes
1935 2147 2063 2201 quae
2096 2129 2154 2183 in

501 2232 678 2287 regno
698 2221 896 2271 nostro
922 2216 1310 2285 increverunt,
1329 2233 1395 2271 ex
1419 2222 1580 2289 parte
1597 2218 1737 2288 quia
1759 2218 1969 2290 pagani
1988 2218 2155 2272 nobis

500 2308 983 2376 supervenerunt,
1008 2322 1076 2360 ex
1124 2309 1286 2376 parte
1332 2322 1436 2377 pro
1486 2305 1703 2361 talibus
1751 2306 2155 2362 occasionibus

502 2410 629 2464 quae
652 2392 711 2447 in
734 2408 914 2465 regno
938 2396 1138 2448 nostro
1162 2393 1520 2458 acciderunt,
1545 2395 1833 2466 synodum
1860 2396 2156 2468 episcopo-

503 2498 633 2536 rum
657 2485 715 2536 et
735 2479 1069 2553 aliquantos
1090 2481 1161 2536 de
1184 2482 1399 2537 nostris
1423 2482 1696 2538 fidelibus
1722 2500 1824 2556 pro
1847 2485 2152 2556 oportuni-

498 2557 624 2624 tate
646 2568 928 2640 temporis
950 2569 1479 2636 convocavimus,et
1499 2571 1998 2628 consideravimus
2019 2590 2151 2629 cum

502 2656 741 2730 ipsis,ut
760 2672 863 2728 per
883 2673 1055 2712 omne
1077 2674 1323 2730 regnum
1348 2662 1613 2713 nostrum
1635 2660 1893 2733 episcopi
1909 2667 1966 2717 et
1988 2663 2151 2719 missi

504 2744 688 2801 nostri
710 2762 776 2800 ac
801 2745 1047 2802 comites
1069 2746 1127 2800 in
1157 2745 1405 2818 singulis
1430 2748 1753 2819 parrocbiis
1772 2765 1836 2804 ac
1861 2750 2152 2806 comitati-

502 2834 613 2890 bus
644 2833 858 2907 placita
886 2839 1142 2902 teneant,
1173 2840 1231 2890 ct
1260 2836 1333 2891 ad
1371 2834 1475 2891 illa
1513 2835 1725 2916 placita
1755 2839 1949 2895 omnis
1977 2839 2152 2897 homo

503 2923 605 2996 qui
638 2923 919 2996 placitum
941 2923 1235 2980 custodire
1263 2925 1434 2980 debet
1455 2930 1513 2981 et
1543 2926 1601 2980 in
1634 2926 1751 2983 illis
1779 2928 2152 2986 comitatibus

501 3018 855 3079 commanet,
870 3013 996 3069 sine
1017 3013 1350 3086 exceptione
1368 3018 1423 3069 et
1439 3016 1809 3072 excusatione
1826 3019 2148 3075 conveniat.

501 3102 570 3157 Et
599 3102 856 3174 episcopi
888 3102 1163 3159 omnibus
1184 3103 1605 3172 demonstrent,
1631 3121 1808 3177 quam
1841 3123 2012 3180 grave
2043 3108 2151 3165 hoc

2257 528 2479 582 tantam
2513 526 2813 583 miseriam
2836 529 2901 562 ⁷³⁷
2943 526 3325 583 interdicent.
3347 528 3421 583 Et
3451 525 3619 583 sciant
3657 542 3797 609 omnes,

2258 613 2397 685 quia
2426 616 2786 689 quicumque
2817 616 3029 672 abinde
3059 616 3198 672 talia
3226 616 3424 672 facere
3452 620 3797 695 praesumpng

2257 707 2315 759 et
2344 704 2685 760 canonicam
2718 710 2775 761 et
2806 704 3058 779 regalem
3089 705 3415 761 vindictam
3446 702 3798 778 suscipietsiccl

2257 796 2397 847 tunc
2427 793 2706 850 omnibus
2750 799 2806 848 et
2858 793 3116 867 episcopi
3145 797 3202 850 et
3230 793 3409 848 missi
3457 794 3626 849 nostri
3661 786 3798 867 plenis

2259 881 2712 938 adnunﬁabunt
3796 932 3797 947 ς

2329 972 2461 1026 Item
2520 970 2871 1028 adnuntiatio
2926 971 3217 1027 Hlotharii.
3252 1003 3323 1013 —
3364 972 3413 1027 Ι.
3464 971 3651 1027 Sciatis
3686 970 3798 1043 εἰὶιῴ

2261 1058 2400 1131 quia
2448 1060 2973 1128 consideravimus,
3008 1065 3075 1116 ut
3130 1061 3527 1134 quiscumque
3576 1058 3798 1134 malefactd

2260 1147 2331 1201 de
2363 1164 2477 1203 uno
2509 1165 2687 1220 regno
2721 1153 2921 1205 nostro
2961 1149 3019 1204 in
3051 1148 3306 1206 alterum
3334 1150 3573 1215 venerit,
3599 1147 3798 1222 episcoput

2259 1234 2348 1290 vel
2381 1237 2621 1302 missus,
2647 1237 2765 1293 sive
2795 1237 3097 1303 comes,de
3128 1254 3389 1309 quorum
3424 1238 3706 1293 ministerio
3726 1234 3798 1309 eiul

2260 1324 2411 1397 gerit
2442 1330 2505 1380 ut
2535 1326 2833 1396 justitiam
2891 1343 3008 1382 non
3065 1327 3273 1382 reddat
3333 1332 3439 1382 aut
3467 1328 3675 1399 dignam
3696 1324 3798 1399 ﬁnal

2261 1419 2413 1468 ctam
2447 1430 2561 1469 non
2596 1414 2903 1484 sustineat,
2939 1414 3054 1470 illis
3095 1414 3297 1471 missis
3332 1415 3394 1469 in
3427 1431 3652 1486 quorum
3678 1414 3798 1486 misul

2262 1503 2376 1558 tico
2417 1503 2473 1558 in
2524 1502 2638 1559 alio
2694 1520 2872 1577 regno
2904 1504 3140 1577 fugerit,
3174 1508 3387 1560 notum
3442 1504 3653 1569 faciant,
3677 1510 3718 1559 et
3748 1502 3798 1577 ἱρή

2262 1591 2429 1648 illum
2463 1591 2660 1647 taliter
2683 1592 3108 1666 constringant,
3134 1598 3202 1648 ut
3218 1599 3328 1649 aut
3350 1594 3425 1649 ad
3446 1591 3798 1666 compositionis

2265 1687 2366 1737 aut
2396 1680 2469 1736 ad
2497 1680 2814 1737 vindictam
2856 1680 2997 1738 illuc
3030 1681 3290 1738 reveniat
3330 1683 3433 1738 ubi
3468 1682 3661 1739 malum
3686 1680 3798 1753 perat

2263 1770 2407 1826 travi
2418 1774 2457 1825 t.

2335 1864 2389 1915 2.
2421 1859 2488 1914 Et
2516 1859 2736 1926 sciatis,
2770 1858 2908 1932 quia
2937 1858 3089 1917 sicut
3131 1859 3288 1917 Deus
3341 1877 3450 1933 per
3493 1877 3641 1918 suam
3666 1858 3798 1933 miseril

2267 1948 2547 2016 cordiam,
2582 1953 2638 2004 et
2685 1966 2787 2021 per
2833 1966 2996 2004 meos
3044 1949 3374 2004 avunculos
3399 1950 3466 1985 ⁷⁸⁸
3494 1946 3798 2021 ὺοηίιαιρωΑ

2266 2056 2369 2111 per
2398 2038 2511 2093 mei
2534 2037 2782 2094 senioris
2804 2054 2868 2093 ac
2893 2055 3053 2093 meos
3075 2037 3279 2094 ﬁdeles
3300 2037 3373 2073 7”
3393 2038 3718 2110 adjutorium,
3734 2037 3798 2111 mat

2267 2125 2481 2182 seniori
2504 2129 2563 2181 in
2598 2143 2775 2200 regno
2797 2126 3077 2192 successi,
3102 2127 3183 2182 ita
3214 2131 3275 2183 et
3305 2127 3368 2183 in
3391 2127 3546 2183 omni
3574 2124 3798 2200 bonitateq

2266 2216 2325 2271 in
2359 2215 2758 2272 observatione
2789 2217 2860 2271 de
2888 2214 3006 2270 illis
3038 2215 3317 2288 capitulis
3350 2233 3498 2288 quos
3530 2232 3669 2271 meus
3690 2212 3798 2288 senii

2264 2321 2398 2360 cum
2431 2303 2555 2360 suis
2583 2305 2881 2371 fratribus,
2907 2304 3055 2360 meis
3077 2304 3414 2373 avunculis,
3439 2306 3505 2360 ad
3531 2299 3798 2373 Marsacmdl

2264 2393 2363 2448 Dei
2396 2393 2697 2449 voluntate
2736 2397 2793 2449 ct
2837 2398 3053 2450 sancta:
3084 2392 3352 2451 ecclesiae
3384 2394 3605 2459 honore,
3632 2396 3678 2448 et

2264 2482 2601 2550 stabilitate,
2637 2487 2696 2538 et
2749 2486 2962 2539 sanctae
3019 2481 3281 2539 ecclesiae
3327 2500 3398 2539 ac
3441 2482 3589 2556 regni
3637 2476 3798 2547 ﬁdelius

2264 2569 2643 2639 salvamento,
2677 2571 3070 2627 consideravit
3114 2577 3173 2626 et
3222 2554 3717 2638 conﬁrmavit,cum
3748 2554 3798 2631 Del

2263 2660 2555 2732 adjutorio
2588 2664 2645 2716 et
2683 2659 2830 2715 meis
2876 2659 3182 2716 avunculis
3204 2661 3277 2696 7’0
3307 2660 3550 2717 consilio
3589 2664 3638 2714 et
3671 2638 3798 2721 auxilii

2263 2754 2320 2804 et
2352 2753 2539 2805 vestro
2571 2747 2861 2820 adjutorio
2894 2765 3241 2821 permanere
3269 2750 3424 2806 volo.
3796 2796 3797 2823 ι

2336 2839 2515 2894 Tertia
2544 2838 2895 2894 adnuntiatio
2925 2839 3130 2894 Karoti.
3157 2870 3226 2879 —
3249 2839 3411 2896 Deus
3429 2828 3798 2913 omnipoteasuol

2262 2927 2354 2983 bis
2386 2928 2580 2996 donet,
2595 2930 2662 2982 ut
2679 2930 2933 2983 vestram
2958 2927 3306 2984 ﬁdelitatem
3330 2933 3389 2985 et
3408 2932 3639 2984 vestrum
3656 2923 3798 2994 adqu

2264 3017 2441 3088 rium,
2465 3034 2590 3088 qua:
2637 3033 2869 3088 semper
2899 3019 3102 3071 contra
3131 3033 3242 3072 nos
3273 3034 3413 3073 cum
3460 3016 3603 3073 omni
3640 3010 3798 3068 hamati

2260 3106 2409 3179 (127)
2437 3104 2873 3173 demonstratis,
2905 3104 3068 3160 vobis
3099 3103 3184 3161 sic
3217 3121 3447 3162 merere
3482 3103 3735 3179 possimus,
3753 3096 3798 3177 si1

499 3196 803 3263 peccatum
835 3191 937 3259 sit,
968 3194 1025 3246 et
1072 3190 1307 3263 qualem
1368 3176 1771 3264 pcenitentiam
1830 3176 2058 3267 quaerit,
2093 3203 2150 3254 et
2180 3176 2223 3244 (ἶ
2262 3200 2363 3253 cut
2393 3176 2812 3252 antecessores
2861 3194 3045 3250 nostri
3092 3194 3307 3251 vestris
3356 3176 3798 3267 antecessoribusii

500 3278 730 3352 qualem
765 3280 1224 3350 damnationem,
1254 3281 1371 3337 nisi
1403 3281 1742 3354 pmnitentia
1772 3287 2148 3358 succurrerit,

497 3368 787 3441 adquirat.
821 3369 891 3425 Et
921 3369 1087 3426 missi
1118 3369 1306 3427 nostri
1338 3370 1594 3443 capitula
1622 3371 1768 3445 legis
1800 3377 1858 3429 et
1883 3379 2152 3435 anteces-

2262 3288 2415 3343 bono
2446 3289 2806 3355 meruerunt,
2837 3287 2895 3340 et
2937 3299 3043 3340 nos
3080 3283 3249 3339 vobis
3283 3301 3421 3340 cum
3451 3283 3596 3340 omni
3633 3274 3798 3343 bonitati

2260 3375 2536 3432 volumus
2565 3373 2932 3431 commereri.

1413 3524 1707 3587 KAROLI
1756 3526 1811 3587 ΙΙ
1855 3527 2329 3596 CONVENTUS
2374 3528 2990 3593 CARISIACENSIS.

1897 3652 2019 3724 (An.
2047 3656 2173 3712 858.
2205 3660 2378 3713 Mart.
2411 3653 2528 3725 2|.)

571 3768 720 3833 Petri
766 3769 970 3826 Pithcei
1018 3769 1333 3827 editionem
1386 3786 1480 3829 an.
1517 3772 1654 3828 1588
1685 3773 1742 3828 in
1777 3772 1878 3832 SS.
1910 3779 2218 3836 coaetaneis
2247 3777 2347 3836 XII
2376 3777 2723 3836 Sirmondus
2768 3774 3039 3833 Baluzius
3086 3791 3158 3832 ue
3214 3777 3589 3850 repetierant;
3636 3772 3798 3847 quo.mm

571 3841 658 3896 ior
683 3842 1087 3904 episcoporum
1122 3848 1179 3898 et
1205 3842 1508 3904 comitum,
1537 3844 1638 3904 qui
1668 3853 2035 3904 sacramento
2066 3852 2568 3904 subscripserunt.
2601 3849 2841 3904 nomina
2870 3866 2939 3904 ex
2968 3793 3166 3904 cogice
3199 3847 3567 3904 Laudunensi
3593 3842 3760 3904 adjwlo

498 3841 658 3914 prior
683 3842 1087 3914 episcoporum
1122 3848 1179 3898 et
1205 3842 1508 3910 comitum,
1537 3844 1638 3916 qui
1668 3853 2035 3905 sacramento
2066 3852 2568 3925 subscripserunt,
2601 3849 2841 3906 nomina
2870 3866 2939 3905 ex
2968 3865 3034 3904 co

497 3983 628 4038 Acta
655 3982 932 4062 sunthaec
958 3986 1268 4062 sequentia-
1285 3985 1446 4062 aptat
1463 3986 1813 4062 Carisiocum
1854 3993 2149 4062 palatium,

567 4069 714 4133 anno
747 4056 1178 4133 .iggcarizatipnis
1216 4055 1523 4133 doininicge
1559 4060 1702 4133 858,
1751 4055 1913 4133 reghi
1970 4055 2154 4120 autent

567 4125 979 4207 dovrini‘Karoti
1012 4126 1429 4207 i§,_i1tdictione
1457 4129 1512 4197 6,
1550 4131 1615 4183 12
1664 4125 1891 4189 Kalend.
1922 4135 2151 4207 Aprilis,

574 4197 633 4251 in
664 4198 768 4253 Dei
794 4199 1017 4254 nomine
1040 4197 1297 4270 feliciter.

563 4338 980 4397 Sacramentum
997 4341 1337 4411 ﬁdelium—
1362 4341 1656 4405 Quantum
1677 4345 1861 4403 sciero
1879 4351 1937 4403 ct
1956 4354 2153 4421 potue-

472 4446 580 4500 ro,
603 4429 852 4486 Domino
899 4430 1233 4502 adjuvante,
1256 4431 1479 4504 absque
1529 4432 1650 4488 ulla
1697 4435 2003 4493 dolositate
2050 4442 2153 4494 aut

3083 3848 3166 3905 ice
3199 3839 3760 3913 Labdunensi‘adjecil.

2262 3994 2398 4050 inde
2428 3993 2745 4061 retraham,
2777 3995 3065 4065 quantum
3095 3991 3253 4048 Deus
3287 3992 3433 4048 mihi
3467 3970 3798 4046 intellectnmei

2261 4082 2712 4155 possibilitatem
2742 4081 3065 4138 donaverit.

2330 4172 2747 4229 Sacramentum
2776 4173 2940 4242 regis.
2964 4202 3030 4213 -
3051 4172 3122 4227 Et
3149 4187 3278 4245 ego,
3313 4175 3589 4244 quantum
3621 4150 3798 4220 scierod

2262 4259 2686 4317 rationabiliter
2731 4264 2995 4333 potuero,
3028 4259 3278 4317 Domino
3328 4260 3637 4332 adjuvante,
3663 4258 3798 4339 unum

2261 4366 2554 4422 quemque
2584 4353 2843 4405 vestrum
2866 4349 3193 4406 secundum
3213 4366 3395 4406 suum
3417 4347 3650 4404 ordinem
3666 4342 3709 4394 et
3728 4346 3798 4422 pet

2260 4417 2478 4495 sonam-
2498 4438 2796 4494 honorabo
2826 4442 2885 4494 et
2927 4437 3186 4506 salvabo,
3219 4443 3279 4495 et
3309 4439 3637 4495 honoratum
3660 4442 3711 4483 ac
3731 4417 3798 4477 Sd“

493 4518 857 4588 seductione,
880 4522 937 4575 et
966 4518 1213 4576 consilio
1244 4524 1301 4576 et
1330 4520 1547 4577 auxilio
1593 4524 1919 4579 secundum
1950 4542 2150 4583 meum
2182 4531 2228 4596 D
2259 4532 2455 4583 vatum
2506 4528 2729 4600 absque
2777 4526 2897 4583 ullo
2945 4527 3079 4584 dolo
3136 4544 3204 4584 ac
3260 4525 3621 4585 damnatione
3650 4514 3715 4572 vel
3743 4509 3798 4563 (ιθ

494 4608 886 4666 ministerium
919 4613 976 4665 et
1016 4609 1341 4665 secundum
1391 4626 1579 4666 meam
1612 4628 1925 4683 personam
1958 4614 2149 4672 ﬁdelis
2257 4616 2523 4689 ceptione
2579 4616 2954 4685 conservabo,
2999 4620 3060 4672 et
3106 4616 3429 4688 unicuique
3480 4604 3798 4683 competentem

491 4696 656 4752 vobis
686 4699 754 4753 ad
757 4700 925 4770 jutor
954 4715 1073 4765 ero,
1096 4702 1163 4753 ut
1193 4698 1355 4754 illam
1384 4704 1753 4771 potestatem,
1777 4719 1956 4774 quam
1988 4702 2045 4759 in
2067 4721 2150 4761 re-
2258 4705 2445 4779 legem
2494 4709 2549 4760 et
2589 4704 2886 4777 justitiam
2915 4706 3296 4762 conservabo.
3328 4706 3399 4761 Et
3445 4702 3539 4776 qui
3580 4695 3710 4753 illam
3741 4700 3798 4769 m1

492 4785 588 4857 gio
609 4786 845 4841 nomine
866 4790 924 4841 et
944 4802 1122 4860 regno
1142 4788 1307 4843 vobis
1339 4787 1493 4844 Deus
1523 4790 1829 4858 concessit,
1854 4791 1922 4846 ad
1952 4792 2141 4865 ipsius
2256 4811 2417 4851 cesse
2465 4794 2757 4861 habuerit,
2785 4799 2844 4850 et
2891 4793 3318 4851 rationabiliter
3362 4789 3598 4866 petierit,
3629 4779 3798 4861 ratio”?

491 4873 851 4929 voluntatem
893 4877 950 4927 et
993 4876 1065 4931 ad
1105 4880 1358 4932 vestram
1406 4893 1474 4932 ac
1521 4877 1783 4934 ﬁdelium
1812 4883 2139 4937 vestrorum
2256 4882 2431 4960 bilem
2481 4882 2943 4938 misericordiam
3002 4881 3308 4951 exhibebo,
3359 4882 3508 4938 sicut
3552 4870 3709 4932 ﬁdelis

494 4960 1049 5025 salvationem,cum
1081 4964 1274 5021 debito
1305 4969 1362 5020 et
1390 4964 1609 5023 honore
1634 4971 1691 5022 et
1709 4967 1925 5041 vigore,
1949 4972 2146 5027 tenere
2255 4956 2397 5028 suos
2424 4970 2626 5027 ﬁdeles
2654 4988 2759 5045 per
2782 4975 3006 5028 rectum
3036 4971 3325 5028 honorare
3349 4977 3408 5027 et
3434 4956 3798 5030 salvare,etunF

493 5052 550 5104 et
578 5049 903 5121 gubernare
936 5052 1173 5121 possitis
1199 5071 1211 5108 :
1236 5057 1293 5108 et
1323 5070 1426 5125 pro
1475 5054 1590 5111 ullo
1637 5054 1872 5112 homine
1904 5074 2019 5114 non
2051 5076 2146 5117 me
2253 5060 2463 5133 cuique
2483 5064 2911 5133 competentem
2942 5059 3128 5134 legem
3155 5065 3214 5117 et
3234 5060 3526 5132 justitiam
3554 5053 3606 5109 in
3624 5050 3798 5114 υηοίιυίν

1838 5172 2081 5231 VARUE
2130 5175 2549 5233 LECTIONES.

559 5262 628 5299 ⁷⁸⁵
658 5262 1026 5347 annuntiatio
1071 5265 1122 5318 3.
1167 5274 1494 5347 constanter.
1572 5269 1641 5347 ἶξθ
1669 5269 1812 5347 deest
1859 5272 1913 5327 3.
1955 5274 2059 5347 “77"
2089 5278 2326 5331 tantum
2366 5274 2728 5347 mysterium
2757 5275 2811 5329 3.
2889 5274 2956 5311 ⁷⁸³
2989 5276 3065 5331 ita
3112 5276 3374 5332 vetustior
3417 5248 3797 5347 ιεειίοβοάίξάἕ

487 5335 1289 5464 σοντεςιιέἓῖιιηουιί,
1324 5322 1463 5410 quod
1491 5348 1544 5396 et
1571 5322 1912 5399 abitalia."
1953 5345 2022 5381 7”
2968 5322 3722 5403 vaEdFéTui'avﬁHéhiomm
3741 5322 3797 5378 3‘"

487 5424 603 5464 mei
632 5424 702 5464 av
1078 5448 1089 5462 .

487 5424 603 5466 mei
632 5424 906 5465 avuncun
935 5424 1089 5463 3.4L.

555 5599 704 5679 (12⁷)
737 5596 775 5657 ίυ
806 5613 856 5657 θ-
887 5596 1196 5661 harenatu.
2050 5516 2282 5577 ΝΟἸῈ-
