3828 6204
51 326 112 391 53
994 327 1481 391 FRANCORUM
1528 328 1801 390 REGUM
1849 328 2369 390 CAPITULARIA
2384 371 2400 388 .

3282 331 3400 391 654

51 477 107 519 ue
132 460 324 518 ordine
353 475 734 529 conservare,
769 466 823 516 et
852 461 1251 533 indigentibus
1282 466 1339 516 et
1382 461 1633 517 rationa-
1663 464 1715 528 Α
1751 460 1896 515 mihi
1930 462 2273 532 subreptum
2306 459 2501 528 fuerit,
2535 475 2668 515 cum
2719 459 2826 515 hoc
2872 476 3281 534 recognovero,
3315 480 3410 520 vo-

51 550 177 604 iliter
195 547 532 621 petentibus
549 547 963 605 rationabilem
990 548 1451 605 misericordiam
1473 549 1644 605 debet
1750 549 2003 606 luntarie
2034 548 2187 604 illud'
2200 548 2510 604 emendare
2540 548 2778 604 curabo.

51 636 331 709 spondere.
366 636 439 691 Et
462 653 578 708 pro
614 635 779 693 nullo
810 636 1045 693 homine
1074 637 1148 692 ab
1191 637 1320 704 hoc,
1354 642 1641 710 quantum

51 725 220 780 imittit
245 722 519 780 humana
551 725 864 797 fragilitas,
896 743 1001 798 per
1029 726 1291 782 studium
1323 731 1427 782 aut
1476 726 1644 783 mali-

51 812 281 868 )lentiam
302 811 389 867 vel
424 811 705 885 alicujus
733 813 1060 870 indebitum
1092 814 1533 870 hortamentum
1554 816 1649 870 de-

56 902 461 974 abo,quantum
501 901 662 957 mihi
690 902 844 958 Deus
873 902 1242 961 intellectum
1269 908 1326 959 et
1357 902 1649 976 possibili-

51 996 154 1046 tam
183 990 507 1047 donaverit.
543 992 621 1047 Et
651 991 700 1047 si
731 1009 834 1064 per
871 992 1247 1065 fragilitatem
1278 998 1485 1051 contra
1532 993 1644 1049 hoc

1824 638 2174 694 Hincmarus
2202 637 2700 709 archiepiscopus,
2736 638 2921 693 Immo
2950 638 3280 711 episcopus,
3302 640 3414 696 Yr-

1752 726 2070 783 minfridus
2100 727 2435 799 episcopus,
2460 727 2812 783 Hincmarus
2847 726 3416 799 episcopus,Hildui~

1756 816 2183 978 Πυὶῖυᾶῐξὲαῗὶυε,
2218 904 2657 977 Engilramnus,
2692 905 3086 972 Isembardﬂs,
3118 906 3263 973 Odo,
3299 905 3410 961 Os-

1764 995 1986 1062 bertus,
2013 993 2333 1060 Ratbodus,
2349 993 2695 1060 Hunfridus,
2712 992 3036 1063 Odalricus,
3064 993 3416 1066 Rhodulfus,

1759 1082 2202 1155 Engischalcus,
2234 1081 2568 1151 Herluinus,
2602 1082 2782 1140 Hitto.

799 1276 1072 1333 KAROLI
1108 1276 1159 1332 II
1199 1280 1257 1333 et
1295 1276 1693 1333 HLOTHARII
1730 1276 1778 1333 Il
1817 1276 2147 1334 SYNODUS
2185 1276 2619 1333 METTENSIS.

1281 1413 1402 1484 (An.
1435 1410 1559 1466 859.
1593 1412 1735 1468 Mai.
1767 1413 1857 1481 28,
1889 1415 2022 1468 Jun.
2057 1412 2143 1496 11.).

68 1544 215 1621 Edita
238 1549 328 1601 est
359 1563 394 1601 a
426 1544 694 1602 Baronio
725 1562 792 1602 ex
822 1546 1020 1603 codice
1052 1547 1261 1603 Mureti
1298 1551 1473 1619 atque
1505 1546 1737 1604 Antonii
1769 1548 2079 1621 Augustini
2110 1551 2253 1603 tom.
2287 1545 2602 1603 Annalium
2651 1545 2718 1614 X,
2749 1548 2875 1601 tum
2926 1561 2958 1600 a
3004 1546 3317 1603 Sirmondo
3355 1524 3414 1604 et

51 1614 232 1673 aluzio.

95 1807 486 1850 EPISCOPORUM
531 1809 771 1850 LEGATIO
805 1810 878 1850 AD
920 1810 1318 1850 HLUDO\VICUM
1349 1811 1559 1850 REGBM.

51 1934 114 1986 'arc
137 1933 382 2007 capitula,
404 1943 651 1991 tractata
681 1936 1078 2007 etcon/irmata
1122 1945 1252 1992 sunt
1287 1938 1356 1991 ab
1385 1936 1649 2007 episcopis

78 2007 125 2058 in
147 2005 335 2076 synodo
364 2006 567 2078 habita
601 2006 746 2078 apud
787 2009 970 2063 Mettis
1009 2009 1312 2078 rcivitatem,
1343 2005 1425 2062 de
1458 2005 1650 2062 indut-

78 2078 230 2150 gentia
255 2077 578 2150 Htudowici
604 2077 755 2147 regis
779 2094 881 2150 pro
925 2077 1192 2135 seditione
1237 2088 1289 2134 et
1338 2080 1649 2136 excessibus

79 2149 125 2200 in
148 2164 301 2217 regno
326 2149 545 2224 fratris
575 2151 670 2205 sui
697 2150 892 2206 Κανοιί
914 2152 1268 2222 perpetratis.

81 2320 289 2380 Dilectis
316 2323 379 2381 in
410 2323 655 2381 Christo
706 2325 984 2381 fratribus
1031 2329 1089 2380 et
1137 2324 1648 2383 consacerdotibus

51 2412 224 2476 tostris,
257 2412 468 2485 legatis
530 2413 806 2470 videlicet
857 2413 1067 2470 divinae
1117 2413 1278 2486 pacis
1326 2431 1393 2469 ac
1438 2417 1648 2468 nostra:

51 2499 418 2569 manimitatis,
450 2501 796 2567 Hincmaro,
828 2501 1172 2565 Guntbario,
1210 2500 1499 2558 Weniloni
1553 2518 1649 2557 ar-

51 2584 391 2661 rbiepiscopis,
425 2594 487 2645 et
544 2589 982 2646 venerabilibus
1030 2590 1392 2663 coepiscopis
1433 2589 1651 2645 nostris

52 2673 280 2745 lerluino,
311 2678 683 2751 Hildegario,
718 2677 1018 2747 Adventio,
1041 2678 1291 2746 Abboni,
1314 2679 1648 2744 Hincmaro,

51 2762 334 2834 irchanrao,
358 2766 626 2839 episcopi
652 2783 904 2839 quorum
938 2766 1176 2823 nomina
1206 2767 1410 2823 subter
1437 2767 1652 2822 haben-

52 2867 108 2905 nr
131 2855 424 2928 adscripta,
460 2855 569 2928 qui
604 2856 828 2912 favente
858 2855 1127 2923 Domino,
1160 2860 1217 2912 et
1255 2855 1650 2911 annuentibus

51 2938 254 3008 gloriosis
282 2944 663 3018 principibus
695 2945 911 3000 nostris
935 2943 1145 3001 Karolo
1176 2948 1233 3000 et
1262 2943 1649 3011 Hlothario,in

51 3031 491 3089 lediomatricum
525 3033 847 3102 civitatem,
881 3050 1036 3089 anno
1084 3032 1506 3089 incarnationis
1554 3033 1651 3088 do-

1683 1795 1731 1860 B
1829 1797 1883 1848 2.
1918 1794 2053 1850 Post
2082 1794 2458 1866 praedicatum
2489 1810 2625 1851 vero
2673 1798 2731 1850 et
2779 1793 3138 1867 postulatam
3187 1810 3412 1866 pacem,

1761 1882 1973 1955 legatio
2002 1887 2205 1938 vestra:
2238 1882 2620 1939 fraternitatis
2668 1882 3010 1954 hujusmodi
3056 1882 3166 1939 erit
3213 1883 3413 1939 condi-

1756 1969 1954 2033 tionis,
1988 1975 2054 2026 ut
2082 1971 2269 2027 isdem
2306 1986 2403 2027 rex
2432 1971 2623 2040 nobis,
2655 1974 2713 2026 et
2741 1971 2967 2026 utinam
3016 1972 3148 2040 Deo,
3182 1986 3415 2045 semper

1759 2056 2053 2126 amabilis,
2082 2059 2155 2115 ad
2183 2058 2501 2115 missorum
2532 2058 2961 2132 indulgentiam
2990 2063 3407 2130 consequatur.

1827 2149 1881 2203 3.
1914 2146 2197 2203 Videlicet
2218 2148 2267 2204 si
2298 2164 2363 2205 se
2391 2147 2463 2203 de
2492 2146 2768 2204 omnibus
2788 2163 2916 2220 quas
2939 2164 3043 2220 per
3078 2163 3212 2203 eum
3244 2146 3409 2203 mali-

1757 2236 2042 2294 tiosorum
2061 2236 2369 2292 hominum
2392 2236 2769 2309 persuasione
2790 2239 2964 2308 atque
2986 2236 3325 2293 seductione
3345 2236 3406 2292 in

1758 2326 2052 2398 parochiis
2082 2325 2304 2382 nostris
2334 2326 2703 2398 fratrumque
2724 2331 3057 2382 nostrorum
3079 2328 3409 2399 perpetrata

1759 2418 1898 2470 sunt
1953 2413 2233 2469 veraciter
2289 2413 2703 2486 recognoverit,
2736 2413 2892 2469 sicut
2947 2412 3230 2487 scriptum
3269 2417 3403 2470 est:

1756 2505 1922 2559 Juxta
1947 2510 2026 2559 est
2055 2503 2316 2559 Dominus
2355 2502 2441 2558 his
2487 2518 2582 2574 qm
2631 2504 2777 2558 tribu
2789 2501 2899 2559 lato
2926 2511 3056 2578 sunt
3083 2503 3258 2559 corde.
3285 2503 3359 2559 Et
3389 2519 3406 2560 :

1757 2593 2105 2663 Sacriﬁcium
2132 2592 2239 2647 Deo
2269 2599 2349 2647 est
2394 2593 2622 2663 spiritus
2679 2591 3109 2662 contribulatus;
3131 2591 3409 2664 quoniam

1760 2696 1859 2735 cor
1888 2679 2203 2735 contritum
2236 2684 2291 2736 et
2317 2679 2692 2735 humiliatum
2726 2680 2882 2736 Deus
2909 2697 3026 2737 non
3071 2681 3313 2753 spernit.
3344 2681 3415 2736 Et

1760 2769 1914 2824 sicut
1938 2769 1996 2823 hi
2028 2768 2127 2841 qui
2162 2770 2292 2825 ficte
2313 2768 2495 2825 Deum
2522 2772 2813 2840 quaerunt,
2831 2768 3087 2825 invenire
3109 2786 3413 2842 nunquam

1760 2861 2077 2926 merentur,
2095 2857 2177 2912 ita
2192 2873 2371 2929 prope
2400 2861 2490 2912 est
2520 2856 2805 2913 Dominus
2836 2857 3111 2913 omnibus
3140 2856 3414 2915 invocan-

1759 2945 1919 3001 tibus
1948 2963 2010 3002 se
2040 2946 2100 3001 in
2132 2944 2390 3002 veritate.

1831 3036 1883 3090 4.
1916 3036 1986 3090 Et
2015 3035 2065 3091 si
2097 3037 2229 3107 post
2257 3049 2452 3090 veram
2498 3033 2957 3106 recognitionem
3010 3034 3233 3107 puriter
3274 3050 3414 3090 con-

51 3115 222 3227 pinicae
264 3122 388 3190 859,
428 3121 756 3179 indictione
784 3124 840 3191 7,
873 3124 910 3177 5
937 3121 1064 3178 Kal.
1115 3122 1323 3179 Junias
1381 3121 1648 3194 synodali
1681 3160 1724 3227 C
1764 3121 1955 3177 fessus
2005 3120 2212 3188 fuerit;
2246 3120 2388 3192 quia
2440 3119 2651 3176 iterum
2709 3120 2852 3177 dicit
2911 3121 3216 3194 Scriptura
3248 3139 3261 3178 :
3296 3124 3415 3196 Qui

51 3205 223 3263 iecreto
250 3212 662 3268 convenimus.
908 3254 933 3285 .

94 3296 134 3350 1.
161 3297 292 3353 Nota
319 3304 375 3355 et
410 3300 564 3373 proh
598 3299 795 3355 dolor!
830 3300 1009 3356 nimis
1038 3304 1128 3356 est
1174 3305 1313 3356 nota
1363 3298 1655 3356 discordia

51 3388 177 3454 atque
204 3387 558 3445 calamitatis
600 3388 907 3460 pernicies,
941 3406 1070 3461 qua;
1100 3388 1349 3445 factione
1373 3405 1653 3461 quorum-

51 3469 145 3528 dam
164 3476 573 3534 seditiosorum
593 3476 901 3534 hominum
924 3495 1112 3550 nuper
1136 3478 1288 3534 inter
1314 3478 1545 3546 fratres,
1566 3494 1653 3533 re-

51 3575 121 3631 ges
144 3566 805 3635 nostros,l~lludowicum
836 3570 893 3623 et
921 3565 1193 3622 Carolum
1228 3566 1438 3622 accidit
1462 3583 1475 3622 :
1501 3567 1656 3621 unde

51 3650 169 3706 tanta
194 3670 253 3709 ac
281 3654 419 3711 talia
451 3656 513 3712 in
550 3654 796 3712 ecclesia
818 3655 988 3712 nobis
1012 3656 1085 3713 ad
1115 3654 1658 3727 regendum,divina

51 3736 347 3816 dignatione,
362 3744 694 3801 commissa
724 3748 782 3799 et
807 3744 864 3799 in
898 3743 1007 3800 hoc
1039 3760 1216 3817 regno
1248 3761 1486 3817 perpere
1518 3748 1659 3800 sunt

51 3826 342 3898 admissa,ut
371 3833 511 3907 ipso
545 3833 722 3890 etiam
755 3834 960 3889 auditu
987 3832 1287 3889 horribilia
1307 3849 1659 3907 cognoscan-

51 3918 141 3986 tur;
166 3924 215 3976 et
240 3922 285 3977 si
314 3922 436 3979 haec
501 3921 805 3978 discordiae
851 3921 1186 3996 pestilentia
1238 3920 1481 3990 diutius,
1519 3937 1657 3994 ope-

51 4011 171 4061 rante
211 4008 445 4067 humani
510 4010 742 4083 generis
806 4011 1046 4082 antiquo
1093 4010 1281 4078 hoste,
1342 4010 1654 4078 duraverit,

52 4106 186 4161 Quam
214 4099 531 4157 exitiabilis
552 4102 609 4155 et
631 4099 929 4155 mortifera
950 4099 1162 4155 existat
1184 4098 1397 4156 melius
1417 4100 1528 4172 ipsi
1552 4100 1659 4156 sci-

52 4179 121 4234 tis.
147 4185 258 4249 Qua
281 4188 349 4244 de
373 4206 435 4245 re
467 4205 768 4244 memores
802 4188 943 4262 quid
973 4188 1186 4244 veritas
1217 4189 1417 4245 missis
1447 4189 1656 4261 praedi-

53 4272 294 4332 catoribus
313 4277 591 4349 jusserit,
615 4282 683 4333 ut
710 4277 943 4333 divinus
978 4276 1193 4333 Paulus
1223 4277 1659 4347 dicit,legatione

52 4355 292 4427 Ῑίηθὶηιυν
314 4383 413 4438 pro
446 4367 695 4435 Christo,
727 4366 1170 4422 reconciliamini
1211 4366 1338 4433 Deo,
1370 4365 1657 4438 legatione

52 4459 132 4513 pro
148 4448 354 4512 Christo
378 4457 717 4528 fungentes,
739 4471 862 4523 vos,
893 4455 1101 4511 fratres
1120 4454 1658 4528 carissimi,legatos

1762 3211 2043 3266 abscondit
2066 3211 2269 3265 scelera
2293 3225 2413 3277 sua,
2437 3225 2547 3265 non
2575 3209 2864 3279 dirigetur.
2898 3210 3007 3279 Qui
3052 3217 3237 3267 autem
3284 3227 3412 3267 con-

1760 3308 1934 3370 fessus
1983 3300 2172 3371 fuerit,
2204 3306 2256 3354 et
2298 3299 2585 3371 reliquerit
2629 3314 2712 3365 ea,
2747 3299 3179 3356 misericordiam
3225 3316 3410 3357 conse-

1763 3396 1974 3461 quetur.
2010 3389 2078 3444 Et
2109 3405 2122 3444 :
2154 3388 2218 3444 Si
2244 3388 2602 3458 conﬁteamur
2626 3396 2846 3459 peccata
2875 3395 3088 3456 nostra,
3108 3388 3287 3460 ﬁdelis
3332 3396 3415 3446 est

1760 3486 1812 3533 et
1830 3478 2033 3547 justus,
2057 3484 2118 3531 ut
2139 3476 2379 3531 remittat
2407 3476 2564 3531 nobis
2590 3484 2812 3547 peccata
2836 3485 3044 3543 nostra,
3076 3485 3130 3533 et
3158 3477 3415 3536 emundet

1762 3582 1859 3622 nos
1891 3565 1959 3620 ab
1987 3567 2139 3621 omni
2168 3564 2478 3637 iniquitate.

1833 3656 1887 3710 5.
1920 3654 2058 3709 Post
2083 3669 2293 3726 puram
2326 3656 2520 3708 autem
2541 3653 3044 3726 confessionem,si
3081 3655 3418 3728 promiserit

1764 3761 1892 3816 quas
1915 3740 2066 3797 male
2095 3745 2258 3815 gesta
2281 3744 2548 3813 sunt,per
2567 3741 2775 3815 dignos
2798 3742 3148 3815 poenitentiae
3168 3745 3418 3814 fructus,

1765 3830 2523 3906 praeveniente,adjuvante,
2541 3835 2598 3885 et
2636 3832 3030 3904 subsequente
3061 3833 3259 3890 divina
3286 3850 3421 3908 gra-

1762 3922 1936 3989 tia,se
1956 3937 2061 3993 pro
2090 3919 2316 3975 viribus
2346 3920 2973 3994 emendaturum,quia
3000 3922 3285 3996 scriptum
3308 3928 3419 3994 est,

1765 4012 1942 4066 Facite
1996 4011 2207 4080 fructus
2256 4008 2452 4077 dignos
2493 4011 2849 4080 pwnitentise,
2883 4015 2949 4066 ut
3002 4015 3164 4068 tanto
3196 4014 3423 4085 majora

1766 4101 1986 4171 quaerat
2016 4098 2302 4154 bonorum
2335 4112 2579 4168 operum
2611 4098 2861 4171 quisque
2890 4097 3055 4155 lucra
3083 4117 3187 4171 per
3232 4101 3422 4172 paeni-

1766 4187 2032 4253 tentiam,
2066 4190 2285 4260 quanto
2344 4186 2613 4259 graviora
2662 4187 2774 4242 sibi
2821 4187 3022 4243 intulit
3068 4190 3286 4243 damna
3317 4206 3421 4262 per

1766 4275 2031 4349 culpam;
2062 4274 2343 4347 quoniam
2388 4278 2445 4330 et
2474 4274 2558 4329 illi
2596 4275 2749 4330 beati
2783 4293 3033 4347 quorum
3064 4280 3216 4331 tecta
3245 4277 3418 4334 bonis

1766 4364 2040 4438 operibus
2068 4367 2209 4420 sunt
2237 4366 2492 4434 peccata,
2508 4368 2566 4418 et
2596 4368 2663 4418 ut
2689 4363 2972 4435 scriptum
3004 4367 3112 4435 est,
3127 4364 3267 4435 quia
3288 4380 3418 4436 pec~

1766 4454 1935 4521 cavit,
1968 4456 2026 4508 et
2072 4450 2354 4525 populum
2413 4467 2651 4522 peccare
2702 4451 2857 4518 fecit,
2890 4455 3053 4508 tanta
3095 4452 3215 4509 sint
3262 4453 3416 4512 bona

58 4529 143 4589 Deo
166 4547 352 4600 amate
397 4544 591 4617 pacis,
624 4542 905 4615 quoniam
949 4541 1155 4598 exinde
1205 4542 1332 4614 jam
1374 4540 1660 4615 gloriosos
1689 4530 1735 4595 Ι)
1766 4560 1893 4616 quae
1924 4544 2088 4597 tanta
2116 4539 2384 4613 operiant
2410 4538 2584 4595 mala.

57 4621 295 4701 Principes
317 4637 555 4690 nostros
576 4630 857 4687 Karolum
879 4635 935 4687 et
952 4628 1319 4686 Hlotharium
1342 4628 1656 4702 episcopali

59 4716 342 4776 auctoritate
379 4721 748 4792 monuimus,
783 4719 855 4775 ad
906 4719 1191 4774 domuum
1246 4718 1657 4774 Hludowicum

57 4810 211 4870 regem
236 4805 556 4878 gloriosum
589 4808 884 4865 mediante
915 4806 1156 4863 Domino
1183 4808 1545 4876 ordinamus,
1579 4808 1658 4863 si-

56 4891 136 4941 cut
174 4891 418 4954 Salvator
458 4896 605 4954 dicit
637 4913 649 4953 :
683 4897 745 4952 In
793 4912 1206 4968 quamcumque,
1239 4896 1535 4968 inquiens,
1565 4897 1659 4953 do-

59 4988 177 5032 mum
202 4982 551 5054 inveneritis,
579 4987 827 5058 primum
866 4983 1028 5041 dicite
1057 5003 1076 5040 :
1107 4987 1230 5040 Paw
1275 4984 1406 5041 huic
1450 4986 1658 5041 domui.

64 5059 110 5115 Et
136 5067 176 5120 si
200 5070 273 5126 ibi
294 5075 461 5144 fuerit
486 5076 641 5147 ﬁlius
664 5075 1148 5147 pacis,requicscet
1175 5090 1340 5146 super
1372 5075 1533 5130 illum
1547 5091 1664 5147 pax

64 5160 216 5212 vestra.
245 5158 338 5216 Sin
366 5173 570 5230 autem,
601 5163 673 5219 ad
719 5179 811 5220 vos
859 5171 1177 5219 revertetur.
1212 5163 1356 5227 Quia
1400 5167 1502 5219 aut
1556 5164 1665 5219 erit

68 5240 270 5316 qnisqne
298 5253 746 5323 przsdestinatus
773 5251 845 5307 ad
877 5250 1141 5320 vitam,et
1169 5250 1400 5309 caeleste
1421 5252 1663 5308 verbum

65 5332 285 5422 §equitur
309 5342 458 5412 quod
480 5342 680 5399 audiet
695 5359 708 5410 ;
723 5344 825 5396 aut
844 5340 893 5398 si
933 5338 1134 5395 nullus
1173 5340 1378 5397 audire
1394 5340 1663 5407 voluerit,

69 5428 165 5485 1938
190 5427 511 5494 praedicator
538 5431 666 5488 sine
698 5430 890 5486 fructu
923 5446 1037 5485 non
1070 5428 1266 5497 fuerit,
1302 5429 1581 5503 quoniam
1613 5430 1663 5486 ei

68 5506 326 5653 aagomino
353 5536 453 5599 pro
483 5520 688 5581 labore
716 5518 811 5579 sui
842 5517 1035 5599 operis
1066 5534 1288 5576 merces
1320 5534 1667 5594 recompen-

72 5605 93 5651 Β
152 5596 272 5653 itur.

72 5596 272 5663 labitur.

1835 4633 1889 4687 6.
1922 4630 2141 4686 Deinde
2165 4628 2216 4685 si
2237 4628 2614 4701 epaponderit
2634 4630 2707 4684 ad
2728 4646 2930 4701 pacem
2961 4633 3019 4686 et
3045 4632 3416 4689 concordiam

1767 4718 2213 4793 praesentialiter
2232 4717 2287 4773 in
2305 4721 2426 4774 toto
2440 4717 2613 4774 corde
2627 4722 2683 4774 et
2695 4722 2875 4785 ore,et
2887 4720 3236 4791 quantocius
3252 4720 3420 4777 ratio-

1767 4808 2044 4867 nabiliter
2064 4813 2121 4864 et
2153 4805 2512 4880 possibiliter
2539 4810 2713 4879 atque
2746 4807 3154 4864 convenienter
3172 4826 3240 4864 ex
3261 4826 3421 4866 com-

1769 4897 1933 4954 muni
1965 4912 2255 4954 consensu
2279 4894 2404 4951 fieri
2435 4895 2665 4967 poterit,
2685 4895 2861 4951 etiam
2894 4898 3206 4970 praesentia
3226 4915 3424 4973 corpo-

1769 4987 1852 5044 ris
1882 4988 1953 5042 ad
1987 5001 2189 5059 pacem
2222 4988 2280 5040 et
2309 4985 2682 5040 concordiam
2715 5001 2849 5040 cum
2874 4985 3048 5042 fratre
3077 5004 3183 5044 suo
3214 4989 3426 5046 Karolo

1771 5093 1832 5133 se
1862 5075 2283 5142 rediturum,et
2313 5072 2371 5128 in
2401 5089 2541 5145 pace
2561 5089 2629 5127 ac
2653 5072 2895 5131 caritate
2915 5074 3032 5131 Deo
3053 5074 3269 5147 placita
3289 5094 3427 5136 cum

1773 5162 2028 5237 praefatis
2051 5160 2419 5235 principibus
2440 5160 2659 5217 nostris
2682 5162 2884 5219 Karolo
2906 5167 3079 5237 atque
3103 5165 3428 5239 Hlothario,

1774 5254 1823 5310 si
1850 5251 1962 5325 ipsi
1993 5251 2237 5308 eandem
2270 5266 2472 5321 pacem
2504 5255 2561 5306 et
2589 5252 2960 5309 concordiam
2981 5270 3119 5328 erga
3147 5272 3283 5312 eum
3306 5272 3429 5313 ser-

1773 5340 2620 5411 vaverint,permansurum,et
2647 5339 2708 5396 in
2737 5357 2800 5398 se
2829 5342 3210 5414 peccantibus
3232 5343 3431 5399 debita

1777 5428 2085 5493 dimiserit,
2112 5426 2267 5483 sicut
2298 5443 2407 5483 sua
2437 5444 2471 5483 a
2499 5427 2616 5487 Deo
2648 5429 2844 5486 debita
2873 5430 2985 5487 sibi
3007 5430 3169 5503 cupit
3187 5430 3428 5486 dimitti.

1777 5518 1924 5588 Quia
1966 5515 2171 5573 itidem
2204 5515 2509 5589 Scriptura
2537 5516 2716 5575 dicit:
2744 5520 2944 5576 Pacem
2970 5518 3269 5592 sequimini
3306 5533 3433 5575 cum

1777 5605 2052 5678 omnibus,
2082 5610 2134 5666 et
2184 5605 2631 5679 sanctimoniam,
2679 5608 2800 5667 sine
2855 5623 2965 5683 qua
3017 5620 3174 5668 nemo
3230 5603 3437 5693 υἰάᾳδςε
