3828 6204
440 254 559 316 655
1095 256 1434 319 APPEND.
1479 257 1586 318 AD
1632 255 1827 317 saxo.
1871 255 1950 315 Χ.
1981 285 2058 296 -
2088 247 2590 315 MONUMENTA
2634 255 3191 321 DIPLOMATICA.
3686 247 3762 351 uel

443 392 634 444 Deum.
662 387 728 441 Et
757 403 888 442 cum
922 386 1079 443 mala
1108 392 1319 443 cuncta
1366 387 1519 442 bona
1570 384 1950 457 sequentibus
1999 384 2086 439 di-
2117 380 2173 447 Α
2204 383 2290 440 his
2321 387 2419 457 qui
2446 385 2675 442 oderunt
2725 389 3025 444 Dominum
3070 388 3337 443 amicitia
3367 388 3680 460 jungerisJ‘t
3709 391 3754 447 ii-

438 474 698 540 luantur,
730 479 961 531 tantum
1021 479 1110 531 est
1162 475 1464 532 discordiae
1512 475 1756 539 malum,
1790 491 1916 545 quaz
1974 472 2088 528 nisi
2195 475 2340 531 circo
2374 476 2519 530 iram
2549 476 2775 547 quidam
2805 477 3024 532 Domini
3048 477 3400 544 merebaris;
3426 477 3514 531 sed
3541 472 3762 550 hostem

438 563 692 620 extincta
722 564 987 620 funditus
1014 565 1211 629 fuerit,
1244 565 1465 619 bonum
1520 562 1857 619 nullatenus
1896 562 2085 633 sequi,
2195 562 2417 618 inventa
2446 573 2577 619 sunt
2606 567 2669 619 in
2691 572 2759 620 te.
2786 565 2933 621 Hinc
2963 565 3116 622 sacri
3137 582 3407 621 canones
3437 570 3664 620 a-sancto
3689 562 3762 638 pel

437 650 734 726 evangelio
791 656 958 719 teste,
1015 652 1344 724 permittat;
1403 658 1459 708 et
1530 651 1742 707 caritas
1818 656 1906 707 est
1961 667 2088 722 qua:
2198 650 2446 724 mulgati
2478 652 2702 724 Spiritu
2731 654 3047 720 dicunt,ut
3077 653 3141 710 hi
3168 655 3276 727 qui
3309 657 3744 727 postexcommuui

437 674 734 726 evangelio
791 674 958 719 tesw,
1015 674 1344 724 permittat;
1403 674 1459 708 θῐσ
1530 674 1742 707 cantas
1818 674 1906 707 68L
1961 674 2088 722 qua:
2199 674 2446 724 Inungui!
2478 674 2702 724 Dpll'nu
2731 674 2960 720 αιουῐη,
2982 674 3047 710 nt
3079 674 3141 710 Πι
3168 674 3276 727 qUI
3309 674 3709 727 poetexcommu

436 742 624 812 operit
672 740 1109 797 multitudinem
1163 746 1560 813 peccatorum,
1595 739 1721 796 sine
1748 756 1865 812 qua
1911 739 2087 795 etiam
2197 739 2489 795 cntionem
2548 741 2638 797 vel
2698 740 3085 799 interdictum
3139 758 3282 800 cum
3347 674 3762 813 circummunire?

437 828 488 883 si
519 828 651 900 quis
681 844 893 901 corpus
925 846 1100 885 suum
1133 829 1330 884 tradat
1358 829 1430 884 ad
1462 828 1680 903 ignem,
1715 827 1861 883 nihil
1890 828 1943 882 ei
1974 826 2088 883 nisi
2198 828 3753 897 communicaverint,condemnatianathemahabeantn

436 918 509 972 ad
568 918 964 974 damnationis
1012 918 1306 989 judicium
1369 916 1644 988 proderit.
1678 916 1748 971 Et
1804 916 2090 972 Dominus
2198 918 2270 973 Et
2299 923 2540 974 sanctus
2569 916 2894 992 Cyprianus
2925 920 3081 994 regis
3112 920 3519 977 ministerium
3546 921 3735 976 essedici

441 1005 583 1061 dicit
613 1023 627 1061 ε
661 1006 725 1061 Si
750 1023 860 1063 non
907 1008 1233 1064 dimiseritis
1277 1007 1591 1065 hominibus
1635 1013 1855 1078 peccata
1881 1022 2088 1071 eorum,
2198 1006 2413 1079 impios
2446 1007 2517 1062 de
2546 1011 2700 1063 terra
2727 1010 2986 1081 perdere,
3003 1009 3361 1076 homicidas,
3378 1010 3640 1082 periuros,
3658 1011 3732 1066 adn

436 1110 538 1149 nec
609 1097 773 1151 Pater
837 1104 1009 1151 vester
1072 1096 1295 1152 caelestis
1361 1096 1601 1151 dimittet
1664 1096 1813 1151 vobis
1874 1102 2090 1167 peccata
2199 1096 2700 1164 teros,veneﬁcos,
2725 1097 3043 1172 sacrilegos
3074 1115 3189 1154 non
3223 1100 3429 1155 sinere
3467 1099 3740 1153 viveretti

442 1192 634 1241 vestra.
2199 1183 2348 1241 libro
2370 1200 2574 1258 regum
2605 1186 2907 1259 scriptum-
2923 1192 3031 1257 est,
3065 1188 3299 1244 dicente
3320 1188 3563 1244 Domino
3588 1204 3710 1260 perp

511 1278 565 1329 7.
604 1275 734 1330 Post
765 1274 885 1329 haec
917 1275 964 1330 si
999 1274 1354 1348 promiserit,
1372 1275 1523 1346 quod
1541 1275 1665 1344 jam
1701 1273 1945 1328 ulterius
1976 1271 2091 1327 tale
2200 1274 2434 1345 phetam
2470 1290 2483 1328 :
2520 1275 2659 1342 Quia
2701 1276 2969 1332 dimisisii
3017 1279 3204 1332 virum
3250 1286 3432 1332 morte
3476 1277 3683 1347 dignum,

440 1363 530 1419 vel
561 1363 751 1419 simile
782 1364 1040 1419 schisma
1062 1365 1118 1418 in
1152 1363 1257 1419 hac
1290 1367 1495 1418 sancta
1531 1362 1626 1417 Dei
1654 1362 1896 1423 ecclesia
1918 1367 2091 1433 atque
2199 1364 2389 1417 anima
2418 1371 2511 1419 tua
2540 1380 2639 1436 pro
2671 1367 2856 1421 anima
2892 1366 3069 1427 illius.
3101 1375 3153 1422 et
3177 1366 3425 1439 populus
3463 1375 3580 1422 tuus
3595 1382 3672 1437 pro

440 1454 502 1508 in
534 1451 650 1507 ista
679 1451 1106 1507 christianitate
1140 1469 1253 1507 non
1306 1452 1559 1507 reiteret-
1596 1451 1755 1507 Unde
1806 1451 2090 1522 scriptum
2195 1452 2327 1523 pulo
2358 1452 2533 1508 illius.
2558 1453 2627 1508 Et
2656 1471 2833 1525 quam
2869 1455 3042 1512 noxia
3072 1455 3150 1511 sit
3180 1454 3453 1512 indebita
3473 1471 3598 1527 erga
3612 1454 3725 1524 iniqu

443 1545 533 1597 est
565 1559 578 1597 :
614 1542 729 1612 Qui
759 1540 1071 1612 baptizatur
1099 1558 1133 1596 a
1161 1549 1395 1605 mortuo,
1414 1549 1464 1596 et
1486 1543 1682 1596 iterum
1712 1543 1889 1609 tangit
1908 1541 2090 1607 illum,
2200 1539 3003 1607 misericordia,monstratur
3033 1545 3093 1599 in
3123 1559 3303 1615 opere
3351 1542 3488 1599 Saul
3521 1559 3580 1598 ac
3605 1543 3705 1599 Sam

444 1630 575 1701 quid
600 1630 817 1701 proﬁcit
848 1629 1047 1685 lavatio
1077 1630 1236 1700 ejus?
1268 1630 1601 1700 Baptizatur
1631 1628 1847 1701 quippe
1866 1646 1902 1683 a
1930 1645 2090 1683 mor—
2200 1628 2301 1696 lis;
2323 1628 2599 1702 quoniam
2624 1629 2717 1685 cui
2738 1630 2872 1687 Saul
2903 1633 3163 1704 pepercit
3179 1631 3493 1688 offendens
3514 1625 3762 1704 Dominumj

444 1716 673 1815 tumqui
698 1718 1017 1815 mundatur
1046 1718 1278 1815 ﬂetibus
1310 1735 1342 1815 a
1374 1723 1634 1815 peccato;
1661 1719 1761 1815 sed
1795 1722 1927 1815 post
1950 1719 2089 1788 bap-
2119 1749 2170 1815 Β
2199 1718 2437 1815 Samuel
2457 1718 3483 1815 prophetafrustaoonciditﬁai-n
3515 1716 3762 1815 εἰπε-ςιαῇ

443 1808 622 1863 tisma
651 1811 949 1862 mortuum
984 1808 1189 1880 tangit,
1224 1807 1323 1879 qui
1368 1806 1571 1879 culpas
1619 1811 1755 1879 post
1804 1805 2093 1879 lacrymas
2119 1805 2167 1815 ’“”
2207 1824 2320 1878 que
2353 1806 2413 1862 in
2446 1825 2508 1863 se
2543 1808 2920 1880 peccantibus
2950 1810 3124 1866 debet
3153 1815 3401 1883 propter
3428 1810 3597 1865 Deum
3635 1805 3762 1883 diuiti

445 1896 670 1968 repetit.
704 1896 774 1951 Et
800 1896 1013 1951 iterum
1065 1896 1347 1968 scriptum
1400 1902 1490 1951 est
1534 1898 1699 1952 Canis
1747 1911 1991 1951 reversus
2028 1894 2097 1949 ad
2205 1900 2347 1967 tere,
2380 1897 2462 1951 ita
2492 1897 2550 1951 in
2583 1897 2768 1953 Deum
2802 1905 3133 1971 peccantes,
3158 1903 3215 1955 et
3263 1898 3567 1954 ecclesiam
3606 1894 3762 2039 suum

445 1986 706 2039 vomitum
730 2001 915 2039 suum.
932 1992 983 2039 et
1013 2001 1107 2039 sus
1140 1986 1247 2039 lota
1280 1987 1339 2039 in
1371 1986 1653 2039 volutabra
1685 1985 1818 2039 luti:
1835 1984 1977 2039 auia
1996 1983 2096 2039 oui
2206 1990 2427 2039 cantes.
2458 1990 2515 2039 et
2570 1987 2734 2039 regni
2785 2004 3142 2039 nervasores.
3175 1992 3232 2039 et
3292 1987 3355 2039 in
3416 1986 3679 2039 christiani
3732 1986 3741 1997 ¹

443 1986 706 2040 vomitum
730 2001 915 2051 suum,
932 1992 983 2039 et
1013 2001 1107 2041 sus
1140 1986 1247 2041 lota
1280 1987 1339 2039 in
1371 1986 1653 2041 volutabra
1685 1985 1788 2040 luti
1799 1984 1977 2055 ;quia
1996 1983 2096 2055 qui
2206 1990 2427 2050 cantes,
2458 1990 2515 2041 et
2570 1987 2734 2058 regni
2784 2004 3142 2059 pervaseres,
3175 1992 3232 2045 et
3292 1987 3356 2043 in
3416 1986 3741 2043 christianiuti

443 2078 745 2147 peccatum
778 2078 911 2146 post
936 2073 1334 2145 paenitentiam
1372 2073 1780 2145 repetit,quasi
1815 2073 1872 2127 in
1904 2073 2098 2127 lutosa
2207 2074 2677 2147 depOpulatores,
2709 2080 2767 2131 et
2792 2076 2849 2131 in
2884 2079 3047 2149 pacis
3086 2078 3543 2149 perturbatores,
3569 2082 3616 2130 et
3638 2076 3681 2129 in
3700 2073 3762 2149 psi

445 2179 601 2234 aqua
653 2163 1037 2234 semetipsum
1092 2162 1289 2229 volvit,
1347 2163 1479 2218 vitae
1536 2162 1890 2218 munditiam
1957 2163 2096 2218 sub-
2208 2162 2330 2217 tria:
2362 2162 2685 2235 proditores
2705 2164 2878 2221 debet
2907 2165 3174 2220 minister
3193 2165 3432 2221 Domini
3458 2181 3548 2220 rex
3586 2162 3762 2235 dabit/In

446 2251 649 2319 trahit,
681 2251 841 2322 ipsas
871 2252 1045 2306 etiam
1079 2252 1366 2324 lacrymas
1392 2256 1529 2307 ante
1558 2252 1654 2307 Dei
1686 2249 1887 2307 oculos
1917 2250 2099 2306 sordi-
2203 2251 2523 2307 vindictam
2555 2257 2792 2325 propter
2809 2254 2993 2309 Deum
3027 2246 3762 2325 exercere.0uapmpterscili

448 2340 555 2394 das
586 2339 742 2395 facit.
2208 2357 2307 2396 rex
2336 2340 2505 2396 nobis
2537 2341 2830 2410 amabilis,
2860 2342 3002 2415 quia
3031 2342 3183 2398 sicut
3210 2343 3489 2398 infirmus
3515 2340 3670 2397 senui
3689 2339 3761 2415 non

519 2429 572 2482 8.
608 2429 774 2483 Tunc
800 2428 1039 2484 demum
1073 2428 1373 2499 promittat
1404 2444 1465 2485 se
1493 2429 1568 2483 ab
1592 2427 1827 2484 illorum
1851 2428 2101 2499 perdito-
2208 2432 2400 2500 potest
2429 2429 2529 2501 qui
2560 2446 2595 2484 a
2623 2431 2846 2486 medico
2880 2432 3448 2504 coquitur,quandiu
3479 2431 3658 2486 ferrum
3673 2426 3762 2504 igni

450 2532 584 2571 rum
614 2514 921 2571 hominum
951 2516 1199 2573 tuitione
1231 2522 1404 2589 atque
1436 2518 1767 2589 favore,per
1797 2534 1946 2589 quos
1976 2522 2096 2572 tam
2208 2522 2333 2573 tum
2364 2517 2423 2572 in
2457 2518 2618 2573 illius
2646 2522 2876 2575 tenetur
2906 2537 3167 2593 corpore,
3200 2521 3291 2576 ita
3343 2526 3402 2577 et
3450 2535 3599 2575 nemo
3631 2513 3762 2593 sanari

449 2605 701 2678 graviter
733 2606 912 2662 Deum
944 2605 1202 2673 offendit,
1228 2606 1586 2679 disjungere.
1611 2607 1682 2662 Et
1712 2605 1811 2677 qui
1841 2606 2007 2678 quasi
2025 2607 2096 2661 ad
2210 2610 2399 2678 potest
2428 2625 2461 2662 a
2494 2613 2725 2679 peccato
2755 2610 3019 2682 quandiu
3052 2610 3110 2665 in
3143 2615 3388 2682 peccato
3438 2605 3685 2671 manserit,
3706 2598 3762 2682 veli

449 2694 578 2765 ejus
608 2693 920 2761 fidem,sed
952 2694 1146 2766 potius
1177 2693 1492 2750 inﬁdeliter
1529 2695 1597 2750 ad
1632 2711 1765 2749 eum
1793 2700 2097 2763 venerunt,
2208 2696 2473 2767 quandiu
2524 2697 2583 2751 in
2623 2704 2858 2770 peccato
2907 2700 3166 2755 manenti
3218 2700 3476 2755 scienter
3513 2701 3561 2753 et
3594 2694 3759 2750 libente:

449 2783 522 2840 ad
555 2787 768 2838 rectam
801 2783 1084 2839 rationem
1107 2783 1163 2837 in
1191 2784 1456 2854 proximo
1478 2783 1689 2855 placito
1707 2788 1840 2839 ante
1862 2784 2101 2839 fratrem
2209 2786 2745 2843 communicaverit.
2932 2784 2935 2789 ’

449 2888 626 2927 suum
650 2870 927 2927 Karolum
949 2875 1006 2926 et
1037 2877 1304 2943 nepotem
1327 2888 1502 2931 suum
1527 2872 2098 2939 Hlotharium,sicut,
2279 2873 2333 2929 9.
2369 2874 2631 2931 Tandem
2654 2874 2704 2930 si
2735 2892 2796 2932 se
2827 2877 3162 2948 promiserit
3188 2878 3515 2950 adjutorem
3544 2878 3591 2930 et
3622 2862 3761 2950 caupo-1

448 2959 562 3018 Deo
593 2965 760 3027 teste,
770 2960 897 3031 jam
931 2961 1082 3032 apud
1110 2961 1406 3016 Marsnam
1431 2960 1667 3033 propria
1696 2978 1873 3017 manu
1906 2962 2101 3016 ﬁrma-
2208 2964 2461 3019 ratorem
2488 2963 2586 3019 Dei
2619 2981 2722 3037 pro
2746 2965 2970 3022 viribus
3001 2966 3072 3021 de
3110 2970 3320 3022 caetero
3358 2971 3413 3023 et
3442 2958 3762 3021 rationabililtrl

448 3053 627 3117 verat,
659 3049 876 3115 venire,
899 3048 947 3106 si
994 3050 1268 3121 potuerit,
1301 3050 1496 3105 faciat.
1544 3051 1614 3105 Et
1660 3067 2096 3123 quemcumque
2142 3125 2167 3127 _r
2209 3052 2495 3120 futurum,
2529 3052 2783 3125 qualiter
2810 3054 3058 3110 ecclesia
3082 3056 3179 3110 Dei
3212 3072 3348 3127 quas
3376 3057 3433 3110 in
3464 3071 3559 3110 suo
3574 3060 3761 3123 regno”;

451 3137 686 3195 illorum
718 3143 867 3195 recte
894 3138 1041 3194 ratio
1064 3138 1508 3211 digniﬁcaverit,
1539 3139 1714 3212 digne
1744 3139 1961 3195 honore
1992 3157 2098 3196 suo
2128 3125 2171 3193 (ἶ
2211 3140 2409 3213 regnis
2432 3146 2765 3198 nostrorum
2787 3142 3121 3216 principum
3154 3125 3273 3200 una
3305 3144 3618 3207 est.sicutet
3637 3148 3755 3193 unum

452 3228 702 3284 fruatur.
720 3228 787 3282 Et
814 3227 914 3299 qui
950 3244 1055 3299 per
1078 3231 1294 3284 rectam
1330 3228 1613 3283 rationem
1645 3244 1781 3300 erga
1811 3228 2101 3285 seniorem
2211 3231 2965 3299 saeerdotium,seeundum
2997 3232 3345 3305 qualitatem
3380 3225 3642 3306 periculosi
3665 3231 3753 3278 tem-

455 3334 629 3374 suum
638 3317 955 3388 justiﬁcari
976 3334 1090 3373 non
1106 3318 1444 3389 potuerit,ct
1458 3316 1864 3374 rationabilem
1882 3318 2106 3374 miseri-
2211 3319 2371 3391 poris
2388 3320 2447 3375 in
2472 3337 2826 3393 unoquoque
2847 3321 3050 3378 ordine
3071 3321 3438 3390 restituatur,
3454 3326 3504 3377 et
3521 3314 3753 3376 secedat!

455 3406 715 3464 cordiam
748 3424 851 3479 pro
880 3423 946 3462 eo
973 3405 1542 3478 expetierit,eandem
1574 3405 1977 3462 rationabilem
2001 3405 2105 3462 mi-
2211 3408 2313 3464 Dei
2334 3409 2531 3466 debita
2554 3409 2855 3483 privilegia
2877 3416 2935 3466 et
2951 3410 3415 3467 ecclesiasticum
3433 3410 3645 3481 vigorem
3660 3396 3761 3465 οδε-Ψ

455 3496 829 3552 sericordiam
863 3494 945 3549 illi
995 3494 1271 3551 obtineat.
1306 3496 1385 3551 De
1432 3494 1529 3551 illo
1576 3512 1710 3551 vero
1742 3512 1914 3567 quem
1948 3499 2103 3551 recta
2212 3502 2409 3565 neant,
2442 3503 2498 3553 et
2524 3498 2780 3572 p0pulus
2801 3499 3095 3571 justitiam
3127 3504 3186 3556 et
3214 3516 3420 3572 pacem
3458 3498 3644 3554 habent.
3666 3503 3753 3544 εσυ·

452 3585 601 3640 ratio
658 3589 717 3640 et
757 3585 989 3655 justum
1032 3583 1327 3655 judicium
1374 3584 1866 3649 condemnaverit,
1892 3587 1957 3639 ut
2005 3602 2103 3641 rex
2210 3588 2465 3660 gregatis
2497 3587 2660 3644 vobis
2689 3592 2747 3644 et
2767 3592 2965 3645 nostro
2991 3589 3171 3645 immo
3193 3588 3393 3645 divino
3414 3578 3761 3661 spirituque!“

450 3673 839 3729 christianum
870 3690 1003 3728 cum
1038 3689 1169 3745 rege
1204 3690 1404 3745 regum
1436 3673 1665 3729 Christo
1696 3674 2025 3741 concordet,
2044 3678 2103 3729 et
2210 3675 2478 3732 remissio
2510 3676 2774 3733 omnium
2826 3683 3217 3750 peccatorum,
3253 3695 3362 3750 per
3408 3667 3751 3733 ecclesiasticam

453 3760 654 3816 aliena
681 3761 995 3832 perditioni
1020 3778 1081 3817 se
1111 3778 1222 3817 non
1256 3761 1941 3834 commisculet;quia,ut
1963 3763 2096 3818 Pau-
2210 3765 2538 3837 apostolicae
2597 3764 2963 3823 auctoritatis
3016 3771 3369 3840 potestatem
3408 3765 3485 3822 illi
3523 3750 3761 3836 peccata“!

450 3849 544 3905 lus
573 3848 736 3918 dicit,
764 3866 872 3904 non
901 3850 1078 3904 solum
1105 3852 1201 3921 qui
1226 3851 1461 3921 faciunt,
1492 3851 1582 3906 sed
1605 3853 1771 3907 etiam
1818 3853 1916 3923 qui
1957 3852 2103 3909 male
2208 3853 2425 3910 nostris
2454 3855 2745 3927 parochiis
2776 3871 2876 3928 per
2905 3854 3074 3911 illum
3100 3861 3159 3911 et
3186 3856 3260 3911 ab
3291 3856 3394 3913 illo
3418 3848 3748 3911 commissuc'

446 3938 779 4010 facientibus
807 3940 1173 4005 consentiunt,
1204 3938 1364 4009 digni
1391 3947 1520 3995 sunt
1548 3949 1737 3996 morte.
1772 3940 1934 3997 Unde
1964 3958 2099 3997 san-
2208 3943 2535 4000 clesiastica
2556 3944 2767 4018 pietate
2790 3949 2847 4001 et
2874 3945 3155 4002 canonico
3177 3962 3342 4004 more
3371 3942 3627 4005 dimittite,
3642 3934 3753 4003 6qu

450 4030 581 4083 ctus
611 4026 990 4082 Innocentius
1020 4026 1181 4097 dicit,
1215 4027 1356 4099 quia
1388 4045 1504 4083 non
1555 4028 1810 4083 multum
1856 4028 2102 4086 interest
2206 4029 2634 4106 indulgentiam
2667 4033 2986 4106 postulanti
3013 4035 3244 4103 donate,
3276 4040 3456 4109 atque
3476 4030 3615 4087 illum
3636 4033 3750 4109 εφη

447 4114 601 4172 inter
630 4115 1053 4172 committentis
1087 4115 1352 4172 animum
1393 4121 1450 4172 et
1497 4116 1911 4174 consentientis
1942 4120 2097 4175 favo-
2206 4122 2629 4190 communioni,
2659 4139 2776 4195 qua
2805 4122 2929 4196 ipse
2958 4140 3020 4179 se
3043 4108 3377 4196 privaverat
3400 4108 3761 4180 excommuniﬂ'l

447 4222 592 4262 rem.
626 4205 790 4261 Addo
820 4204 1096 4278 amplius,
1129 4205 1477 4278 plerumque
1507 4205 1753 4262 dediscit
1781 4224 1974 4264 errare
2004 4209 2095 4264 cui
2207 4209 2284 4264 tis
2316 4209 2783 4279 communicans,
2814 4211 3125 4268 restituite.

446 4310 618 4351 nemo
638 4294 951 4351 consentit.
976 4295 1046 4349 Et
1066 4295 1277 4351 iterum
1303 4299 1544 4351 sanctus
1572 4295 1788 4352 Paulus
1808 4313 1941 4352 cum
1965 4297 2095 4352 tali-
2276 4299 2363 4353 40.
2400 4299 2469 4353 Et
2494 4297 2629 4355 licet
2657 4299 2978 4356 multorum
3013 4318 3324 4368 annorum,
3357 4297 3637 4359 secundum
3660 4300 3750 4359 PV”

446 4384 557 4440 bus
587 4382 928 4440 hominibus
953 4400 1057 4440 nec
1078 4384 1276 4440 cibum
1300 4401 1533 4441 sumere
1556 4385 1947 4458 permittit.Et
1967 4403 2098 4442 san-
2207 4388 2351 4443 ﬁxos
2378 4404 2412 4443 a
2441 4387 2624 4444 sacris
2672 4390 3002 4446 canonibus
3044 4391 3284 4464 gradus,
3333 4381 3639 4465 poenitentiae

447 4478 578 4529 ctus
608 4472 964 4564 David,dum
988 4478 1179 4529 totum
1214 4489 1276 4530 se
1311 4474 1383 4564 ad
1416 4473 1641 4564 fcedera
1658 4474 1825 4564 pacis
1854 4474 2093 4564 internae
2125 4496 2174 4564 D
2204 4481 2537 4555 perpetrata
2556 4477 2819 4534 facinora
2841 4462 3395 4552 indigerent,tamen
3415 4472 3590 4535 conﬁsi
3614 4469 3666 4524 de
3685 4462 3761 4564 Dﬂil

445 4562 888 4635 constringeret,
908 4561 1347 4633 testatur,quod
1370 4577 1505 4617 cum
1530 4561 1703 4617 malis
1724 4562 2093 4618 concordiam
2125 4561 2161 4564 ’ί
2208 4565 2628 4631 misericordia,
2660 4568 2816 4639 apud
2848 4584 3023 4640 quem
3055 4584 3170 4625 non
3203 4570 3286 4625 sic
3317 4568 3617 4640 acceptatur
3648 4564 3748 4609 me”

444 4667 560 4707 non
592 4650 1049 4717 teneret,dicens
1081 4667 1094 4705 :
1126 4651 1317 4707 Nonne
1344 4652 1440 4723 qui
1467 4650 1697 4705 oderunt
1726 4658 1794 4718 te,
1812 4652 2099 4719 Deus,ode-
2207 4671 2346 4711 sura
2374 4654 2654 4727 temporis
2688 4659 2751 4710 ut
2779 4655 3018 4725 doloris,
3054 4674 3158 4714 nec
3191 4657 3530 4716 abstinentia
3567 4648 3747 4705 ciborum

442 4757 565 4795 ram
594 4742 736 4807 illos,
761 4748 812 4795 et
837 4757 1002 4812 super
1031 4742 1283 4796 inimicos
1312 4748 1431 4795 tuos
1462 4738 1796 4795 tabescebam
1814 4742 1836 4794 Ρ
1855 4741 2097 4810 Perfecto
2206 4744 2356 4799 sicut
2381 4742 2752 4801 mortiﬁcatio
2780 4745 3076 4814 vitiorum,
3110 4764 3228 4803 non
3276 4740 3667 4821 praejudicantes
3685 4738 3761 4821 Pari

443 4827 564 4883 odio
592 4829 815 4884 oderam
844 4830 989 4898 illos,
1021 4831 1245 4885 inimici
1270 4830 1409 4900 facti
1453 4836 1583 4883 sunt
1628 4829 1788 4883 mihi.
1822 4829 2096 4887 Inimicos
2203 4836 2360 4888 trum
2393 4832 2700 4889 sententiis
2727 4851 2856 4906 qua:
2878 4835 2948 4890 de
2980 4812 3324 4907 hujusmodi
3344 4812 3761 4907 decreverunt!“

443 4913 616 4969 etiam
652 4917 748 4972 Dei
786 4920 1037 4987 perfecto
1086 4919 1218 4973 odio
1267 4916 1463 4973 odisse
1514 4923 1626 4982 est,
1659 4918 1731 4972 ad
1771 4919 1925 4989 quod
1959 4919 2093 4974 facti
2204 4921 2399 4993 potius
2430 4938 2632 4977 eorum
2655 4929 2967 4995 sequentes
2988 4925 3396 4982 humaniorem
3419 4912 3761 4999 difﬁnitionuuH

443 5006 585 5058 sunt
612 5004 937 5075 diligere,et
965 5007 1122 5077 quod
1148 5006 1369 5063 faciunt
1390 5005 1718 5077 increpare;
1747 5022 1939 5062 mores
1961 5024 2092 5079 pra—
2201 5009 2323 5065 hinc
2355 5009 2793 5067 scribimus.Ait
2820 5016 3023 5069 sancta
3039 5015 3300 5087 synodus
3334 5014 3604 5071 Africana:
3630 5001 3744 5086 PM":

439 5106 647 5147 vorum
678 5109 965 5164 premere,
996 5093 1122 5150 vita:
1175 5095 1473 5167 prodesse.
1509 5095 1651 5150 Hinc
1704 5095 1910 5151 Finees
1958 5113 2091 5168 pec-
2200 5100 2460 5167 tentibus,
2491 5100 2789 5156 secundum
2817 5101 3188 5175 differentiam
3226 5112 3562 5169 peccatorum,
3586 5090 3742 5163 ἔρδων

442 5185 670 5237 cantem
702 5180 885 5237 civem
917 5186 1222 5239 coeuntem
1253 5200 1388 5239 cum
1417 5184 1731 5240 Madianite
1762 5185 2092 5257 perculit,et
2200 5188 2438 5244 arbitrio
2454 5191 2800 5260 poenitentiae
2828 5198 3069 5262 tempora
3088 5192 3482 5249 discernantur.
3502 5176 3761 5266 Etsanct'fs‘

440 5271 590 5327 iram
637 5270 735 5326 Dei
786 5268 970 5325 iratus
1022 5269 1291 5341 placavit.
1324 5273 1391 5327 Et
1419 5273 1727 5345 Josaphat,
1760 5273 1861 5345 qui
1894 5278 1979 5330 tot
2017 5275 2088 5331 de
2199 5277 2311 5332 Leo
2342 5275 2674 5347 apostolicae
2725 5279 2883 5335 sedis
2930 5280 3188 5351 pontifex
3222 5297 3236 5336 :
3266 5274 3597 5349 His,‘inquit.
3620 5263 3761 5357 «τιέξπί

439 5365 708 5418 anteacta
739 5359 854 5415 vita
887 5360 1191 5431 praeconiis
1223 5360 1526 5426 attollitur,
1559 5364 1630 5417 dc
1686 5362 1882 5418 Achab
1934 5364 2086 5437 regis
2194 5374 2430 5436 tempore
2457 5368 2790 5423 necessitatis
2819 5376 2871 5424 et
2899 5370 2960 5425 in
3005 5370 3244 5441 periculi
3289 5368 3519 5439 urgentis

436 5450 713 5509 amicitiis
756 5466 903 5522 pene
935 5448 1227 5520 periturus
1258 5447 1615 5520 increpatur;
1650 5451 1738 5505 cui
1775 5471 1807 5506 ει
1843 5436 2083 5509 Domino
2186 5452 2514 5528 prmsidium
2544 5457 2874 5526 paenitentiae
2901 5466 2951 5514 et
2981 5436 3109 5514 mox
3137 5436 3575 5515 reconciliationis
3610 5436 3731 5533 ἰητρῷ·

422 5558 540 5636 per
568 5540 915 5619 prophetam
946 5537 1161 5602 dicitur
1194 5553 1206 5595 :
1237 5537 1408 5612 Impia
1442 5540 1654 5615 praebes
1702 5541 2001 5614 auxilium,
2033 5551 2082 5604 tt
2192 5552 2338 5625 runt,
2371 5559 2468 5599 nec
2495 5545 2798 5625 satisfactio
2831 5547 3199 5609 interdicenda
3227 5556 3439 5627 εςιμιεο
3467 5532 3728 5606 remittat“

3758 2870 3762 3017 ἓ
