3828 6204
53 418 77 479 'l
940 408 1427 482 FRANCORUM
1470 406 1743 480 REGUM
1788 412 2338 483 CAPITULARIA.
3218 410 3338 478 658

53 551 279 629 neganda,-
306 551 440 628 quia
467 550 868 612 misericordiae
894 553 993 611 Dei
1019 570 1119 610 nec
1140 569 1426 610 mensuras
1452 568 1578 625 pos-
1606 551 1662 618 Α
1691 556 1747 606 et
1778 549 2145 609 imminentia
2175 557 2350 626 atque
2383 552 2578 609 futura
2608 568 2837 620 cavens,
2862 547 2961 607 Dei
2997 546 3247 606 militare
3277 547 3335 605 in

54 662 139 702 nus
160 660 365 717 ponere,
395 661 498 700 nec
524 653 763 717 tempora
789 644 1037 716 definire,
1067 644 1225 716 apud
1262 659 1420 715 quem
1457 641 1583 696 nul-
1691 657 1870 713 regno
1892 646 2443 715 terreno,quatenus
2474 647 2766 701 mereatur
2786 656 3140 713 conregnare
3172 638 3337 695 Chri-

88 736 271 806 patitur
312 736 493 792 venite
537 750 721 790 moras
771 750 899 789 vera
935 735 1215 804 confessio,
1246 732 1456 788 dicente
1485 731 1584 787 Dei
1691 733 1780 785 sto
1808 729 1867 785 in
1898 748 2076 804 regno
2105 731 2344 789 ccelesti.

53 826 149 879 ritu
183 840 276 895 per
311 823 639 896 prophetam
664 843 682 878 :
711 824 847 880 Cum
892 838 1177 878 conversus
1227 821 1559 893 ingemueris

1851 854 1978 912 qua:
2004 848 2325 915 sequuntur,
2355 849 2571 913 peracta
2622 842 2909 912 legatione,
2939 838 3338 897 renuntiarunt

54 929 95 969 ie
114 914 278 968 salinis
301 915 433 969 ens.
468 914 542 968 Et
570 911 709 968 alibi
743 928 757 967 :
788 913 887 967 Dic
918 913 1235 982 iniquitates
1256 920 1378 966 tuas
1403 912 1580 982 prior,
1865 911 1873 912 7
2069 911 2082 915 ⁷
2356 911 2640 985 episcopi.

53 1003 353 1072 juuiﬁceris.
378 1002 447 1056 Et
478 1001 622 1057 item
656 1017 670 1056 :
704 1002 849 1071 Quia
893 1000 1041 1072 apud
1087 1002 1381 1057 Dominum
1416 1000 1581 1055 mise-
2237 1001 2355 1072 (An.
2389 1003 2514 1069 859,
2545 1007 2679 1059 Jun.
2712 1002 2788 1074 4.)

53 1091 184 1147 ardia
209 1098 299 1158 est,
325 1098 379 1147 et
403 1092 629 1162 copiosa
653 1089 798 1162 apud
840 1106 967 1146 eum
1011 1089 1322 1161 redemptio.
1356 1089 1419 1143 In
1448 1086 1579 1142 .dis-
1760 1087 1839 1144 De
1870 1088 2237 1162 indulgentia
2261 1107 2369 1145 sua
2397 1090 2566 1146 nobis
2620 1090 2969 1150 Hludovicus
3022 1110 3121 1150 rex
3152 1094 3338 1167 pridie

53 1180 229 1236 nandi:
253 1183 437 1252 itaque
462 1179 625 1236 donis
649 1181 748 1236 Dei
765 1178 1145 1235 nondebemus
1164 1194 1278 1234 esse
1304 1177 1578 1249 difﬁciles,
1689 1177 1885 1231 Nonas
1915 1177 2123 1233 Junias
2153 1178 2213 1233 in
2244 1179 2573 1235 Wormatia
2610 1180 2758 1237 dixit
2791 1199 2803 1237 :
2840 1183 2961 1239 Volo
2989 1200 3077 1238 vos
3096 1187 3333 1256 precari.

53 1285 135 1325 :se
172 1270 546 1325 accusantium
585 1271 818 1339 gemitus
848 1269 1230 1340 lacrymasque
1275 1266 1578 1335 neglegere,
1690 1273 1750 1320 ut
1776 1268 1828 1320 si
1854 1268 2068 1339 aliquos
2097 1276 2298 1323 vestros
2327 1271 2538 1324 animos
2566 1270 2787 1341 offendi,
2817 1280 2876 1326 ut
2906 1273 3005 1328 hoc
3029 1274 3172 1328 mihi
3214 1290 3336 1345 per-

53 1375 86 1413 a
122 1359 620 1430 ipsam-paenitendi
663 1358 1001 1429 affectionem
1044 1373 1115 1412 ex
1145 1358 1248 1411 Dei
1298 1354 1581 1410 credamus
1687 1353 1915 1421 donetis,
1949 1364 2007 1411 ut
2036 1358 2253 1411 inantea
2284 1374 2505 1412 securus
2534 1361 2803 1414 vobiscum
2858 1360 3013 1433 loqui
3042 1365 3331 1434 possimus.

53 1450 292 1519 piratiane
346 1456 681 1520 conceptam,
730 1447 938 1502 dicente
994 1446 1238 1517 Apostolo
1271 1461 1283 1499 :
1318 1448 1398 1500 Ne
1442 1446 1583 1515 forte
1690 1443 1773 1498 Ad
1806 1443 1926 1499 haec
1957 1444 2327 1511 Hincmarus,
2352 1447 2450 1518 qui
2483 1447 2709 1517 primus
2739 1447 2796 1503 in
2832 1450 3035 1504 ordine
3064 1468 3131 1506 ex
3164 1446 3335 1509 sinis-

53 1538 171 1593 :iltis
213 1542 349 1592 Deus
389 1538 796 1609 penitentiam,
826 1544 877 1591 et
924 1537 1249 1606 resipiscant
1294 1551 1328 1587 a
1374 1532 1584 1588 diaboli
1690 1535 1780 1586 tra
1811 1537 1973 1604 parte
2004 1532 2164 1589 illius
2195 1533 2375 1600 stetit,
2409 1536 2709 1606 respondit
2739 1536 2937 1593 dicens
2973 1555 2986 1593 :
3020 1542 3126 1595 Ista
3166 1558 3335 1597 causa

53 1629 174 1695 iueis,
198 1645 239 1683 ιτ
258 1642 358 1699 quo
381 1627 599 1698 captivi
623 1632 877 1681 tenentur
897 1625 967 1679 ad
1013 1625 1184 1694 ipsius
1229 1623 1578 1679 voluntatem.
1689 1623 1793 1677 cito
1822 1621 1893 1676 ad
1920 1623 2167 1693 effectum
2195 1626 2479 1695 pervenire
2505 1633 2705 1696 potest;
2738 1629 2865 1698 quia
2894 1628 3035 1701 quod
3064 1646 3161 1685 nos
3198 1630 3334 1702 offe—

54 1720 271 1772 .sanctus
299 1713 619 1787 Gregorius
652 1714 711 1769 in
757 1712 1040 1786 evangelii
1088 1710 1342 1768 homelia
1390 1710 1531 1766 dicit
1565 1726 1576 1764 :
1688 1711 1987 1775 rimusJioc
2016 1727 2106 1766 vos
2131 1713 2332 1784 petitis.
2356 1713 2427 1768 Et
2456 1718 2729 1769 monente
2759 1714 3057 1773 Grimoldo
3091 1718 3235 1790 (128)
3268 1735 3336 1774 ac

53 1806 141 1860 aiat
162 1806 600 1876 foras‘mortuus,
634 1802 690 1858 id
716 1803 1046 1873 est,cutpam
1068 1803 1388 1871 conﬁteatur
1403 1816 1583 1872 pecca«
1690 1799 2047 1856 Theodorico
2075 1801 2345 1873 episcopo
2378 1802 2544 1872 (129),
2579 1802 2787 1858 iterum
2830 1804 2951 1877 ipse
2986 1806 3335 1863 Hincmarus

53 1896 373 1950 zt’enientem
392 1909 519 1949 vero
546 1894 699 1964 foras
726 1891 937 1947 solvant
963 1891 1242 1962 discipuli,
1266 1897 1328 1945 ut
1343 1896 1581 1961 pastores
1613 1923 1661 1987 Β
1689 1889 1837 1944 dixit
1869 1905 1882 1943 :
1916 1890 2073 1946 Nihil
2100 1898 2289 1945 contra
2318 1905 2404 1946 me
2429 1892 2637 1961 fecistis
2676 1892 2819 1948 unde
2866 1896 3097 1950 noxium
3140 1914 3337 1953 ranco-

53 1982 184 2040 εἰοειέ
205 1985 255 2039 ei
276 1998 497 2055 pcenam
521 1981 754 2037 debeant
777 1996 1043 2047 amovere,
1075 1995 1240 2052 quam
1267 1978 1469 2034 meruit
1489 1979 1585 2049 qui
1613 1978 1657 1987 ”
1692 1994 1807 2033 rem
1833 1979 1894 2033 in
1921 1987 2098 2034 mente
2122 1986 2307 2033 contra
2330 1996 2423 2033 vos
2454 1987 2685 2047 teneam,
2719 1983 2851 2052 quia
2891 1983 2944 2038 si
2984 1986 3241 2054 facerem,
3267 1987 3338 2041 ad

54 2090 83 2125 tl
103 2074 292 2128 erubuit
315 2072 573 2142 confiteri
597 2068 735 2144 quod
754 2071 903 2141 fecit.
1689 2068 1882 2133 altare,
1915 2075 1977 2122 ut
2006 2070 2231 2123 Domino
2256 2069 2638 2139 sacrificarem,
2667 2071 2915 2127 accedere
2934 2089 3040 2128 non
3060 2074 3333 2132 auderem.

56 2163 118 2217 ll.
144 2160 231 2219 His
258 2158 587 2234 perpensis,
621 2159 827 2214 fratres
876 2155 1184 2223 carissimi,
1220 2157 1290 2223 si,
1325 2161 1391 2211 ut
1443 2155 1585 2213 dixi-
1690 2160 1910 2211 Iterum
1934 2157 2309 2212 monentibus
2330 2156 2549 2213 eisdem
2582 2158 2880 2215 Grimoldo
2904 2164 2961 2217 et
2981 2162 3336 2221 Theodorico

53 2268 118 2317 as,
137 2253 245 2323 jam
272 2249 495 2306 dictum
529 2263 726 2320 regem
758 2264 791 2301 a
821 2240 989 2303 nobis
1009 2245 1321 2301 amabilem
1353 2245 1434 2301 ita
1451 2261 1586 2300 con-
1690 2262 1757 2301 ac
1806 2246 2113 2301 Salomone
2156 2246 2321 2317 (130),
2355 2246 2583 2302 dicente
2631 2247 2755 2319 ipso
2803 2250 3161 2308 Theodorico
3215 2253 3338 2310 haec

53 2332 318 2413 mperatum
349 2334 565 2394 divinae
596 2335 880 2392 voluntati
928 2340 984 2392 et
1029 2352 1204 2390 sacrae
1253 2332 1581 2390 auctoritati
1687 2337 1907 2391 verba:
1942 2337 2121 2391 Facite
2167 2337 2537 2391 sicutsenior
2587 2344 2770 2392 noster
2820 2350 3099 2411 precatur,
3127 2346 3339 2414 parcite

54 2428 290 2495 veneritis,
324 2427 659 2483 secundum
719 2424 1113 2480 ministerium
1171 2423 1335 2478 vobis
1392 2441 1426 2477 a
1471 2427 1583 2478 Deo
1692 2426 1801 2493 illi,
1828 2423 2129 2496 respondit
2158 2423 2282 2489 ipse
2332 2423 2680 2480 Hincmarus
2727 2426 2849 2481 haec
2880 2429 3082 2485 eadem
3112 2432 3333 2488 verba:

53 2517 224 2572 aditum
277 2534 410 2572 cum
457 2519 667 2571 nostra
709 2513 1095 2570 unanimitate
1144 2510 1445 2569 absolvite.
1481 2512 1584 2568 Sin
1691 2514 1845 2586 Quod
1895 2517 1951 2569 in
2002 2530 2105 2580 me,
2141 2513 2197 2567 id
2238 2520 2318 2568 est
2362 2516 2421 2569 in
2478 2531 2602 2569 mea
2654 2532 2905 2586 persona,
2941 2519 3259 2590 offendistis,
3288 2530 3340 2577 et

53 2606 129 2675 ias,
153 2624 239 2663 vos
268 2605 423 2662 nullo
455 2602 637 2660 modo
667 2619 797 2659 cum
830 2618 916 2670 eo,
949 2618 1125 2674 quem
1157 2602 1429 2658 absovere
1469 2619 1584 2657 non
1688 2605 1910 2675 peperci
1931 2610 1983 2658 et
2006 2619 2191 2673 parco.
2226 2605 2305 2658 De
2333 2601 2431 2657 hoc
2453 2611 2633 2658 autem
2672 2604 2813 2675 quod
2860 2608 2916 2660 in
2944 2608 3169 2664 ecclesia
3199 2610 3341 2667 mihi

53 2694 410 2768 tteritis,ligare
441 2693 654 2759 nolite;
679 2692 957 2763 quoniam
979 2707 1086 2746 nec
1105 2707 1302 2746 coram
1324 2691 1459 2757 Deo,
1480 2706 1586 2746 nec
1693 2693 1978 2748 commissa
2001 2698 2051 2747 et
2072 2693 2132 2745 in
2144 2692 2344 2763 populo
2365 2692 2508 2747 male
2526 2701 2603 2747 est
2628 2694 3169 2763 ﬂictum,voluntarie
3187 2699 3338 2755 vobis

54 2826 55 2829 η
93 2786 275 2856 synodo
323 2800 429 2840 nos
475 2781 621 2837 inde
665 2785 929 2836 auctores
977 2779 1288 2845 habebltis,
1322 2780 1371 2835 si
1416 2796 1586 2852 agere
1693 2781 1833 2837 dono
1860 2780 2173 2845 consilium,
2205 2787 2256 2834 et
2279 2781 2575 2836 secundum
2609 2786 2779 2837 Deum
2805 2792 3007 2854 prwsto
3055 2788 3340 2844 ancilium

53 2872 148 2939 iter,
175 2874 312 2945 quod
370 2871 553 2937 absit,
590 2858 1112 2942 praesumpseritis;
1143 2885 1360 2940 vosque
1420 2873 1477 2924 et
1525 2869 1585 2923 in
1695 2878 1757 2925 ut
1786 2868 1913 2925 inde
1931 2870 2073 2925 salvi
2098 2870 2312 2935 sitis,si
2338 2869 2485 2924 vobis
2509 2871 2703 2941 placet.
2740 2872 2809 2927 Et
2838 2874 3059 2943 prazfati
3093 2874 3197 2930 viri
3225 2893 3342 2933 res-

53 2963 174 3017 ωοᾶο
199 2967 250 3018 et
276 2978 469 3019 coram
503 2958 625 3015 Deo
672 2975 775 3033 pro
817 2958 968 3013 facto
1017 2956 1180 3013 irrito
1229 2956 1445 3013 dabitis
1490 2975 1587 3013 ra-
1696 2959 2027 3032 ponderunt
2058 2975 2071 3012 :
2108 2958 2256 3013 Certe
2276 2958 2407 3013 bene
2434 2959 2586 3014 dicit.
2608 2959 2675 3014 Et
2701 2959 2887 3015 caeteri
2921 2960 3126 3017 fratres
3157 2965 3341 3020 nostri

53 3066 164 3107 ones.
1697 3048 1757 3102 in
1788 3047 1909 3103 haec
1939 3046 2114 3101 verba
2144 3050 2199 3101 et
2228 3051 2540 3101 senserunt
2570 3050 2627 3102 et
2658 3047 2949 3118 prosecuti
2982 3052 3343 3108 sunt.Tanta
3422 3088 3443 3099 ι

63 3136 171 3193 Etsi
198 3139 328 3212 ipse,
362 3138 519 3212 quod
558 3141 711 3193 Deus
739 3135 909 3208 longe
934 3134 1125 3202 faciat,
1159 3152 1227 3191 ea
1275 3153 1403 3208 quae
1447 3134 1586 3208 egit,
1697 3141 1753 3192 et
1782 3134 1917 3191 talis
1945 3134 2309 3208 indulgentia
2340 3133 2422 3189 illi
2471 3134 2680 3207 largita
2733 3136 2862 3204 fuit,
2887 3141 2943 3191 et
2974 3154 3089 3193 non
3138 3137 3339 3209 altera,

53 3227 126 3282 nde
150 3227 294 3282 illum
327 3244 483 3283 nunc
509 3240 885 3282 commonere
915 3240 1015 3279 vos
1041 3223 1592 3290 mittimus,reitera-
1629 3290 1662 3297 _
1701 3241 1890 3297 neque
1919 3223 2192 3297 amplius.
2227 3223 2306 3279 De
2337 3223 2551 3296 scripto
2582 3226 2776 3279 autem
2822 3226 2979 3297 quod
3029 3227 3344 3285 conﬁrma-

53 3314 307 3378 irit,omnia
322 3320 377 3372 et
398 3320 536 3372 ante
559 3313 787 3369 divinos
808 3312 1006 3369 oculos
1027 3317 1083 3368 et
1101 3313 1173 3368 ad
1194 3311 1591 3369 ecclesiastica
1620 3290 1663 3356 α
1703 3290 1830 3369 tum
1865 3290 2037 3368 nobis
2062 3316 2151 3369 est
2183 3290 2486 3377 traditum:
2520 3328 2622 3367 nec
2653 3313 2776 3385 ipse
2797 3290 3029 3385 aCnobis
3060 3316 3341 3389 quiddam

53 3403 430 3460 idiciaredivivo
455 3403 702 3459 vulnere
723 3402 980 3458 curanda
999 3401 1084 3457 vel
1105 3401 1465 3473 amputanda
1488 3418 1589 3457 no-
1701 3402 1988 3475 quaesivit,
2023 3418 2127 3456 nec
2178 3418 2284 3456 nos
2334 3399 2415 3455 illi
2464 3400 2681 3473 aliquid
2737 3401 3015 3472 diximus,
3065 3405 3342 3476 quoniam

53 3491 121 3545 erit
144 3493 389 3550 revenire.
423 3494 482 3549 Si
519 3491 666 3566 quid
696 3507 928 3564 quoque
956 3494 1160 3546 contra
1185 3494 1447 3546 sanctam
1489 3506 1590 3545 au-
1701 3492 1951 3547 necdum
1985 3508 2117 3546 cum
2149 3489 2247 3544 illo
2281 3507 2348 3545 ex
2380 3490 2721 3561 hujusmodi
2754 3490 2812 3546 in
2841 3491 3061 3548 ratione
3082 3509 3341 3550 eramus.

53 3580 272 3638 inritatam
301 3584 729 3655 presumptum
758 3579 846 3635 vel
870 3581 1212 3652 subreptum
1246 3578 1365 3634 sive
1405 3578 1593 3634 extor-
1702 3581 1829 3653 Ipse
1860 3583 2055 3635 autem
2089 3582 2220 3650 post
2248 3578 2366 3632 hac
2395 3582 2448 3633 et
2482 3577 2595 3633 alia
2626 3578 2770 3633 dixit
2821 3597 2926 3635 nos
2973 3580 3161 3653 egisse
3192 3580 3349 3653 quod

53 3683 109 3721 un
134 3669 300 3738 fuerit,
335 3688 449 3727 non
481 3669 680 3726 solum
713 3669 768 3723 in
802 3667 1012 3725 divinis
1042 3665 1593 3733 examinationibus,
1705 3687 1818 3724 non
1850 3668 2100 3740 egimus,
2127 3684 2193 3721 ex
2224 3667 2332 3722 hoc
2365 3667 2669 3721 materiam
2703 3684 2964 3735 sumens,
3000 3670 3153 3741 quod
3186 3672 3351 3725 Gun-

53 3771 166 3811 erum
192 3770 284 3814 nec
312 3760 369 3815 in
400 3758 623 3815 divinis
654 3757 881 3829 legibus
912 3756 1210 3828 quippiam
1246 3754 1594 3827 praevalebit.
1705 3759 1935 3814 tharius
1984 3755 2065 3810 illi
2112 3754 2494 3821 familiariter,
2532 3760 2595 3809 ut
2643 3773 2777 3811 eum
2830 3756 3145 3813 instrueret
3192 3762 3247 3814 et
3279 3758 3351 3815 ad

54 3858 176 3901 tuon
198 3848 265 3903 sit
291 3848 359 3904 de
389 3852 604 3905 extero
634 3845 949 3900 immemor
978 3844 1131 3899 idem
1184 3861 1279 3899 rex
1309 3844 1601 3917 gloriosus
1708 3845 2165 3903 satisfactionem
2248 3848 2602 3917 provocarat,
2661 3845 2947 3917 scriptum
3016 3846 3216 3920 relegit
3276 3846 3388 3904 ita'

55 3935 132 3987 uad
158 3935 279 3991 dicit
302 3941 543 3994 sanctus
572 3934 890 4007 Gregorius
925 3952 937 3989 :
972 3933 1262 3989 Sciendum
1282 3932 1598 4005 est,inquit,
1710 3936 1983 4009 inquiens
2017 3953 2029 3991 :
2069 3941 2170 3990 Vos
2201 3935 2342 3989 mihi
2371 3936 2757 3990 transmisistis
2794 3944 3030 3991 vestram
3077 3937 3362 4010 epislolam

53 4022 115 4074 uia
132 4025 344 4097 quisquis
370 4026 595 4080 inlicita.
624 4023 782 4078 nulla
811 4023 1247 4092 commisit,huic
1267 4022 1398 4091 jure
1417 4037 1601 4077 conce-
1710 4044 1833 4082 cum
1886 4025 2141 4097 capitulis
2174 4042 2191 4078 :
2225 4040 2312 4078 vos
2372 4024 2595 4078 venistis
2642 4040 2767 4078 cum
2821 4041 2987 4079 causa
3045 4027 3212 4096 facta.
3259 4027 3364 4081 Nos

53 4110 131 4163 itur
164 4121 215 4167 ut
260 4116 421 4170 licitis
470 4120 695 4177 utatur;
726 4113 911 4182 sicque
953 4111 1176 4183 pietatis
1222 4126 1384 4181 opera
1408 4111 1599 4181 faciat,
1710 4130 1820 4169 non
1851 4129 2038 4168 sumus
2068 4112 2158 4166 hic
2204 4113 2318 4165 nisi
2356 4110 2462 4165 duo
2512 4112 2595 4165 vel
2638 4119 2766 4179 tres,
2799 4114 2898 4183 qui
2937 4115 3059 4168 sine
3107 4115 3237 4168 aliis
3261 4113 3368 4169 huc

53 4203 307 4268 ltamen,si
331 4204 596 4267 noluerit,
629 4217 692 4257 ea
723 4216 849 4272 quae
876 4199 1071 4255 mundi
1100 4206 1228 4254 sunt
1272 4216 1383 4254 non
1430 4200 1604 4254 relin-
1711 4202 2027 4259 exilivimus
2060 4201 2159 4254 :in
2208 4200 2336 4253 illas
2386 4215 2580 4253 causas
2640 4201 2847 4255 intrare
2889 4217 2999 4255 non
3054 4218 3363 4272 possumus,

54 4294 134 4339 aut.
159 4287 366 4354 Quilibet
394 4306 521 4346 vero
572 4295 722 4344 tanta
766 4306 800 4342 a
844 4304 901 4343 se
942 4287 1091 4342 licito
1126 4285 1279 4342 debet
1305 4286 1601 4353 abscidere,
1711 4300 2001 4362 antequam
2031 4304 2154 4343 cum
2182 4288 2383 4345 nostris
2413 4288 2678 4357 episcopis
2706 4287 2831 4342 inde
2861 4297 3188 4355 tractemus;
3211 4292 3363 4360 quia,

54 4382 174 4431 mnta
195 4394 243 4432 se
266 4380 513 4434 meminit
544 4385 598 4433 et
629 4377 845 4432 inlicita
871 4383 1226 4447 perpetrasse.
1252 4373 1431 4445 Neque
1458 4375 1607 4429 enim
1717 4385 1823 4436 Deo
1844 4379 2071 4449 gratias,
2097 4377 2243 4430 nihil
2272 4376 2393 4429 sine
2417 4376 2642 4429 illorum
2672 4377 2903 4431 consilio
2929 4378 3069 4447 feci;
3103 4386 3153 4432 et
3179 4384 3366 4447 postea

53 4475 103 4513 ίαν
119 4465 293 4531 {melus
314 4483 424 4522 8888
454 4466 590 4522 ὸοηί
617 4465 795 4535 Operi!
833 4462 988 4518 debet
1035 4463 1152 4533 eius
1202 4464 1299 4533 (Ιηί
1343 4464 1526 4519 minus
1555 4470 1608 4518 et
1715 4469 1841 4525 inde
1866 4464 2231 4538 respondeam.
2258 4463 2374 4517 Nos
2397 4467 2590 4517 autem
2614 4464 3123 4533 exspectabamus,
3147 4468 3213 4518 ut
3233 4481 3366 4519 con-

53 4548 210 4621 fuqui
233 4556 460 4627 amplius
489 4554 753 4624 deliquit,
784 4558 879 4607 aut
917 4552 1034 4623 ejus
1081 4552 1179 4623 qui
1230 4552 1289 4605 in
1336 4552 1508 4607 nullis
1555 4572 1565 4606 ι

1855 4574 1913 4611 m
1944 4572 1976 4608 a
2007 4552 2174 4608 nobis
2198 4553 2268 4605 de
2290 4566 2397 4605 sua
2420 4548 2609 4605 salute
2627 4549 2888 4605 oblatum
2912 4550 3036 4622 ipse
3057 4558 3362 4624 quaereret,

53 4634 112 4702 ius
133 4642 208 4711 qui
232 4644 284 4697 in
315 4644 650 4715 quibuslibet
677 4642 1018 4712 facinoribus
1048 4639 1260 4695 cecidit.
1312 4639 1414 4694 Sed
1457 4646 1603 4694 tanta
1634 4647 1678 4710 D
1709 4650 1766 4702 et
1794 4650 1935 4701 tunc
1958 4643 2005 4699 ei
2033 4641 2359 4696 secundum
2379 4638 2523 4693 illud
2550 4638 2833 4710 scriptum
2858 4639 3212 4695 donaremus
3233 4656 3365 4695 con-

54 4728 200 4798 tisque
220 4734 421 4805 majora
467 4737 685 4805 quaerat
735 4729 995 4785 bonorum
1040 4744 1265 4799 operum
1312 4727 1466 4784 lucra
1510 4744 1608 4799 per
1716 4734 1931 4790 silium.
1965 4733 2091 4803 Ipse
2123 4735 2318 4783 autem
2352 4728 2422 4782 de
2444 4744 2549 4782 suo
2572 4728 2757 4800 gradu
2790 4728 3276 4800 respondit,quod
3304 4729 3364 4785 in

54 4817 349 4888 nitentium,
379 4830 585 4894 quanto
615 4820 873 4889 graviora
901 4818 1013 4872 sibi
1045 4817 1235 4872 intulit
1264 4817 1467 4872 damna
1507 4833 1608 4887 per
1715 4822 1860 4876 illud
1893 4819 2175 4891 scriptum
2227 4834 2340 4871 non
2386 4816 2651 4882 intraret,
2687 4819 3003 4887 antequam
3054 4833 3189 4873 cum
3243 4818 3369 4874 suis

54 4903 207 4972 ulpam.
237 4909 386 4966 Unde
416 4928 450 4965 α
477 4906 645 4965 vobis
678 4912 894 4973 nostra,
913 4905 1055 4978 quin
1086 4904 1281 4978 potius
1322 4905 1418 4960 Dei
1448 4922 1604 4970 voce,
1716 4908 2005 4983 episcopis
2032 4906 2446 4963 consideraret.
2480 4905 2548 4959 Et
2581 4904 2663 4959 sic
2696 4904 2973 4976 quicquid
3008 4904 3068 4960 in
3117 4906 3373 4979 generali

54 5000 475 5054 cmmoneaturut
489 4996 823 5054 sicstudeat
852 4993 1273 5068 prteteritorum
1300 4994 1602 5065 paenitens,
1716 5007 1895 5047 causa
1923 4987 2177 5044 ecclesia:
2208 4990 2263 5041 et
2285 4984 2481 5057 populi
2513 4984 2652 5055 egit,
2672 5001 2851 5057 penes
2874 4984 3040 5039 illum
3064 4986 3370 5059 remansit_

152 5142 386 5204 KAROLI
421 5149 470 5206 Il
508 5148 600 5206 ET
640 5145 1038 5204 HLOTHARII
1073 5145 1311 5209 ATQUE
1352 5145 1616 5201 KAROLI
1656 5139 2025 5207 FRATRUM,
2059 5135 2485 5193 CONVENTUS
2528 5136 2711 5192 APUD
2751 5137 3219 5195 SAPONARIAS.

1378 5242 1503 5313 (Aa.
1531 5241 1657 5312 859,
1685 5242 1814 5297 Jun.
1850 5238 1962 5309 14.)

88 5343 149 5401 Ex
164 5352 288 5431 actis
315 5359 628 5409 conventus
659 5350 1102 5425 Saponariensis
1134 5353 1454 5431 supersunt
1485 5348 1717 5431 libellus
1748 5346 1968 5431 synde
1994 5340 2258 5431 angarolo
2293 5358 2423 5431 rege
2455 5344 2661 5431 cpntral
2684 5341 3056 5431 Wenilonem
3090 5339 3374 5431 arcbiepi-

53 5426 225 5486 “pum
252 5407 632 5480 Senonensem
667 5407 989 5497 porrectus,
1018 5427 1077 5477 et
1105 5407 1362 5493 capitula
1387 5407 1984 5493 promulgataflllum
2020 5413 2273 5469 Pithmus
2308 5407 2457 5468 inter
2477 5412 2805 5484 Scriptores
2834 5418 3158 5469 coaetaneos
3174 5414 3231 5465 et
3248 5407 3379 5471 ϐω,

1546 5544 1779 5601 ΝΟΤιΕ.

94 5636 213 5699 (128)
236 5642 440 5702 Abbate
470 5647 655 5705 sancti
685 5644 835 5704 Galli
866 5648 924 5702 et
956 5641 1442 5714 archicapellano.

98 5707 216 5780 (129)
245 5713 535 5774 Mindensi.

917 5663 924 5700 ;
956 5641 1442 5714 archicapellano.
1796 5638 1943 5706 (-130)
1977 5634 2429 5692 Censtantiensi.
