3828 6204
17 368 53 432 ll
956 362 1440 433 FRANCORUM
1490 361 1766 430 REGUM
1809 361 2360 429 CAPITULARIA.

3242 357 3362 426 663

18 501 249 562 nsilium
282 504 473 575 atque
506 497 796 561 auxilium
828 504 1008 558 manu
1040 500 1275 575 propria
1304 499 1609 557 cenﬂrma-
1637 500 1690 567 Α
1719 488 1862 569 vari,
1893 503 1950 556 et
1981 517 2015 555 a
2046 515 2314 573 perverso
2374 495 2681 557 conamine
2724 496 2795 554 ad
2845 495 3173 555 salubriora
3221 515 3363 556 ceno

20 610 71 649 ω
101 594 244 649 ferre
274 592 647 659 debuerant,
679 592 993 649 deficerent
1031 595 1088 647 et
1133 591 1207 646 ad
1250 590 1446 646 fratris
1495 590 1608 646 mei

17 681 263 741 .udowici
295 681 669 755 obsequium
701 686 757 740 et
784 680 1182 737 subditionem
1210 697 1272 737 se
1300 684 1607 736 verterent.

26 774 100 828 10.
135 777 205 826 De
234 770 487 826 abbatia
521 776 739 826 sanctae
770 770 1064 826 Columba:
1097 774 1151 825 et
1184 770 1361 825 rebus
1389 768 1476 825 vel
1512 769 1605 824 he-

17 861 181 917 )ribus
196 859 362 931 regni
382 852 511 915 mei
525 861 685 931 apud
699 859 1373 926 Hludowicum,fratrem
1391 875 1583 913 meum
1596 900 1609 924 ,

17 954 289 1021 inceptum
324 948 625 1013 obtinuit,
657 952 715 1005 et
743 948 967 1004 litteras
998 948 1068 1003 ad
1104 948 1460 1019 missos,que
1480 964 1611 1003 cau-

17 1056 83 1096 am
109 1036 407 1094 abbatiam
442 1042 810 1103 revocarent,
847 1037 1177 1093 Echardum
1209 1042 1265 1092 et
1294 1036 1609 1092 Theodori-

17 1142 81 1183 Im
111 1127 470 1199 impetravit.
509 1127 627 1182 Sed
660 1126 720 1181 in
745 1125 968 1182 eisdem
1001 1125 1211 1181 litteris
1244 1126 1314 1180 ad
1339 1126 1611 1197 praefatos

20 1216 156 1272 isses
176 1215 525 1287 jussionem
552 1215 748 1270 fratris
772 1215 886 1270 mei
912 1213 1485 1271 HludowieiWenilo
1506 1214 1607 1268 eb-

17 1305 215 1369 nuit,ut
242 1304 314 1359 de
342 1320 526 1360 mure
561 1302 784 1359 castelli
817 1303 1295 1376 Meleduni,quod
1320 1303 1421 1373 jus
1441 1303 1608 1375 regiis

17 1398 47 1448 st
70 1392 391 1466 potestatis,
426 1397 635 1465 petras
666 1392 948 1448 haberent
975 1392 1273 1448 licentiam
1303 1392 1605 1463 prendere.

17 1484 108 1538 nde
135 1484 563 1554 censtat,qued
597 1482 654 1538 in
690 1482 855 1555 plebe
886 1481 1056 1538 istius
1090 1481 1251 1553 regni
1272 1480 1415 1537 mihi
1440 1498 1472 1535 a
1494 1481 1609 1536 Dee

17 1569 138 1626 illati
167 1587 299 1626 eum
334 1571 625 1627 studebat
654 1570 842 1626 colere
872 1574 928 1626 et
958 1572 1259 1643 satagebat
1284 1573 1499 1625 tenere.

37 1663 109 1717 11.
143 1660 364 1716 Wenilo
400 1661 463 1715 in
489 1676 563 1715 eo
583 1660 827 1716 consilio
849 1664 904 1717 et
925 1663 1172 1715 tractatu
1200 1675 1332 1714 cum
1356 1658 1609 1731 praefatis

17 1748 473 1805 {communicatis
499 1748 635 1813 fuit,
662 1750 760 1805 ubi
792 1749 1230 1805 censideratum
1263 1753 1369 1815 est,
1405 1752 1606 1819 quate-

1717 591 1881 648 verti.

1787 686 1844 737 2.
1871 680 2140 755 Episcopi
2171 697 2430 753 namque
2462 680 2787 737 secundum
2818 679 3053 738 illorum
3103 680 3369 738 ministe-

1720 770 1873 827 rium
1906 788 1972 826 ac
2004 787 2229 826 sacram
2254 771 2659 826 auctoritatem
2685 771 2834 826 uniti
2864 770 3150 839 sint,et"°’
3166 776 3371 827 mutue

1720 860 1963 916 consilio
1990 864 2162 932 atque
2193 860 2407 915 auxilio
2438 878 2603 933 reges
2634 878 3065 933 regnorumque
3087 861 3372 934 primores

1719 954 1896 1022 atque
1927 948 2208 1021 pepulum
2238 948 2347 1005 sibi
2382 949 2762 1005 commissum
2796 949 2855 1005 in
2888 950 3135 1005 Domino
3166 953 3371 1022 regant

1719 1044 1776 1094 et
1805 1037 2099 1111 corrigunt
2122 1055 2135 1105 ;
2160 1041 2216 1093 et
2238 1054 2407 1093 nemo
2430 1055 2491 1093 sc
2510 1056 2543 1093 a
2564 1038 2769 1093 solatio
2803 1042 3006 1094 mutue
3037 1038 3366 1105 subtrahat,

1720 1127 1903 1182 sedm
1916 1126 2223 1199 synodales
2241 1132 2559 1182 conventus
2580 1128 2903 1182 secundum
2920 1128 3248 1197 jussionem
3275 1144 3365 1182 ca-

1720 1215 1990 1271 nonicam
2026 1216 2393 1289 frequentare
2424 1221 2737 1288 procurent
2760 1234 2772 1269 :
2799 1221 3087 1289 quatenus
3115 1216 3256 1272 ordo
3278 1234 3366 1272 ec-

1719 1304 2210 1377 clesiasticusnui
2244 1305 2411 1377 quasi
2445 1305 2787 1360 obliteratus
2809 1307 2935 1377 jam
2969 1306 3177 1370 fuerat,
3212 1323 3365 1377 que-

1720 1394 1877 1448 niam
1910 1394 2110 1466 synodi
2142 1398 2378 1465 propter
2400 1393 2753 1448 discordiam
2778 1411 2979 1467 regum
3009 1393 3361 1467 frequentari

1718 1499 1833 1538 non
1870 1486 2155 1555 poterant,
2180 1481 2490 1555 episcopali
2524 1480 2829 1538 collatione
2860 1484 2929 1538 ad
2965 1484 3363 1540 necessarium

1720 1588 1787 1627 ac
1816 1570 2077 1627 debitum
2112 1575 2331 1626 statum
2374 1570 2572 1626 reduci
2617 1572 2943 1643 prazvaleat.
2978 1572 3142 1628 Unde
3185 1573 3363 1629 etiam

1719 1669 2071 1716 censensum
2104 1660 2258 1733 apud
2293 1677 2458 1733 reges
2490 1661 2807 1732 expetitum
2842 1661 3241 1717 obtinuerunt.

1788 1750 1842 1804 3.
1876 1750 2061 1823 Reges
2084 1749 2471 1805 nihilominus
2494 1766 2559 1805 ac
2584 1749 2875 1822 principes
2895 1751 3077 1806 nostri
3095 1752 3362 1819 Karolus,

18 1855 75 1893 us
102 1837 173 1892 illi
205 1838 486 1894 homines
520 1837 625 1909 qui
658 1837 800 1892 mihi
834 1835 1034 1894 fideles
1064 1841 1230 1893 erant
1257 1841 1315 1934 et
1345 1836 1490 1891 mihi
1514 1854 1605 1891 sa—
1640 1869 1687 1934 Β
1722 1837 2077 1904 lllotharius,
2109 1843 2283 1910 atque
2314 1839 2452 1893 item
2487 1838 2734 1893 Karelus
2772 1840 2844 1894 ad
2875 1839 2973 1895 Dei
3006 1838 3362 1897 voluntatem

17 1930 239 1982 ramento
263 1926 623 1982 fidelitatem
648 1925 1184 1999 promiserant,sive
1209 1923 1470 1981 nolentes
1490 1925 1609 1981 sive

17 2014 224 2080 olentes,
256 2016 425 2071 fratri
460 2032 601 2071 meo
632 2014 948 2071 Hludovico
970 2016 1240 2087 jurarent
1269 2019 1335 2069 ut
1364 2015 1415 2069 ei
1445 2014 1609 2086 adju-

17 2103 161 2159 Jrium
192 2104 431 2169 ferrent,
465 2103 729 2177 qualiter
757 2120 1003 2177 regnum
1036 2120 1233 2159 meum
1283 2108 1487 2158 contra
1515 2120 1610 2158 me

18 2191 207 2248 ibtinere
235 2193 638 2266 potuisset.Et
667 2209 780 2249 non
802 2192 994 2249 solum
1017 2191 1261 2249 consilio
1281 2190 1506 2247 Wenile
1528 2190 1609 2246 in-

17 2280 169 2347 erl’uit,
198 2281 296 2337 sed
326 2285 387 2345 et.
416 2282 556 2355 ipse
584 2281 697 2337 hoc
728 2281 880 2337 idem
920 2279 1233 2336 consilium
1283 2279 1446 2335 fratri
1478 2296 1607 2335 meo

17 2367 267 2426 lludovice
291 2373 506 2427 contra
527 2387 722 2426 meam
746 2369 1291 2441 ﬁdelitatem,quam
1314 2369 1457 2425 mihi
1483 2385 1609 2442 pre-

17 2456 122 2511 nisit
147 2464 537 2525 sacramento,
570 2459 823 2515 donavit.

54 2546 124 2599 12.
147 2546 369 2603 Wenile
403 2536 514 2619 per
545 2565 608 2603 se
637 2552 694 2603 et
722 2563 827 2620 per
854 2546 1172 2603 familiares
1212 2564 1370 2616 suos,
1399 2564 1606 2619 supra-

17 2630 146 2688 lictos
163 2633 378 2691 scilicet
394 2635 1123 2707 excommunicatos,apud
1150 2636 1385 2691 fratrem
1412 2653 1606 2690 meum

17 2719 358 2779 lludowicum
390 2724 679 2794 obtinuit,
712 2730 778 2779 ut
805 2741 1019 2780 vacans
1050 2724 1611 2796 episcopatus,Bajo-

17 2811 216 2867 :acensis
235 2812 460 2869 scilicet
483 2813 761 2878 civitatis,
771 2814 932 2885 propi
942 2828 1097 2885 nque
1119 2830 1226 2869 suo
1249 2813 1455 2869 clerico
1479 2830 1606 2869 meo

17 2897 193 2954 momine
218 2900 521 2969 Tertelde,
557 2902 654 2974 qui
690 2900 834 2957 mihi
856 2917 919 2957 se
940 2901 1371 2957 commendavit
1388 2906 1446 2957 et
1466 2902 1605 2957 fide-

18 2982 181 3042 itatem
204 2994 579 3046 sacramento
601 2989 1338 3063 promisit,denaretur,qui
1356 2991 1606 3045 eundem

17 3072 351 3148 episcopatum
382 3080 445 3135 in
479 3097 617 3135 mea
646 3077 988 3134 infidelitate
1017 3083 1074 3134 et
1106 3083 1309 3134 contra
1357 3079 1606 3135 fidelita-

17 3161 98 3217 tem
124 3164 252 3220 mihi
282 3169 644 3240 promissam
691 3184 981 3224 consensu
1031 3167 1378 3236 Hludowici,
1411 3167 1605 3224 fratris

19 3249 113 3314 mei,
139 3256 360 3327 accepit.

67 3339 134 3394 13.
161 3342 407 3402 Tandem
440 3351 761 3420 postquam
794 3345 939 3401 mihi
978 3348 1126 3402 Deus
1169 3346 1319 3402 vires
1368 3362 1602 3418 recupe-

19 3426 141 3482 randi
155 3432 256 3487 mei
272 3450 373 3506 per
387 3435 669 3492 solatium
692 3435 954 3492 fidelium
977 3452 1242 3491 meorum
1269 3440 1471 3492 contra
1492 3437 1606 3491 fra-

19 3515 127 3570 trem
153 3535 335 3578 meum
361 3525 625 3592 donavit,
649 3525 871 3597 perrexi
898 3538 1078 3598 prepe
1109 3523 1179 3580 de
1210 3525 1440 3580 civitate
1472 3525 1605 3580 We-

19 3601 300 3681 nilonis,qui
324 3630 419 3669 me
446 3618 656 3670 contra
678 3614 917 3669 fratrem
940 3630 1137 3669 meum
1170 3613 1239 3668 ad
1268 3630 1609 3685 recuperan-

20 3687 122 3746 dum
147 3712 372 3769 regnum
404 3718 609 3760 meum
641 3719 877 3775 pergere
898 3688 1157 3769 scivit,ét
1181 3701 1409 3756 nullum
1434 3702 1606 3772 adju-

20 3779 180 3839 torium
207 3787 289 3843 vel
318 3807 418 3862 per
443 3810 532 3859 se,
567 3791 856 3864 promisso
886 3807 953 3846 ac
984 3791 1315 3863 subscripto
1339 3790 1604 3856 consilio,

19 3865 80 3952 fel
103 3885 184 3939 per
209 3876 634 3952 militiamque
666 3897 735 3937 ex
764 3879 1012 3936 ecclesia
1039 3879 1149 3935 sibi
1185 3879 1502 3936 commissa
1520 3897 1608 3935 se-

20 3947 74 4008 let
94 3947 605 4039 exire,adjutorium
635 3967 872 4042 aliquod
907 3967 1215 4042 praestitit”

635 4128 838 4167 CAPITU
844 4130 909 4168 ιΑ
917 4152 929 4166 .

421 4201 675 4283 deﬁnita,
700 4209 860 4273 atque
906 4202 1122 4283 obtenta
1158 4208 1286 4283 sunt
1318 4201 1376 4255 in
1405 4200 1608 4283 synodo

77 4256 314 4343 duodecim
338 4256 907 4378 prominciarum'qpse
933 4272 1121 4327 habita
1149 4280 1228 4327 est
1257 4288 1402 4328 anno
1426 4256 1607 4327 incar-

78 4339 278 4378 nali/mi:
306 4341 598 4378 Λίδη-δηίοιο»
624 4344 728 4378 ςιςο
757 4344 775 4377 7
876 4342 1171 4378 indinh'nnn
1205 4360 1281 4378 un
1340 4344 1395 4378 in
1445 4346 1604 4378 Ias-ui-

78 4339 598 4413 ζιαιῇοη-ἰδλάὸτηίηἰσςςε
623 4344 728 4399 859
757 4339 846 4409 7”,
876 4342 1171 4398 indictione
1205 4360 1303 4409 vn,
1338 4344 1398 4398 in
1442 4346 1605 4399 terri-

80 4404 186 4483 torio
212 4408 459 4485 Tullensi,
508 4415 607 4470 sub
648 4404 994 4487 principibus
1044 4414 1271 4481 Karolo,
1291 4404 1605 4483 Hlothario,

82 4477 120 4523 εἰ
142 4482 251 4533 tlem
276 4484 497 4543 Karolo.

327 4501 497 4542 aroto.

1718 1932 1893 1999 atque
1924 1932 2136 1982 sancta:
2170 1926 2425 1981 ecclesiae
2457 1930 2992 1998 statum.suamque
3024 1926 3272 1983 salutem
3305 1934 3363 1984 et

1716 2016 1915 2088 populi
1948 2014 2350 2081 salvationem,
2386 2016 2773 2089 gratiasDeo,
2796 2014 2943 2070 uniti
2977 2020 3033 2071 et
3064 2016 3122 2072 in
3153 2018 3357 2073 eadem

1716 2104 1959 2161 salutari
1992 2104 2217 2159 unitate
2249 2105 2464 2159 firmati
2494 2109 2651 2160 sunt.

1787 2195 1838 2249 4.
1877 2195 2217 2250 Perventum
2251 2197 2341 2248 est
2367 2198 2501 2248 ante
2533 2198 2880 2249 conventum
2926 2194 3355 2268 episcoporum,

1716 2283 2011 2355 quendam
2042 2281 2376 2346 diaconum,
2409 2282 2501 2337 cui
2533 2281 2844 2338 Tertoldus
2876 2301 3088 2338 nomen
3119 2286 3357 2358 est,epi-

1716 2371 2010 2444 scepalem
2046 2376 2388 2443 potestatem
2422 2370 2480 2425 in
2514 2371 2657 2426 urbe
2688 2372 3160 2442 Bajocacensium
3193 2390 3361 2430 occu-

1716 2466 1973 2534 passe,et
1986 2459 2508 2532 pollicitationibus
2530 2477 2596 2516 ac
2618 2460 2795 2515 minis
2814 2459 3127 2517 sollicitare
3144 2463 3361 2520 multos

1717 2567 1783 2607 ae
1815 2549 2175 2622 perturbare.
2212 2548 2375 2604 Unde
2425 2549 2687 2604 definivit
2733 2554 2934 2605 sancta
2982 2555 3261 2622 synodus,
3301 2556 3364 2606 ut

1716 2638 1968 2704 Wenile,
2002 2638 2298 2693 Senonum
2331 2637 2827 2710 archiepiscopus,
2861 2640 3033 2711 cujus
3081 2641 3363 2697 diaconus

1715 2727 1845 2795 fuit,
1880 2727 2175 2798 adjunctis
2206 2743 2407 2782 secum
2440 2728 2630 2782 tribus
2656 2726 3205 2789 aliis.memoratum
3238 2729 3362 2785 dia-

1715 2832 1927 2872 conum
1946 2820 2249 2871 evecatum
2268 2815 2593 2881 audiant,et
2610 2816 2931 2871 secundum
2955 2817 3359 2874 auctoritatem

1715 2904 2055 2960 canonicam
2078 2904 2149 2960 de
2169 2921 2235 2959 eo
2258 2904 2624 2960 deliniant.Si
2644 2908 2838 2959 autem
2860 2904 3137 2977 refugerit
3158 2922 3359 2962 eorum

1714 2992 2129 3065 cognitionem,
2163 2991 2463 3046 annitentc
2497 2990 2803 3063 principali
2854 2995 3137 3064 potestate
3165 2993 3360 3051 venire

1715 3083 1787 3138 ad
1818 3080 2177 3137 audientiam
2210 3078 2612 3152 compellatur.
2645 3079 2807 3143 Quod
2839 3080 2888 3136 si
2928 3079 3081 3137 hanc
3126 3098 3360 3155 quoque

1714 3170 2108 3235 declinaverit,
2143 3168 2513 3224 anathemate
2537 3168 2796 3224 feriatur.

1636 3235 1679 3301 (ἶ
1784 3261 1837 3314 5.
1874 3259 1954 3314 De
1984 3258 2237 3331 quedam
2266 3257 2442 3313 etiam
2474 3257 2834 3313 subdiacono
2852 3259 3258 3333 Anscario,qui
3280 3261 3361 3316 vi-

1713 3364 1783 3403 vo
1812 3352 1869 3403 et
1897 3347 2173 3403 incolumi
2206 3348 2480 3419 episcopo
2510 3345 2758 3401 civitatis
2790 3347 3119 3420 Lingonum
3159 3350 3360 3406 sedem

1716 3434 1992 3510 pervasit.
2025 3435 2203 3491 simili
2233 3440 2323 3490 est
2354 3435 2644 3491 sententia
2674 3435 3001 3492 deﬁnitum.
3036 3437 3146 3493 Sed
3182 3438 3361 3493 inter-

1714 3524 2082 3582 venientibus
2112 3523 2319 3595 legatis
2350 3524 2613 3595 ejusdem
2654 3523 3018 3591 subdiaconi,
3052 3525 3366 3582 humanior

1714 3618 1804 3669 est
1835 3611 2059 3686 prolata
2088 3611 2410 3679 sententia;
2444 3611 2709 3668 videlicet
2741 3616 2802 3667 ut
2831 3616 3199 3669 sacramento
3225 3631 3365 3669 con-

1717 3702 1930 3768 firmet,
1964 3718 2025 3756 se
2056 3717 2361 3771 nunquam
2385 3698 2523 3754 talia
2547 3698 2885 3769 hujusmodi
2911 3702 3365 3773 praesumptione

1716 3791 2029 3846 facturum.
2062 3788 2244 3860 Cujus
2274 3787 2624 3843 sacramenti
2652 3796 2911 3844 tenorem
2944 3788 3078 3845 huic
3109 3791 3363 3864 capitulo

1715 3880 2060 3936 subnectere
2090 3877 2332 3950 dignun)
2365 3878 2828 3933 existimavimus
2854 3895 2866 3933 :
2900 3880 3012 3949 Ego
3041 3883 3363 3950 Anscarius,

1712 3968 2097 4031 subdiaconus,
2128 3968 2383 4037 conﬁteor
2410 3984 2591 4022 coram
2640 3967 2868 4024 Domino
2914 3976 2964 4023 et
3009 3971 3212 4026 sanctis
3259 3989 3363 4027 an-

1713 4058 1849 4129 gelis
1878 4059 2014 4129 ejus,
2046 4058 2366 4112 reverentur
2392 4065 2598 4112 sanctae
2624 4059 2973 4127 paternitatis
3003 4067 3212 4124 vestrae,
3234 4076 3361 4115 con-

1714 4156 1802 4203 tra
1831 4148 1928 4201 Dei
1955 4145 2283 4200 voluntatem
2311 4153 2360 4199 et
2390 4153 2575 4200 contra
2614 4149 2880 4201 canonica
2919 4155 3120 4203 statuta
3168 4156 3364 4205 temere

1717 4252 1800 4291 me
1826 4236 2017 4306 fecisse
2046 4235 2106 4288 in
2136 4234 2288 4288 Isaac
2316 4235 2680 4289 venerabilem
2706 4235 3365 4306 pontiﬁcem,usurpando

1715 4324 1892 4380 sedem
1922 4323 2162 4378 ecclesiee
2202 4331 2410 4377 sancta:
2456 4323 2569 4377 sibi
2614 4324 2920 4379 commissze
2946 4326 3282 4391 Lingonicce,
3315 4331 3368 4379 et

1714 4411 2060 4469 sollicitanda
2084 4411 2307 4465 clericos
2331 4417 2381 4465 et
2408 4410 2669 4465 vassallos
2700 4415 2815 4481 ejus
2854 4427 3172 4483 omnemque
3196 4413 3363 4482 fami-

1718 4502 1872 4558 liam.
1912 4507 2086 4570 .ltque
2116 4499 2232 4554 ideo
2258 4514 2361 4569 pro
2408 4506 2576 4554 tanta
2623 4501 3068 4570 prmsumptionis
3122 4516 3390 4574 excessu,

81 4572 121 4669 t-
144 4577 204 4636 Ul
230 4587 434 4648 caritas
465 4592 722 4648 fraterna
759 4595 816 4647 et
862 4593 1172 4648 concordia
1218 4591 1381 4663 pacis
1427 4596 1610 4648 reter—
1643 4605 1687 4669 D
1713 4608 1813 4664 per
1840 4590 1989 4645 sacri
2027 4588 2335 4643 ministerii
2386 4588 2551 4642 vestri
2596 4587 2743 4641 vobis
2786 4588 3045 4658 largitam
3074 4606 3107 4642 a
3134 4590 3365 4645 Domino

36 4666 183 4720 matur
208 4670 344 4731 inter
369 4679 601 4747 fratres,
625 4680 919 4753 principes
947 4679 1171 4737 scilicet
1202 4680 1611 4754 gloriosos.re-
1647 4666 1678 4669 ⁷
1716 4686 2049 4753 potestatem,
2084 4678 2297 4732 veniam
2325 4675 2467 4731 mihi
2487 4677 2773 4747 pcenitenti
2803 4676 3002 4744 largiri
3050 4678 3369 4749 suppliciter

34 4758 105 4815 Bel
122 4764 322 4819 nostros
341 4767 749 4825 Hludewicum
770 4773 828 4825 et
844 4768 1119 4827 Karolum
1138 4786 1152 4837 ;
1173 4769 1422 4842 qualiter
1437 4770 1617 4826 schis—
1721 4770 1993 4841 deprecor.
2026 4768 2284 4836 Deinceps
2316 4781 2439 4820 vero
2466 4781 2561 4820 nec
2586 4765 2645 4819 in
2673 4765 2902 4820 eundem
2931 4767 3250 4833 antistitem,
3269 4783 3369 4823 nec

38 4845 108 4937 ξηιλ
125 4849 259 4937 909d
288 4859 475 4914 ortum
509 4863 599 4914 est
629 4875 818 4930 nuper
849 4858 907 4914 in
940 4857 1202 4925 ecclesia,
1228 4859 1298 4913 ad
1333 4858 1611 4915 unitatem
1725 4861 1781 4914 in
1813 4859 1988 4913 alium
2013 4856 2323 4928 quemlibet,
2354 4871 2452 4909 nec
2481 4856 2541 4908 in
2579 4854 2679 4907 illa
2725 4870 2823 4908 nec
2872 4854 2929 4907 in.
2981 4856 3097 4909 alia
3142 4856 3370 4912 ecclesia

39 4917 352 5001 benignitatis
380 4947 567 5003 valeat
596 4917 1002 5019 redihtegrari,
1037 4951 1095 5002 et
1125 4917 1314 5002 status
1360 4946 1616 5003 ecclesiae
1723 4917 2036 5017 hujusmodi
2080 4917 2567 5016 prtesuniptionem
2613 4945 2794 5013 facere
2842 4945 3075 5009 tentabo,
3108 4952 3159 5000 et
3198 4962 3370 5017 neque

43 5022 158 5110 Pen“:
181 5027 468 5104 conlapsus
500 5036 813 5102 restitui,et
842 5053 952 5109 pax
983 5052 1050 5092 ac
1073 5036 1307 5107 justitia
1336 5035 1395 5091 in
1428 5053 1619 5110 pepu-
1728 5036 1815 5091 illi
1844 5041 1939 5089 aut
1965 5034 2140 5087 alicui
2166 5047 2391 5086 suorum
2419 5031 2738 5086 clericorum
2770 5040 2866 5087 aut
2895 5034 3161 5090 (uicorum
3190 5037 3249 5090 in
3268 5037 3373 5091 ali-

44 5089 84 5200 Ῑξ)
104 5089 398 5200 ‘cltristiane
445 5124 633 5181 valeat
680 5089 1014 5197 prectirari;
1047 5089 1103 5179 et
1149 5125 1246 5197 qui
1280 5141 1313 5180 a
1342 5089 1620 5182 ﬁdeliiate
1726 5142 1834 5197 qua
1863 5140 1920 5178 re
1951 5122 2394 5192 impedimentum
2421 5122 2625 5192 faciam
2655 5137 2753 5191 pro
2783 5123 2883 5177 hac
2906 5139 3093 5190 causa,
3127 5126 3259 5196 quia
3285 5143 3372 5181 me

51 5182 204 5285 debita
229 5182 784 5285 defeceruntJudicio
814 5216 870 5269 et
891 5182 1123 5284 justitia
1151 5182 1254 5285 per
1282 5216 1495 5269 rectam
1531 5231 1619 5270 re-
1725 5182 1966 5285 qraviter
1993 5182 2286 5281 deliquisse
2310 5182 2584 5278 confiteor.
2605 5182 2786 5281 Neque
2816 5211 3047 5268 insidias
3081 5182 3171 5270 eis
3202 5215 3372 5269 ullius

54 5270 223 5342 tionem
249 5296 299 5347 et
326 5270 721 5357 rationabilem
754 5270 1216 5357 misericordiam
1247 5302 1477 5373 possint
1505 5302 1622 5358 sal-
1725 5270 2130 5374 inquietudinis
2156 5299 2562 5369 parabo,neque
2583 5314 2685 5370 per
2712 5315 2802 5355 me
2828 5316 3001 5372 neque
3015 5318 3116 5374 per
3134 5303 3374 5375 aliquem

1318 5460 1411 5516 VA
1421 5462 1562 5519 RI/E
1604 5460 2022 5519 LECTIONES.

102 5556 158 5646 1,”
179 5563 491 5643 DcCCLVIII
522 5587 694 5646 Sum.
770 5587 838 5623 ⁷³³
868 5586 1189 5644 Sirmondus
1216 5603 1385 5642 manu
1417 5590 1653 5644 correxit
1682 5591 1745 5642 ut
1775 5587 1837 5642 Β.

55 5582 506 5683 ,εξεεηξξίξξίνιιὲ
522 5587 694 5646 Sum.
770 5587 838 5623 ⁷³³
868 5586 1189 5644 Sirmondus
1216 5603 1385 5642 manu
1417 5590 1653 5644 correxit
1682 5591 1745 5642 ut
1775 5587 1837 5642 Β.
1916 5585 1982 5620 793
2012 5582 2354 5655 Sirmondus,
2390 5587 2445 5638 et
2494 5584 2803 5655 synodales
2831 5601 2845 5642 :
2875 5593 2933 5641 at
2981 5600 3151 5640 manu
3195 5584 3375 5657 posuit

152 5646 433 5714 1’YIIOdales.
467 5658 530 5719 B.

3100 5734 3613 6085 Γ
