3828 6204
45 380 150 445 663
1021 368 1507 434 FRANCORUM
1552 364 1827 431 REGUM
1873 364 2429 435 CAPITULARIA.
3309 367 3429 431 666

50 512 317 590 quoddam
346 506 630 568 horribile
647 524 713 566 ac
734 506 898 564 nefas
915 509 1232 579 patratum,
1256 504 1468 561 vulnus
1484 501 1672 560 occul-
1698 503 1750 570 Α
1853 502 1906 557 4.
1940 500 2171 557 Primus
2200 500 2565 559 Guntharius
2605 501 2749 559 dixit
2782 517 2794 560 :
2830 502 3085 579 Confessa
3123 518 3203 567 est
3247 513 3351 570 Deo
3380 521 3433 570 et

51 611 158 661 tum
176 603 231 658 in
257 598 454 657 animo
484 598 607 654 sive
632 597 691 653 in
721 613 961 669 corpore
987 596 1250 660 haberet,
1274 595 1334 649 in
1357 611 1480 673 quq
1490 593 1674 650 Deum
1782 592 1959 653 nobis,
1993 591 2135 662 quod
2180 593 2382 647 vulnus
2411 593 2469 647 in
2498 608 2555 647 se
2584 594 2805 650 haberet
2832 596 3083 665 interius,
3110 617 3222 656 non
3250 610 3428 660 tamen

55 691 276 768 graviter
302 689 596 747 offensum
628 686 888 751 haberet,
921 702 1023 758 pro
1064 702 1181 757 quo
1227 684 1403 739 etiam
1450 682 1534 738 illi
1559 699 1675 738 non
1781 696 1882 735 sua
1909 689 2116 753 sponte,
2149 681 2241 736 sed
2272 680 2540 738 violenter
2577 683 2692 739 sibi
2738 685 2993 757 inlatum,
3018 705 3121 759 pro
3144 708 3248 763 quo
3278 694 3431 750 indi-

54 785 185 839 εεεει
207 779 399 852 digna,
425 794 618 849 neque
636 775 835 832 liceret
860 774 946 830 vel
970 791 1104 831 eum
1135 774 1362 830 deceret
1385 775 1457 829 ad
1481 776 1678 845 conju-
1783 786 1953 838 gnam
1977 786 2032 827 se
2059 787 2174 827 esse
2200 772 2424 827 omnino
2452 773 2729 843 judicavit
2756 774 2827 830 ad
2855 778 3089 848 regalem
3118 782 3232 837 sive
3257 787 3433 839 mari-

56 873 194 947 gium
220 885 344 927 eam
374 865 638 940 amplius
666 864 902 922 habere.
1785 859 1949 914 talem
2003 869 2182 918 torum
2225 862 2350 933 jam
2393 863 2626 918 ulterius
2685 865 2956 932 accedere,
3013 876 3067 924 et
3116 871 3434 930 nullatenus

111 966 158 1017 2.
183 961 258 1017 Ex
275 957 554 1030 opinione
573 972 704 1012 vero
726 954 1047 1027 praemissa,
1067 970 1194 1025 quae
1216 953 1287 1009 de
1318 951 1419 1008 illa
1448 968 1551 1024 per
1576 967 1679 1006 ora
1781 957 1960 1020 posset
1999 966 2101 1021 pro
2142 950 2412 1021 praedicto
2456 953 2676 1019 scelere,
2707 954 2850 1025 quod
2896 964 3051 1028 turpe
3098 968 3177 1016 est
3230 962 3430 1032 dicere,

58 1049 412 1125 quorumdam
447 1045 747 1111 volitabat,
764 1043 1036 1116 praefatus
1066 1059 1167 1098 rex
1194 1042 1263 1098 in-
1285 1044 1600 1113 conspectu
1620 1040 1682 1095 ﬁ-
1784 1039 2106 1109 conjugium
2136 1037 2411 1109 famulare
2447 1055 2572 1095 cum
2600 1057 2680 1109 eo,
2724 1044 2804 1099 vel
2846 1061 2971 1100 cum
3019 1049 3259 1117 quolibet
3311 1069 3435 1108 am-

58 1140 246 1197 delium
267 1152 510 1193 suorum
534 1137 752 1191 secrete
772 1149 839 1188 ac
861 1131 1167 1189 manifeste
1199 1132 1530 1204 frequenter
1548 1147 1682 1186 con-
1783 1127 1933 1198 plius
1962 1127 2158 1184 habere
2192 1144 2205 1183 :
2236 1136 2290 1184 et
2344 1128 2463 1184 ideo
2507 1129 2791 1202 deprecata
2840 1143 2938 1201 est,
2988 1137 3271 1195 licentiam
3325 1144 3437 1199 sibi

59 1229 260 1286 loeutus
281 1224 409 1290 fuit,
430 1227 490 1280 et
511 1239 648 1279 cum
678 1222 764 1279 eis
794 1221 1048 1278 rationes
1077 1220 1304 1288 habuit,
1334 1221 1488 1277 unde
1509 1221 1678 1291 judi-
1785 1217 1914 1272 dari
1958 1216 2215 1272 mutandi
2253 1218 2569 1275 swcularem
2616 1220 2885 1291 habitum,
2920 1233 2972 1281 et
3010 1243 3045 1281 a
3091 1228 3249 1284 virili
3288 1247 3433 1286 com-

61 1318 191 1374 cium
204 1318 413 1388 postea
443 1330 552 1385 per
580 1312 842 1384 ipsorum
874 1309 1186 1367 consilium
1219 1310 1407 1365 extitit
1436 1310 1678 1377 factum,
1783 1308 2056 1363 mixtione
2084 1306 2413 1373 discedendi,
2444 1309 2606 1365 nulla
2656 1312 3046 1371 in'erveniente
3083 1318 3281 1387 fraude
3319 1323 3429 1376 ira-

60 1407 141 1464 sed
163 1422 265 1463 non
287 1403 486 1458 divina
508 1401 700 1473 pietas
724 1399 1038 1473 indulgens
1060 1401 1139 1455 rei
1172 1399 1474 1457 veritatem
1498 1397 1681 1455 mani-
1785 1395 2025 1461 cundise,
2058 1396 2141 1451 vel
2166 1398 2334 1452 etiam
2362 1397 2640 1453 voluntate
2675 1415 2843 1471 quam
2871 1411 3059 1460 contra
3084 1407 3317 1463 eundem
3348 1427 3432 1466 re-

62 1498 239 1553 mum
254 1491 737 1559 νοιηλιςεθάευω
758 1488 1133 1561 postmodum
1154 1489 1230 1544 ad
1247 1489 1485 1544 fratrem
1502 1504 1677 1567 suum
1785 1501 1908 1556 gem
1943 1486 2190 1552 nuberet,
2219 1485 2313 1541 sed
2359 1494 2419 1541 ut
2469 1487 2573 1541 illa
2625 1487 2944 1559 discedente,
2995 1495 3108 1565 ipse
3149 1499 3336 1554 animo
3383 1509 3437 1556 et

60 1583 437 1641 Hludowicum
486 1580 901 1652 imperatorem
947 1577 1009 1633 in
1055 1576 1285 1633 Italiam
1332 1576 1678 1643 devenisset,
1784 1589 2005 1646 corpore
2033 1575 2323 1639 solaretur,
2354 1583 2406 1630 et
2452 1576 2571 1647 ipsa
2622 1578 2764 1648 quod
2808 1580 2999 1653 inique
3044 1586 3172 1653 egit,
3204 1602 3304 1657 per
3338 1589 3438 1646 Dei

62 1674 174 1731 illuc
208 1671 461 1745 apertius
492 1672 794 1741 patratum
853 1666 1046 1724 scelus
1088 1671 1176 1723 est
1223 1665 1309 1721 illi
1342 1665 1679 1722 manifesta-
1784 1663 2221 1719 misericordiam
2243 1672 2295 1720 et
2318 1665 2629 1722 earumdem
2656 1670 3031 1741 episcoporum
3058 1677 3332 1733 orationes
3350 1677 3440 1735 de-

63 1768 182 1820 tum.
1783 1752 1913 1821 ﬂere
1938 1753 2212 1823 potuisset.

118 1855 163 1908 3.
190 1850 427 1909 Proinde
447 1865 524 1905 ne
539 1846 804 1942 suspicio
820 1844 936 1942 ista
952 1849 1011 1942 et
1030 1843 1401 1942 nequissima
1424 1844 1580 1942 fama
1609 1846 1679 1901 de
1712 1876 1757 1942 Β
1794 1930 1807 1942 ἱ
1856 1842 1916 1942 5.-
1940 1841 2261 1942 Adventius
2306 1840 2509 1942 dixit‘:
2558 1845 2666 1901 Hoc
2827 1851 3073 1942 facinus
3127 1861 3180 1909 et
3229 1858 3437 1926 factum

69 1956 208 1997 uxore
228 1937 634 2012 regia-diutius
662 1934 1056 1993 inexaminata
1075 1939 1178 1991 aut
1196 1933 1524 2007 improbata
1553 1951 1677 1991 ωτι-
1712 1930 1755 1942 ⁸
1787 1930 2049 1986 hactenus
2097 1931 2276 1999 latuit,
2306 1938 2359 1987 et
2382 1935 2536 2003 nefas
2580 1941 2659 1989 est
2698 1936 2860 2006 illud,
2888 1947 2951 1993 ut
2995 1940 3247 2015 deinceps
3288 1962 3440 2003 more

70 2036 215 2096 neret,
245 2032 537 2101 quatenus
569 2026 709 2081 item
740 2024 1017 2082 dominus
1047 2026 1244 2079 noster
1273 2024 1484 2079 certior
1512 2040 1679 2081 secu-
1788 2021 1958 2076 maris
1998 2028 2052 2076 et
2097 2021 2325 2092 feminae
2373 2022 2543 2076 simul
2588 2027 2943 2090 conveniatis,
2974 2036 3027 2083 et
3061 2031 3114 2085 si
3142 2039 3344 2101 tamen,
3377 2044 3439 2091 ut

70 2120 264 2190 riui-que
290 2118 536 2174 eﬁ'ectus
566 2115 640 2170 de
669 2113 779 2170 hac
808 2128 1157 2180 causa,cum
1179 2128 1311 2184 quas
1338 2111 1425 2168 illi
1454 2113 1681 2185 agenda
1784 2111 1943 2181 prius
1968 2111 2098 2180 fuit,
2130 2109 2280 2165 vobis
2325 2118 2462 2166 esset
2502 2111 2761 2168 ambitis
2804 2122 2856 2170 et
2881 2115 3100 2185 dilecta,
3130 2121 3318 2178 darem
3346 2140 3436 2179 vo-

70 2212 205 2264 erant
232 2223 385 2263 more
411 2203 602 2277 regali
634 2201 881 2259 liberius
908 2206 1382 2274 exsequerentur,
1398 2218 1679 2258 convene-
1790 2201 1872 2256 bis
1900 2199 2192 2254 consilium
2220 2198 2517 2254 secundum
2545 2201 2917 2258 ministerium
2933 2207 3073 2261 mihi
3093 2212 3439 2268 commissum

74 2301 183 2352 ωηι
200 2298 365 2368 jussu
393 2294 667 2366 ejusdem
702 2290 1172 2364 principis,anno
1199 2289 1467 2347 videlicet
1493 2290 1683 2347 inoar-
1787 2297 1840 2346 et
1862 2290 2153 2361 probarem
2183 2289 2428 2354 omnino,
2458 2304 2529 2344 ne
2558 2289 2791 2346 ulterius
2848 2292 3011 2349 lateri
3057 2305 3227 2354 vestro
3269 2303 3441 2356 socia-

72 2384 288 2440 nationis
314 2382 773 2446 ᾶοωίῑιὶοωδϐθ.
796 2383 857 2436 et
875 2379 1039 2452 regni
1064 2380 1259 2451 ejus5,
1285 2379 1603 2436 indictione
1621 2382 1675 2449 8,
1790 2388 1940 2436 retur
2013 2378 2180 2433 sicuti
2251 2378 2476 2447 conjux,
2532 2378 2635 2433 sed
2700 2379 2867 2448 juxta
2934 2386 3247 2454 petitionem
3321 2390 3442 2462 ejus

70 2469 738 2541 51dusJanuarii,Aquis
768 2468 984 2540 palatio
1013 2468 1380 2525 Guntharius
1408 2485 1682 2525 summus
1788 2470 1970 2525 velum
1996 2467 2239 2538 accipere
2280 2473 2333 2521 et
2376 2467 2628 2523 habitum
2680 2477 2894 2526 mutare
2950 2471 3049 2528 hoc
3100 2480 3439 2547 permittere-

73 2562 365 2634 capellanus
393 2565 454 2617 et
482 2559 863 2632 Teotgaudus
887 2557 1327 2630 archiepiscopi,
1362 2558 1683 2614 Adventius
1790 2560 1879 2615 tis.

70 2654 115 2706 et
149 2652 347 2707 France
391 2647 677 2722 epis00pi,
710 2646 875 2720 Hegil
933 2651 990 2702 et
1045 2645 1363 2719 Odelingus
1418 2647 1681 2711 abbates,
1861 2649 1916 2703 6.
1949 2645 2230 2702 Similiter
2258 2646 2634 2718 Teotgaudus
2664 2647 3138 2725 archiepiscopus
3182 2644 3325 2711 dixit
3356 2661 3441 2713 at-

73 2740 167 2796 sive
189 2739 279 2795 alii
304 2739 506 2795 fideles
537 2736 931 2809 ejus.Quibus
952 2735 1151 2791 omnia
1170 2735 1444 2807 superius
1465 2735 1686 2795 inserta
1792 2752 1905 2809 que
1935 2732 2252 2792 consensit.

74 2830 308 2897 referens,
345 2828 617 2901 jubendo
664 2824 896 2882 monuit
951 2825 1321 2897 praescriptos
1378 2826 1685 2898 episcopos
1862 2828 1918 2879 7.
1951 2822 2075 2896 Egil
2107 2823 2277 2890 abba,
2309 2821 2432 2879 vice
2463 2824 2727 2895 ejusdem
2762 2827 3080 2901 Tetbergm,
3114 2832 3197 2888 ita
3228 2834 3445 2891 facien-

77 2921 215 2990 atque
240 2919 497 2986 abbates,
530 2915 794 2989 dirigens
845 2915 919 2970 ad
967 2913 1152 2981 illam,
1185 2918 1251 2969 ut
1296 2914 1367 2970 de
1411 2915 1689 2986 prndiota
1795 2914 1937 2969 dum
1969 2912 2174 2980 suasit,
2198 2916 2256 2967 et
2284 2910 2470 2982 petiit,
2496 2917 2559 2969 ut
2580 2913 2720 2985 quia
2741 2931 2856 2970 non
2878 2933 2988 2973 sua
3008 2925 3238 2990 sponte,
3261 2924 3363 2979 sed
3389 2925 3441 2981 vi

79 3007 205 3063 fama
220 3008 365 3080 apud
387 3023 519 3063 eam
555 3020 794 3061 omnem
816 3002 900 3059 rei
928 3002 1230 3060 veritatem
1261 3004 1684 3076 perquirerent,
1795 3018 2080 3075 Oppressa
2107 3017 2227 3057 rem
2260 3000 2575 3057 nefandam
2611 3007 3061 3073 perpetraverat,
3092 3008 3448 3069 tribueretur

80 3094 217 3151 sicuti
242 3102 297 3152 et
325 3097 608 3153 fecerunt.
628 3093 773 3150 Nam
806 3093 937 3164 ipsa
964 3092 1232 3149 confessa
1258 3096 1349 3147 est
1377 3093 1463 3148 eis
1491 3109 1687 3150 coram
1796 3091 1847 3146 ei
1880 3089 2126 3145 facultas
2155 3087 2407 3152 velandi,
2442 3093 2501 3144 et
2528 3088 2694 3146 locus
2742 3108 2857 3163 quo
2906 3099 3200 3165 patratum
3231 3099 3447 3157 vulnus

81 3183 246 3241 Decet
279 3184 499 3259 angelis
545 3184 679 3254 ejus
725 3181 925 3238 omnia
971 3197 1217 3253 qumque
1266 3181 1325 3236 in
1368 3181 1470 3237 illa
1498 3186 1686 3253 erant,
1722 3240 1760 3259 Α
1799 3183 2053 3245 sanaret,
2101 3178 2258 3250 quod
2306 3193 2440 3233 vero
2492 3177 2856 3251 simpliciter,
2896 3188 2955 3238 et
2996 3185 3158 3242 nullo
3216 3188 3446 3245 incum-

82 3289 326 3346 omneque
353 3240 649 3331 secretum
691 3272 863 3343 juxta
908 3240 1165 3326 exortam
1210 3269 1427 3325 famam
1457 3240 1688 3343 penitus
1719 3240 1762 3309 α
1799 3268 1973 3324 bente
2000 3240 2211 3323 timore
2246 3270 2347 3322 aut
2383 3240 2644 3338 qualibet
2683 3240 2985 3328 occasione
3012 3240 3444 3345 vel

84 3363 308 3433 apparuit
333 3361 469 3428 illis,
500 3360 736 3434 ipsique
768 3357 982 3415 reversi
1036 3357 1455 3415 nuntiaverunt
1481 3359 1687 3431 praedi-
1798 3358 1901 3413 sed
1944 3373 2048 3429 pro
2105 3355 2206 3412 Dei
2253 3372 2451 3411 amore
2494 3361 2550 3411 et
2588 3356 2797 3414 anima:
2828 3376 2946 3415 sua;
2977 3362 3267 3422 solutione
3297 3371 3449 3440 pete-

84 3453 153 3504 cto
170 3450 293 3524 regi,
307 3450 459 3523 quod
476 3450 553 3506 ad
568 3464 809 3505 uxorem
831 3463 949 3503 non
971 3446 1172 3504 liceret
1192 3445 1277 3503 illi
1298 3463 1426 3504 eam
1449 3447 1684 3505 habere.
1797 3447 1917 3502 bat.

941 3623 1335 3681 HLOTHARII
1377 3624 1426 3680 ΙΙ
1468 3623 1680 3681 REGIS
1719 3621 2049 3680 SYNODUS
2087 3621 2436 3689 AQUENSIS
2478 3622 2545 3679 ΙΙ.

1496 3766 1622 3837 (An.
1652 3767 1777 3836 860,
1809 3766 1992 3837 Febr.)

139 3916 521 4001 fragmentum
554 3921 819 3999 actorum
851 3918 980 4001 eius
1007 3915 1394 4001 dielibavimus
1424 3916 1688 4001 e_x_l‘il)_r_o_
1702 3915 1998 3973 Hincmari
2031 3917 2111 3972 De
2136 3916 2381 3973 divortio
2412 3917 2667 3974 Lotharii
2699 3922 2756 3975 et
2783 3919 3166 3996 Thcutbergse
3216 3925 3449 4001 reginae,

83 3986 310 4046 editionis
338 3989 684 4046 Parisiensis
713 4006 809 4044 an.
843 3986 1003 4056 1645,
1035 3992 1179 4043 tom.
1213 3988 1255 4055 Ι,
1284 4005 1420 4061 pag.
1452 3990 1711 4044 573-575.

137 4139 1685 4208 AnnoabincarnationeDomini860,indictione8,me-
1799 4140 2000 4211 inquit,
2028 4148 2252 4213 propter
2281 4142 2449 4197 Deum
2478 4157 2623 4213 rogo,
2653 4150 2706 4199 et
2731 4153 2952 4216 prapter
2989 4154 3221 4202 vestram
3247 4165 3452 4212 mercee

86 4225 246 4285 diante
275 4230 581 4287 Februario
604 4245 825 4295 mense,
844 4228 1293 4285 decernentibus
1313 4227 1687 4302 gloriosisre-
1796 4228 1936 4293 dem,
1972 4236 2029 4283 ut
2060 4230 2200 4284 mihi
2235 4230 2609 4300 pcenitentiam
2658 4247 2819 4300 agere
2862 4233 3045 4301 liceat,
3093 4238 3354 4306 quoniam
3401 4247 3453 4293 et

88 4314 225 4385 gibus
249 4317 1039 4389 Hludovvico,Carolo,atque
1060 4316 1686 4388 Hlothariojuniore,in
1796 4318 1975 4373 verbis
2001 4324 2053 4373 et
2076 4318 2278 4389 scripto
2333 4319 2611 4388 confiteor,
2659 4336 2745 4375 me
2799 4322 3144 4393 conjugalem
3197 4325 3450 4395 copulam

87 4407 297 4472 generali
310 4413 594 4465 conventu
610 4408 965 4479 optimatum
978 4423 1047 4462 ex
1058 4422 1236 4479 regno
1252 4405 1687 4462 almiHlotharii
1795 4422 1906 4461 non
1935 4408 2155 4473 mereri,
2176 4405 2402 4477 ideoque
2427 4414 2704 4476 prostrata
2729 4410 3052 4480 suppliciter
3079 4414 3453 4481 expostulo,ut

88 4496 245 4549 actum
265 4500 348 4552 est
362 4496 674 4554 concilium
704 4494 1110 4569 episcoporum
1139 4494 1494 4569 Aquisgrani
1526 4493 1687 4568 pala-
1796 4495 1937 4549 mihi
1954 4495 2077 4567 jam
2104 4510 2252 4549 nunc
2278 4501 2333 4549 et
2353 4492 2606 4566 deinceps
2653 4512 2767 4551 non
2811 4497 3082 4569 denegetis
3128 4501 3271 4570 quod
3314 4516 3453 4559 mem

89 4577 465 4645 tio,Guntharii
493 4582 962 4659 Agrippinensis,
989 4582 1353 4657 Theotgaudi
1376 4585 1688 4640 Treveren-
1794 4584 1966 4640 saluti
1990 4583 2211 4656 posthac
2238 4599 2554 4639 succurrere
2580 4591 2773 4655 potest.
2809 4586 3025 4642 Textus
3065 4586 3263 4659 itaque
3292 4587 3454 4646 illius

89 4664 479 4733 sis,Wenilonis
491 4672 959 4747 Rotomagensis,
976 4673 1291 4730 Franconis
1305 4673 1689 4746 Tungrensis,
1721 4673 1769 4738 ι]
1800 4672 2102 4746 scripturis
2122 4672 2242 4728 haec
2262 4673 2437 4729 verba
2458 4671 2688 4728 ethunc
2713 4690 2953 4730 sensum
2978 4676 3452 4748 continebat,Ego

88 4751 312 4817 Hattonis
330 4761 1065 4835 Virdunensis,Hildegarii
1084 4759 1687 4831 Meldensis,Hilduini
1799 4762 2104 4818 Thietbrihc
2131 4778 2296 4835 quam
2321 4763 2552 4832 feminei
2569 4778 2731 4819 sexus
2761 4763 3133 4836 imprudentia
3156 4773 3209 4823 et
3232 4768 3456 4839 fragili-

86 4842 388 4913 Aviniensis.
682 4922 691 4930 _
780 4922 795 4930 -
1798 4858 1881 4907 tas
1933 4852 2136 4923 fefellit
2179 4851 2444 4920 humana,
2492 4858 2544 4906 et
2594 4853 2928 4909 conscientia
2981 4852 3169 4911 delicti
3222 4857 3449 4926 mordet,

142 4932 214 4987 15.
240 4935 321 4991 Ad
338 4936 528 4994 locum
549 4938 621 4995 de
643 4937 860 4995 femina
879 4938 1035 4994 unde
1056 4938 1269 5012 agitur,
1290 4939 1373 4995 ita
1403 4938 1689 5013 scriptum
1797 4948 2016 5013 propter
2041 4956 2190 5012 spem
2219 4940 2418 4995 salutis
2447 4943 2654 4997 anima:
2699 4956 2856 5006 mem,
2887 4950 2940 4998 et
2960 4950 3182 5015 propter
3208 4944 3454 5015 ﬁdelita-

89 5021 370 5089 l‘eperimus
398 5043 413 5081 :
446 5029 615 5084 Porro
643 5027 763 5095 illa,
794 5028 956 5105 nulla
996 5031 1285 5085 securitate
1332 5029 1430 5085 hoc
1474 5027 1693 5085 celandi
1800 5038 1903 5085 tem
1933 5046 2066 5099 erga
2093 5030 2364 5084 seniorem
2390 5045 2591 5097 meum,
2624 5045 2810 5087 veram
2836 5034 3229 5104 confessionem
3270 5052 3456 5092 coram

89 5114 164 5161 aut
185 5114 462 5181 superandi
496 5116 664 5186 fulta,
691 5118 872 5187 primo
916 5117 1037 5185 regi
1090 5116 1342 5173 ordinem
1389 5117 1694 5189 perpetrati
1799 5122 1908 5174 Deo
1936 5125 1986 5173 et
2014 5119 2221 5173 sanctis
2249 5118 2462 5187 angelis
2489 5119 2627 5190 ejus,
2643 5134 2708 5173 ac
2726 5120 3133 5179 uenerabilibus
3161 5125 3449 5197 episcopis,
3534 5184 3539 5191 ί

92 5202 260 5252 reatus.
290 5208 343 5256 ut
367 5204 513 5274 fama
555 5206 758 5274 fuerat,
783 5207 1086 5261 enarravit.
1121 5205 1326 5261 Deinde
1366 5205 1692 5279 quibusdam
1797 5209 1912 5262 sive
1939 5206 2215 5262 nobilibus
2235 5206 2507 5273 laicis,sic
2528 5208 2803 5278 proﬁteor,
2819 5210 2954 5281 quia
2981 5226 3274 5281 germanus
3298 5228 3452 5269 meus

90 5285 414 5357 episcoporum
452 5294 617 5348 simul
655 5300 707 5348 et
737 5291 1004 5349 [uicorum
1047 5293 1290 5366 idipsum
1337 5295 1689 5351 enucleavit:
1798 5296 2095 5352 Hucbertus
2124 5295 2353 5351 clericus
2384 5311 2469 5351 me
2513 5295 2974 5355 adolescentulam
3012 5303 3275 5372 corrupit.
3303 5310 3354 5357 et
3393 5302 3452 5356 in

89 5379 242 5437 Ροδῑϐα
261 5392 459 5449 quoque
483 5381 791 5438 chartulam
817 5397 938 5440 suae
963 5384 1336 5453 confessionis,
1370 5400 1467 5439 suo
1500 5390 1693 5452 rogatu
1799 5401 1916 5441 meo
1952 5401 2172 5456 corpore
2216 5390 2410 5440 contra
2458 5386 2771 5441 naturalem
2818 5404 2980 5443 usum
3032 5390 3452 5459 fornicationem

93 5463 425 5535 conscriptam,
447 5470 506 5525 in
532 5479 718 5527 nostra
748 5473 994 5528 omnium
1012 5479 1062 5526 et
1092 5473 1394 5528 multorum
1424 5474 1694 5528 laicorum
1799 5475 2059 5540 exercuit,
2110 5480 2162 5528 et
2210 5475 2562 5545 perpetravit.
2624 5475 2732 5530 Hoc
2789 5477 3061 5546 testiﬁcor,
3125 5484 3255 5532 teste
3312 5476 3453 5530 mihi

93 5554 367 5625 Prmentia,
395 5557 454 5611 iu
479 5576 647 5615 manu
682 5561 913 5631 gloriosi
956 5562 1102 5630 regis
1147 5562 1383 5618 Hlotarii
1425 5563 1689 5634 parracit,
1800 5563 2129 5617 conscientia
2158 5578 2295 5629 mea,
2326 5578 2437 5618 non
2467 5563 2658 5634 aliqua
2689 5564 2946 5620 malivola
2973 5565 3315 5630 suggestione
3328 5578 3449 5631 per-

99 5642 293 5710 mo‘rque
320 5658 494 5702 coram
523 5651 772 5705 omnibus
798 5649 993 5721 palam
1014 5649 1189 5706 locuta
1203 5668 1220 5703 :
1234 5651 1461 5708 Domine
1479 5652 1558 5706 mi
1574 5666 1690 5716 rex,
1800 5667 1985 5719 suasa,
2024 5667 2197 5722 neque
2236 5652 2458 5710 violenti
2504 5654 2818 5708 necessitate
2861 5650 3156 5723 compulsa,
3187 5650 3281 5709 sed
3316 5652 3453 5708 sima

3416 5872 3637 5919 ,π’-’κ-

3704 5846 3733 5879 ..ί
