3828 6204
333 353 450 420 667
996 356 1333 422 APPEND.
1378 355 1480 423 AD
1525 358 1712 424 SEO.
1759 358 1831 421 X.
1868 392 1945 405 -—
1973 352 2476 426 MONUMENTA
2521 358 3076 429 DIPLOMATICA.
3624 362 3727 428 668

329 494 470 567 plici
500 493 775 551 voluntate
804 494 887 550 rei
913 495 1195 552 veritatem
1221 496 1389 551 sicuti
1416 502 1494 552 est
1508 495 1777 570 professa.
1790 498 1983 553 Sicme
2007 494 2063 564 Α
2093 497 2405 568 conﬁtebor.
2448 498 2679 555 Tantum
2721 500 2936 556 obsecro
2979 506 3203 572 propter
3252 496 3353 556 Dei
3398 514 3657 569 amorem,
3685 508 3733 557 ut

335 585 554 657 adjuvet
578 584 864 645 Dominus.
904 586 1004 656 qui
1025 592 1328 656 peccatores
1355 586 1571 641 salvare
1598 588 1762 654 venit,
1794 595 1844 642 et
1860 604 1984 659 pec-
2092 588 2228 642 meis
2252 586 2507 658 precibus
2551 587 2915 645 desideratam
2956 588 3402 646 misericordiam
3444 591 3567 660 jam
3600 590 3730 647 modo

332 683 458 732 cata
482 674 807 745 simpliciter
823 689 888 729 ac
905 675 1168 729 veraciter
1192 675 1568 745 conﬁtentibus
1592 691 1773 731 veram
1803 676 1984 731 indul-
2090 676 2416 732 concedatis.
2434 676 2580 732 Hinc
2601 680 2802 733 nostra
2821 676 3154 734 sollicitudo
3178 679 3516 752 requisivit,
3530 696 3601 734 an
3622 680 3726 752 ipsa

333 766 576 833 gentiam
608 764 883 834 promisit,
913 764 963 818 si
999 763 1145 818 nihil
1169 764 1337 833 ﬁngo,
1369 765 1423 819 si
1450 780 1578 819 vera
1602 766 1831 835 propria
1860 781 1984 821 voce
2093 763 2340 820 ulterius
2372 765 2506 821 inde
2535 765 2796 837 aliquam
2827 765 3002 823 vellet
3028 767 3470 840 querimoniam
3502 784 3724 838 movere,

330 854 659 923 pronuneio,
717 860 770 908 et
826 853 1136 907 litterarum
1191 854 1552 923 chirographo
1606 870 1723 908 rem
1779 863 1984 923 gestam
2090 858 2193 909 aut
2223 854 2453 925 aliquas
2483 853 2798 925 aliquando
2829 854 3076 911 insidias
3117 855 3332 924 moliri,
3367 856 3422 912 si
3456 874 3577 913 sua!
3606 857 3723 929 peti-

330 940 595 1013 conﬁrmo
625 960 643 997 :
675 943 809 1014 quia
855 942 1197 997 tolerabilius
1242 948 1323 997 est
1361 944 1524 1008 mihi,
1554 942 1891 1013 imprudenti
1918 960 1984 998 ac
2088 942 2231 998 tioni
2257 943 2416 998 ﬁeret
2435 942 2800 1000 satisfactum
2819 945 3017 1016 ;cujus
3033 944 3457 1017 obligationem
3477 951 3537 1001 et
3555 952 3725 1002 nostra

327 1033 564 1104 decepta
590 1033 834 1101 feminae,
866 1046 1049 1086 coram
1076 1030 1388 1086 hominibus
1415 1032 1631 1103 culpam
1657 1033 1982 1104 simpliciter
2088 1030 2242 1087 illico
2292 1031 2657 1088 unanimitas
2702 1033 2784 1088 ita
2814 1038 3125 1105 prosecuta
3154 1039 3245 1090 est
3278 1051 3293 1089 :
3323 1036 3512 1102 Scias,
3542 1051 3574 1090 ο
3599 1035 3722 1104 ﬁlia,

328 1123 593 1193 conﬁteri,
627 1138 791 1193 quam
819 1127 947 1174 ante
985 1120 1233 1175 tribunal
1285 1122 1512 1175 Domini
1554 1123 1864 1177 erubescere
1894 1129 1977 1177 at-
2086 1122 2217 1194 quia
2237 1123 2289 1176 si
2306 1129 2547 1177 nostram
2572 1123 2629 1177 in
2654 1129 2702 1176 te
2721 1130 2978 1194 tuamque
2995 1125 3393 1194 confessionem
3422 1127 3722 1179 sententiam

328 1228 430 1285 que
456 1220 728 1269 aeternum
756 1225 841 1267 vae
868 1209 1086 1265 habere.
2085 1210 2410 1281 expectabis,
2423 1218 2484 1265 ut
2512 1218 2561 1265 te
2588 1210 2798 1268 divinae
2823 1218 2877 1267 et
2901 1215 3184 1268 canonica?
3210 1213 3633 1284 comprehendat
3646 1230 3723 1267 auo

400 1303 487 1356 16.
518 1300 633 1355 Hoc
653 1299 853 1370 itaque
875 1297 1135 1362 recitato,
1149 1298 1219 1352 ad
1229 1298 1512 1353 stantium
1526 1298 1755 1353 animos
1773 1298 1978 1354 horror
2084 1301 2352 1355 etoritatis
2365 1315 2616 1362 censura,
2631 1307 2683 1354 et
2702 1298 3100 1356 indissolubilis
3122 1302 3359 1372 incipiat
3376 1302 3559 1373 ligare
3571 1319 3717 1358 sacer-

330 1390 548 1463 pariter
577 1406 642 1443 ac
665 1387 829 1443 dolor
857 1385 1124 1458 perculit,
1139 1404 1206 1442 ac
1235 1387 1306 1441 de
1335 1391 1500 1441 tanta
1526 1386 1761 1443 licentia
1782 1388 1978 1442 diabo-
2084 1388 2265 1443 dolum
2295 1395 2511 1454 catena,
2543 1388 2686 1442 unde
2714 1388 2896 1444 adhuc
2919 1397 3066 1460 potes
3106 1405 3456 1461 recuperare,
3487 1392 3539 1444 si
3565 1398 3717 1445 tam

326 1479 450 1535 lices
476 1478 699 1533 fraudis
722 1477 1094 1533 sacerdotum
1118 1480 1351 1547 pectora
1367 1475 1622 1548 gemitus
1642 1476 1971 1550 complevit.
2078 1484 2246 1549 potes,
2279 1476 2531 1541 ulterius,
2563 1484 2623 1532 ut
2651 1479 3011 1543 assumamus,
3042 1493 3156 1533 non
3174 1478 3549 1550 recupersbis.
3574 1478 3657 1533 sic
3671 1484 3717 1533 et

325 1567 439 1625 Sed
458 1566 729 1640 quamvis
749 1565 865 1621 ista
883 1566 1011 1636 ejus
1033 1564 1321 1620 confessio
1339 1564 1635 1621 credibilis
1648 1572 1971 1638 appareret,
2081 1563 2215 1621 laici
2246 1564 2568 1638 plurimum
2597 1581 2727 1621 eam
2756 1566 3211 1630 admonuerunt,
3244 1567 3512 1622 maxime
3558 1566 3716 1639 ipsius

324 1661 522 1713 tamen
546 1672 618 1711 ne
638 1656 786 1710 forte
808 1671 912 1726 pro
933 1653 1129 1725 aliqua
1148 1653 1486 1725 deceptione
1516 1659 1615 1709 aut
1642 1672 1745 1727 pro
1764 1655 1973 1711 timore
2082 1653 2402 1709 familiares
2419 1657 2475 1708 et
2496 1653 2667 1708 amici
2701 1654 3021 1709 admodum
3050 1653 3235 1721 illam,
3252 1671 3326 1710 ne
3342 1671 3412 1711 se
3427 1654 3712 1727 deciperet,

324 1744 575 1816 alicujus
594 1760 748 1816 saepe
764 1742 920 1798 dicta
941 1741 1151 1797 mulier
1170 1742 1531 1809 mentiretur,
1548 1745 1739 1799 denuo
1758 1760 1973 1799 memo-
2080 1741 2369 1814 pulsando
2416 1742 2816 1814 increpabant.
2850 1742 2983 1815 ipsa
3022 1748 3244 1813 tamen,
3275 1742 3466 1799 veluti
3515 1742 3563 1798 si
3608 1744 3713 1813 ejus

324 1837 516 1889 ratum
540 1848 731 1905 regem
756 1831 1136 1903 alloquentes,
1162 1830 1393 1903 magnis
1413 1849 1547 1887 eum
1569 1832 1969 1889 obtestationi-
2003 1861 2049 1927 Β
2079 1830 2448 1887 conscientiae
2480 1834 2770 1887 secretum
2798 1830 3154 1886 intuentium
3193 1830 3387 1887 oculis
3439 1829 3714 1887 visibililer

322 1919 1736 1988 busadstrinximus,utnobisconﬁteretur,sieam
1754 1922 1975 1978 suasio-
2003 1919 2045 1927 ’⁷
2081 1925 2404 1993 appareret,
2438 1919 2759 1976 immobilis
2816 1919 2875 1974 in
2935 1936 3044 1976 sua
3100 1919 3476 1977 confessione
3530 1920 3709 1992 perduo

322 2016 508 2067 neaut
519 2010 973 2066 comminatione
985 2009 1057 2064 ad
1071 2009 1326 2080 seipsam
1352 2008 1635 2067 fallaciter
1653 2010 1970 2066 criminan-
2080 2009 2245 2066 ravit.

322 2101 463 2156 dum
477 2098 929 2172 compulisset.E
942 2104 1146 2154 contra
1159 2098 1283 2170 ipse
1296 2115 1427 2155 cum
1445 2099 1718 2156 maximis
1731 2103 1970 2157 attesta-
2153 2100 2238 2153 18.
2273 2096 2420 2164 Quid
2433 2095 2666 2170 longius
2679 2096 3247 2154 immoremur‘Nam
3260 2098 3706 2154 omnidubietate

321 2188 581 2246 tionibus
611 2188 782 2244 nobis
803 2186 1140 2254 declaravit,
1166 2188 1349 2243 solam
1384 2188 1464 2244 rei
1487 2189 1788 2245 veritatem
1810 2189 1968 2245 illam
2080 2190 2394 2252 remota,et
2413 2185 2496 2241 rei
2527 2186 2766 2242 veritate
2791 2191 3108 2259 comperta,
3141 2203 3360 2243 novum
3391 2187 3706 2243 auditusce-

321 2276 1968 2349 confiterisepersuasissc,necineacausaindustriosea-
2079 2276 2192 2344 lus,
2231 2275 2596 2347 nefandaque
2624 2274 2946 2347 pollutione
2989 2275 3374 2345 horrendum,
3412 2276 3702 2350 praesertim

320 2366 508 2440 liquid
532 2366 789 2439 amplius
810 2365 1019 2438 egisse.
1045 2366 1351 2421 Referebat
1371 2366 1546 2422 etiam
1570 2367 1738 2422 nobis
1758 2367 1817 2422 in
1840 2367 1970 2440 ipsa
2077 2366 2248 2437 cujus
2278 2365 2539 2420 faetorem
2564 2365 2690 2436 jam
2710 2364 2810 2419 diu
2829 2364 3288 2437 perinuumeros
3307 2364 3484 2439 longe
3505 2364 3704 2437 lateque

319 2455 793 2527 hora,quomodo
806 2457 1116 2526 postquam
1137 2452 1394 2525 primum
1412 2455 1714 2510 infandam
1728 2473 1849 2511 rem
1863 2474 1969 2512 au-
2078 2454 2236 2510 fama
2264 2454 2638 2525 disperserat,
2673 2469 2748 2508 ne
2777 2453 3162 2525 presentibus
3191 2470 3259 2509 ac
3287 2454 3509 2511 futuris
3549 2452 3701 2526 pesti-

320 2544 556 2610 divit,et
572 2559 768 2599 veram
791 2540 1055 2607 credidit,
1079 2545 1365 2613 quantum
1388 2542 1525 2599 inde
1549 2542 1754 2613 doluit,
1779 2561 1966 2615 quan-
2077 2544 2258 2600 feram
2295 2541 2728 2614 corruptionem
2777 2541 3007 2610 inferat,
3046 2541 3161 2598 nisi
3194 2542 3460 2599 severius
3488 2541 3701 2614 diligen-

318 2621 566 2705 tumque
604 2631 717 2687 sibi
747 2629 1115 2702 inopinatum
1145 2629 1387 2699 malum,
1411 2636 1469 2687 et
1500 2631 1740 2687 minime
1769 2636 1968 2704 optata
2073 2633 2310 2705 tiusque
2351 2631 2652 2699 evellatur,
2686 2630 2850 2686 nulla
2900 2629 3011 2687 levi
3059 2648 3201 2687 cura
3243 2630 3332 2687 vel
3365 2630 3699 2704 indulgentia

318 2716 1301 2792 forsdisplicuit;qualiterdenique
1315 2736 1433 2775 rem
1454 2720 1666 2776 fmdam
1681 2720 1965 2792 patienter
2074 2722 2445 2778 tractandum
2474 2720 2667 2776 visum
2698 2724 2808 2776 est.
2833 2720 2957 2776 Non
2990 2720 3149 2776 enim
3179 2720 3433 2777 dubium
3463 2725 3569 2785 est,
3585 2719 3700 2791 quia

319 2810 487 2876 ferre,
502 2808 684 2865 etnisi
699 2810 825 2880 jam
851 2811 1084 2863 tantum
1108 2807 1264 2863 fama
1282 2809 1657 2878 cucurrisset,
1672 2810 1963 2866 occultare
2074 2810 2360 2868 naturalis
2389 2810 2541 2865 inter
2569 2809 2806 2866 fratrem
2846 2813 2905 2865 et
2943 2824 3202 2866 sororem
3251 2809 3594 2866 concubitus
3619 2823 3693 2861 ve-

313 2897 517 2961 voluit,
535 2902 593 2954 et
612 2901 898 2970 quantum
922 2896 1114 2970 potuit
1133 2897 1289 2953 fecit.
1310 2896 1473 2954 Unde
1493 2903 1552 2955 et
1573 2898 1785 2955 falsum
1800 2898 1959 2971 judi-
2072 2900 2231 2956 niam
2252 2898 2592 2971 temporalis
2613 2916 2728 2953 non
2751 2902 3009 2954 meretur
3030 2897 3292 2969 honoris,
3314 2902 3372 2954 et
3396 2897 3541 2955 nihil
3558 2894 3692 2952 aliud

315 2987 475 3043 cium
488 3003 550 3044 se
571 2986 790 3044 sciente
811 3003 915 3058 pro
934 2986 1167 3043 verilica
1187 2986 1614 3043 examinatione
1636 2989 1963 3061 suscepitet
2071 2992 2271 3057 restat,
2294 3004 2471 3060 quam
2497 2987 2754 3043 vindicta
2783 2992 2840 3043 et
2863 2986 3225 3060 pmnitentia,
3246 3004 3354 3043 nec
3383 2986 3555 3043 habet
3572 2984 3695 3039 ulte-

313 3075 1262 3148 toleravit,utsiﬁeripossettanta
1280 3076 1961 3149 turpitudoincredibilis
2069 3078 2194 3133 rius
2223 3076 2631 3150 progrediendi
2679 3075 3043 3132 occasionem
3091 3075 3433 3132 damnabile
3475 3074 3688 3136 crimen,

314 3168 641 3238 appareret,
673 3168 731 3219 et
776 3163 861 3220 sic
906 3162 967 3219 in
1016 3164 1238 3220 mundo
1284 3170 1673 3235 evanesceret,
1719 3166 1960 3241 ipseque
1996 3229 2032 3241 Α
2071 3166 2226 3238 quod
2257 3164 2457 3221 statim
2490 3182 2525 3221 a
2553 3162 3092 3237 praevaricatoribus
3114 3163 3302 3221 multa
3331 3181 3462 3236 quae
3490 3162 3690 3219 fuerant

312 3270 508 3309 coram
531 3252 743 3309 saaculo
761 3252 821 3308 in
841 3256 963 3308 tam
983 3252 1375 3326 ignominiosa
1396 3254 1627 3311 macula
1644 3260 1701 3311 et
1719 3229 1959 3314 ruinosa
1990 3229 2033 3297 α
2070 3254 2230 3311 licita
2260 3253 2495 3327 penitus
2527 3270 2618 3309 am
2628 3257 2823 3325 putat:
2846 3252 3095 3325 ideoque
3124 3252 3235 3309 hoc
3257 3269 3325 3309 eo
3345 3252 3534 3309 rarius
3552 3268 3583 3306 a
3600 3265 3686 3305 se—

310 3342 629 3399 oﬂ‘ensione
650 3359 767 3398 non
790 3346 1134 3399 remaneret.
1152 3343 1468 3415 Postquam
1492 3348 1687 3401 autem
1709 3346 1959 3403 revelata
2067 3344 2198 3401 culo
2227 3343 2491 3417 contigit,
2524 3360 2640 3416 quo
2671 3347 2922 3411 constat,
2956 3341 3097 3415 quia
3128 3341 3335 3400 nullus
3362 3342 3496 3399 inde
3523 3354 3684 3398 exem-

310 3431 492 3504 pestis
515 3431 695 3488 latere
716 3448 829 3488 non
862 3432 1070 3505 potuit,
1093 3448 1159 3487 ac
1183 3431 1307 3503 ipse
1328 3433 1559 3505 pondus
1580 3433 1724 3489 tanti
1746 3452 1955 3508 oppro-
2067 3433 2230 3507 plum
2253 3433 2366 3489 sibi
2390 3433 2784 3506 praesumpsit,
2809 3432 2966 3505 quod
2986 3448 3292 3504 nunquam
3320 3430 3537 3489 veniale
3554 3426 3682 3501 apud

308 3520 418 3576 brii
442 3520 591 3577 ferre
608 3520 887 3592 nequivit,
903 3519 1155 3576 maxime
1171 3537 1305 3576 cum
1325 3520 1587 3592 partibus
1608 3522 1956 3597 Burgundiaa
2066 3522 2271 3579 mundi
2290 3521 2536 3595 gloriam
2563 3538 2691 3578 esse
2716 3521 2923 3593 potuit.
2938 3520 3046 3576 Sed
3070 3537 3203 3576 cum
3228 3519 3473 3593 quilibet
3495 3517 3680 3589 aliquo-

306 3613 482 3681 atque
508 3608 686 3665 Italia:
717 3610 1054 3664 discurrens
1076 3609 1253 3665 nimis
1285 3610 1645 3667 diffamatum
1679 3629 1746 3668 ac
1777 3613 1958 3669 divul-
2064 3611 2218 3667 tiens
2248 3611 2307 3666 in
2339 3610 2488 3666 hanc
2512 3609 2811 3666 miseriam
2842 3608 2990 3681 lapsi
3023 3614 3184 3677 sunt,
3205 3626 3322 3665 non
3351 3610 3423 3665 de
3450 3602 3680 3677 exemplo

307 3702 503 3769 gatam
535 3697 856 3753 foeditatem
891 3697 1208 3764 exhorruit,
1243 3715 1355 3753 non
1409 3702 1498 3754 est
1545 3717 1755 3771 passus
1804 3702 1956 3759 hanc
2064 3700 2308 3757 alterius
2329 3700 2561 3766 accidit,
2584 3700 2685 3755 sed
2706 3699 2779 3755 de
2800 3698 3045 3770 antiqua
3074 3697 3292 3755 diaboli
3325 3697 3521 3754 fraude
3547 3698 3600 3751 et
3615 3693 3679 3749 si—

307 3802 545 3841 causam
569 3785 696 3840 sine
716 3784 1121 3857 episcoporum
1134 3786 1557 3843 examinediuti
1566 3806 1634 3844 us
1648 3790 1950 3847 subsilere'
2064 3788 2190 3845 mili
2212 3787 2542 3862 fragilitatis
2568 3786 2829 3861 impulsu
2847 3804 2912 3843 ac
2929 3786 3249 3860 praecipitio
3268 3780 3677 3856 recensetquasi

308 3873 529 3930 Revera
558 3872 903 3945 lacrymosis
934 3872 1203 3946 suspiriis
1236 3873 1639 3947 multipliciter
1662 3877 1717 3933 id
1751 3878 1862 3935 sibi
1883 3880 1955 3936 de
2063 3895 2211 3935 nova
2233 3877 2545 3933 ruinafuit.
2563 3877 2723 3934 Istud
2748 3880 2944 3933 autem
2966 3877 3335 3950 contagionis
3346 3869 3677 3950 genus,quod

308 3966 634 4018 memorata
661 3960 882 4017 femina
903 3961 1428 4028 inculcatum,etin
1449 3963 1557 4020 hoc
1577 3965 1754 4022 etiam
1776 3985 1953 4041 regno
2064 3984 2219 4024 nunc
2248 3966 2455 4039 incipit
2481 3983 2610 4023 esse
2642 3982 2857 4022 novum
2888 3970 2947 4021 et
2988 3969 3164 4021 antea
3192 3965 3363 4023 nobis
3389 3969 3509 4021 erat
3531 3962 3675 4017 inau-

304 4068 339 4106 a
370 4049 640 4123 plurimis
680 4049 1037 4106 affirmatum
1079 4067 1194 4105 non
1224 4049 1350 4107 sine
1378 4051 1600 4125 gemitu
1634 4056 1949 4126 repetebat.
2062 4054 2613 4122 ditum,cavendum
2638 4058 2834 4125 est,ne
2866 4053 3201 4110 morbosam
3232 4057 3454 4126 pestem
3471 4054 3523 4109 et
3540 4050 3673 4105 incu-

371 4139 461 4195 47.
494 4139 610 4196 Nos
637 4138 818 4213 igitur
848 4155 1055 4196 rursus
1083 4140 1329 4196 eandem
1361 4139 1949 4215 mulierem,primum
2060 4143 2305 4201 rabilem
2352 4141 2511 4199 luem
2569 4142 2767 4217 generi
2811 4143 3176 4199 transmittat
3223 4142 3495 4207 humano,
3524 4142 3583 4193 ut
3606 4136 3671 4191 ita

299 4229 773 4296 secreto,deinde
803 4245 1001 4284 coram
1026 4228 1192 4285 laicis
1225 4228 1795 4305 adivimus,eamque
1817 4251 1949 4291 cum
2058 4233 2325 4290 videlicet
2354 4232 2516 4305 origo
2547 4230 2873 4305 perniciosa
2916 4231 3184 4288 funditus
3224 4232 3548 4304 extirpetur,
3574 4239 3669 4297 quo

297 4317 1947 4391 adjurationedivinamonitispluribusexbortatisumus,
2059 4320 2287 4377 nullum
2319 4319 2649 4391 exemplum
2692 4318 3034 4392 nullamque
3082 4319 3388 4392 fragilibus
3416 4315 3668 4386 relinquat

297 4424 369 4464 ne
384 4407 494 4463 sibi
520 4406 638 4463 ullo
662 4408 834 4464 modo
858 4406 1071 4463 falsum
1092 4408 1312 4463 crimen
1335 4407 1948 4476 inferret,aaternarum
2057 4410 2447 4476 occasionem,
2482 4425 2553 4465 ne
2585 4408 2752 4474 forte,
2786 4408 2939 4481 quod
2973 4409 3147 4475 absit,
3173 4407 3311 4464 talis
3349 4400 3662 4464 consuetudo

296 4512 529 4568 quoque
577 4512 886 4569 pmnarum
934 4495 1133 4564 minis,
1168 4496 1217 4553 si
1249 4496 1357 4552 hoc
1399 4496 1630 4565 laceret,
1659 4499 1949 4558 deterrere
2057 4499 2357 4565 inolescat,
2376 4516 2494 4571 qua
2524 4496 2848 4553 naturalem
2874 4497 3402 4571 consanguinitatis
3430 4488 3661 4551 concubi-

295 4584 660 4641 curavimus:
688 4583 1024 4657 iterumque
1044 4584 1116 4640 de
1146 4589 1345 4640 nostro
1373 4585 1616 4642 consilio
1646 4591 1702 4643 et
1733 4588 1947 4646 auxilio
1978 4595 2023 4660 Β
2054 4593 2179 4644 tum
2197 4587 2331 4660 quis
2352 4586 2581 4655 devitet,
2596 4590 2654 4642 et
2671 4585 2945 4642 fornicari
2977 4590 3182 4643 contra
3210 4590 3474 4643 naturam
3489 4581 3541 4637 in
3561 4592 3663 4652 pro-

293 4673 544 4729 tuitione
565 4689 631 4729 ac
653 4673 991 4730 defensione
1016 4678 1221 4730 contra
1247 4690 1452 4729 omnes
1467 4673 1716 4731 insidias
1730 4676 1818 4732 vel
1834 4678 1951 4735 vio-
2059 4678 2185 4750 prio
2216 4692 2448 4750 genere,
2483 4674 2603 4732 leve
2631 4674 2743 4731 hoc
2804 4674 3103 4732 mstimans
3160 4675 3403 4742 malum,
3433 4667 3661 4728 licentius

295 4758 510 4817 lentiae
542 4777 809 4817 securam
859 4761 1245 4828 reddidimus,
1276 4765 1507 4816 tantum
1539 4766 1605 4816 ut
1630 4762 1799 4819 nobis
1820 4766 1946 4835 jam
2058 4769 2378 4823 assuescat.

292 4851 434 4904 tunc
484 4849 836 4905 ﬁducialiter
885 4850 1281 4915 confiteretur,
1315 4854 1514 4904 utrum
1564 4867 1845 4923 persuasa
1871 4870 1945 4909 an
2128 4854 2214 4910 19.
2248 4854 2352 4910 His
2377 4870 2515 4927 ergo
2543 4852 2927 4910 consideratis
2946 4856 3003 4910 et
3024 4853 3340 4928 diligenter
3361 4841 3655 4925 perspectis»

293 4934 602 5008 compulsa
628 4938 699 4993 ad
731 4938 985 5010 seipsam
1018 4938 1454 4995 criminandum
1479 4938 1806 4997 fuisset.Ad
1825 4941 1945 4998 haec
2055 4942 2370 5017 lugendam
2393 4942 2599 4999 incesti
2633 4941 3112 5015 pollutionem,in
3144 4942 3439 5016 publicum
3462 4930 3655 4994 exhala‘

292 5025 394 5081 illa
424 5040 631 5096 aspero
662 5026 881 5081 intuitu
915 5043 1022 5083 nos
1050 5029 1437 5101 redarguens:
1465 5029 1700 5095 Putatis,
1730 5030 1943 5102 inquit,
2053 5036 2197 5101 tam,
2232 5031 2476 5105 publica
2504 5031 2857 5105 pcenitentiaa
2901 5031 3300 5090 satisfactione
3338 5022 3654 5105 purgandi"n

292 5121 358 5169 ut
379 5114 644 5184 meipsam
670 5130 769 5185 pro
817 5114 1009 5186 aliqua
1058 5131 1119 5171 re
1164 5118 1224 5170 in
1260 5116 1464 5173 mundo
1496 5119 1573 5173 ita
1599 5118 1824 5190 perdere
1853 5138 1945 5177 vo-
2054 5120 2435 5178 decrevimus.

293 5203 515 5258 luissem
539 5204 565 5255 .’
587 5200 742 5256 Sicut
766 5203 917 5256 enim
957 5205 1201 5274 confessa
1235 5205 1343 5275 fui,
1376 5206 1457 5260 sic
1486 5207 1760 5278 conﬁteor,
1790 5216 1843 5266 et
1866 5212 1947 5266 sic
