3828 6204
344 296 466 359 675

1004 288 1342 357 APPEND.
1395 290 1495 354 AD
1540 292 1726 354 SEO.
1777 294 1851 354 Κ.
1889 326 1961 336 -
1993 284 2495 355 MONUMENTA
2542 289 3098 359 IlIPLOMATICA.

3640 293 3733 356 676

349 429 532 486 nostri
563 428 738 484 talem
783 427 968 500 legem
1000 432 1056 481 et
1085 426 1492 481 rrctitudinem
1542 429 1600 480 et
1647 425 1758 479 tale
1808 424 1991 480 salva-
2024 426 2077 491 Λ
2111 429 2206 496 pto
2238 424 2336 480 illo
2370 428 2524 498 quod
2556 428 2625 483 de
2653 444 2782 483 mea
2806 428 3119 484 donatione
3142 427 3325 498 venit,
3346 426 3469 482 illis
3491 427 3734 493 concedo,

349 524 615 575 mentum
647 517 707 572 in
730 516 925 591 regnis
948 515 1164 571 nostris
1191 515 1476 580 habeatis,
1502 513 1655 569 sicut
1676 518 2001 568 antecesso-

348 624 442 664 res
463 604 639 663 vestri
669 611 931 676 tempore
961 608 1399 659 antecessorum
1422 606 1756 657 nostrorum
1780 600 1998 656 habue-

348 699 488 752 runt
506 695 601 762 “0;
627 699 683 750 et
701 710 809 749 nos
830 692 1007 747 talem
1029 691 1309 747 honorem
1333 694 1390 745 et
1410 694 1626 745 rectam
1649 691 1999 762 potestatem

348 784 411 840 in
443 788 641 840 nostro
678 782 836 855 regio
884 782 1122 837 nomine
1150 779 1304 851 apud
1336 796 1437 835 vos
1478 778 1821 845 habeamus,
1849 776 2002 832 sicut

348 871 533 927 nostri
563 876 960 927 antecessores
999 869 1151 940 apud
1196 872 1420 923 vestros
1464 871 1861 922 antecessores
1889 865 1999 923 ha-

346 962 629 1029 buerunt;
654 964 712 1015 et
734 958 969 1030 justitia
998 963 1056 1013 et
1084 957 1175 1012 lex
1204 956 1479 1012 omnibus
1510 960 1911 1023 conservetur;
1939 958 1998 1009 et

347 1065 633 1122 pauperes
653 1047 921 1103 homines
939 1045 1116 1101 talem
1134 1043 1533 1100 defensionem
1554 1043 1830 1111 habeant,
1845 1041 1999 1099 sicut

344 1142 604 1210 tempore
626 1139 1059 1192 antecessorum
1093 1138 1425 1190 nostrorum
1448 1132 1538 1188 lex
1558 1137 1613 1188 et
1636 1132 1997 1188 consuetudo

345 1226 477 1293 fuit,
505 1230 563 1281 et
593 1225 749 1281 sicut
778 1223 872 1280 hic
898 1224 961 1259 ⁹⁶¹
994 1222 1197 1279 ﬁdeles
1228 1222 1411 1277 nostri
1444 1220 1838 1277 communiter
1867 1237 1999 1277 con-

344 1318 657 1370 senserunt
684 1317 741 1369 et
769 1311 985 1385 scripto
1013 1310 1182 1366 nobis
1212 1311 1784 1379 demonstraverunt,
1804 1314 1861 1364 et
1890 1326 1999 1364 nos

344 1419 477 1458 cum
510 1401 745 1457 illorum
800 1399 1043 1456 consilio
1094 1398 1498 1455 consentimus
1530 1402 1587 1453 et
1616 1397 1910 1453 observari
1930 1398 1998 1433 9“

343 1490 738 1547 communiter
765 1488 1036 1545 volumus
1090 1488 1161 1543 Et
1189 1487 1237 1543 si
1269 1486 1487 1559 aliquis
1518 1486 1628 1541 hoc
1658 1486 1998 1559 perturbare

342 1578 608 1645 voluerit,
631 1595 665 1633 a
695 1578 857 1633 nullo
891 1582 1156 1633 nostrum
1204 1575 1537 1647 recipiatur,
1572 1573 1685 1629 nisi
1716 1580 1781 1633 ut
1810 1580 1912 1630 aut
1931 1576 1999 1611 9⁸³

344 1667 416 1723 ad
448 1671 666 1722 rectam
699 1666 984 1721 rationem
1017 1669 1119 1720 aut
1148 1664 1221 1719 ad
1253 1665 1321 1698 9“
1360 1662 1767 1719 rationabilem
1799 1663 1997 1719 indul-

342 1756 552 1829 gentiae
574 1754 1011 1811 concessionem
1045 1753 1388 1809 deducatur.

411 1846 466 1901 6.
500 1845 612 1901 Sed
645 1848 701 1899 et
730 1844 797 1878 9“
826 1843 897 1898 de
927 1842 1058 1899 istis
1102 1840 1326 1914 rapinis
1356 1845 1412 1897 et
1440 1841 1992 1913 depraedationibus,

342 1951 489 2007 quas
511 1935 639 2005 jam
671 1933 838 2006 quasi
870 1949 973 2004 pro
1005 1931 1132 2005 lege
1175 1930 1347 1986 multi
1379 1947 1482 2003 per
1509 1932 1994 1987 consuetudinem

339 2027 559 2090 tenent,
585 2022 658 2076 ab
688 2021 798 2077 hoc
829 2020 924 2075 die
966 2024 1025 2076 et
1069 2019 1344 2091 deinceps
1374 2020 1447 2075 de
1476 2019 1576 2075 Dei
1611 2020 1803 2075 bauno
1836 2024 1893 2075 et
1923 2020 1995 2075 de

339 2113 405 2148 ⁹⁶⁶
430 2118 628 2167 nostro
649 2111 824 2166 verbo
845 2111 910 2145 ⁹⁶⁷
943 2109 1363 2174 bannimus,ut
1394 2125 1566 2163 nemo
1596 2108 1707 2165 hoc
1736 2108 1994 2181 amplius

340 2204 675 2273 praesumat.
693 2199 802 2256 Sed
823 2198 1234 2271 unusquisque
1255 2197 1409 2252 infra
1429 2197 1677 2269 patriam
1699 2214 1829 2253 cum
1856 2214 1994 2270 pace

339 2294 395 2343 et
416 2288 541 2344 sine
563 2287 941 2361 oppressione
964 2302 1289 2358 pauperum
1310 2290 1368 2341 et
1397 2285 1991 2345 circummanentium

338 2377 644 2441 consistat,
666 2380 724 2431 et
754 2376 814 2430 in
846 2379 1075 2430 hostem
1096 2374 1183 2429 vel
1216 2374 1287 2429 ad
1320 2373 1601 2445 placitum
1634 2375 1752 2430 sive
1775 2375 1845 2431 ad
1868 2390 1995 2429 cur-

338 2470 455 2520 tem
477 2464 738 2528 veniens,
753 2464 824 2518 de
847 2479 953 2518 suo
975 2463 1058 2518 sic
1078 2463 1372 2517 warnitus
1393 2464 1459 2497 ⁹⁶⁸
1481 2465 1630 2531 (135)
1651 2468 1707 2518 et
1726 2464 1798 2519 de
1819 2463 1991 2520 domo

338 2570 448 2609 sua
477 2555 726 2617 moveat,
751 2554 815 2607 ut
842 2568 978 2606 cum
1012 2567 1152 2623 pace
1182 2551 1376 2606 venire
1398 2555 1454 2606 et
1475 2551 1783 2607 nobiscum
1814 2556 1988 2620 stare,

339 2646 396 2697 et
427 2642 498 2696 ad
531 2641 772 2696 domum
801 2656 970 2695 suam
1003 2639 1189 2695 redire
1219 2639 1425 2711 possit.
1451 2638 1515 2694 Et
1536 2640 1634 2712 qui
1666 2640 1777 2697 hoc
1806 2646 1993 2697 trans-

337 2745 577 2802 gressus
606 2729 801 2795 fuerit,
833 2728 983 2784 sicut
1010 2732 1273 2801 tempore
1302 2733 1739 2785 antecessorum
1770 2736 1994 2787 nostro-

337 2836 471 2874 rum
503 2819 863 2874 consuetudo
884 2819 951 2853 ⁹⁶⁹
982 2819 1110 2885 fuit,
1135 2822 1195 2873 et
1222 2816 1281 2872 in
1308 2816 1539 2873 illorum
1564 2819 1837 2891 capitulis
1859 2836 1993 2876 con-

336 2907 578 2974 tinetur,
601 2898 874 2964 volumus
905 2912 969 2963 ut
1005 2907 1115 2963 hoc
1161 2906 1221 2962 in
1280 2906 1398 2963 illis
1452 2909 1990 2980 transgressoribus

336 2997 699 3053 emendetur.

405 3088 460 3141 7.
489 3086 774 3143 Similiter
801 3089 859 3141 et
888 3086 960 3142 de
1009 3086 1565 3159 conspirationibus,
1597 3091 1654 3143 et
1700 3088 1773 3144 de
1803 3088 1988 3161 raptis

336 3175 711 3247 feminarum,
726 3179 846 3230 tam
865 3174 1173 3231 viduarum
1192 3192 1367 3248 quam
1386 3181 1443 3232 et
1464 3175 1789 3248 puellarum
1811 3159 1987 3250 atque
2016 3159 2059 3227 C

337 3263 1033 3331 nonnarum,bannimus
1062 3281 1131 3319 ex
1173 3265 1274 3320 Dei
1333 3269 1391 3321 et
1448 3270 1647 3321 nostro
1694 3266 1890 3335 verbo,
1927 3271 1989 3322 ut

336 3353 538 3409 nullus
567 3353 679 3409 hoc
707 3352 767 3408 in
800 3353 996 3427 regnis
1028 3353 1245 3409 nostris
1275 3370 1444 3426 agere
1474 3359 1809 3426 praesumat.
1837 3356 1907 3410 Et
1938 3355 1987 3410 si

335 3442 468 3515 quis
489 3442 598 3499 hoc
620 3443 1080 3516 praesumpserit,
1102 3443 1427 3499 secundum
1450 3443 1659 3515 legem,
1678 3447 1735 3499 et
1754 3443 1906 3499 sicut
1926 3444 1985 3499 in

331 3531 754 3603 capitularibus
786 3534 1223 3605 progenitorum
1266 3537 1601 3587 nostrorum
1633 3532 1983 3601 continetur,

332 3620 419 3676 sic
450 3619 560 3676 hoc
589 3621 902 3677 emendare
934 3624 1194 3693 cogatur.

400 3710 529 3765 Haec
573 3710 759 3765 eadem
806 3708 1037 3764 domnus
1078 3710 1321 3764 Karolus
1368 3711 1612 3765 Romana
1657 3710 1848 3781 lingua
1895 3710 1988 3765 ad-

331 3798 632 3864 nuntiavit,
663 3805 716 3852 et
742 3813 813 3852 ex
853 3798 1104 3851 maxima
1143 3806 1300 3868 parte
1329 3799 1527 3870 lingua
1561 3799 1869 3855 Theothisea
1898 3816 1985 3855 re-

331 3885 675 3956 capitulavit.
1368 3880 1385 3889 ’

402 3974 530 4029 Post
558 3974 678 4029 hac
705 3972 937 4028 domnus
966 3964 1320 4030 Htudcwicus
1340 3975 1410 4030 ad
1433 3975 1693 4032 damnum
1721 3977 1985 4033 Karolum

329 4064 562 4133 fratrem
587 4077 752 4116 suum
792 4062 991 4131 lingua
1030 4062 1274 4118 Romana
1301 4063 1446 4119 dixit
1477 4084 1495 4118 :
1525 4064 1712 4132 Nunc,
1741 4065 1790 4120 si
1820 4065 1985 4122 vobis

331 4149 544 4223 placet,
567 4154 827 4206 vestrum
858 4151 1101 4207 verbum
1146 4150 1360 4208 habere
1389 4152 1516 4208 volo
1546 4154 1616 4209 de
1647 4152 1764 4209 illis
1795 4152 1985 4210 homi-

332 4238 510 4295 nibus
542 4239 643 4312 qui
675 4239 747 4295 ad
785 4256 976 4295 meam
1009 4240 1184 4296 ﬁdem
1207 4246 1511 4296 venerunt.

399 4328 463 4383 Et
492 4327 725 4385 domnus
756 4328 998 4384 Karolus
1026 4329 1313 4385 excelsior:
1356 4346 1481 4385 voce
1511 4329 1709 4400 lingua
1738 4336 1985 4387 Romana

330 4418 515 4474 dixit:
539 4415 662 4473 Illis
684 4416 1026 4475 hominibus
1047 4418 1149 4492 qui
1167 4423 1372 4474 contra
1400 4436 1492 4475 me
1514 4418 1597 4476 sic
1620 4419 1881 4476 fecerunt
1910 4421 1985 4476 si-

331 4510 430 4562 cut
459 4505 645 4572 scitis,
677 4510 734 4561 et
763 4507 836 4561 ad
880 4523 1076 4562 meum
1128 4508 1368 4563 fratrem
1414 4514 1718 4575 venerunt,
1752 4514 1988 4581 propter
2015 4529 2062 4593 D

331 4595 517 4651 Deum
548 4598 608 4650 et
636 4598 874 4667 prOpter
893 4594 1052 4651 illius
1075 4613 1357 4662 amorem,
1385 4601 1441 4652 et
1467 4614 1571 4668 pro
1592 4595 1753 4652 illius
1773 4596 1981 4669 gratia,

330 4687 521 4739 totum
555 4684 810 4755 perdono
842 4685 996 4756 quod
1038 4690 1241 4740 contra
1269 4701 1364 4740 me
1410 4685 1788 4741 misfecerunt
1807 4687 1893 4754 πθ,
1928 4689 1987 4741 et

332 4771 569 4827 illorum
599 4771 796 4829 alodes
828 4773 899 4829 de
943 4772 1263 4830 hereditate
1307 4778 1367 4829 et
1413 4774 1484 4828 de
1543 4773 1900 4845 conquisitu,
1930 4778 1987 4830 et

333 4860 490 4932 quod
521 4859 592 4914 de
623 4859 937 4916 donatione
969 4862 1154 4918 nostri
1177 4860 1425 4918 senioris
1452 4861 1803 4931 habuerunt,
1826 4879 1986 4919 exce-

2109 513 2157 567 si
2191 512 2336 568 mihi
2367 514 2706 572 ﬁrmitatem
2741 516 2983 571 iecerint
3012 515 3168 588 quod
3199 514 3261 571 in
3293 530 3482 587 regno
3511 530 3639 569 meo
3665 530 3738 584 pa-

2109 602 2257 657 cifici
2291 601 2431 671 sint,
2457 607 2515 659 et
2546 604 2632 660 sic
2661 604 2742 660 ibi
2772 604 2969 660 vivant
2999 603 3152 661 sicut
3181 602 3495 659 christiani
3526 601 3588 656 in
3616 601 3739 657 chri-

2108 691 2299 747 stiano
2330 709 2510 765 regno
2539 692 2727 749 vivere
2770 693 3006 749 debent.
3038 693 3102 748 In
3132 692 3242 749 hoc
3291 695 3342 749 i
3392 692 3581 752 frater
3604 708 3739 747 meus

2109 779 2257 835 meis
2277 778 2675 853 fidelibus,qui
2695 785 2897 838 contra
2919 780 3085 837 illum
3110 779 3258 837 nihil
3274 781 3657 837 misfecerunt
3670 781 3739 848 Μ,

2108 872 2166 924 et
2193 886 2287 923 me
2315 870 2552 941 quando
2585 869 2728 926 mihi
2758 886 2908 942 opus
2940 870 3051 926 fuit
3082 871 3537 942 adjuvaverunt,
3570 867 3741 924 simili-

2106 962 2196 1012 ter
2225 957 2459 1014 illorum
2508 958 2727 1026 alodes,
2760 976 2910 1031 quos
2958 959 3017 1014 in
3072 975 3251 1033 regno
3310 958 3478 1015 illius
3532 959 3742 1029 habent,

2106 1047 2479 1104 concesserit.
2513 1048 2623 1105 Sed
2659 1051 2715 1104 et
2745 1048 2817 1104 de
2861 1047 2980 1104 illis
3009 1047 3284 1105 alodibus
3313 1065 3472 1122 quos
3522 1048 3595 1104 de
3637 1063 3739 1104 mea

2106 1134 2420 1192 donatione
2449 1135 2805 1202 habuerunt,
2837 1140 2895 1192 et
2932 1136 3110 1193 etiam
3139 1138 3210 1194 de
3242 1136 3597 1205 honoribus,
3616 1137 3741 1193 sicut

2105 1242 2241 1281 cum
2272 1223 2371 1281 illo
2403 1224 2614 1281 melius
2658 1225 3062 1292 considerabo,
3086 1226 3202 1281 illis
3233 1226 3337 1299 qui
3380 1227 3457 1283 ad
3494 1241 3589 1282 me
3616 1227 3742 1282 se"

2106 1314 2511 1384 retornabunt,
2528 1313 2855 1370 voluntarie
2882 1313 3117 1371 faciam.

2176 1404 2241 1458 Et
2267 1402 2497 1459 domnus
2534 1403 2854 1460 Hlotharius
2886 1403 3082 1473 lingua
3128 1405 3441 1461 Theothisca
3492 1407 3553 1461 in
3599 1420 3736 1477 supra

2105 1490 2447 1548 adnuntiatis
2476 1492 2738 1564 capitulis
2764 1509 2821 1548 se
2849 1495 3152 1551 consentire
3180 1492 3347 1562 dixit,
3378 1503 3433 1549 et
3479 1510 3537 1549 se
3582 1495 3739 1549 obser-

2104 1589 2365 1636 vaturum
2394 1582 2497 1636 illa
2520 1583 2798 1654 prmisit.

2177 1670 2241 1724 Et
2270 1675 2404 1725 tunc
2430 1670 2662 1727 domnus
2694 1671 2936 1727 Karolus
2961 1674 3160 1727 iterum
3198 1673 3393 1744 lingua
3422 1673 3661 1728 Romana
3690 1673 3739 1727 de

2101 1773 2235 1829 pace
2260 1761 2611 1826 commonuit,
2641 1767 2694 1815 et
2735 1768 2796 1815 ut
2844 1776 2965 1815 cum
2996 1761 3096 1816 Dei
3120 1763 3305 1831 gratia
3349 1765 3485 1817 sani
3527 1770 3581 1817 et
3620 1761 3740 1817 salvi

2104 1847 2268 1917 irent,
2298 1855 2349 1903 et
2378 1856 2440 1903 ut
2475 1863 2562 1905 eos
2607 1865 2770 1905 sanos
2798 1849 3104 1906 reviderent
3132 1852 3329 1916 oravit,
3356 1858 3410 1908 et
3458 1850 3736 1906 adnuntia-

2102 1937 2343 1992 tionibus
2372 1938 2438 1971 973
2465 1936 2638 2009 ﬁnem
2666 1940 2940 2011 imposuit.

2148 2068 2354 2107 KAROLI
2392 2068 2668 2108 CAPITULA
2706 2069 2846 2108 POS’I.‘
2883 2070 3142 2110 Βεοιτυκ
3179 2072 3214 2109 Α
3253 2071 3701 2113 σοΝι-ἰυεκτιῠῠε

2544 2140 2741 2193 MISSIS,
2772 2141 2901 2181 θυῖε
2939 2142 3317 2183 CONTRADITA.

2100 2214 2229 2269 Haec
2256 2227 2382 2284 qum
2408 2221 2711 2285 sequuntur
2736 2214 2965 2270 domnus
2996 2215 3248 2283 Karolus,
3276 2232 3528 2272 reversus
3553 2234 3587 2271 a
3612 2218 3727 2273 Coa-

2172 2285 2396 2359 ﬂuentc,
2426 2300 2551 2339 cum
2580 2286 2811 2359 consilio
2846 2285 3099 2359 ﬁdelium
3126 2303 3354 2359 suorum
3380 2305 3482 2359 per
3527 2304 3727 2357 regnum

2169 2371 2333 2411 suum
2361 2354 2699 2411 denuntiada
2727 2364 2781 2412 et
2805 2354 3138 2413 observanda
3166 2354 3395 2414 direxit:

2172 2470 2301 2525 Haec
2333 2469 2501 2525 missi
2534 2470 2717 2526 nostri
2748 2471 3147 2527 discurrentes
3179 2472 3417 2529 faciant.

2173 2560 2223 2613 1.
2238 2557 2536 2624 ,Οῐηηίὒυδ
2558 2559 2618 2615 in
2641 2576 2747 2615 suo
2769 2559 3068 2616 missatico
3090 2561 3431 2618 ﬁrmitatem
3454 2561 3727 2635 quaeinter

2099 2664 2206 2704 nos
2236 2651 2292 2702 et
2321 2647 2697 2704 carissimum
2728 2648 2964 2704 fratrem
3000 2653 3269 2705 nostrum
3303 2655 3480 2723 atque
3510 2647 3721 2706 dilectos

2098 2740 2339 2808 nepotes
2372 2741 2604 2792 nostros
2638 2737 2787 2792 facta
2817 2741 2925 2805 est,
2958 2742 3157 2794 notam
3191 2738 3428 2794 faciant.

2166 2828 2220 2881 2.
2253 2824 2521 2896 Capitula
2551 2824 2725 2881 etiam
2758 2842 2886 2898 quae
2927 2827 3080 2898 apud
3111 2826 3485 2884 Confluentes
3515 2828 3721 2897 accepta

2098 2917 2239 2969 sunt
2267 2931 2301 2969 a
2332 2913 2504 2970 nobis
2534 2920 2593 2970 et
2621 2915 3038 2971 communibus
3069 2915 3344 2973 fidelibus
3375 2916 3607 2983 nostris,
3636 2914 3721 2971 ad-

2097 3000 2391 3057 nuntient.

2166 3091 2220 3146 3.
2255 3090 2366 3147 Sed
2398 3096 2455 3145 et
2487 3089 2587 3147 illa
2615 3091 2874 3164 capitula
2903 3110 3031 3165 quae
3064 3097 3201 3149 ante
3231 3110 3337 3166 per
3366 3108 3603 3166 regnum
3633 3106 3717 3145 no-

2097 3185 2286 3234 strum
2318 3180 2681 3237 observanda
2722 3180 3018 3253 misimus,
3049 3199 3184 3238 cum
3226 3182 3496 3255 capitulis
3522 3180 3716 3254 episco-

2097 3268 2330 3342 palibus
2361 3275 2417 3323 et
2448 3269 2888 3341 progenitorum
2936 3275 3273 3327 nostrorum
3326 3271 3712 3344 imperatorum

2097 3357 2471 3431 adcognitent
2519 3358 2686 3431 (136),
2727 3363 2785 3414 et
2840 3359 3345 3432 cognitamentum
3397 3361 3536 3432 (137)
3581 3355 3711 3430 quod

2096 3447 2269 3502 modo
2299 3446 2454 3519 apud
2486 3446 2853 3504 Conﬂuentes
2901 3446 3146 3504 fecimus
3193 3448 3471 3504 omnibus
3517 3448 3713 3503 innote-

2096 3539 2292 3602 scant;
2322 3539 2380 3590 et
2407 3535 2743 3591 firmitatem
2766 3536 2838 3592 ab
2860 3536 3137 3592 omnibus
3169 3534 3271 3608 qui
3303 3536 3385 3592 ita
3412 3541 3601 3597 contra
3625 3548 3712 3588 nos

2096 3623 2476 3680 misfecerunt
2505 3624 2661 3679 sicut
2710 3629 2915 3680 notum
2946 3629 3056 3695 est,
3078 3629 3137 3681 et
3165 3626 3238 3681 de
3269 3625 3484 3698 quibus
3512 3620 3711 3681 carissi-

2096 3730 2231 3769 mus
2262 3712 2442 3768 frater
2472 3718 2669 3769 noster
2696 3713 2881 3786 petiit,
2908 3714 3007 3786 qui
3029 3713 3228 3770 alodes
3258 3715 3317 3770 in
3350 3731 3524 3787 regno
3542 3714 3711 3768 nostro

2094 3801 2310 3857 habere
2337 3801 2559 3869 volunt,
2593 3801 2747 3858 sicut
2788 3802 2846 3857 in
2877 3802 3311 3875 cognitamento
3359 3808 3548 3859 nostro
3591 3798 3709 3856 scri-

2094 3894 2263 3963 ptum
2295 3893 2407 3959 est,
2429 3890 2869 3946 firmamentum
2910 3891 3212 3964 recipiant.
3248 3892 3334 3948 Ita
3362 3897 3570 3957 tamen,
3591 3893 3647 3944 ut
3670 3885 3709 3941 si

2095 3980 2349 4050 majores
2399 3978 2668 4034 homines
2696 3980 3005 4047 voluerint,
3037 3980 3109 4036 ad
3157 3998 3265 4037 nos
3294 3980 3544 4048 veniant,
3572 3983 3623 4034 et
3660 3975 3706 4029 in

2093 4066 2404 4141 prasentia
2434 4073 2634 4124 nostra
2671 4067 2864 4141 ipsam
2908 4069 3251 4125 ﬁrmitutem
3284 4070 3526 4137 faciant;
3555 4063 3710 4122 homi-

2094 4174 2200 4213 nes
2229 4173 2363 4213 vero
2394 4156 2630 4212 illorum
2657 4161 2792 4214 ante
2830 4158 3046 4214 missos
3092 4163 3328 4216 nostros
3376 4160 3605 4216 eandem
3628 4154 3707 4209 fir-

2094 4246 2359 4301 mitatem
2394 4246 2629 4301 faciant.

2164 4335 2217 4389 Ιι.
2247 4334 2321 4390 Ut
2343 4334 2508 4390 missi
2542 4335 2727 4390 nostri
2749 4326 2835 4391 eis
2859 4335 2959 4408 qui
2982 4337 3319 4393 firmitatem
3350 4337 3594 4401 fecerint,
3607 4331 3705 4389 alo-

2094 4423 2198 4479 des
2227 4422 2461 4479 illorum
2484 4439 2632 4495 quos
2659 4424 2730 4480 de
2759 4423 3176 4494 hereditate,et
3194 4425 3267 4481 de
3287 4424 3392 4481 tali
3413 4420 3705 4497 conquisita

2095 4511 2193 4583 qui
2229 4512 2300 4567 de
2329 4516 2532 4567 nostra
2579 4511 2894 4568 donatione
2941 4529 3055 4568 non
3104 4514 3282 4581 venit,
3311 4512 3639 4576 habuerunt,
3661 4508 3707 4562 et

2095 4617 2243 4673 quos
2274 4600 2468 4656 senior
2505 4605 2703 4673 noster
2735 4601 2988 4657 domnus
3031 4601 3352 4674 imperator
3379 4603 3466 4659 eis
3495 4593 3707 4665 dedit,si

2094 4692 2381 4761 praecepta
2409 4686 2571 4744 illius
2599 4689 2982 4756 ostenderint,
3014 4694 3304 4761 quantum
3335 4689 3398 4746 in
3428 4689 3561 4762 ipsis
3586 4701 3704 4759 prte-

2094 4776 2278 4849 ceptis
2309 4776 2443 4833 inde
2474 4776 2825 4845 continetur,
2861 4776 2978 4834 illis
3014 4778 3281 4834 reddant.

2164 4867 2219 4920 5.
2253 4864 2326 4920 Ut
2353 4862 2558 4920 omifes
2601 4865 2701 4937 qui
2751 4866 3090 4923 firmitatem
3122 4866 3387 4937 fecerint,
3428 4870 3486 4922 et
3525 4861 3703 4937 quibus

1686 4993 1924 5051 VARI/E
1981 4995 2394 5054 LECTIONES.

408 5106 496 5182 ’θο-
523 5106 857 5182 habuerunt
910 5128 1081 5182 usque
1129 5110 1462 5168 habuerunt
1513 5110 1708 5168 desunt
1767 5113 1898 5169 Bar.
1975 5113 2039 5150 πί
2087 5114 2233 5171 deest
2281 5120 2414 5172 Bar.
2489 5115 2557 5151 9"
2602 5114 2746 5172 deest
2795 5121 2928 5173 Bar.
3004 5116 3073 5152 "3
3119 5120 3187 5172 ut
3229 5119 3332 5171 aut
3374 5115 3559 5171 desunt
3596 5112 3699 5182 Bar.

336 5179 406 5215 9“
460 5178 607 5235 deest
654 5181 784 5237 Bar.
860 5180 928 5216 ’⁸⁸
983 5178 1127 5238 deest
1174 5188 1306 5239 Bar.
1382 5184 1449 5219 κθ
1504 5183 1647 5240 deest
1690 5187 1822 5240 Bar.
1899 5185 1965 5221 “7
2013 5186 2157 5243 deest
2211 5188 2342 5242 Bar.
2436 5187 2503 5223 9“
2555 5186 2627 5242 de
2679 5204 2785 5243 suo
2844 5188 3221 5244 scuvarintaas
3277 5189 3408 5244 Bar.
3481 5187 3545 5222 ⁸⁸⁸
3590 5181 3705 5238 deest

334 5255 468 5310 Bar.
545 5250 614 5288 ’⁷ο
640 5251 817 5309 nimis
848 5252 1109 5308 fecerunt
1136 5255 1265 5309 Bar.
1342 5254 1407 5289 9‘“
1435 5253 1820 5313 nihilominus
1850 5256 2112 5315 fecerunt
2139 5259 2272 5314 Bar.
2349 5258 2417 5294 ’7'
2447 5258 2591 5315 deest
2620 5263 2751 5316 Bar.
2827 5260 2896 5295 θη
2924 5259 3214 5316 annuntio.
3243 5259 3374 5316 Bar.

1921 5382 2152 5442 NOT/E.

588 5510 813 5565 guarnt.

433 5493 535 5551 135
588 5510 813 5565 guarm.

407 5495 557 5643 {1363
586 5567 651 5626 Id
682 5571 772 5627 est
800 5563 1177 5629 adnuntiant.

2171 5499 2317 5579 (137)
2345 5499 2889 5559 Adnuntiationem.
