3828 6204
24 364 158 423 685

1052 365 1535 427 ΡιιΑΝοΟΡιυΜ
1586 362 1854 424 BEGUM
1904 362 2451 430 CAPITULARIA.
2537 351 2541 355 ’

3339 371 3459 429 686

26 498 203 553 denti
239 516 358 554 non
388 498 728 555 assistimus
750 504 814 556 ut
846 499 1083 572 fugiata
1107 498 1533 569 nobis,idcirco
1554 496 1699 553 servi
1732 495 1788 564 Α
1816 496 2127 569 stipendia,
2161 499 2219 554 id
2272 504 2362 555 est
2420 501 2722 557 retributio
2780 502 3018 574 peccati,
3061 518 3240 570 mors,
3273 502 3463 576 gratia

24 589 84 640 et
116 585 355 641 ancillae
390 586 492 642 Dei
534 588 604 643 de
636 586 779 644 locis
809 588 934 644 suis
961 587 1187 660 expulsi
1218 591 1377 653 sunt,
1405 590 1463 643 et
1492 602 1598 641 nos
1628 584 1700 640 de

27 675 239 746 quiete
267 674 523 731 caelestis
581 676 839 749 paradisi
879 682 935 731 et
977 678 1047 731 de
1097 676 1388 733 consortio
1448 673 1701 731 caelestis

25 764 321 829 ecclesiae,
343 764 400 819 id
422 769 514 820 est
533 765 876 838 angelorum
902 770 1260 832 sanctorum,
1281 764 1446 837 ejecti
1467 778 1696 831 sumus,

26 851 147 907 nisi
196 869 304 933 per
334 853 543 926 dignos
592 853 942 926 pcenitentiaa
975 855 1203 910 fructus
1250 854 1322 910 ad
1372 853 1493 908 haec
1544 852 1699 907 unde

27 942 365 997 cecidimus
394 936 726 999 redeamus.
754 944 824 998 Et
844 944 981 1016 quia
1002 961 1108 998 nos
1134 942 1281 999 tales
1314 942 1604 998 efficimus
1630 941 1700 995 de

30 1031 319 1102 qualibus
335 1030 623 1088 Dominus
644 1048 747 1104 per
768 1032 1110 1105 prophetam
1129 1032 1304 1088 dixit:
1320 1035 1501 1089 Causa
1516 1029 1701 1085 vidua:

29 1136 139 1175 non
191 1120 505 1190 ingreditur
532 1119 605 1175 ad
631 1137 747 1189 eos;
783 1121 923 1193 quia
953 1120 1038 1177 sic
1070 1122 1223 1193 apud
1258 1137 1365 1176 nos
1413 1122 1501 1175 est
1549 1118 1702 1173 facta

27 1209 264 1263 venalis
284 1208 541 1279 justitia,
570 1213 635 1264 ut
676 1210 747 1264 ad
797 1225 924 1265 eam
957 1226 1128 1264 nemo
1159 1209 1345 1281 possit
1376 1206 1696 1280 pervenire,

30 1297 149 1352 nisi
182 1296 341 1352 viam
373 1297 425 1351 ei
457 1298 795 1369 aperuerint
823 1314 1091 1363 munera,
1116 1297 1246 1354 ideo
1275 1302 1406 1353 vota
1436 1296 1698 1352 ﬁdelium

27 1392 85 1440 et
116 1386 316 1457 pretia
348 1390 739 1458 peccatorum,
758 1402 886 1458 qua:
927 1385 1111 1443 sacris
1142 1386 1287 1443 locis
1316 1386 1546 1443 conlata
1576 1386 1700 1440 fue-

28 1479 192 1543 runt,
229 1480 469 1547 propter
497 1479 735 1547 peccata
767 1480 970 1531 nostra
990 1475 1060 1531 de
1090 1473 1198 1530 hoc
1230 1491 1408 1546 regno
1440 1478 1580 1528 sunt
1609 1489 1704 1544 pe-

26 1564 195 1617 nitus
230 1568 551 1636 exportata,
578 1568 636 1619 et
674 1565 996 1620 vendentes
1037 1564 1334 1635 justitiam
1384 1568 1442 1618 et
1486 1561 1702 1617 verita-

25 1656 167 1718 tem,
192 1658 254 1708 et
283 1653 345 1707 in
376 1651 469 1707 his
501 1652 722 1708 scilicet
746 1652 944 1726 ipsum
973 1652 1276 1708 Christum
1299 1652 1398 1724 qui
1423 1656 1513 1706 est
1533 1651 1702 1707 nobis

29 1759 62 1795 a
92 1741 214 1796 Deo
249 1741 439 1796 factus
462 1741 719 1812 justitia,
749 1746 808 1796 et
837 1740 937 1813 qui
966 1741 1113 1796 dixit
1142 1758 1153 1796 :
1192 1743 1298 1810 Ego
1326 1757 1450 1795 sum
1478 1741 1698 1804 veritas,

32 1830 145 1884 nisi
177 1830 358 1902 digne
387 1828 786 1900 pcenituerint,
807 1847 941 1885 cum
964 1829 1118 1885 Juda
1148 1829 1427 1927 traditore
1458 1828 1705 1921 Christi:
1732 1862 1781 1928 Β

35 1923 253 1973 eterna
281 1921 590 1989 expectant
621 1918 911 1973 incendia.
938 1920 1007 1973 Et
1034 1917 1175 1989 quia
1206 1915 1449 1989 sanguis
1471 1911 1705 1989 sangui'

38 2023 169 2062 nem
200 2006 420 2078 tetigit,
446 2007 501 2061 id
536 2012 644 2073 est,
665 2006 853 2078 culpas
892 2006 1084 2078 culpis
1129 2007 1417 2077 adjunctus
1448 2011 1608 2071 sunt,
1638 2009 1697 2059 et

39 2096 189 2150 sicut
248 2095 537 2166 scriptum
596 2099 705 2163 est,
746 2094 1083 2150 adulterium
1135 2103 1185 2150 et
1240 2095 1612 2159 homicidium,
1644 2101 1697 2149 et

37 2184 384 2239 mendacium
415 2191 468 2238 et
494 2183 710 2253 furtum
736 2191 787 2238 et
814 2184 1144 2255 periurium,
1179 2183 1605 2247 inundaverant,
1638 2187 1696 2236 et

41 2272 380 2344 iniquitates
414 2277 626 2327 nostris
660 2288 1053 2345 supergressa
1082 2275 1222 2329 sunt
1250 2270 1442 2343 capita
1473 2275 1691 2337 nostra,

34 2360 158 2415 ideo
184 2359 415 2417 nobiles
438 2360 621 2416 nostri
644 2364 701 2415 et
722 2360 793 2415 de
814 2359 1129 2432 episcopali
1152 2360 1355 2419 ordine
1379 2366 1436 2415 et
1462 2361 1533 2415 de
1564 2358 1695 2414 aliis

36 2450 344 2505 ordinibus
376 2449 747 2517 interierunt,
777 2454 835 2505 et
876 2450 1030 2522 capti
1064 2466 1197 2505 cum
1232 2449 1486 2504 maximo
1516 2447 1694 2503 detri-

37 2544 236 2593 mento
267 2546 327 2593 et
357 2537 517 2609 regni
549 2542 607 2593 et
635 2536 892 2593 ecclesias
942 2544 1082 2595 sunt
1129 2542 1230 2592 aut
1280 2537 1564 2608 redempti
1596 2541 1696 2591 aut

42 2628 399 2699 interempti.
425 2627 493 2681 Et
522 2627 661 2699 quia
690 2643 798 2683 nos
838 2643 942 2700 per
981 2632 1218 2699 peccata
1249 2632 1448 2682 nostra
1479 2644 1513 2683 a
1541 2632 1696 2681 terra

44 2717 359 2771 viventium
407 2715 757 2789 peregrinati
807 2733 1037 2783 sumus,
1076 2716 1312 2785 idcirco,
1355 2717 1507 2771 sicut
1552 2715 1694 2771 scri-

46 2812 203 2876 ptum
239 2811 329 2861 est
351 2821 363 2860 :
391 2806 661 2877 Propheta
679 2814 730 2861 et
748 2805 996 2862 sacerdos
1021 2809 1206 2862 ierunt
1231 2809 1286 2861 in
1310 2813 1511 2860 terram
1532 2822 1697 2876 quam

47 2894 389 2962 ignorabant.
422 2893 494 2947 Et
524 2898 657 2965 post
707 2892 827 2948 hinc
877 2894 1079 2949 omnia
1126 2893 1257 2965 pius
1305 2900 1488 2966 pater,
1522 2895 1695 2965 cujus

49 2981 245 3036 multis
276 2981 756 3037 miserationibus
786 2999 901 3037 non
935 2999 1143 3038 sumus
1173 2982 1527 3053 consumpti,
1556 2981 1696 3053 quia

51 3086 154 3125 non
188 3072 530 3127 defecerunt
558 3071 964 3127 miserationes
1005 3073 1155 3143 ejus,
1191 3076 1457 3127 materna
1483 3071 1695 3143 pietate

50 3175 148 3213 nos
180 3158 457 3235 ﬂagellat,
477 3163 534 3214 et
556 3163 819 3231 expectat
841 3165 904 3214 ut
928 3159 1058 3232 ipsa
1074 3160 1298 3214 vexatio
1319 3160 1494 3215 donet
1525 3159 1695 3215 intel-

53 3228 528 3303 lectum—auditui
560 3228 779 3315 nostro,
815 3228 969 3320 quia.
1001 3247 1101 3303 illa
1130 3248 1364 3304 credere
1394 3248 1693 3304 noluimus
1719 3228 1763 3298 C

51 3352 166 3407 qua:
194 3354 298 3409 per
317 3335 641 3407 scripturas
670 3337 839 3392 nobis
881 3353 942 3392 se
985 3336 1285 3391 illaturum
1320 3338 1610 3408 promisit,
1644 3337 1701 3400 si

53 3424 198 3479 illius
226 3428 589 3480 voluntatem
624 3442 738 3480 non
771 3424 1101 3480 fecerimus.
1138 3425 1205 3480 Et
1239 3426 1495 3479 ostendit
1524 3426 1694 3481 nobis

51 3512 100 3566 in
130 3514 517 3569 exterioribus
565 3514 997 3569 vastationibus
1023 3532 1150 3586 qua:
1198 3514 1269 3569 de
1316 3514 1693 3570 interioribus

53 3602 596 3674 depopulationibus
616 3602 938 3676 intelligere
959 3604 1301 3669 debeamus,
1325 3608 1382 3657 et
1403 3603 1696 3658 intellecta

55 3691 117 3743 ad
146 3692 315 3747 illum
348 3691 658 3747 redeamus
686 3696 744 3746 et
772 3692 1081 3747 credamus
1112 3691 1250 3762 quia
1280 3690 1492 3746 iterum
1524 3691 1693 3746 nobis

57 3778 106 3833 in
135 3780 425 3851 scriptura
455 3779 860 3851 multipliciter
889 3780 1175 3851 promisit.
1203 3779 1357 3835 Inter
1379 3797 1507 3852 quae
1538 3797 1696 3835 vera-

60 3869 195 3924 citer
241 3870 398 3925 sicut
424 3868 640 3923 veritas
680 3868 827 3923 dixit
858 3884 872 3922 :
908 3871 1264 3925 Revertimini
1291 3869 1359 3923 ad
1385 3886 1491 3936 me,
1520 3878 1571 3925 et
1600 3887 1695 3941 ego

62 3966 291 4013 revertar
329 3958 401 4013 ad
442 3972 568 4024 vos;
616 3961 674 4013 et
713 3973 727 4011 :
768 3961 953 4028 Quare
996 3960 1314 4014 moriemini
1361 3961 1422 4013 in
1464 3961 1696 4030 peccatis

62 4050 271 4103 vestris?
300 4048 368 4102 Et
400 4045 541 4119 quia
586 4063 704 4101 nou
756 4047 1114 4102 credidimus
1158 4047 1540 4119 promittenti,
1573 4064 1695 4104 cre-

62 4137 259 4191 damus
290 4136 529 4191 tandem
560 4134 878 4207 aliquando
904 4134 991 4191 vel
1014 4137 1241 4206 juranti
1268 4153 1282 4191 :
1322 4139 1443 4193 Vivo
1472 4152 1588 4205 ego,
1611 4136 1697 4191 di-

61 4228 124 4279 cit
153 4227 430 4289 Dominus,
462 4225 590 4280 nolo
617 4231 848 4280 mortem
884 4227 1205 4296 peccatoris,
1236 4226 1325 4280 sed
1369 4234 1429 4281 ut
1473 4241 1698 4282 conver-

66 4321 199 4368 tatur
223 4322 273 4369 et
302 4316 471 4368 vivat.
499 4313 570 4368 Et
598 4311 713 4368 nisi
759 4313 1021 4368 conversi
1069 4312 1373 4379 fuerimus,
1399 4313 1551 4369 sicut
1571 4316 1697 4386 jam

67 4403 335 4469 videmus,
358 4402 622 4474 gladium
654 4418 830 4458 suum
860 4402 1108 4458 vibravit
1126 4404 1242 4471 ηδ’,
1267 4419 1468 4459 arcum
1499 4419 1698 4469 suum,

68 4490 116 4545 id
140 4496 225 4549 est
241 4491 581 4558 vindictam,
596 4491 864 4558 tetendit,
877 4495 935 4546 et
951 4493 1175 4563 paravit
1194 4493 1265 4547 ad
1288 4493 1700 4549 excercendam

1809 591 2004 641 autem
2040 588 2135 642 Dei
2166 604 2269 658 pro
2308 589 2480 643 nobis
2511 589 2788 662 operibus
2830 590 2957 661 ipsa
2986 591 3200 646 donata
3228 596 3315 646 est
3344 591 3461 646 vita

1808 678 2040 729 aeterna.
2068 675 2133 729 Et
2163 675 2317 731 sicut
2340 678 2576 748 quando
2602 676 2861 734 solemus
2891 678 2962 733 de
2992 676 3121 733 istis
3151 677 3462 750 frequenti-

1808 762 1921 818 bus
1950 762 2259 820 itineribus
2289 766 2495 821 reverti
2524 766 2596 822 ad
2619 766 2956 822 mansiones
2979 770 3210 822 nostras
3232 766 3460 823 detonsi

1807 855 1865 906 et
1885 851 2130 907 delavati
2153 869 2289 908 cum
2321 854 2562 926 drappis
2593 858 2650 910 et
2670 854 3068 911 calciamentis
3087 853 3457 926 depanuatis,

1807 945 1865 996 et
1894 946 2034 996 tunc
2080 958 2188 997 nos
2233 942 2545 999 refecimus
2576 948 2633 999 et
2660 960 3023 1016 reparamus,
3056 942 3139 998 ita
3166 941 3253 999 vel
3303 959 3461 998 nunc

1808 1046 2148 1102 reparemus
2180 1048 2286 1089 nos
2317 1049 2421 1104 per
2438 1048 2536 1088 cor
2564 1033 2881 1088 contritum
2903 1037 2959 1089 et
2977 1031 3376 1100 humiliatum,
3399 1036 3459 1088 et

1808 1134 1912 1190 per
1939 1119 2334 1177 confessiones
2363 1138 2432 1177 ex
2452 1138 2597 1193 puro
2620 1122 2812 1187 corde,
2836 1126 2893 1177 et
2913 1138 3017 1193 per
3035 1121 3456 1194 benignitatem

1808 1208 2043 1273 mentis,
2066 1213 2124 1261 et
2154 1224 2258 1280 per
2283 1210 2653 1266 concordiam
2676 1227 2810 1265 cum
2837 1210 2939 1267 Dei
2968 1208 3294 1276 voluntate;
3316 1210 3457 1283 quia

1807 1312 1911 1367 per
1930 1296 2282 1352 discordiam
2303 1302 2361 1353 et
2386 1314 2630 1370 regnum
2652 1299 2809 1355 istud
2832 1298 3154 1372 temporale
3178 1299 3453 1354 imminu-

1807 1389 1932 1439 tum
1957 1389 2013 1439 et
2034 1401 2178 1457 pene
2193 1387 2576 1457 desertum,et
2590 1392 2870 1443 aeternum
2887 1403 3133 1460 regnum
3155 1388 3452 1461 perditum

1808 1473 2116 1530 habemus.
2141 1474 2289 1540 Quia
2338 1492 2443 1531 nec
2481 1493 2685 1531 omnes
2716 1492 2879 1549 reges
2926 1493 3055 1533 esse
3112 1493 3451 1550 possumus,

1809 1575 1914 1615 nec
1937 1577 2132 1633 regem
2155 1578 2332 1632 super
2361 1579 2469 1618 nos
2499 1580 2532 1618 a
2562 1563 2678 1618 Deo
2700 1564 3105 1633 constitutum,
3122 1565 3279 1636 quia,
3302 1564 3459 1621 sicut

1810 1647 2096 1720 scriptum
2118 1654 2226 1718 est,
2244 1649 2528 1723 imposuit
2546 1650 2813 1707 homines
2834 1668 3010 1724 super
3022 1653 3215 1725 capita
3233 1658 3462 1732 nostra,

1810 1736 2023 1792 habere
2045 1738 2550 1802 sustinemus,non
2578 1740 2941 1796 attendentes
2963 1741 3283 1813 quia,sicut
3312 1743 3458 1799 dicit

1810 1824 2142 1897 Apostolus,
2161 1826 2275 1881 Non
2300 1834 2381 1882 est
2404 1836 2635 1897 potestas
2658 1830 2773 1882 nisi
2788 1845 2823 1883 a
2850 1831 2984 1894 Deo;
3005 1837 3058 1885 et
3082 1831 3177 1901 qui
3200 1834 3460 1902 potestati

1809 1916 2029 1981 resistit,
2060 1917 2156 1971 Dei
2190 1915 2529 1971 ordinationi
2574 1918 2796 1973 resistit.
2827 1917 3114 1981 Quoniam
3146 1918 3320 1987 Deus,
3354 1920 3456 1993 qui

1804 2003 2193 2059 essentialiter
2228 2008 2317 2058 est
2364 2021 2463 2060 rex
2512 2021 2713 2077 regum
2744 2010 2801 2061 et
2830 2006 3104 2062 deminus
3142 2008 3451 2064 dominan-

1802 2092 1976 2157 tium,
1999 2091 2438 2164 participatione
2468 2094 2724 2148 nominis
2746 2099 2803 2149 et
2833 2094 3095 2152 numinis
3119 2096 3241 2164 Dei,
3274 2097 3331 2152 id
3362 2103 3455 2154 est

1804 2180 2112 2253 potestatis
2128 2197 2268 2246 suae,
2287 2179 2470 2236 voluit
2484 2185 2541 2236 et
2555 2198 2683 2237 esse
2705 2187 2761 2238 et
2777 2183 2966 2238 vocari
2984 2199 3179 2256 regem
3197 2190 3257 2240 et
3270 2185 3454 2241 domi-

1804 2286 1947 2324 num
1979 2286 2083 2340 pro
2104 2269 2323 2325 honore
2346 2274 2402 2325 et
2421 2270 2542 2325 vice
2563 2287 2672 2326 sua
2694 2287 2886 2343 regem
2914 2273 2972 2327 in
2995 2273 3186 2330 terris.
3211 2275 3279 2329 Et
3298 2274 3456 2331 sicut

1804 2358 2326 2430 archangelus,qui
2352 2376 2508 2414 nunc
2529 2366 2617 2414 est
2637 2360 2929 2427 diabolus,
2944 2377 3081 2417 cum
3103 2363 3229 2419 suis
3249 2378 3456 2435 sequa-

1804 2448 1991 2515 cibus,
2016 2447 2156 2519 quia
2184 2465 2287 2520 per
2330 2448 2681 2505 humilitatis
2713 2450 3134 2521 subjectionem
3166 2440 3454 2510 cdnditori

1806 2554 1912 2593 suo
1943 2538 2216 2593 subditus
2246 2554 2375 2593 esse
2403 2538 2611 2603 noluit,
2637 2544 2694 2594 et
2716 2555 2819 2611 per
2838 2539 3230 2611 aequalitatem
3252 2542 3458 2599 carita-

1802 2625 1880 2681 tis
1909 2625 2205 2699 coangelis
2236 2627 2362 2681 suis
2403 2626 2596 2682 socius
2626 2643 2756 2683 esse
2786 2628 3067 2700 despexit,
3087 2630 3160 2686 de
3190 2629 3333 2687 coelo
3362 2648 3454 2687 ce-

1804 2714 1964 2779 cidit,
1987 2716 2069 2770 ita
2098 2721 2155 2770 et
2186 2715 2267 2769 illi
2303 2714 2400 2786 qui
2435 2716 2707 2787 potestati
2741 2733 2775 2771 a
2805 2717 2921 2772 Deo
2960 2720 3291 2775 constitutas
3321 2737 3454 2794 pro-

1802 2809 1931 2876 pter
1956 2808 2139 2858 Deum
2171 2808 2228 2858 et
2259 2804 2318 2858 in
2350 2805 2465 2860 Deo
2495 2805 2741 2876 subjecti
2778 2822 2905 2862 esse
2937 2806 3165 2874 nolunt,
3197 2814 3255 2864 et
3284 2825 3454 2881 pares

1801 2892 1890 2949 vel
1920 2891 2245 2964 coaequales
2275 2893 2333 2947 in
2367 2909 2544 2965 regno
2582 2893 2794 2949 habere
2837 2910 2953 2950 non
3006 2896 3315 2965 sufferunt,
3350 2915 3456 2971 per

1803 2998 1980 3053 quam
1999 2981 2257 3036 debitam
2278 2981 2699 3053 subjectionem
2715 2986 2772 3038 et
2793 2983 3034 3054 parilem
3057 2984 3448 3058 aequalitatem

1803 3070 1903 3125 Dei
1935 3069 2109 3125 am’ici
2151 3074 2209 3124 et
2254 3068 2593 3141 angelorum
2644 3075 2945 3127 consortes
2974 3087 3104 3129 esse
3159 3078 3446 3147 poterant,

1802 3157 2051 3229 subjecti
2081 3156 2315 3213 diabolo
2344 3162 2401 3213 et
2432 3158 2531 3213 Dei
2561 3157 2783 3214 inimici
2814 3160 3267 3220 constituuntur.
3295 3166 3450 3231 Qua-

1800 3252 2039 3321 propter
2065 3248 2137 3302 de
2168 3246 2399 3303 diabolo
2428 3247 2712 3319 scriptum
2743 3254 2831 3304 est
2861 3266 2875 3305 :
2909 3253 3026 3322 Ipse
3052 3260 3133 3307 est
3162 3269 3263 3309 rex
3286 3270 3453 3327 super

1801 3338 2082 3391 universos
2126 3336 2271 3407 ﬁlios
2298 3336 2590 3407 superbiae.
2627 3335 2692 3391 Et
2719 3336 2879 3393 illius
2927 3340 3209 3411 subjectis
3252 3342 3448 3398 Domi-

1802 3442 1934 3493 nus,
1962 3425 2115 3495 apud
2140 3441 2314 3496 quem
2350 3440 2463 3479 non
2496 3428 2585 3479 est
2611 3425 3036 3483 vicissitudinis
3057 3430 3450 3498 obumbratio,

1802 3513 2063 3586 quandiu
2095 3513 2152 3567 in
2188 3513 2313 3584 ipso
2342 3512 2497 3569 malo
2527 3519 2917 3585 perseverant,
2942 3531 3175 3589 semper
3194 3519 3253 3573 in
3275 3520 3455 3575 Evan-

1801 3602 1950 3676 gelio
1982 3602 2120 3656 dicit
2156 3608 2179 3657 :'
2205 3603 2300 3657 Vos
2328 3618 2399 3656 ex
2444 3610 2596 3674 patre
2626 3602 2843 3659 diabolo
2870 3607 3039 3673 estis;
3085 3623 3201 3663 non
3251 3610 3391 3680 quia
3420 3627 3453 3666 a

1802 3690 2030 3746 diabolo
2063 3690 2181 3745 sint
2214 3690 2347 3745 facti
2392 3694 2494 3745 aut
2536 3692 2813 3762 generati,
2837 3694 2937 3748 sed
2968 3694 3108 3766 quia
3150 3697 3449 3755 diabolum

1802 3786 1943 3835 sunt
1972 3779 2204 3834 imitati.
2229 3779 2586 3852 Reparemus
2610 3796 2749 3853 ergo
2777 3798 2884 3837 nos
2912 3799 3016 3854 per
3044 3787 3449 3857 penitentiam

1802 3875 1859 3926 et
1888 3868 2335 3935 confessionem,
2367 3873 2424 3923 et
2464 3886 2568 3940 per
2595 3868 3014 3943 eleemosynas,
3040 3876 3450 3949 unusquisque

1803 3958 2124 4014 secundum
2143 3957 2592 4029 possibilitatem
2611 3975 2809 4027 suam;
2828 3963 3181 4033 etquautum
3196 3965 3450 4039 quisque

1804 4065 1866 4103 se
1897 4047 2259 4119 recognoscit
2286 4064 2320 4101 a
2358 4046 2474 4103 Deo
2522 4048 2749 4104 eruisse
2805 4058 2912 4120 per
2965 4051 3189 4124 culpas,
3222 4059 3453 4115 tantum

1805 4136 1967 4192 bibat
1995 4134 2466 4207 compunctiouis
2510 4152 2630 4191 suae
2673 4135 2982 4208 lacrymas.
3016 4141 3084 4195 Et
3110 4145 3251 4197 tunc
3281 4146 3456 4216 profi-

1807 4223 1961 4279 cient
1981 4224 2042 4278 in
2063 4239 2216 4295 aqua
2241 4223 2352 4278 ista
2371 4240 2520 4295 quas
2552 4223 2799 4280 facimus
2819 4226 2888 4261 ’τ’
2912 4226 3242 4295 ﬁrmitates,
3272 4232 3331 4287 si
3354 4249 3458 4304 per

1808 4314 1961 4368 bona
1989 4328 2164 4384 opera
2211 4311 2664 4366 restruxerimus
2684 4313 2798 4376 Μ’,
2828 4330 2977 4385 quas
3030 4315 3086 4369 in
3137 4316 3308 4373 nobis
3351 4320 3457 4374 de-

1810 4404 2151 4456 struxerunt
2194 4404 2452 4470 peccata,
2485 4399 2770 4456 virtutum
2822 4402 3201 4459 munitiones.
3234 4406 3369 4470 Quae
3401 4411 3459 4463 et

1809 4494 1950 4545 tunc
1981 4487 2306 4560 proficient,
2332 4488 2380 4543 si
2404 4486 2559 4543 mala
2585 4505 2712 4559 quae
2744 4489 2879 4545 fecit
2903 4490 3038 4562 quis
3069 4491 3252 4563 prius,
3287 4500 3461 4567 prout

71 4580 349 4638 duriorem
370 4580 713 4635 vindictam.
737 4580 901 4636 Sicut
929 4581 1068 4636 item
1089 4583 1161 4637 de
1192 4581 1453 4654 reprobis
1479 4581 1701 4637 dictum
1732 4597 1780 4663 D
1812 4577 2065 4651 potuerit
2093 4575 2509 4642 emendaverit,
2540 4580 2642 4632 aut
2687 4582 2853 4649 rapta
2902 4577 3198 4647 solvendo,
3228 4586 3330 4638 aut
3358 4599 3461 4655 per

70 4673 148 4723 est
174 4687 187 4724 :
217 4671 390 4739 Ignis,
447 4669 702 4742 sulphur,
755 4677 805 4725 et
861 4671 1092 4742 spiritus
1142 4671 1530 4743 procellarum,
1571 4686 1704 4743 pars

71 4758 241 4814 colicis
258 4775 467 4816 eorum.
487 4758 558 4813 Et
575 4757 687 4813 hoc
703 4758 857 4830 quod
878 4758 1147 4814 videmus
1167 4763 1224 4814 et
1240 4759 1550 4826 sentimus,
1570 4776 1706 4831 pars

72 4851 120 4899 et
143 4848 430 4916 vindictas;
463 4846 605 4919 quia
652 4849 877 4919 majora
905 4851 963 4903 et
998 4847 1170 4919 plura
1213 4853 1270 4903 et
1314 4849 1582 4921 graviora
1609 4866 1705 4903 ve-

72 4933 217 4992 nient
236 4953 414 5010 super
433 4953 563 5003 nos,
587 4936 700 4991 nisi
725 4936 1010 4992 fuerimus
1032 4938 1318 5002 conversi,
1334 4942 1398 4992 ut
1419 4938 1703 5009 scriptum

74 5029 183 5079 est:
216 5026 490 5097 Pugnabit
514 5039 615 5097 pro
644 5041 704 5081 eo
741 5026 888 5080 orbis
918 5034 1193 5081 ter-arum
1219 5034 1409 5081 contra
1459 5028 1704 5083 insensa-

76 5119 160 5167 tos.
189 5114 370 5180 Unde,
400 5114 557 5169 sicut
597 5113 740 5169 dicit
773 5112 1088 5186 Apostolus
1117 5131 1131 5169 :
1164 5114 1317 5169 Sicut
1356 5115 1708 5171 exhibuimus

76 5202 298 5258 meinbra
325 5211 515 5259 nostra
562 5218 720 5258 arma
761 5203 1072 5274 iniquitatis
1097 5209 1310 5273 peccato
1352 5202 1423 5258 ad
1466 5206 1707 5259 servien-

79 5287 196 5345 dum
218 5291 590 5364 immunditiaz
623 5299 674 5347 et
703 5292 1008 5363 iniquitati,
1040 5293 1122 5346 ita
1155 5291 1510 5347 exhibeamus
1538 5309 1708 5347 mema

83 5375 167 5432 bra
191 5388 374 5437 nostra
402 5381 609 5435 servire
644 5381 887 5453 justiti?
916 5381 977 5434 in
1022 5380 1532 5450 sanetiﬁcutionem.
1565 5380 1711 5446 Quia

1418 5485 1661 5542 VARIIE
1699 5483 2114 5545 LECTIONES.

146 5571 228 5607 ’π’
246 5574 510 5651 _vibravit
533 5578 610 5651 S._
669 5575 737 5611 9"
764 5574 1090 5651 Sir-monitus
1118 5591 1290 5651 manu
1316 5577 1503 5647 posuit
1528 5575 1776 5651 fecimus
1820 5577 1969 5634 BAL.
2046 5575 2135 5613 979‘
2168 5572 2260 5632 Sic
2286 5590 2458 5651 manu
2482 5578 2669 5651 posuit
2697 5576 3021 5643 Sirmondus
3050 5595 3068 5647 ;
3099 5581 3156 5634 at
3183 5574 3317 5648 legit
3344 5583 3466 5639 tan-

86 5649 188 5703 tum
213 5644 263 5706 si
300 5646 754 5706 restruxerimus
786 5646 935 5704 BAL.
968 5645 1020 5703 si
1049 5646 1203 5704 bona
1230 5644 1691 5709 destruxerimus
1718 5650 1779 5732 3:
2360 5646 2365 5655 ’
2482 5644 2500 5651 ⁷
3050 5644 3057 5647 ⁷
3239 5644 3253 5677 7
3329 5728 3346 5732 _
3418 5678 3469 5732 λέ

1814 4664 2242 4738 indulgentiam
2272 4665 2658 4737 deprecando,
2692 4670 2796 4721 aut
2825 4666 2983 4722 mala
3019 4671 3212 4726 cetera
3239 4687 3344 4743 per
3372 4672 3459 4727 di-

1812 4772 1990 4828 gnam
2021 4752 2423 4827 pmniteutiam
2454 4752 2760 4809 abolendo.
2789 4755 2859 4810 Et
2888 4760 3029 4811 tunc
3059 4758 3382 4829 proficient,
3409 4761 3460 4816 si

1813 4844 1874 4899 in
1904 4849 2039 4899 ante
2087 4860 2150 4899 se
2197 4842 2558 4908 custodierit,
2591 4858 2664 4898 ne
2693 4843 2765 4898 de
2793 4842 2909 4900 illis
2962 4860 3025 4900 se
3083 4847 3343 4904 sordidet
3388 4850 3460 4906 de

1815 4933 2033 5007 quibus
2064 4948 2126 4989 se
2151 4932 2507 4998 amandavit,
2534 4932 2673 5002 quia
2691 4932 2975 5004 scriptum
3005 4938 3124 4991 est:
3150 4939 3459 5008 Lavamini,

1811 5022 2009 5079 mundi
2034 5030 2213 5077 estote.
2245 5022 2462 5092 Auferte
2488 5021 2700 5075 malum
2731 5023 3123 5091 cogitationum
3156 5035 3464 5084 vestrarum

1815 5112 1884 5167 ab
1930 5111 2102 5166 oculis
2147 5112 2305 5173 meis,
2337 5109 2475 5165 dicit
2516 5110 2800 5166 Dominus.
2826 5112 3094 5180 Quiescite
3136 5130 3296 5187 agere
3338 5133 3462 5190 per-

1813 5216 1982 5266 verse,
2013 5198 2201 5255 discite
2231 5199 2723 5268 bene/acere.Quia
2751 5201 2853 5272 qui
2883 5218 2945 5258 se
2974 5202 3147 5260 bonis
3164 5205 3461 5277 operibus,

1816 5294 1875 5345 et
1900 5286 2195 5360 lacrymis,
2228 5290 2285 5342 et
2331 5287 2695 5345 orationibus
2741 5306 2775 5345 a
2820 5295 3057 5363 peccato
3106 5295 3374 5361 mundat,
3405 5299 3465 5351 et

1818 5382 2029 5436 iterum
2062 5376 2258 5450 gravia
2309 5380 2546 5450 peccata
2583 5382 2897 5452 perpetrat,
2920 5381 3055 5438 talis
3103 5386 3209 5451 est,
3233 5386 3299 5437 ut
3327 5398 3464 5439 san-

2360 5646 2365 5655 ι

3050 5595 3068 5647 ;
3099 5581 3156 5634 at
3183 5574 3317 5648 legit
3344 5583 3466 5639 tan-
3610 5522 3726 5679 ﬂ
