3828 6204
383 342 500 400 687

385 481 514 532 ctus
547 475 750 531 Petrus
793 473 952 540 dicit,
977 471 1132 529 sicut
1184 488 1398 544 porcus
1449 469 1549 542 qui
1597 485 1657 524 se
1708 467 1860 523 lavat
1880 466 1945 499 “5"
1975 463 2033 518 in
2063 463 2120 530 Α

382 564 527 633 luto,
555 569 612 622 et
632 563 788 620 sicut
808 563 969 618 canis
994 562 1094 634 qui
1118 561 1496 618 remanducat
1515 558 1800 613 vomitum
1830 571 2003 611 suum
2022 571 2035 619 ;

382 659 441 714 et
462 655 669 712 timere
705 654 897 720 debet,
916 668 987 707 ne
1015 651 1175 724 ipsas
1202 650 1488 722 lacrymas
1511 649 1568 704 in
1591 650 1905 719 conspectu
1937 644 2038 700 Dei

386 746 595 802 reddat
627 743 987 809 immundas,
1007 757 1111 812 per
1133 757 1280 812 quas
1314 738 1585 794 mandari
1627 736 1814 810 potuit
1844 754 1874 790 a
1906 751 2036 807 pec-

385 834 552 892 catis.
578 835 712 900 Qua:
742 849 859 888 non
883 830 1152 896 dicimus,
1176 832 1242 884 ut
1273 828 1321 883 si
1346 828 1557 883 iterum
1587 826 1800 898 aliquis
1825 825 2040 880 cecide-

390 923 467 980 rit
495 926 627 996 post
657 920 1084 978 confessionem
1135 920 1191 974 in
1241 922 1566 990 peccatum,
1602 920 1666 970 ut
1696 915 1753 970 in
1786 913 2039 987 peccatis

388 1011 560 1085 quasi
591 1013 938 1084 desperatus
960 1010 1171 1079 jaceat.
1199 1007 1298 1062 sed
1323 1011 1442 1061 uta
1469 1007 1722 1079 peccatis
1749 1009 2037 1076 quantum

387 1104 577 1175 potest
605 1118 668 1158 se
718 1103 936 1155 caveat.
971 1098 1038 1153 Et
1095 1097 1143 1152 si
1202 1096 1519 1171 fragilitate
1575 1094 1866 1160 ceciderit,
1901 1093 2040 1164 quia

387 1191 671 1264 scriptum
701 1193 791 1246 est
815 1206 827 1244 :
851 1186 1128 1259 Numquid
1176 1188 1272 1258 qui
1312 1185 1458 1242 cadit
1490 1201 1599 1241 non
1626 1185 1848 1255 adjiciat
1878 1191 1936 1238 ut
1959 1197 2041 1237 re.

385 1283 613 1350 surgat?
657 1278 830 1349 dicat,
883 1278 1038 1332 Nunc
1088 1278 1242 1348 cwpi,
1296 1279 1354 1330 et
1405 1291 1507 1347 per
1564 1274 2037 1328 immutationem

388 1372 635 1434 dexteras
667 1366 877 1425 excelsi
909 1383 1142 1438 semper
1186 1382 1287 1436 per
1317 1364 1716 1437 paenitentiam
1753 1365 2036 1434 resurgat,

388 1477 458 1516 ne
488 1457 658 1514 illum
693 1456 935 1513 ultimus
967 1455 1090 1509 dies
1135 1455 1192 1507 in
1238 1454 1490 1525 peccatis
1522 1452 1795 1530 inveniat,
1829 1457 1882 1505 et
1915 1451 2039 1505 sine

385 1550 502 1605 ﬁne
534 1546 798 1620 perditus
829 1545 952 1600 ﬁat.
1607 1529 1622 1536 ”

458 1639 512 1693 2.
547 1636 708 1692 Unde
760 1634 900 1706 quia
949 1631 1141 1688 solent
1191 1631 1424 1691 medici,
1467 1631 1701 1702 quando
1752 1627 2041 1702 generalis

388 1697 704 1782 inﬁrmitas
720 1725 810 1758 930'
833 1722 918 1778 vel
945 1723 1186 1777 morbus
1209 1720 1266 1775 in
1291 1726 1502 1774 terram
1521 1719 1694 1786 venit,
1709 1717 2038 1790 generalem

390 1813 742 1871 medicinam
775 1812 1077 1877 conﬁcere,
1114 1811 1267 1864 u’nde
1309 1825 1512 1864 omnes
1561 1807 1788 1879 possint
1816 1806 2036 1869 sanari,
2067 1835 2119 1903 Β

389 1904 474 1962 ita
501 1919 658 1959 nunc
687 1899 1077 1958 communiter
1105 1899 1256 1954 hanc
1287 1897 1660 1964 medicinam,
1695 1898 2040 1967 cooperante

388 1997 445 2050 et
476 1993 770 2052 mediante
800 1988 1067 2056 Domino,
1093 1987 1409 2044 statuimus
1457 1987 1526 2041 ad
1580 1984 2038 2056 recuperandam

388 2087 448 2139 et
477 2079 935 2140 conservandam
974 2078 1283 2134 sanitatem
1333 2081 1615 2144 nostram,
1649 2091 1720 2129 ne
1751 2078 1807 2129 et
1835 2073 1892 2128 in
1929 2073 2040 2128 isto

389 2171 587 2229 seculo
607 2170 845 2244 gravius
861 2167 1275 2240 afﬂigamur,et
1291 2166 1348 2220 in
1368 2167 1562 2220 futuro
1582 2162 2041 2235 seculo,quando

389 2263 461 2318 de
492 2261 606 2318 isto
649 2275 890 2331 corpore
934 2257 1266 2323 exierimus,
1292 2254 1522 2309 aeternis
1571 2252 1879 2308 tormentis
1910 2269 2039 2306 cru-

389 2351 634 2407 ciemur.
673 2349 735 2405 Id
785 2351 894 2413 est,
927 2350 992 2400 ut
1028 2343 1436 2416 unusquisque
1467 2342 1776 2414 episcopus
1826 2342 1882 2397 in
1936 2357 2045 2396 sua

391 2435 689 2511 parochia,
721 2439 778 2490 et
810 2433 976 2489 missi
1008 2433 1065 2486 in
1096 2432 1331 2486 illorum
1366 2430 1700 2498 missaticis,
1726 2434 1782 2484 et
1802 2429 2045 2484 comites

395 2527 456 2583 in
502 2525 738 2581 illorum
791 2521 1186 2589 comitatibus,
1229 2535 1363 2576 cum
1423 2519 1677 2574 maximo
1737 2519 1930 2574 studio
1990 2521 2047 2572 et

395 2629 634 2671 summa
663 2611 963 2684 diligentia
990 2626 1190 2666 curam
1222 2609 1477 2664 habeant
1509 2612 1572 2662 ut
1601 2607 1928 2679 cuicunque
1960 2625 2047 2663 ra-

396 2708 593 2776 ptores
624 2705 681 2758 et
727 2700 1154 2771 depraedatores
1204 2697 1283 2752 ibi
1334 2700 1490 2762 sunt,
1515 2697 1916 2767 cujuscunque
1948 2697 2046 2750 ho-

397 2792 588 2850 mines
619 2790 757 2858 sint,
790 2790 861 2845 ad
893 2789 1179 2844 rationem
1208 2787 1592 2852 deducantur,
1627 2790 1691 2842 ut
1721 2786 2046 2841 secundum

398 2882 586 2955 legem
613 2897 740 2953 qua:
772 2879 851 2934 ibi
884 2876 1034 2934 male
1061 2878 1213 2932 facta
1240 2876 1476 2942 habent,
1503 2875 1835 2943 emendant,
1861 2879 1963 2930 aut
1983 2876 2046 2910 ⁹⁸¹

408 2971 638 3028 solvant
663 2969 990 3026 secundum
1021 2965 1205 3038 legale
1235 2963 1537 3036 placitum,
1559 2969 1660 3020 aut
1708 2980 1809 3035 per
1857 2963 2049 3019 indul-

407 3059 666 3135 gentiam
697 3058 808 3114 sibi
839 3058 1155 3128 impetrent
1183 3054 1513 3126 perdonari.
1546 3055 1614 3109 Et
1643 3053 1920 3126 episcopi,
1955 3070 2049 3109 se-

405 3149 665 3207 cundum
709 3146 1048 3219 qualitatem
1097 3149 1154 3199 et
1211 3143 1595 3215 quantitatem
1654 3148 2048 3214 peccatorum,

405 3240 626 3310 absque
676 3235 1007 3308 acceptione
1055 3245 1459 3305 personarum,
1498 3232 1805 3303 rapacibus
1853 3237 1911 3288 et
1957 3233 2051 3288 bis

404 3328 699 3385 similibus
728 3325 885 3382 vitiis
925 3323 1242 3379 nominatis
1272 3327 1331 3377 et
1371 3321 1651 3377 convictis
1698 3322 2050 3393 poenitentiae

402 3418 562 3491 leges
606 3417 937 3488 injungant,
971 3413 1233 3484 inspecta
1280 3411 1629 3467 discretione
1659 3415 1717 3465 et
1747 3410 2050 3482 qualitate,

401 3510 574 3580 prout
602 3506 816 3577 cuique
846 3504 916 3560 ad
950 3501 1200 3558 salutem
1228 3499 1479 3568 viderint
1503 3499 1793 3571 expedire.
1817 3501 1900 3555 Ad
1925 3517 2050 3572 quas

401 3595 730 3669 specialiter
749 3591 1088 3664 exequenda
1108 3590 1374 3661 quadam
1391 3590 1460 3644 de
1484 3588 1755 3661 pluribus
1779 3589 2052 3661 capitulis

400 3685 896 3758 praedecessorum
928 3695 1196 3752 regnum,
1222 3683 1281 3734 et
1311 3677 1680 3750 synodalium
1711 3678 1805 3732 hic
1837 3695 2050 3750 ponere

399 3775 644 3846 dignum
661 3775 719 3828 et
734 3769 1130 3826 necessarium
1147 3766 1451 3834 duximus;
1472 3773 1912 3824 commonentes
1932 3769 2051 3840 epi-

399 3877 630 3933 scopos,
653 3859 868 3915 missos
889 3862 945 3913 et
973 3855 1234 3922 comites,
1255 3860 1320 3911 ut
1349 3855 1450 3910 illa
1476 3855 1734 3928 capitula
1757 3874 1883 3929 quae
1915 3857 2051 3913 inde

401 3954 537 4008 ante
557 3949 666 4005 bos
685 3964 872 4004 annos
890 3947 950 4002 in
974 3961 1158 4001 unum
1179 3943 1420 4000 collecta
1444 3945 1698 4012 fuerunt,
1722 3950 1777 4001 et
1805 3946 1865 4001 in
1896 3947 2050 4002 Cari-

400 4039 558 4097 siaco
578 4039 668 4074 θεν
703 4034 994 4109 epi3¢0pis
1015 4037 1070 4090 et
1097 4031 1295 4089 missis
1327 4033 1542 4088 nostris
1577 4048 1678 4104 per
1707 4033 2048 4092 universum

400 4143 650 4200 regnum
672 4128 941 4181 nostrum
962 4123 1033 4179 ad
1057 4121 1461 4193 exequendum
1479 4121 1848 4189 donavimus,
1868 4125 1969 4179 sed
1992 4127 2051 4180 et

397 4216 500 4274 illa
519 4233 650 4290 quae
664 4230 954 4272 consensu
976 4210 1235 4268 fidelium
1263 4213 1594 4266 nostrorum
1615 4211 1733 4264 ﬁeri
1751 4210 2050 4281 jussimus

398 4306 636 4380 quando
663 4321 799 4362 cum
825 4303 1004 4358 fratre
1027 4304 1228 4356 nostro
1251 4298 1836 4372 Hlothario,glorioso
1863 4301 2046 4374 impe-

396 4400 609 4468 ratore,
621 4395 778 4468 apud
801 4391 1178 4449 Valentianas
1198 4389 1331 4461 loqu
1342 4389 1425 4444 uti
1447 4390 1686 4455 fuimus,
1702 4393 1757 4445 et
1773 4389 2046 4446 ﬁdelibus

396 4486 614 4543 nostris
668 4482 1002 4540 denuntiari
1055 4484 1113 4536 et
1155 4480 1461 4536 observare
1515 4479 1919 4551 praecepimus,
1971 4481 2044 4536 ad

1046 338 1380 398 APPEND.
1428 338 1530 434 ᾼΙ)
1578 335 1761 395 ΞΑΞΟ.
1811 335 1881 391 Χ.
1918 329 2041 388 —-l

2225 330 2525 391 JMENTA
2569 331 3121 394 DlPLOMATlCA.

3677 335 3764 412 “3'3

2150 468 2480 520 mentorum
2522 465 2940 538 experimenta,
2975 484 3196 522 morem
3240 470 3565 539 sequentes
3594 467 3764 537 praede-

2151 569 2447 610 cessorum
2483 556 3039 624 nostrorum,smcti
3071 555 3326 629 Spiritus
3347 555 3765 630 gratiaillustra-

2147 642 2214 710 ti,
2237 648 2439 700 contra
2467 661 2688 700 venena
2714 645 2930 701 diaboli
2961 644 3296 702 ministrare
3322 644 3667 702 curabimus
3686 663 3769 701 me

2149 731 2425 788 dicinalia
2455 734 2722 790 antidota
2750 733 2988 790 Christi.

2219 823 2272 877 3.
2306 822 2614 879 Communi
2663 822 2876 896 placito
2926 823 3365 893 constituimus,
3400 829 3468 880 ut
3521 842 3694 897 usque
3719 826 3768 879 ad

2149 911 2394 968 missam
2425 913 2612 968 sancti
2647 913 2917 986 Remigii,
2950 912 3009 968 id
3058 917 3146 970 est
3193 914 3487 970 Kalendas
3521 913 3765 982 Octobris,

2149 1001 2408 1074 spatium
2442 1001 2700 1058 habeant
2729 1001 2814 1058 illi
2853 1005 2954 1076 qui
2987 1003 3045 1058 in
3078 1004 3210 1059 istis
3262 1003 3634 1076 temporibus
3663 1005 3770 1060 istas

2148 1091 2609 1164 depraedationes
2640 1097 2696 1148 et
2725 1091 2840 1148 alia
2868 1091 3175 1148 malefacta
3205 1091 3599 1149 criminaliter
3624 1098 3673 1150 et
3699 1112 3770 1167 pu-

2149 1179 2297 1235 blice
2344 1181 2626 1248 fecerunt,
2659 1186 2726 1236 ut
2772 1181 2908 1237 inde
2939 1187 2996 1238 et
3025 1183 3091 1216 93’
3121 1183 3276 1255 apud
3308 1182 3499 1238 Deum
3551 1186 3606 1238 et
3643 1184 3770 1255 apud

2150 1285 2248 1325 eos
2279 1270 2504 1341 quibus
2522 1270 2674 1327 male
2699 1272 2981 1339 fecerunt,
3002 1289 3064 1328 se
3085 1272 3398 1344 paciﬁcent
3443 1273 3515 1327 Et
3540 1272 3771 1344 quisquis

2149 1358 2259 1413 hoc
2293 1376 2408 1413 non
2447 1360 2666 1429 fecerit,
2693 1361 2955 1416 bannum
3003 1367 3270 1416 nostrum
3305 1361 3623 1434 dupliciter
3649 1378 3770 1416 com-

2151 1454 2346 1519 ponat.
2373 1449 2607 1504 Scilicet
2637 1454 2701 1504 ut
2723 1451 2814 1484 θεν
2843 1450 2982 1522 quia
3000 1451 3068 1484 "33
3099 1455 3414 1522 postquam
3444 1449 3585 1505 illas
3601 1451 3684 1513 ἓν
3708 1468 3769 1505 ra-

2152 1537 2321 1609 pinas
2353 1542 2408 1592 et
2439 1538 2552 1594 alia
2584 1539 2890 1594 malefacta
2919 1539 2977 1594 in
3002 1540 3313 1607 Carisiaco,
3339 1543 3400 1594 et
3429 1544 3632 1612 postea
3653 1541 3769 1611 apud

2152 1627 2522 1683 Confluentes
2555 1645 2688 1682 cum
2721 1628 2929 1684 dilecto
2965 1629 3137 1684 fratre
3185 1634 3387 1685 nostro
3445 1629 3766 1699 llludowice,

2151 1716 2403 1788 glorioso
2437 1734 2589 1790 rege,
2614 1725 2669 1772 et
2691 1723 2897 1789 nepote
2929 1723 3129 1774 nostro
3154 1717 3488 1787 Illothario,
3514 1719 3767 1775 forbanni-

2150 1805 2362 1872 vimus,
2391 1811 2448 1861 et
2479 1812 2612 1878 post
2642 1807 2823 1863 istum
2854 1807 3115 1863 bannum
3162 1824 3266 1880 per
3294 1825 3649 1864 consensum
3677 1821 3767 1862 om-

2150 1895 2313 1950 nium
2349 1895 2565 1950 factum
2599 1894 2698 1951 illa
2728 1896 3060 1964 emendare,
3087 1895 3238 1952 sicut
3257 1896 3343 1952 eis
3369 1897 3628 1970 spatium
3651 1895 3768 1951 dedi-

2151 2000 2305 2052 mus,
2330 1983 2664 2054 noluerunt,
2686 1989 2742 2041 et
2772 1986 2971 2041 omnia
3001 2002 3128 2057 quae
3157 1985 3593 2042 commiserunt
3615 1985 3770 2058 legali-

2151 2079 2238 2129 ter
2267 2090 2613 2146 componere
2645 2074 3091 2147 compellantur,
3125 2079 3182 2130 et
3219 2093 3323 2146 per
3359 2076 3654 2147 publicam
3679 2090 3766 2146 pte-

2150 2162 2457 2218 nitentiam
2489 2164 2814 2219 secundum
2854 2180 3053 2219 sacros
3097 2180 3352 2220 canones
3384 2165 3509 2223 Deo
3538 2170 3593 2220 et
3629 2163 3768 2220 ecclo—

2152 2251 2251 2308 siae
2299 2253 2357 2307 in
2406 2269 2582 2324 quam
2641 2259 3025 2324 peccaverunt
3077 2253 3472 2312 satisfaciant.
3509 2253 3764 2323 Quibussi

2153 2342 2388 2397 obedire
2419 2341 2734 2408 noluerint,
2767 2347 2867 2398 aut
2909 2359 3011 2416 per
3045 2343 3424 2414 ﬁdejussores
3455 2345 3530 2400 ad
3562 2359 3765 2417 pra-sen-

2154 2430 2297 2486 tiam
2321 2435 2578 2486 nostram
2603 2432 3023 2503 perducantur,
3045 2436 3146 2488 aut
3168 2431 3367 2487 omnia
3399 2449 3536 2504 qua;
3555 2434 3610 2488 in
3632 2449 3765 2506 regno

2155 2525 2353 2576 nostro
2387 2520 2623 2588 habent,
2657 2520 2715 2576 in
2755 2521 3016 2576 bannum
3068 2525 3334 2578 nostrum
3389 2524 3703 2586 mittantur,
3729 2525 3770 2575 et

2157 2608 2470 2680 episcopali
2503 2610 2850 2666 auctoritate
2899 2629 2933 2665 a
2978 2612 3278 2668 communi
3329 2611 3708 2670 ecclesiastica
3729 2614 3769 2664 et

2159 2699 2422 2753 omnium
2459 2699 2721 2754 fidelium
2753 2690 3029 2756 societate
3059 2701 3469 2757 excludantur.

2231 2789 2282 2842 4.
2318 2788 2397 2843 De
2436 2787 2656 2843 honore
2705 2789 2899 2845 autem
2949 2789 3331 2846 ecclesiarum
3385 2806 3458 2847 ac
3516 2803 3766 2846 servorum

2159 2877 2352 2944 Dei,et
2373 2878 2444 2933 de
2466 2877 2687 2951 rapinis
2717 2885 2891 2951 atque
2911 2878 3041 2934 aliis
3073 2879 3246 2936 malis
3276 2897 3381 2935 seu
3412 2879 3769 2952 praesumptio

2161 2967 2336 3022 nibus
2359 2968 2430 3022 ab
2461 2967 2572 3022 ista
2591 2967 2683 3022 die
2704 2972 2759 3023 et
2781 2968 2838 3022 in
2861 2967 3154 3040 reliquum
3173 2968 3634 3041 compescendis,
3653 2967 3767 3038 capi-

2161 3056 2282 3112 tula
2313 3057 2400 3113 avi
2432 3061 2490 3112 et
2521 3057 2702 3128 patris
2742 3056 2925 3112 nostri
2959 3058 3321 3130 temporibus
3371 3061 3676 3115 constituta
3700 3056 3768 3110 hic

2164 3146 2606 3219 subjungere,et
2638 3151 2702 3200 ut
2732 3145 3088 3204 omnimodis
3109 3149 3500 3204 observentur
3527 3165 3589 3204 ex
3617 3149 3768 3202 hanno

2081 3205 2128 3278 θ
2164 3239 2361 3291 nostro
2393 3236 2703 3308 praecipere
2723 3235 2970 3308 dignum
2999 3240 3056 3293 et
3086 3238 3489 3293 necessarium
3519 3237 3767 3293 duximus.

2161 3325 2457 3397 Scriptum
2489 3330 2578 3380 est
2605 3325 2762 3381 enim
2792 3325 2851 3380 in
2890 3324 3008 3380 illis
3037 3325 3312 3398 capitulis
3344 3327 3567 3393 (Bened.
3594 3325 3766 3392 ",97):

2162 3439 2186 3464 ‹‹
2210 3414 2270 3471 Si
2291 3415 2423 3485 quis
2445 3414 2596 3470 infra
2616 3430 2862 3486 regnum
2887 3413 3152 3486 rapinam
3177 3415 3400 3480 fecerit,
3415 3422 3521 3471 aut
3539 3415 3766 3486 cuiquam

2161 3509 2361 3560 nostro
2394 3502 2548 3560 ﬁdeli
2579 3505 2825 3575 ejusque
2864 3503 3091 3559 homini
3138 3503 3364 3575 aliquid
3395 3507 3452 3559 vi
3485 3503 3767 3566 abstulerit,

2158 3594 2217 3649 in
2251 3592 2426 3665 triplo
2458 3591 2552 3648 cui
2581 3592 2804 3665 aliquid
2845 3591 3106 3661 abstulit,
3131 3592 3360 3666 legibus
3392 3596 3701 3667 componat,
3727 3592 3766 3645 et

2159 3683 2404 3754 insuper
2432 3683 2695 3738 bannum
2730 3688 3023 3750 nostrum,
3048 3682 3104 3738 id
3129 3688 3218 3739 est
3237 3684 3545 3757 sexaginta
3572 3681 3765 3738 solidos.

2158 3771 2328 3827 nobis
2361 3770 2672 3843 persolvat.
2697 3773 3079 3829 Postmodum
3099 3789 3232 3828 vero
3264 3779 3403 3828 ante
3425 3791 3535 3829 nos
3550 3788 3582 3828 a
3599 3769 3765 3826 comite

2160 3862 2508 3930 adducatur,
2526 3866 2588 3916 ut
2607 3861 2665 3916 in
2696 3861 2998 3918 bastonico
3021 3861 3106 3917 vel
3127 3860 3188 3916 in
3211 3860 3324 3917 alio
3350 3864 3582 3918 carcere
3606 3867 3765 3916 trusus

2158 3966 2346 4021 usque
2377 3951 2518 4006 dum
2547 3950 2716 4006 nobis
2747 3950 3034 4022 placuerit
3052 3967 3251 4022 pmnas
3283 3949 3430 4006 luat.
3455 3951 3597 4006 Nam
3625 3948 3666 4003 si
3692 3961 3764 4017 μηδ

2159 4039 2307 4094 blice
2325 4045 2454 4095 actu
2467 4056 2521 4095 αι
2544 4040 2738 4108 fuerit,
2757 4039 3054 4112 publicam
3073 4039 3208 4095 inde
3225 4043 3364 4112 agat
3381 4037 3762 4111 pmnitentiam;

2159 4128 2437 4201 quoniam
2462 4133 2746 4200 raptores,
2763 4134 2828 4185 ut
2857 4128 2940 4184 ait
2958 4127 3292 4200 Apostolus,
3314 4129 3431 4185 nisi
3451 4143 3636 4184 veram
3661 4137 3762 4195 ege-

2157 4217 2276 4272 rint
2295 4217 2711 4288 painitentiam,
2738 4235 2985 4291 regnum
3009 4217 3112 4274 Dei
3133 4235 3246 4272 non
3272 4217 3661 4288 possidebunt.
3682 4209 3760 4277 Qui

2157 4323 2288 4362 vero
2321 4307 2390 4362 de
2421 4308 2594 4362 rebus
2620 4305 3000 4362 ecclesiarum
3032 4306 3257 4378 aliquid
3287 4306 3648 4369 abstulerint,
3667 4313 3761 4374 gra-

2154 4396 2285 4451 vius
2316 4395 2451 4450 inde
2491 4396 2863 4467 judicentur;
2897 4397 3036 4468 quia
3081 4412 3316 4452 sacrum
3367 4413 3560 4452 rerum
3591 4388 3760 4449 ablatio

2155 4483 2528 4556 sacrilegium
2551 4489 2658 4552 est,
2674 4489 2730 4539 et
2761 4484 3082 4557 sacrilegus
3113 4489 3354 4539 vocatur
3374 4486 3477 4556 qui
3501 4502 3568 4540 ex
3589 4482 3661 4538 eis
3681 4475 3757 4534 ali-

393 4575 764 4647 prmsentiam
797 4573 1098 4636 reducant,
1111 4573 1170 4626 et
1207 4568 1316 4623 illa»
1353 4567 1630 4640 relegant.
1657 4569 1727 4622 Et
1757 4568 1898 4640 quia
1925 4569 2045 4625 haec
2074 4571 2124 4638 D
2154 4572 2295 4645 quid
2325 4572 2636 4629 abstulerit
2680 4578 2780 4630 aut
2830 4573 3158 4646 rapueruit..
3184 4575 3456 4630 Extorres
3491 4582 3714 4642 namque
3735 4580 3760 4616 ι

391 4681 579 4737 pauca
601 4664 694 4720 hic
716 4661 1017 4718 brevitatis
1037 4676 1213 4714 causa
1235 4657 1719 4728 subscripsimus,
1743 4656 1803 4712 in
1825 4657 2044 4714 talibus

392 4754 568 4812 rebus
600 4769 727 4825 quis
757 4751 842 4808 eis
873 4749 1212 4807 advenerint
1251 4747 1324 4802 ad
1372 4746 1827 4810 emendandum,
1862 4750 1921 4801 et
1949 4746 2044 4802 hic

393 4841 526 4897 inde
556 4841 816 4914 capitula
862 4857 977 4896 non
1022 4837 1367 4903 invenerint,
1401 4852 1504 4908 per
1550 4833 1652 4890 illa
1696 4839 1753 4890 et
1798 4852 1901 4906 per
1929 4834 2044 4891 alia

393 4929 652 5000 capitula
679 4929 837 5000 regia
867 4933 922 4984 et
951 4927 1415 5001 synodalia,qua:
1440 4925 1805 4980 emendanda
1829 4928 1966 4979 sunt
1986 4930 2044 4981 et

393 5019 762 5075 emendanda
820 5017 1192 5089 perviderint,
1236 5015 1547 5072 emendare
1605 5018 1936 5085 procurent.
1981 5013 2044 5071 Si

391 5123 525 5162 vero
547 5112 603 5162 et
627 5108 798 5177 juxta
820 5106 1165 5162 diabolicam
1205 5105 1605 5175 calliditatem,
1629 5107 1685 5160 et
1714 5105 2041 5160 secundum

390 5195 711 5256 humanam
732 5193 1130 5265 fragilitatem,
1152 5211 1297 5249 nova
1314 5209 1678 5265 quiscunque
1699 5194 2042 5262 acciderint,

389 5285 530 5361 quia
558 5299 709 5340 nova
732 5282 1069 5339 morborum
1095 5299 1306 5353 genera
1327 5300 1474 5339 nova
1495 5287 1766 5354 quaerunt
1790 5283 2044 5340 medica-

2152 4661 2462 4718 liminihus
2491 4667 2707 4718 sanctae
2741 4662 2948 4718 matris
2967 4661 3224 4718 ecclesias
3247 4662 3397 4718 tales
3424 4671 3759 4736 personatus.

2153 4769 2264 4823 que
2286 4752 2357 4806 ad
2383 4751 2845 4808 satisfactionem
2864 4750 3141 4820 ecclesiae,
3157 4768 3336 4823 quam
3356 4751 3641 4815 laeserunt,
3653 4747 3760 4801 sunt

2152 4840 2432 4896 habenda
2465 4844 2640 4913 atque
2669 4840 2916 4896 ﬁrmiter
2945 4841 3310 4896 denotandis.
3337 4863 3363 4891 »
3397 4843 3468 4896 Et
3496 4841 3620 4896 item
3649 4850 3761 4891 san-

2152 4933 2281 4985 ctus
2311 4928 2550 5000 Paulus,
2574 4947 2676 5002 per
2708 4947 2884 5002 quem
2915 4929 3196 5003 loquutus
3233 4934 3325 4985 est
3353 4930 3631 4994 Christus,
3652 4921 3758 4979 dicit

2153 5019 2290 5090 quia
2311 5035 2499 5089 neque
2522 5036 2780 5091 rapaces,
2797 5036 2986 5091 neque
3006 5018 3334 5088 homicidae,
3351 5035 3542 5092 neque
3555 5007 3758 5074 adulteri

2151 5122 2396 5178 regnum
2428 5106 2528 5162 Dei
2559 5107 2968 5179 possidebunt.
2989 5107 3057 5161 Et
3085 5105 3313 5174 ite'm,si
3335 5105 3470 5178 quis
3496 5102 3756 5162 fornicatur

2150 5200 2258 5264 est,
2283 5199 2385 5251 aut
2413 5196 2662 5264 adulter,
2696 5200 2798 5252 aut
2827 5211 3026 5268 rapax,
3056 5199 3160 5252 aut
3187 5194 3507 5263 homicida,
3527 5207 3648 5251 cum
3673 5188 3754 5242 hu'

2144 5285 2410 5356 jusmodi
2435 5301 2541 5342 nec
2569 5286 2766 5342 cibum
2796 5291 3028 5342 sumere
3051 5284 3267 5342 Christi
3296 5283 3602 5358 discipulo,
3621 5279 3670 5335 id
3689 5275 3753 5331 est

1737 5443 1980 5502 VARI/E
2031 5445 2444 5504 LECTIONES.

455 5568 524 5606 98°
549 5563 833 5640 jactatq3._
894 5562 1000 5640 θεοί
1017 5576 1232 5640 genere
1263 5560 1691 5640 _inﬁrmitatum
1720 5562 1773 5618 3.
1803 5562 1848 5640 _i.
1883 5561 2162 5640 narrant
2191 5564 2244 5640 lg.
2321 5565 2385 5600 οεί
2415 5581 2584 5623 manu
2635 5564 2918 5626 Sir-mandi
2947 5569 3005 5624 et
3032 5563 3262 5624 solvant
3306 5564 3441 5622 BAL.
3518 5563 3603 5600 ⁸⁸³·
3629 5548 3746 5632 pari-

384 5633 625 5701 siaco'3.
702 5637 770 5676 98’
798 5635 942 5694 deest
971 5633 1046 5693 3f
1101 5634 1191 5670 93"
1225 5636 1280 5690 et
1308 5633 1359 5688 3.
1397 5633 1448 5686 4.
1526 5633 1592 5666 9⁸³
1622 5633 1762 5690 deest
1793 5635 1842 5687 4.

1921 5634 2014 5672 “3'
2047 5634 2164 5692 illis
2193 5637 2246 5694 3.
