3828 6204
38 373 142 437 689
688 414 693 419 -
1014 364 1503 430 FRANCORUM
1552 362 1825 428 REGUM
1868 363 2423 430 CAPITULARIA.‘
3301 354 3423 427 690

36 505 351 571 christiano,
381 502 517 563 licet
546 500 680 562 ante
708 501 1185 571 satisfactionem,
1219 500 1277 557 id
1327 502 1420 558 est
1464 514 1662 557 corre-
1690 499 1744 567 Α
1775 499 1900 575 ipse
1930 503 2137 575 potens
2157 499 2245 557 vel
2267 500 2464 559 senior
2479 498 2830 560 satisfecerit
2856 498 3126 577 episcopo
3146 504 3204 561 et
3222 501 3425 562 missis

39 594 266 656 ctionem
296 612 364 652 ac
390 589 858 652 emendationem
888 597 945 649 et
969 593 1209 665 dignam
1238 589 1668 663 paenitentiam,
1778 591 1974 665 regiis,
2009 591 2149 664 quia
2176 608 2316 648 suos
2345 592 2613 649 homines
2644 592 2716 649 ad
2765 592 3233 650 emendationem
3264 597 3322 650 et
3351 593 3424 652 ad

37 689 95 744 Et
119 690 350 743 sanctus
367 684 664 740 Iohannes
682 676 986 756 apostolus
1005 680 1182 737 talem
1204 678 1460 736 salutare
1482 683 1585 734 aut
1606 678 1666 734 in
1776 681 2179 754 paenitentiam
2210 698 2324 737 non
2357 685 2550 754 potest
2578 682 2993 751 adducere,sed
3015 681 3275 756 seipsum
3304 681 3431 740 vult

36 779 251 833 domum
299 768 553 846 recipere
597 776 767 829 vetat.
816 773 887 828 Et
932 770 1085 828 sacri
1133 786 1389 826 canones
1442 768 1667 841 Spiritu
1777 764 2522 828 autatalibus‘immunem
2542 771 2850 827 ostendere
2872 774 2972 828 aut
2995 771 3170 846 digne
3194 771 3429 829 satisfa-

37 871 211 923 sancto
240 881 345 938 per
372 880 469 920 eos
493 861 825 949 dictati,qui
857 861 917 917 in
948 859 1085 917 coelo
1116 876 1251 916 eum
1421 861 1670 949 regnant
1777 877 1926 927 cere,
1959 865 2016 916 et
2042 860 2385 932 hujusmodi
2418 859 2716 917 maleficos
2744 880 2779 917 a
2808 877 2919 918 suo
2944 861 3226 934 obsequio
3244 860 3426 919 reice-

36 961 83 1011 et
108 955 160 1010 in
189 953 360 1009 terris
396 946 702 1009 miraculis
749 952 1078 1016 coruscant,
1110 946 1547 1004 constituerunt
1576 946 1665 1001 di-
1777 954 1923 1018 re,et
1950 954 2016 1005 ut
2045 950 2147 1006 Dei
2177 949 2450 1006 inimicos
2468 951 2739 1023 persequi
2760 954 2903 1007 tunc
2934 955 3036 1007 aut
3059 968 3174 1008 non
3204 967 3431 1008 excom-

33 1036 207 1101 centes
232 1060 245 1097 :
275 1042 335 1099 Si
368 1042 500 1114 quis
531 1042 603 1097 de
632 1039 968 1114 potentibus
997 1036 1295 1103 clericum,
1320 1039 1422 1091 aut
1447 1052 1658 1108 quem-

37 1134 158 1189 libet
206 1146 542 1205 pauperem,
585 1132 687 1186 aut
738 1128 1080 1201 religiosum
1130 1124 1559 1198 exspoliaverit,
1611 1128 1669 1180 et

38 1221 378 1280 mandaverit
402 1221 472 1276 ad
504 1220 701 1292 ipsum
722 1217 1033 1292 episcopus
1053 1220 1120 1272 ut
1138 1232 1271 1272 eum
1294 1215 1512 1282 audiat,
1538 1217 1595 1270 et
1616 1213 1667 1270 is

40 1309 452 1383 contempserit,
484 1308 733 1364 invicem
764 1323 898 1363 mox
944 1305 1161 1378 scripta
1200 1306 1541 1376 percurrent
1566 1318 1671 1376 per

40 1418 221 1457 omnes
241 1398 545 1473 provinciae
563 1396 866 1471 episcopos
884 1411 1266 1468 quoscunque
1282 1392 1441 1449 adire
1463 1398 1666 1465 potue-

42 1491 160 1556 rint,
191 1493 254 1545 ut
278 1486 822 1545 excommunicatus
849 1484 1135 1540 habeatur
1162 1483 1344 1538 donec
1375 1481 1574 1537 audiat
1611 1486 1668 1538 et

39 1579 217 1636 reddat
245 1577 455 1634 aliena.
488 1576 558 1631 Et
585 1564 659 1631 de
687 1575 862 1631 rebus
893 1590 960 1629 ac
990 1572 1369 1629 facultatibus
1396 1569 1666 1627 ecclesia—

1777 1039 2129 1108 municetur,
2162 1042 2263 1095 aut
2292 1039 2363 1095 ab
2403 1038 3003 1097 excommunicatione
3048 1039 3325 1097 solvatur.
3356 1040 3430 1098 Et

1776 1128 1915 1185 item
1937 1128 1995 1183 in
2022 1126 2294 1201 capitulis
2324 1127 2745 1197 imperatorum
2777 1128 3061 1201 scriptum
3092 1133 3180 1187 est
3193 1129 3424 1203 (Assae.

1777 1233 1838 1287 ιι,
1869 1219 1963 1286 23)
2010 1234 2024 1273 :
2077 1219 2313 1274 Comites
2360 1233 2481 1273 vero
2540 1220 2815 1274 ministris
2859 1219 3093 1275 ecclesiae
3138 1221 3199 1275 in
3238 1235 3429 1276 eorum

1774 1308 2120 1375 ministeriis,
2149 1315 2211 1362 ut
2240 1308 2338 1363 hoc
2360 1307 2578 1378 plenius
2623 1315 2675 1363 et
2719 1311 2785 1363 de
2832 1309 3052 1376 nostris,
3080 1315 3133 1365 et
3156 1309 3222 1365 de
3268 1325 3343 1380 se,
3375 1315 3429 1365 et

1774 1397 1840 1453 de
1870 1398 1984 1453 suis
2011 1396 2322 1452 hominibus
2368 1396 2609 1453 obtinere
2646 1399 2876 1468 possint,
2909 1397 3182 1470 adjutores
3214 1400 3273 1454 in
3309 1415 3427 1455 om-

1772 1487 1936 1543 nibus
1963 1486 2119 1557 ﬁant.
2154 1486 2221 1541 Et
2246 1486 2555 1558 quicunque
2597 1487 2789 1558 prima
2833 1494 2887 1542 et
2928 1486 3164 1543 secunda
3210 1490 3324 1545 vice
3363 1487 3429 1547 de

1032 1574 1369 1655 tcultutibus
1396 1574 1666 1627 ecclesia—
1773 1578 1860 1631 his
1888 1592 1923 1630 a
1950 1576 2143 1630 comite
2193 1574 2505 1630 admonitus
2532 1591 2644 1631 non
2674 1591 2730 1631 se
2757 1577 3341 1645 correxerit,volumus
3369 1586 3434 1635 ut

38 1668 179 1724 sticis
207 1667 412 1725 dicunt
443 1683 457 1721 :
490 1664 552 1722 Si
584 1663 718 1737 quis
748 1661 1074 1719 oblationes
1104 1660 1360 1717 ecclesiae
1390 1665 1554 1716 extra
1580 1677 1668 1716 ec-
1770 1681 1873 1738 per
1899 1662 2145 1720 eumdem
2184 1665 2433 1720 comitem
2452 1664 2570 1736 ejus
2590 1665 3016 1737 neglegentiaad
3057 1674 3303 1723 nostram
3328 1680 3426 1724 ηο.

38 1757 247 1813 clcsiam
278 1755 545 1827 accipere
574 1751 661 1809 vel
693 1754 831 1808 dare
859 1750 1110 1808 voluerit
1137 1753 1344 1824 praeter
1372 1749 1669 1806 conscien-
1776 1756 1957 1812 titiam
1989 1755 2319 1827 perferatur,
2344 1761 2404 1810 ut
2431 1763 2619 1810 nostra
2648 1758 2974 1813 auctoritate
3004 1757 3144 1830 quod
3165 1759 3225 1813 in
3248 1766 3435 1817 nostra

40 1849 159 1903 tiam
187 1842 559 1919 episcopi,vel
582 1842 710 1914 ejus
742 1841 835 1898 cui
867 1838 1278 1940 hujuscemodi
1303 1838 1495 1894 oflicia
1516 1855 1669 1940 cqm-
1702 1876 1749 1940 Β
1777 1844 2078 1916 eapitulari
2095 1843 2618 1909 continetur,subire
2645 1852 2891 1915 cogatur,
2925 1844 2992 1899 Et
3019 1843 3161 1900 item
3195 1845 3258 1915 (η
3293 1843 3382 1916 tl)
3416 1862 3433 1899 :

44 1936 200 1992 missa
226 1938 386 2001 sunt,
422 1948 528 1988 nec
557 1948 692 1987 cum
723 1932 852 2003 ejus
892 1929 1139 1986 voluerit
1188 1945 1359 2003 agere
1404 1927 1670 1996 consilio,
1702 1927 1747 1940 "
1788 1938 1868 1989 De
1892 1947 2025 2004 pace
2053 1933 2116 1987 in
2144 1932 2431 1987 exercitati
2458 1932 2655 1987 itinere
2682 1934 2950 1988 servanda
2977 1950 3149 2007 usque
3187 1933 3258 1989 ad
3284 1950 3435 1989 mar-

46 2025 326 2081 anathema
352 2022 450 2079 sit.
486 2023 554 2078 Et
585 2022 723 2077 item
753 2020 815 2075 in
847 2018 1120 2093 capitulis
1153 2019 1244 2075 avi
1280 2022 1337 2074 et
1365 2017 1549 2090 patris
1580 2034 1680 2073 no-
1786 2023 1965 2087 chum,
2015 2022 2114 2076 hoc
2158 2021 2411 2083 omnibus
2440 2028 2629 2077 notum
2672 2021 2796 2093 ﬁeri
2839 2023 3110 2094 volumus,
3151 2023 3290 2095 quod
3319 2024 3440 2096 qui-

48 2113 133 2169 stri
159 2113 442 2185 scriptum
464 2115 554 2167 est
574 2110 644 2165 de
665 2109 760 2166 his
789 2108 889 2181 qui
921 2108 980 2162 in
1007 2108 1267 2163 exercitu
1297 2122 1681 2179 quoscunque
1788 2127 2001 2184 cunque
2028 2117 2301 2166 auctorem
2327 2109 2521 2165 damni
2547 2109 2659 2166 sibi
2682 2112 2848 2167 inlati
2875 2112 3207 2167 nominatim
3242 2128 3437 2182 cogno-

50 2220 220 2260 secum
252 2204 502 2267 ducunt,
527 2199 682 2274 quod
713 2203 769 2255 et
800 2215 906 2254 nos
940 2197 1095 2253 infra
1125 2197 1377 2270 patriam
1408 2195 1683 2252 volumus
1788 2203 1911 2269 scit,
1935 2208 1997 2256 ut
2022 2200 2287 2270 justitiam
2316 2198 2380 2255 de
2406 2199 2504 2255 illo
2534 2209 2750 2273 quaerat
2795 2209 2847 2256 et
2895 2201 3146 2274 accipiat.
3180 2202 3250 2257 Et
3296 2201 3439 2259 item

52 2293 351 2349 observare.
384 2293 621 2360 (Ausus.
653 2305 717 2356 ιι,
743 2287 864 2356 l5.)
894 2289 1157 2360 Deinceps
1183 2288 1436 2342 erunibus
1465 2286 1683 2342 denun-
1795 2291 1955 2363 (Ben.
1988 2308 2030 2356 ι,
2057 2289 2183 2359 341)
2219 2306 2232 2344 :
2265 2288 2327 2345 Si
2350 2291 2473 2363 quis
2521 2290 2583 2343 in
2629 2292 2869 2346 exercitu
2897 2291 2983 2347 vel
3012 2292 3166 2364 infra
3212 2307 3443 2363 regnum

52 2383 174 2439 tiara
199 2383 452 2439 volumus
479 2386 540 2435 ut
566 2379 939 2451 unusquisque
966 2384 1245 2448 cognoscat
1289 2391 1472 2432 omnes
1501 2376 1598 2447 qui
1625 2377 1684 2431 in
1792 2382 1916 2437 sine
1932 2380 2182 2452 jussione
2210 2378 2484 2434 dominica
2508 2394 2609 2449 per
2637 2380 2748 2435 vim
2788 2378 3030 2436 hsstilem
3058 2379 3273 2455 aliquid
3297 2394 3442 2454 pree-

57 2488 137 2526 suo
163 2472 414 2543 obsequio
443 2475 590 2534 sunt,
620 2468 733 2524 sive
759 2467 851 2523 sui
875 2467 1006 2532 sint,
1036 2466 1152 2520 sive
1176 2464 1371 2530 alieni,
1401 2472 1464 2520 ut
1489 2464 1584 2520 ille
1624 2463 1689 2519 de

59 2575 223 2616 eorum
244 2561 410 2627 factis
440 2559 707 2614 rationem
733 2573 789 2613 se
807 2557 950 2611 sciat
968 2553 1340 2621 redditurum;
1362 2562 1412 2610 et
1430 2552 1691 2626 quicquid

62 2651 111 2703 in
131 2666 252 2721 pace
280 2646 545 2705 violanda
573 2645 922 2719 deliquerint,
954 2642 1026 2699 ad
1054 2644 1225 2715 ipsius
1248 2642 1438 2698 debeat
1479 2645 1692 2715 pericu-

62 2738 159 2793 lum
178 2740 451 2811 pertinere
481 2754 499 2790 :
529 2752 593 2791 ea
620 2735 827 2791 scilicet
854 2731 1180 2799 conditione,
1212 2739 1275 2787 ut
1313 2733 1470 2802 pacis
1516 2731 1691 2787 viola-

63 2836 133 2883 tor
170 2829 413 2900 primum
455 2826 624 2897 juxta
666 2823 936 2896 facinoris
985 2821 1326 2895 qualitatem,
1358 2822 1472 2878 sive
1508 2836 1692 2876 coram

62 2919 214 2985 nobis,
243 2920 357 2973 sive
388 2931 578 2970 corum
607 2914 772 2968 misso
802 2919 1005 2978 nostra,
1044 2909 1241 2978 dignas
1268 2926 1455 2982 pennas
1488 2909 1693 2980 persol-

65 3014 152 3073 vat,
180 3015 227 3062 et
253 3004 567 3075 senior,qui
594 3018 776 3058 secum
807 3001 971 3057 talem
995 2999 1236 3065 duxerit,
1268 3015 1428 3070 quem
1445 3007 1541 3055 aut
1564 3015 1691 3055 con-

63 3097 308 3167 stringere
336 3095 524 3151 noluit
551 3099 645 3147 aut
672 3107 785 3147 non
826 3091 1007 3161 potuit
1036 3096 1097 3144 ut
1119 3096 1366 3145 nostram
1394 3089 1692 3160 jussionem

1795 2470 1931 2527 dari
1958 2468 2208 2535 voluerit,
2256 2475 2353 2523 aut
2398 2471 2607 2539 frenum
2650 2469 2859 2536 tollere,
2906 2476 3003 2525 aut
3040 2487 3298 2540 granum,
3330 2472 3445 2527 sive

1794 2574 1988 2631 pecora
2017 2557 2109 2592 9°"
2140 2556 2353 2628 majora
2399 2558 2481 2612 vel
2529 2558 2767 2623 minora,
2809 2557 3095 2631 domosque
3141 2560 3449 2632 infringere

1797 2645 1881 2699 vel
1912 2642 2220 2714 incendere,
2254 2644 2371 2700 haec
2398 2659 2466 2698 ne
2494 2644 2633 2714 ﬁant
2650 2646 2870 2700 omnino
2894 2646 3263 2718 prohibemus.
3299 2645 3448 2717 Quod

1798 2735 1852 2789 si
1876 2735 1944 2788 ab
1972 2734 2158 2807 aliqua
2203 2735 2633 2805 praesumptione
2679 2732 2892 2806 factum
2929 2736 3117 2806 fuerit,
3158 2739 3453 2806 sexaginta

1798 2822 2008 2889 solidis,
2039 2824 2092 2878 si
2118 2823 2260 2881 liber
2286 2828 2385 2890 est,
2406 2824 2477 2877 sit
2506 2823 2821 2895 culpabilis,
2842 2830 2895 2879 et
2921 2826 3110 2880 omnia
3136 2826 3350 2882 similia
3370 2842 3453 2882 re-

1800 2913 2112 2979 stituat,aut
2154 2928 2278 2966 cum
2324 2910 2608 2966 duodecim
2659 2912 2883 2967 testibus
2912 2928 2970 2967 se
2995 2921 3206 2985 purget.
3238 2916 3304 2973 ὁὶ
3328 2931 3452 2972 vero

1798 3017 1989 3058 servus
2045 3002 2143 3056 hoc
2199 3001 2391 3070 fuerit,
2445 3002 2717 3056 sententia
2770 3001 3000 3072 capitali
3046 3003 3345 3074 subjaceat,
3402 3011 3455 3061 et

1801 3091 2056 3147 dominus
2103 3091 2291 3144 omnia
2325 3090 2537 3145 similia
2584 3092 2853 3157 restituat,
2887 3093 3020 3163 quia
3046 3108 3264 3148 servum
3290 3109 3455 3149 suum

61 3193 291 3252 servaret,
322 3192 378 3240 et
426 3183 652 3253 insuper
698 3181 759 3235 in
808 3193 972 3250 regno
1018 3185 1206 3233 nostro
1248 3176 1470 3249 praedas
1514 3179 1695 3248 facere
1733 3245 1765 3253 _
1802 3196 1913 3237 non
1942 3180 2181 3235 correxit
2208 3193 2310 3234 nec
2339 3178 2626 3233 custodiuit
2669 3186 2733 3233 ut
2767 3180 2904 3235 (alia
2932 3197 3044 3237 ηοη
3066 3188 3404 3253 perpetrare;
3432 3199 3452 3241 ε

65 3290 158 3328 non
183 3274 451 3338 timuerit,
480 3285 580 3342 pro
623 3269 777 3323 illius
808 3267 1167 3338 neglegentia,
1207 3266 1259 3321 si
1305 3273 1432 3321 ante
1477 3281 1602 3321 eum
1631 3280 1695 3320 ac
1722 3245 1767 3312 θ
1806 3271 2067 3341 quoniam
2112 3269 2164 3323 si
2210 3284 2306 3323 nos
2353 3268 2496 3339 ipsos
2552 3267 2900 3335 comedimus,
2946 3245 3080 3325 cito-
3109 3245 3451 3342 deﬁciemus,

66 3363 137 3419 his
164 3379 266 3419 non
295 3360 667 3425 admonuerit,
699 3364 751 3413 et
772 3364 1057 3429 postquam
1089 3356 1434 3425 neglegentia
1460 3363 1696 3411 contem-

62 3453 211 3524 ptoris
255 3451 325 3507 ad
386 3449 507 3522 ejus
554 3448 809 3504 notitiam
855 3445 1182 3518 pervenerit,
1230 3461 1357 3500 eum
1402 3446 1697 3513 corrigere,

65 3544 188 3597 sicut
212 3541 379 3606 decet,
411 3537 733 3610 neglexerit,
764 3537 965 3592 honore
1007 3550 1107 3590 suo
1136 3535 1425 3607 privetur;
1456 3540 1518 3588 ut
1544 3534 1699 3589 scili-

66 3638 134 3685 cet
182 3637 370 3685 neuter
431 3627 655 3683 illorum
717 3626 838 3681 sine
883 3625 1036 3699 justo
1094 3622 1332 3678 vindicta
1397 3630 1697 3679 remaneat.

67 3716 165 3774 Vos
209 3719 275 3754 ⁹⁸⁴
329 3722 531 3773 autem
581 3712 861 3787 episcopi,
909 3710 1242 3785 evangelica
1289 3713 1346 3766 et
1384 3710 1703 3784 apostolica

70 3812 222 3880 atque
253 3803 574 3879 episcopali
605 3801 948 3858 auctoritate
980 3799 1267 3857 seniorem
1291 3804 1347 3856 et
1385 3798 1705 3871 quemlibet

71 3897 213 3970 regni
242 3898 568 3969 potentem,
602 3891 650 3948 si
682 3888 1074 3947 commonitus
1097 3889 1268 3961 juxta
1305 3887 1703 3961 evangelicum

69 3991 407 4059 praeceptum
432 4000 495 4040 se
522 3997 777 4052 suosque
807 3978 1075 4036 homines
1105 3977 1391 4050 corrigere
1429 3977 1704 4046 noluerit,

74 4080 121 4130 et
141 4074 270 4132 licet
300 4074 435 4147 ipse
463 4070 605 4129 talia
626 4086 740 4125 non
764 4067 1161 4136 faciat,tamen
1190 4066 1238 4125 si
1269 4066 1360 4123 sui
1391 4066 1480 4124 vel
1511 4067 1570 4121 in
1601 4082 1707 4122 suo

71 4162 334 4236 obsequio
365 4163 675 4219 manentes
703 4156 845 4214 talia
873 4156 1135 4221 fecerint,
1177 4154 1226 4211 si
1274 4171 1375 4211 eos
1422 4172 1534 4210 non
1583 4171 1708 4210 cor-

74 4253 286 4320 rexerit,
334 4256 393 4308 et
442 4246 744 4306 emendari
787 4263 914 4319 quae
947 4244 1168 4301 faciunt
1211 4260 1326 4299 non
1368 4242 1708 4312 obtinuerit,

74 4357 269 4414 eosque
292 4342 363 4397 ad
391 4337 798 4412 pmnitentiam
830 4352 944 4391 non
976 4333 1463 4407 perduxerit,ipse
1488 4348 1714 4388 excom-

75 4431 398 4486 municetur
427 4426 753 4484 secundum
808 4440 1005 4480 sacros
1052 4439 1328 4489 canones,
1361 4423 1543 4478 donec
1575 4438 1714 4477 suos

76 4517 328 4575 homines
350 4517 425 4574 ad
448 4513 918 4572 emendationem
940 4517 998 4568 ct
1018 4511 1423 4585 paenitentiam
1453 4511 1713 4577 reducat;

1810 3359 2185 3429 Unusquisque
2232 3364 2413 3411 tamen
2458 3356 2727 3412 custodiat
2775 3358 3077 3413 exercitum
3141 3374 3325 3425 suum,
3381 3372 3453 3417 ne

1802 3447 1997 3519 aliqua
2042 3445 2381 3516 deprwdatio
2420 3446 2580 3516 infra
2625 3460 2858 3513 regnum
2900 3447 3054 3515 ﬁant.
3085 3446 3370 3502 Similiter
3396 3450 3454 3503 et

1807 3533 2080 3592 collectas
2107 3550 2255 3605 quas
2285 3533 2595 3589 Theotisca
2622 3533 2691 3568 ⁸⁸⁵
2717 3532 2920 3606 lingua
2950 3533 3229 3608 herizuph
3254 3536 3323 3572 ⁸⁸⁸
3351 3553 3455 3609 ap-

1810 3622 2048 3698 pellant,
2081 3628 2139 3679 et
2168 3622 2543 3678 infractiones
2571 3621 3035 3691 immunitatum,
3078 3628 3137 3680 et
3162 3620 3453 3694 incendia,

1810 3717 1868 3770 et
1897 3711 2243 3770 assalituras
2271 3711 2331 3766 in
2364 3712 2654 3779 domos,et
2682 3711 3199 3782 conjurationes,et
3226 3713 3458 3788 conspi-

1811 3802 2090 3867 rationes,
2120 3804 2177 3856 et
2202 3799 2538 3869 seditiones,
2570 3803 2628 3856 et
2657 3805 2861 3873 raptus
2898 3801 3274 3865 feminarum.
3306 3803 3465 3860 sicut

1812 3894 1871 3947 et
1899 3889 2107 3945 divinae
2131 3893 2189 3945 et
2215 3888 2487 3944 humanae
2516 3888 2675 3962 leges
2705 3888 3034 3961 prohibent,
3066 3893 3125 3947 et
3153 3890 3468 3963 praedeces-

1815 3996 1977 4036 sores
2007 3977 2193 4035 nostri
2224 3993 2388 4051 reges
2418 3977 2864 4051 prohibuerunt,
2892 3979 3141 4036 firmiter
3168 3997 3239 4037 ex
3273 3981 3468 4039 hanno

1817 4071 2015 4123 nostro
2046 4071 2103 4123 et
2132 4083 2239 4123 nos
2269 4066 2670 4139 prohibemus.

1820 4200 1825 4203 Α
1889 4156 2007 4212 Nos
2038 4170 2270 4227 quoque
2290 4154 2550 4227 episcopi
2580 4155 2923 4211 auctoritate
2952 4156 3053 4211 Dei
3083 4161 3140 4212 et
3168 4174 3469 4215 sacrorum

1819 4244 2290 4308 canonum,sicut
2319 4243 2505 4298 sancti
2529 4243 2830 4315 pontifices
2844 4245 2953 4299 630
2968 4243 3025 4298 in
3041 4243 3470 4301 Chalcedonen-

1822 4332 1872 4390 si
1904 4331 2148 4389 concilio
2181 4330 2668 4403 conspirationem
2693 4332 2815 4387 fieri
2839 4331 3350 4404 prohibuerunt,et
3367 4333 3473 4390 sic-

1824 4425 1889 4478 ut
1917 4425 2125 4477 caetera
2152 4418 2398 4474 concilia
2434 4418 2841 4491 episcoporum
2889 4420 3232 4493 hujusmodi
3279 4421 3471 4496 perni-

1824 4511 1983 4566 ciosa
2010 4508 2158 4564 facta
2184 4510 2512 4574 vetuerunt,
2546 4510 2604 4562 et
2635 4524 2740 4563 nos
2771 4507 3181 4580 prohibemus;
3214 4509 3353 4583 quia
3383 4510 3473 4566 fas

77 4605 199 4679 quia
226 4606 443 4663 melius
466 4601 865 4677 judicavimus
894 4600 1062 4657 illum
1093 4599 1586 4657 excommunicari
1616 4614 1715 4672 per
1752 4616 1796 4682 ι)
1828 4599 2046 4656 cientes
2071 4596 2168 4655 illa
2191 4612 2292 4668 per
2311 4612 2511 4660 eorum
2529 4595 2820 4666 judicium
2852 4596 2953 4669 qui
2977 4614 3113 4653 cum
3133 4597 3390 4671 Deojam
3412 4599 3472 4655 in

77 4696 228 4766 cujus
257 4695 493 4753 fortium
546 4691 637 4749 sui
679 4688 823 4747 talia
873 4690 1112 4758 faciunt,
1139 4705 1319 4760 quam
1350 4705 1555 4745 omnes
1584 4687 1717 4744 illos

79 4784 166 4857 qui
195 4800 300 4841 nec
330 4784 519 4840 Deum
551 4780 761 4837 timent
789 4795 897 4835 nec
927 4779 1230 4851 episcopos
1269 4794 1457 4849 neque
1504 4776 1720 4833 missos

77 4871 148 4928 rei
196 4872 447 4946 publicas
496 4873 732 4943 propter
778 4868 907 4940 ejus
954 4866 1189 4923 fortium
1248 4870 1604 4933 reverentur,
1664 4868 1722 4919 et

78 4957 557 5017 excommunicati
606 4957 717 5030 ipsi
762 4973 880 5012 non
930 4954 1276 5028 corrigatur,
1316 4959 1373 5009 et
1419 4953 1566 5010 alios
1615 4970 1720 5010 suo

79 5050 270 5106 morbo
301 5049 576 5105 inliciunt
607 5064 623 5102 :
653 5046 810 5117 quia,
829 5044 1058 5101 dicente
1088 5041 1507 5117 Apostolo,non
1530 5043 1721 5099 solum

80 5139 171 5210 qui
202 5138 443 5205 faciunt,
477 5136 581 5193 sed
610 5136 711 5208 qui
744 5133 1120 5191 consentiunt
1150 5131 1526 5200 facientibus,
1559 5131 1722 5204 digni

24 5302 27 5303 ν
82 5231 210 5283 sunt
246 5228 459 5283 morte.
502 5224 629 5280 Non
677 5227 765 5279 est
804 5222 953 5278 liber
999 5240 1033 5277 a
1081 5237 1367 5277 consensu
1416 5222 1517 5292 qui
1568 5221 1722 5293 quod

83 5316 386 5371 emendare
428 5316 638 5387 potest,
688 5312 998 5369 emendare
1048 5308 1292 5383 negligit
1323 5327 1335 5363 :
1371 5300 1726 5382 quapropter

84 5402 203 5460 sine
249 5403 427 5460 dubio
480 5401 700 5475 peccati
748 5418 810 5457 se
860 5399 1205 5472 participem
1238 5397 1394 5454 facit.
1427 5399 1485 5455 Si
1529 5403 1725 5454 autem

1826 4687 1970 4745 cmlo
2002 4688 2265 4759 regnant,
2300 4688 2357 4740 et
2389 4702 2422 4740 a
2451 4684 2668 4742 caelesti
2700 4684 2944 4742 ecclesia
2972 4691 3029 4741 et
3058 4703 3093 4743 a
3130 4685 3475 4744 christiano-

1828 4793 1959 4833 rum
1993 4774 2264 4831 societate
2294 4772 2545 4852 separati
2578 4777 2735 4839 sunt,
2767 4773 2879 4830 nisi
2912 4790 3016 4847 per
3046 4773 3255 4848 dignos
3293 4773 3475 4848 pmni-
3566 4766 3569 4769 ’

1827 4865 2019 4922 tentia:
2047 4864 2273 4920 fructus
2302 4862 2379 4918 ad
2421 4862 2530 4918 hoc
2578 4862 2816 4919 redeant
2863 4866 2928 4918 ut
2979 4868 3196 4920 sancta
3224 4862 3479 4923 ecclesia

1830 4952 2059 5028 possint
2088 4950 2421 5007 readunari.
2456 4948 2737 5006 Similiter
2765 4954 2831 5005 ut
2872 4951 2993 5007 haec
3038 4951 3318 5026 capitula,
3351 4969 3480 5026 qua!

1830 5042 1927 5098 hic
1957 5044 2234 5097 annotata
2262 5043 2420 5108 sunt,
2438 5039 2519 5095 ita
2548 5056 2651 5112 per
2678 5039 2799 5096 hmo
2829 5044 2885 5096 et
2914 5040 3016 5097 illa
3042 5040 3242 5098 omnia
3271 5059 3400 5115 quae
3422 5040 3482 5098 in

1802 5129 2250 5204 ‘suprascriptis
2279 5127 2671 5195 locis,scilicet
2696 5128 2753 5184 in
2787 5129 3167 5200 Carisiaco,et
3196 5131 3353 5204 apud
3371 5130 3484 5186 Va-

1832 5217 2393 5284 lentianas,collecta
2421 5222 2478 5273 et
2509 5218 2825 5275 constituta
2856 5219 3311 5287 sunt,observari
3344 5236 3491 5291 prm-

1833 5308 2087 5381 eipimus
2115 5299 2173 5362 et
2201 5322 2404 5362 omnes
2435 5308 2889 5365 commmuniter
2918 5311 3362 5367 conﬁrmamus.
3394 5328 3407 5335 -

1906 5398 1963 5452 Si
1997 5400 2191 5452 autem
2217 5395 2430 5466 aliquis
2456 5397 2824 5469 quiscunque
2848 5397 3189 5453 inobediens
3211 5392 3486 5456 extiterit,

1431 5540 1672 5595 VARI/E
1712 5538 2134 5595 LECTIONES.

162 5669 229 5704 ⁹⁸⁴
261 5671 340 5725 ita
371 5669 424 5724 3.
457 5667 574 5724 Nos
607 5667 667 5722 Β.
744 5667 833 5703 93"
864 5668 938 5723 al.
972 5680 1213 5738 corpora
1244 5666 1305 5720 Β.
1342 5681 1583 5736 peccem
1613 5667 1664 5719 3.
1744 5665 1810 5701 9⁸⁵
1842 5663 2085 5719 teotisea
2116 5665 2166 5717 4.
2243 5664 2309 5697 οεδ
2340 5663 2579 5719 herisub
2607 5664 2659 5718 3.
2695 5660 2988 5732 heriszup.
3020 5663 3072 5715 4.
