3828 6204
75 372 184 437 693

1076 368 1557 435 FRANCORUM
1606 370 1755 432 llEG
1769 369 1878 434 UM
1921 371 2466 437 CAPITULARIA.

3360 368 3481 435 694

142 508 192 566 3.
225 506 331 564 Pro
361 504 583 580 quibus
614 508 809 563 autem
854 504 1052 562 causis
1082 521 1215 562 cum
1246 504 1483 578 praafato
1516 508 1722 578 nepote
1750 507 1805 573 Α
1833 524 1939 563 nos
1964 506 2288 581 scire,quid
2316 508 2571 565 domnus
2593 506 2947 581 apostolicus
2968 511 3025 565 et
3046 506 3132 565 illi
3152 510 3209 565 et
3229 507 3482 583 quibus-

82 603 267 656 nostro
296 599 475 652 antea
500 594 665 669 loqui
710 612 827 651 non
856 593 1032 661 volui,
1053 611 1231 667 quam
1259 595 1558 652 vobiscum
1587 594 1723 651 inde

80 686 385 760 acciperem
436 684 774 748 consilium,
793 684 1061 756 quaedam
1109 683 1237 741 volo
1269 681 1362 740 hic
1393 683 1721 757 designare,

80 777 328 850 quaedam
359 791 495 830 vero
540 777 744 846 postea
773 789 1032 847 congruo
1080 772 1205 829 loco
1253 777 1310 829 et
1355 772 1720 830 convenienti

81 866 235 924 modo
262 863 430 920 vobis
461 863 849 919 innotescere.

140 958 186 1010 4.
209 953 455 1021 Quando
477 951 665 1008 altera
689 952 812 1007 vice
842 968 947 1024 pro
978 950 1070 1007 his
1092 969 1220 1024 quae
1252 951 1370 1007 dixi
1401 951 1722 1007 tractandis

80 1045 142 1101 ad
156 1043 472 1100 Tusiacum
488 1041 646 1109 veni,
663 1041 992 1113 adportavit
1009 1040 1153 1097 mihi
1173 1044 1228 1096 et
1248 1041 1537 1114 episcopis
1561 1040 1725 1114 regni

81 1132 244 1191 nostri
266 1133 416 1188 Boso
436 1148 508 1187 ex
527 1135 693 1204 parte
710 1130 910 1186 domui
935 1129 1237 1202 apostolici
1259 1129 1536 1203 epistolas
1554 1147 1727 1202 quas-

79 1223 198 1277 dam
229 1218 423 1293 nepoti
450 1223 652 1275 uostro
679 1221 735 1274 et
755 1218 1049 1291 episcOpis
1072 1219 1237 1291 regni
1263 1217 1352 1274 sui
1385 1219 1722 1286 mittendas,

84 1327 212 1384 quas
225 1310 339 1366 illis
351 1309 685 1366 secundum
699 1309 1045 1363 mandatum
1061 1308 1260 1363 domui
1284 1325 1443 1380 pasz
1455 1308 1728 1363 transmi-

82 1401 269 1464 simus,
287 1399 582 1471 quasdam
614 1402 810 1453 autem
840 1396 1007 1457 nobis
1036 1397 1316 1469 legendas
1341 1401 1395 1452 et.
1417 1398 1727 1453 observan-

81 1492 459 1560 das,quarum
492 1490 551 1544 et
574 1486 670 1542 hic
701 1490 925 1542 textum
957 1485 1247 1541 habemus
1275 1504 1288 1541 :
1328 1486 1385 1540 in
1418 1485 1638 1558 quibus
1660 1487 1723 1522 9"

82 1578 391 1635 invenimus
407 1593 520 1633 nos
536 1577 606 1612 9”
624 1577 824 1648 increp
835 1580 964 1631 atos
985 1592 1090 1631 cur
1106 1566 1450 1631 foruicarios
1470 1574 1529 1629 in
1550 1591 1726 1649 regno

82 1664 575 1723 nostroimmorari
595 1665 1168 1738 permitteremus,et
1186 1681 1301 1719 non
1322 1663 1511 1719 solum
1534 1664 1724 1736 ipsam

83 1755 370 1822 feminam,
394 1756 504 1810 sed
536 1757 596 1809 et
624 1770 828 1810 omnes
849 1754 918 1789 ’93
946 1754 1204 1809 faventes
1236 1753 1475 1809 facinori
1510 1754 1660 1825 ejus,
1694 1770 1729 1808 a

1833 598 1968 654 dam
2000 600 2291 673 episcopis
2324 599 2459 656 inde
2490 598 2819 667 mandavit;
2854 602 2914 655 ot
2942 598 3184 668 scimus,
3199 601 3355 673 quod
3378 616 3482 656 ue-

1832 706 1969 763 gare
1999 707 2114 746 non
2148 706 2467 762 possumus
2499 705 2603 744 nec
2632 687 3221 761 volumus,quouiam
3249 706 3366 746 non
3389 690 3485 747 de-

1832 779 2062 842 bemus.
2077 777 2215 851 quia
2231 777 2433 834 domui
2457 777 2758 851 apostolici
2779 777 3208 833 commendatio
3225 778 3298 833 ab
3319 795 3487 834 evan-

1833 868 2018 940 gelica
2036 867 2277 923 veritate
2299 871 2354 923 et
2370 867 2441 922 ab
2460 865 2782 940 apostolica
2798 870 2974 938 atque
2991 865 3273 922 canonica
3292 871 3487 923 aucto-

1832 957 2005 1013 ritate
2033 956 2093 1012 in
2126 955 2287 1012 nullo
2319 955 2641 1023 discordat;
2677 959 2732 1010 et
2775 955 3098 1011 secundum
3142 956 3486 1011 mandatum

1832 1045 1991 1102 illius
2045 1046 2114 1101 de
2163 1046 2272 1101 hoc
2319 1045 2471 1101 facto
2497 1048 2802 1101 executum
2835 1061 2951 1099 non
2999 1043 3333 1100 audivimus
3380 1059 3488 1100 nec

1832 1135 2121 1193 videmus.
2156 1133 2261 1190 Illa
2289 1134 2465 1190 etiam
2513 1138 2715 1189 sancta
2743 1138 2799 1188 et
2828 1134 3019 1206 prima
3070 1133 3131 1189 in
3179 1138 3299 1189 toto
3346 1133 3486 1189 orbe

1832 1226 2122 1280 terrarum
2150 1225 2339 1288 sedes,
2363 1240 2466 1295 per
2488 1222 2753 1278 divinum
2776 1222 3041 1291 Paulum,
3058 1221 3349 1279 caelestem
3374 1222 3486 1278 sci-

1836 1312 1969 1369 licet
1999 1312 2340 1385 tubam,qui
2364 1314 2433 1367 ad
2457 1312 2694 1367 tertium
2718 1312 2924 1368 ocelqu
2958 1317 3015 1368 et
3043 1314 3115 1368 ad
3144 1312 3485 1385 paradisum

1836 1408 2040 1475 raptus
2061 1402 2170 1457 hoc
2192 1404 2263 1457 ab
2289 1401 2413 1473 ipso
2432 1399 2675 1458 Domino
2708 1401 2931 1468 didicit,
2948 1401 3117 1457 nobis
3133 1406 3189 1457 et
3209 1400 3486 1458 omnibus

1835 1490 2170 1547 christianis
2215 1507 2447 1563 semper
2496 1490 2553 1544 in
2603 1490 2763 1545 omni
2813 1490 3033 1545 mundo
3082 1489 3316 1557 clamat,
3350 1505 3485 1546 cum

1836 1579 2174 1652 hujusmodi
2209 1596 2312 1634 nec
2335 1580 2530 1635 cibum
2561 1596 2812 1635 sumere.
2838 1580 2906 1634 Et
2934 1592 3039 1651 per
3060 1579 3295 1636 beatum
3318 1578 3489 1636 Joan-

1836 1687 1970 1725 nem
2000 1667 2355 1742 apostolum,
2381 1669 2481 1739 qui
2504 1669 2575 1723 de
2601 1672 2815 1723 interno
2838 1672 2895 1724 et
2911 1668 3036 1724 vivo
3057 1667 3270 1723 Christi
3303 1672 3490 1741 pecto-

1837 1758 1918 1814 ris
1940 1759 2105 1824 ,fonte
2136 1757 2195 1812 in
2229 1774 2415 1826 coena,
2439 1758 2674 1829 quando
2725 1761 3092 1813 sacramenta
3138 1756 3489 1830 redemptio-

84 1849 379 1918 corporeet
399 1844 692 1917 sanguine
708 1844 938 1900 Domini
961 1844 1520 1911 excommunicatos,
1539 1861 1724 1916 usque
1754 1882 1802 1945 Β
1837 1848 1929 1903 uis
1949 1847 2016 1883 9"
2039 1851 2249 1903 nostrae
2275 1850 2416 1902 sunt
2437 1844 2728 1902 celebrata
2754 1849 2811 1902 et
2840 1847 3074 1911 tradita,
3097 1860 3274 1919 suPer
3302 1863 3368 1903 eo
3399 1862 3489 1903 re-

86 1937 206 1991 dum
231 1935 357 2008 ipsa
378 1932 600 1990 mulier
618 1933 693 1988 ad
714 1933 903 1988 virum
930 1949 1103 1989 suum
1127 1933 1359 1988 rediret.
1383 1934 1454 1988 Et
1473 1933 1717 2000 scimus,

88 2023 216 2080 sicut
237 2026 481 2080 sanctus
508 2021 655 2078 dicit
688 2020 1316 2095 Gregorius,quoniam
1337 2023 1405 2057 9"
1433 2022 1531 2095 qui
1565 2038 1718 2078 rese-

88 2113 269 2180 canda,
292 2114 343 2168 si
374 2115 594 2185 potest,
625 2127 741 2166 non
781 2110 1039 2185 corrigit,
1072 2111 1196 2182 ipse
1244 2110 1348 2166 illa
1384 2111 1718 2166 committit.

87 2202 187 2259 Nos
202 2206 392 2258 autem
414 2201 759 2257 audivimus
788 2201 1127 2273 praedictam
1150 2201 1429 2258 feminam
1461 2200 1520 2256 in
1543 2217 1721 2273 regno

88 2291 290 2363 nepotis
319 2290 511 2346 nostri
559 2290 933 2357 commorari,
953 2294 1010 2345 et
1039 2290 1192 2345 hanc
1236 2289 1587 2346 sententiam
1620 2284 1720 2361 po-

89 2384 195 2436 stea
220 2397 329 2435 non
363 2379 708 2435 audivimus
754 2379 1148 2435 immutatam.
1174 2378 1243 2434 Et
1273 2380 1371 2451 qui
1411 2395 1725 2451 gravamur

90 2460 301 2535 nostris,
332 2469 619 2524 timemus
640 2467 848 2523 alienis
870 2467 1046 2524 etiam
1069 2468 1503 2525 communicare
1526 2484 1725 2541 pecca-

90 2557 171 2625 tis,
200 2557 692 2614 communicando
722 2558 1266 2619 excommunicatis.

148 2648 196 2703 5.
213 2647 415 2703 Filiam
434 2650 704 2703 nostram
720 2646 928 2702 Judith
945 2645 1203 2715 viduam,
1220 2647 1544 2702 secundum
1569 2646 1724 2719 leges

94 2734 293 2792 divinas
322 2739 381 2792 et
412 2736 752 2809 mundanas
791 2736 901 2791 sub
950 2735 1194 2791 tuitione
1247 2735 1641 2792 ecclesiastica
1671 2739 1728 2791 et

96 2826 230 2899 regio
247 2825 658 2882 mundcburde
676 2826 1080 2892 constitutam,
1102 2826 1424 2882 Balduiuus
1447 2827 1557 2882 sibi
1578 2827 1728 2881 fura-

96 2919 177 2970 tus
203 2919 286 2969 est
314 2915 372 2969 in
406 2931 652 2970 uxorem
678 2931 692 2969 :
720 2931 894 2986 quem
928 2919 1061 2986 post
1084 2914 1269 2987 legale
1290 2914 1583 2987 judicium
1615 2914 1730 2988 epi-

100 3004 235 3075 scopi
254 3004 411 3077 regni
432 3003 621 3059 nostri
635 3003 1281 3060 excommunicaverunt
1299 3005 1625 3061 secundum
1643 3023 1730 3061 sa-

101 3108 209 3147 cros
229 3110 483 3149 canones
510 3098 567 3148 et
598 3090 1008 3148 ditfiuitiouem
1041 3092 1226 3148 sancti
1257 3093 1517 3167 Gregorii
1544 3112 1726 3168 papae,

103 3182 186 3251 qui
213 3182 345 3238 dicit
376 3199 389 3237 :
422 3182 491 3238 Si
518 3183 646 3254 quis
678 3182 901 3238 viduam
942 3185 1160 3255 furatus
1187 3184 1358 3254 fuerit
1390 3185 1449 3238 in
1478 3200 1726 3250 uxorem,

1832 1937 2118 1993 cumbeus
2146 1935 2344 1992 hausit
2374 1936 2527 2007 quod
2560 1935 2881 2007 redemptis
2907 1935 3185 1991 omnibus
3212 1935 3489 2008 propina-

1828 2026 1931 2093 vit,
1946 2024 2426 2081 manifestissime
2445 2024 2612 2079 sedes
2628 2023 2949 2097 apostolica
2971 2024 3266 2079 interdicit
3285 2023 3492 2094 hujusﬁ

1830 2114 1989 2171 modi
2019 2115 2318 2170 hominem
2371 2130 2484 2169 non
2524 2112 2734 2170 debere
2764 2129 3123 2186 quemquam
3154 2112 3215 2167 in
3245 2114 3485 2168 domum

1832 2221 2000 2261 suam
2032 2202 2305 2275 recipere,
2341 2219 2443 2258 nec
2475 2219 2576 2257 ave
2624 2202 2674 2257 ci
2705 2201 2894 2257 dicere
2920 2219 2931 2257 :
2961 2201 3099 2274 quia
3128 2201 3228 2273 qui
3262 2200 3403 2258 dicit
3432 2199 3485 2257 ei

1832 2311 1952 2360 ave,
1971 2290 2367 2349 communicat
2381 2290 2655 2364 operibus
2677 2292 2805 2362 ejus
2828 2288 3123 2362 malignis.
3141 2290 3211 2345 Et
3232 2307 3334 2363 per
3353 2290 3486 2346 bea-

1830 2388 1958 2439 tum
1992 2382 2335 2455 Gregorium
2383 2397 2596 2454 papam
2648 2381 2708 2435 in
2760 2379 3030 2436 homeliis
3080 2378 3485 2436 Ezechielis“

1834 2471 2147 2544 dicit,quia
2178 2470 2330 2527 sicut
2356 2469 2451 2525 ille
2484 2468 2585 2543 qui
2608 2469 2721 2526 fide
2744 2469 2912 2525 aDco
2955 2468 3188 2536 recedit,
3218 2472 3486 2541 apostata

1820 2566 1942 2641 oest,
1969 2563 2051 2617 ita
2080 2565 2138 2616 et
2167 2559 2264 2615 ille
2313 2558 2411 2631 qui
2444 2576 2478 2613 a
2507 2558 2623 2615 Deo
2667 2558 2884 2614 recedit
2934 2575 3127 2631 opere,
3152 2557 3278 2613 sine
3307 2557 3485 2614 dubio

1836 2654 2101 2723 apostata
2131 2652 2237 2705 est.
2262 2647 2568 2717 Quoniam,
2597 2649 2751 2704 sicut
2784 2647 2927 2703 dicit
2965 2646 3302 2721 Apostolus,
3327 2647 3488 2704 Fides

1834 2743 1956 2797 sine
1981 2740 2237 2811 operibus
2265 2745 2482 2793 mortua
2512 2730 2607 2793 est.
2640 2738 2708 2791 Et
2746 2737 2906 2803 item,
2943 2736 3095 2791 sicut
3123 2735 3276 2792 alius
3300 2736 3367 2771 ’τ’
3396 2736 3485 2792 di-

1838 2830 1918 2886 cit
1947 2826 2295 2901 Apostolus:
2322 2825 2463 2881 Sunt
2491 2826 2588 2898 qui
2632 2826 2958 2896 conﬁtentur
3003 2841 3060 2880 se
3102 2840 3257 2881 nosse
3286 2829 3485 2890 Deum,

1835 2919 1999 2991 factis
2028 2924 2210 2971 autem
2230 2924 2451 2985 negant.
2484 2914 2554 2968 Et
2583 2912 2707 2985 ipso
2738 2912 3024 2968 Dominus
3045 2911 3186 2967 dicit
3206 2912 3276 2967 de
3308 2910 3487 2968 semel

1838 3012 1894 3061 et
1925 3005 2181 3061 secundo
2213 3021 2279 3058 ac
2309 3001 2477 3058 tertio
2507 3001 2770 3074 legalitcr
2816 3000 3171 3056 commouito
3190 3001 3257 3037 9"
3285 3003 3341 3056 et
3370 3017 3488 3056 non

1838 3097 2196 3161 correcto,ut
2218 3093 2264 3148 si
2290 3091 2459 3146 nobis
2483 3091 2636 3147 sicut
2664 3089 2899 3163 gentilis
2930 3094 2987 3146 et
3016 3088 3266 3162 publicis
3287 3088 3489 3144 crimi-

1839 3185 2014 3240 nibus
2038 3182 2391 3255 implicatus,
2409 3197 2542 3236 cum
2567 3197 2681 3252 quo
2701 3182 2757 3235 et
2786 3177 3104 3251 apostolica
3128 3182 3184 3235 et
3213 3177 3489 3234 canonica

101 3271 198 3340 ipse
221 3280 268 3326 et
293 3271 688 3328 consentientes
730 3273 802 3338 ei,
818 3272 1109 3327 anathema
1138 3273 1267 3327 sint.
1293 3275 1428 3337 Qum
1450 3276 1506 3327 et
1533 3272 1726 3328 verbis
1758 3256 1801 3322 C
1841 3272 2155 3329 auctoritas
2186 3288 2289 3326 uec
2323 3269 2520 3326 cibum
2561 3285 2813 3338 sumere,
2840 3273 2903 3323 ut
2950 3267 3363 3341 praemisimus,
3383 3284 3485 3323 no-

104 3363 151 3414 et
174 3358 369 3416 litteris
399 3377 511 3416 nos
541 3365 597 3416 et
617 3358 874 3432 episcopi
905 3359 1066 3433 regni
1098 3361 1285 3416 nostri
1306 3362 1501 3433 nepoti
1532 3366 1731 3417 nostro

104 3444 377 3504 Hlothario
408 3446 803 3504 iunotuimus.
837 3448 956 3505 Nos
987 3447 1184 3515 etiam,
1213 3448 1366 3506 sicut
1394 3450 1580 3518 scitis,
1602 3466 1735 3505 con-

104 3535 214 3592 silio
242 3541 295 3592 et
322 3553 618 3593 consensu
651 3535 912 3592 ﬁdelium
953 3542 1286 3594 nostrorum
1319 3540 1730 3595 communiter.

106 3625 577 3693 confirmavimus,
604 3630 669 3680 ut
690 3642 862 3681 nemo
884 3630 1149 3682 nostrum
1180 3626 1521 3697 bnjusmodi
1544 3627 1732 3682 homi-

106 3729 220 3769 nem
238 3713 296 3769 in
318 3731 499 3789 regno
520 3731 628 3771 suo
659 3714 920 3786 recipiat,
947 3731 1135 3787 neque
1162 3715 1463 3772 immorari
1494 3717 1732 3788 permit-

107 3805 303 3868 tat,sed
323 3804 393 3859 ad
422 3808 647 3859 rectam
676 3803 960 3859 rationem
995 3804 1351 3860 reddendam
1373 3808 1430 3860 et
1451 3807 1522 3861 ad
1546 3805 1735 3878 poeni-

108 3891 323 3948 tentiam
355 3894 671 3964 agendam,
694 3892 847 3948 sicut
887 3896 1175 3948 statutum
1217 3896 1324 3959 est,
1350 3893 1516 3949 illum
1550 3894 1737 3950 redire

110 3984 271 4050 cogat.
294 3980 557 4047 Qualiter
581 3986 778 4037 autem
812 3998 992 4054 nepos
1026 3985 1225 4037 uoster
1252 3981 1588 4038 Hlotharius
1620 4000 1735 4038 non

111 4065 278 4124 solum
292 4087 430 4143 erga
444 4087 553 4126 nos
575 4075 632 4126 et
647 4069 1220 4143 cousauguiuitatem
1238 4075 1519 4139 nostram,
1538 4089 1735 4127 verum

112 4160 161 4208 et
184 4162 372 4213 contra
401 4157 589 4214 Deum
620 4163 678 4214 et
707 4176 935 4215 sacram
959 4160 1365 4215 auctoritatem
1398 4164 1456 4216 et
1478 4177 1739 4215 commu-

114 4258 228 4299 nem
245 4245 734 4303 christianitatem
762 4247 897 4302 inde
922 4248 1123 4319 egerit,
1148 4264 1316 4320 spero
1339 4249 1479 4313 quia
1500 4266 1598 4305 vos
1621 4266 1737 4304 non

116 4329 396 4406 latetquod
414 4339 506 4391 est
523 4334 795 4408 plurimis
817 4335 1137 4406 cognitum.
1158 4337 1226 4391 Et
1242 4340 1483 4393 sanctus
1500 4336 1737 4406 Paulus,

116 4435 202 4491 per
226 4439 396 4494 quem
426 4423 710 4496 loquutus
750 4429 840 4481 est
883 4424 1168 4491 Christus,
1202 4424 1343 4480 dicit
1377 4442 1388 4480 :
1422 4428 1539 4481 Non
1566 4428 1743 4483 solum

115 4512 199 4579 qui
219 4514 444 4583 faciunt,
494 4513 588 4570 sed
644 4515 742 4586 qui
793 4515 1143 4570 consentiunt
1197 4515 1553 4585 facientibus,
1587 4516 1743 4587 digni

116 4608 231 4655 sunt
258 4611 440 4658 morte.

174 4688 223 4743 6.
252 4689 393 4747 Nota
421 4695 511 4747 est
538 4690 702 4748 vobis
742 4707 923 4747 causa
950 4692 1022 4747 de
1051 4709 1228 4748 uxore
1276 4693 1508 4764 nepotis
1560 4693 1743 4749 nostri

120 4773 395 4847 Hlotharii,
431 4780 586 4836 unde
616 4784 673 4836 et
710 4798 744 4835 a
774 4780 943 4836 nobis
991 4784 1049 4836 et
1097 4781 1168 4836 ab
1228 4781 1520 4854 episcopis
1584 4784 1747 4855 regni

123 4866 305 4933 nostri,
331 4869 431 4923 sed
464 4874 521 4923 et
550 4869 623 4924 ab
654 4868 788 4925 aliis
831 4869 1122 4941 episcopis
1163 4872 1547 4942 praesentibus
1578 4872 1749 4927 nobis

123 4953 406 5012 consilium
438 4957 710 5029 quesivit
738 4963 794 5013 et
825 4958 1084 5013 audivit:
1111 4959 1211 5015 sed
1244 4961 1569 5015 secundum
1602 4959 1747 5015 illud

126 5042 410 5101 consilium
432 5047 640 5103 exinde
665 5064 780 5103 non
814 5047 966 5103 fecit.
982 5047 1216 5103 Scimus
1245 5048 1420 5104 etiam
1443 5049 1584 5121 quia
1603 5054 1659 5105 et
1675 5050 1746 5105 ad

122 5128 385 5189 domuum
414 5135 801 5207 apostolicum
826 5153 929 5208 pro
956 5135 1065 5192 hoc
1087 5136 1434 5205 transmisit,
1458 5141 1513 5193 et
1546 5137 1618 5193 ab
1650 5137 1748 5194 illo

126 5216 377 5287 epistolas
392 5221 598 5279 exinde
615 5225 849 5296 recepit.
865 5225 1086 5297 Negare
1102 5242 1335 5298 quoque
1351 5243 1466 5282 non
1479 5225 1750 5283 volumus

1841 3362 1931 3419 bis
1957 3360 2239 3416 concedit.

1910 3454 1964 3506 7.
1991 3451 2321 3521 Propterea,
2346 3447 2514 3504 unice
2551 3452 2609 3503 et
2658 3449 2834 3502 frater
2867 3446 3190 3514 carissime,
3210 3449 3267 3501 et
3293 3443 3486 3501 vobis-

1843 3540 2112 3612 metipsis
2162 3536 2470 3593 consilium
2495 3539 2563 3573 99°
2605 3536 2866 3609 accipite,
2891 3539 2946 3590 et
2977 3535 3122 3590 mihi
3175 3533 3488 3591 consilium

1844 3631 1997 3695 date,
2023 3632 2080 3683 et
2109 3627 2219 3700 ipsi
2272 3626 2465 3699 nepoti
2502 3629 2697 3680 nostro
2738 3642 2855 3680 suae
2887 3624 3096 3679 salutis
3147 3627 3205 3680 et
3249 3622 3491 3679 honoris

1844 3720 1978 3774 date
2004 3715 2335 3781 consilium,
2361 3720 2419 3770 et
2438 3717 2705 3787 przestate
2728 3713 3034 3783 auxilium,
3056 3712 3196 3785 quia
3215 3716 3272 3768 et
3291 3729 3396 3785 ego
3419 3712 3489 3768 ad

1844 3807 1975 3873 hoc,
1999 3809 2283 3879 quantum
2319 3803 2460 3858 mihi
2490 3804 2779 3859 Dominus
2809 3803 2957 3859 scire
2983 3807 3040 3858 et
3060 3819 3233 3875 posse
3255 3802 3496 3858 donave-

1844 3897 1942 3967 rit,
1975 3913 2107 3952 sum
2140 3890 2378 3966 paratus
2410 3892 2586 3948 simul
2618 3893 2918 3950 vobiscum
2950 3909 3141 3966 agere,
3171 3892 3221 3948 si
3252 3889 3499 3948 voluerit

1845 3986 1860 4039 i
1869 4002 1970 4059 pse
2002 3983 2276 4056 recipere.

1916 4077 1969 4130 8.
1991 4074 2153 4140 Quod
2185 4078 2378 4128 autem
2419 4072 2732 4128 consilium
2784 4088 2890 4143 ego
2940 4089 3073 4126 cum
3124 4070 3414 4143 episcopis
3444 4071 3503 4124 et

1847 4163 2056 4219 ceteris
2075 4161 2348 4217 ﬁdelibus
2373 4160 2903 4229 uostris,sollicitus
2925 4166 2982 4216 et
3007 4177 3109 4232 pro
3132 4163 3332 4215 nostra
3351 4174 3504 4215 com-

1848 4250 2037 4317 muni,
2058 4256 2249 4304 vestra
2272 4248 2493 4305 scilicet
2515 4253 2571 4304 et
2601 4265 2752 4318 mea,
2776 4249 2874 4303 sed
2899 4252 2955 4303 et
2977 4257 3080 4319 pro
3112 4246 3300 4318 ipsius
3322 4261 3501 4317 nepo-

1849 4340 1925 4395 tis
1947 4338 2128 4394 nostri
2155 4338 2343 4394 salute
2366 4343 2419 4392 et
2444 4337 2683 4407 honore,
2703 4342 2760 4391 et
2788 4353 2890 4409 pro
2913 4334 3210 4391 communi
3233 4333 3501 4390 omnium

1851 4427 2111 4484 ﬁdelium
2138 4431 2471 4481 nostrorum
2506 4424 2887 4480 indemnitate
2908 4428 2966 4478 et
2986 4422 3322 4487 salvatione,
3345 4437 3503 4477 nunc

1852 4516 2111 4590 proxime
2141 4519 2197 4570 et
2228 4514 2284 4568 in
2322 4514 2541 4586 synodo
2572 4518 2630 4569 et
2673 4512 2733 4567 in
2775 4511 2987 4583 placito
3036 4514 3235 4567 nostro
3284 4509 3499 4581 accepi,

1773 4627 1819 4691 ι)
1850 4605 2014 4661 vobis
2047 4605 2137 4659 cui
2176 4602 2398 4657 nullum
2436 4603 2653 4657 bonum
2688 4617 2919 4672 negare,
2947 4599 3049 4656 sed
3081 4616 3253 4655 omne
3282 4598 3503 4655 bonum

1856 4712 2052 4750 meum
2086 4697 2327 4764 paratus
2355 4708 2486 4747 sum
2521 4688 3035 4763 participare,dico
3065 4687 3114 4743 si
3146 4686 3356 4760 placet,
3378 4690 3436 4742 et
3455 4686 3506 4741 si

1856 4784 1938 4839 ita
1967 4783 2130 4838 vobis
2185 4783 2329 4837 bene
2382 4780 2574 4834 visum
2624 4776 2817 4843 luerit,
2852 4778 2998 4833 bene
3030 4778 3118 4813 ¹⁰⁰⁰
3147 4775 3509 4848 accipiamus

1856 4872 2001 4928 illud
2033 4870 2445 4927 communiter.
2474 4869 2539 4923 Et
2569 4868 2619 4922 si
2651 4866 2862 4923 melius
2892 4866 3061 4922 nobis
3092 4882 3194 4939 per
3223 4864 3508 4922 rationem

1858 4966 1915 5017 et
1943 4960 2348 5016 auctoritatem
2373 4958 2633 5011 divinam
2662 4962 2718 5011 et
2741 4956 3062 5011 humanam
3093 4959 3305 5012 nostra:
3326 4953 3513 5010 salva-

1857 5049 2001 5105 tioni
2033 5053 2091 5104 et
2123 5045 2537 5103 christianitati
2562 5049 2977 5117 congruentem
2999 5042 3394 5109 ostenderitis,
3417 5058 3513 5115 pa-

1856 5143 2019 5194 ratus
2048 5155 2181 5192 sum
2213 5135 2357 5191 illud
2413 5151 2547 5189 cum
2595 5133 2755 5189 omni
2805 5134 3107 5191 devotione
3138 5133 3420 5206 accipere,
3452 5135 3509 5187 et

1857 5226 2182 5292 vobiscum,
2207 5225 2323 5280 Deo
2348 5227 2694 5294 cooperante
2722 5227 2779 5279 et
2808 5222 3216 5280 communium
3246 5220 3508 5279 fidelium

1454 5385 1692 5441 VARle
1732 5386 2036 5442 LECEION
2044 5386 2148 5443 ES.

344 5514 701 5599 q.ndesugt.3.
778 5518 845 5599 ’θ’
872 5516 1015 5599 deest
1163 5519 1256 5599 “’93
1285 5518 1575 5599 omnibus
1617 5518 1967 5599 facientibus
2007 5536 2184 5599 corr;
2222 5493 2656 5599 opuscientibus
2686 5518 2739 5573 3.
2816 5519 2891 5575 99‘,
2922 5534 2979 5599 q:
3034 5517 3082 5599 si
3135 5514 3408 5599 quisnpes
3455 5513 3514 5599 et

135 5585 386 5662 gausas‘si
406 5586 496 5662 3._
535 5586 603 5662 "fi
633 5585 692 5640 in
715 5588 1133 5662 redemptionis
1162 5591 1214 5644 3.

135 5647 187 5717 3|
252 5652 333 5689 ¹⁰⁰⁰
363 5657 438 5712 ita
468 5658 522 5712 3.
553 5656 697 5714 deest
724 5660 785 5714 Β.

1292 5592 1357 5625 99°
1383 5590 1612 5646 omeliis
1634 5590 1967 5660 jezechielis
1988 5593 2041 5645 3.

2120 5592 2184 5626 997
2218 5590 2354 5647 alibi
2388 5591 2441 5644 3.
2520 5590 2585 5623 99"
2612 5580 3115 5646 excommunicato
3143 5580 3196 5640 3.
3273 5584 3341 5620 '9’
3368 5580 3515 5638 deest

2520 5590 2585 5623 ⁰⁹⁸
2612 5590 3115 5646 excommunicato
3143 5590 3196 5640 3.

3406 5836 3736 5925 ,πε-ἐι
