3828 6204
326 329 444 393 695

990 330 1329 392 APPEND.
1378 329 1479 391 AD
1524 328 1711 390 SzEC.
1758 329 1834 389 X.
1871 360 1944 371 —
1976 325 2477 392 MONUMENTA
2525 330 3079 395 DlPLOMA'l‘lCA.

3630 332 3735 395 696

324 464 656 539 nostrorum
689 461 933 527 consilio
964 466 1022 521 et
1050 461 1267 523 auxilio
1287 460 1766 526 adminiculante,
1791 460 1971 517 liben-
2001 457 2055 527 Α
2156 461 2245 518 10.
2278 461 2347 519 Et
2376 462 2425 521 si
2456 461 2537 519 ita
2566 463 2838 534 noluerit,
2861 464 3036 521 faciat
3076 464 3234 538 quod
3273 464 3633 537 judicaverit
3660 465 3731 520 fa-

322 551 550 643 tissime
582 550 748 630 sequi
778 556 836 609 et
863 552 1091 625 eerui.

393 641 445 699 9.
467 639 613 721 Quia
644 640 928 715 scriptum
959 645 1066 711 est,
1092 641 1321 698 dicente
1368 640 1523 696 bono
1566 655 1717 716 rege,
1752 640 1853 713 qui
1888 644 1980 695 ta-

2087 548 2383 617 ciendum.
2410 553 2527 626 Ego
2560 554 2621 611 in
2650 558 2845 613 vestra
2875 554 3134 611 amicitia
3164 558 3222 611 et
3254 554 3459 611 debita
3485 554 3734 611 fraterni-

2089 642 2207 699 tate
2238 641 2569 713 persistere,
2603 648 2661 699 et
2692 643 2849 700 omni
2879 644 3073 700 debito
3102 644 3390 717 obsequio
3420 642 3588 701 illam
3618 662 3734 717 pro-

326 746 460 809 men
493 728 742 804 deliquit
771 733 835 785 ut
865 729 1043 787 homo
1081 734 1139 789 et
1177 726 1508 805 recognovit
1538 746 1598 786 se
1633 734 1696 785 ut
1727 728 1880 797 felix,
1914 746 1984 787 ea:
2091 729 2302 787 mereri
2334 731 2598 805 cupiens,
2622 733 2721 805 qui
2749 750 2862 789 non
2887 750 3080 806 quaero
3103 750 3233 807 qua:
3262 732 3426 790 illius
3457 738 3623 799 sunt,
3648 735 3736 789 sed

323 820 600 891 voluntate
628 836 747 876 mea
775 820 1066 891 conﬁtebor
1097 820 1207 885 illi,
1241 819 1583 893 proﬁteatur
1614 819 1765 875 idem
1800 835 1984 893 nepos
2090 818 2344 886 illum,si
2370 837 2503 876 eum
2528 820 2845 877 salubriter
2867 822 3080 879 habere
3097 839 3216 878 non
3243 839 3624 896 possum,me
3644 824 3743 878 Deo

327 910 527 987 noster
547 925 741 977 coram
762 908 925 964 vobis
943 913 998 969 et
1019 924 1215 965 coram
1242 906 1529 980 episcopis
1554 906 1653 981 qui
1677 907 1984 965 vobiscum

331 996 566 1065 fuerint,
595 1001 653 1053 et
684 997 987 1053 remandet
1017 995 1186 1052 nobis
1216 1013 1320 1068 per
1338 1012 1439 1052 vos
1462 1001 1519 1051 et
1540 1014 1643 1070 per
1672 995 1821 1063 illos,
1849 995 1987 1070 quia

326 1084 451 1151 vult
470 1088 792 1142 secundum
820 1086 1020 1142 domni
1045 1084 1345 1159 apostolici
1370 1089 1428 1141 et
1450 1086 1778 1160 episcOpale
1803 1087 1986 1142 immo

331 1175 590 1231 divinum
615 1174 949 1242 consilium,
970 1176 1040 1232 ad
1074 1174 1356 1248 placitum
1382 1175 1688 1231 convenire
1714 1194 1847 1235 cum
1872 1176 1991 1249 epi-

330 1252 523 1343 scopis
539 1268 595 1320 et
618 1263 888 1325 fidelibus
907 1268 1082 1337 atque
1101 1264 1311 1321 amicis
1329 1264 1425 1323 Dei
1444 1268 1499 1321 et
1522 1265 1740 1322 nostris
1756 1284 1823 1322 ac
1842 1265 1987 1337 suis,

331 1353 607 1431 quoniam
641 1353 761 1409 haec
793 1370 975 1411 causa
1003 1354 1294 1427 generalis
1316 1359 1405 1410 est
1426 1353 1704 1411 omnibus
1723 1354 1991 1412 christia-

2094 925 2198 983 pro
2221 908 2380 965 illius
2400 909 2661 967 amicitia
2686 909 2883 967 tollere
2906 910 3061 967 nolo.
3088 912 3204 967 Nec
3225 912 3301 967 ad
3328 911 3560 968 malum
3582 911 3739 968 alicui

2096 1001 2370 1079 praestare
2401 999 2682 1055 auxilium
2714 1000 2877 1069 volo;
2912 1000 3052 1073 quia
3083 999 3338 1074 legimus
3372 1002 3431 1057 in
3462 1002 3743 1075 scriptura

2096 1086 2412 1144 Dominum
2445 1087 2666 1145 dixisse
2697 1089 2929 1145 cuidam
2962 1087 3083 1162 regi
3108 1106 3122 1145 ε
3145 1091 3319 1163 Impia
3345 1091 3565 1161 praebe:
3594 1093 3738 1145 auxi-

2100 1177 2258 1243 lium,
2279 1184 2332 1232 et
2357 1178 2443 1233 his
2466 1180 2563 1252 qui
2585 1178 2816 1235 oderunt
2841 1195 2928 1234 me
2955 1180 3205 1234 amicitia
3217 1179 3481 1253 jungeris
3500 1197 3520 1234 :
3558 1179 3741 1235 ἱάίένω

2099 1267 2242 1321 iram
2264 1266 2350 1301 ¹⁰⁰⁷
2385 1268 2604 1323 Domini
2652 1268 2951 1324 merebar-is
2977 1267 3217 1340 quidem,
3248 1271 3309 1323 et
3337 1266 3494 1324 sicut
3540 1266 3740 1322 ibidem

2096 1354 2158 1411 in
2192 1354 2415 1429 reliquo
2445 1356 2729 1428 scriptum
2773 1360 2882 1412 est.
2915 1357 2983 1413 Et
3020 1355 3162 1413 item
3204 1355 3485 1431 legimus,
3513 1357 3654 1429 quia
3677 1359 3735 1412 de

332 1441 516 1523 pis,et
536 1446 640 1515 aut
660 1443 990 1516 ostendere,
1011 1442 1150 1515 quia
1174 1443 1499 1499 secundum
1523 1442 1710 1518 legem
1735 1443 1992 1502 divinam
2100 1460 2474 1517 quacumque
2503 1444 2801 1519 impietate
2831 1444 3221 1521 quiscumque
3243 1446 3333 1481 ¹⁰⁰³
3362 1446 3591 1519 impius
3619 1463 3742 1503 cou-

331 1534 388 1605 et
417 1530 741 1605 humanam
787 1529 1129 1588 ehristianis
1161 1547 1482 1605 congruam
1527 1531 1637 1588 hoc
1671 1532 1892 1590 factum
1924 1535 1996 1590 de
2100 1550 2303 1591 versus
2335 1533 2528 1606 fuerit,
2551 1539 2609 1590 et
2639 1551 2709 1591 ex
2747 1535 2919 1592 corde
2949 1551 3056 1592 suo
3081 1536 3169 1570 ¹⁰⁰⁰
3199 1550 3261 1592 se
3308 1535 3573 1593 converti
3614 1536 3739 1592 velle

331 1636 508 1687 uxore
525 1620 903 1681 suahabebat
920 1623 1252 1691 executum,
1271 1623 1375 1676 aut
1396 1621 1719 1677 secundum
1739 1621 1838 1678 Dei
1862 1641 1993 1680 con.
2102 1620 2462 1693 dixerit,jam
2486 1639 2600 1687 non
2626 1622 2779 1679 inter
2798 1622 3013 1697 impios
3033 1624 3555 1696 computatur,sed
3583 1642 3617 1679 a
3643 1624 3739 1698 piis

332 1709 557 1776 silium,
580 1714 638 1768 et
667 1709 852 1785 legem
889 1708 1212 1766 christiano
1242 1708 1362 1783 regi
1396 1710 1855 1781 convenientem,
1884 1713 1994 1771 hoc
2104 1711 2196 1784 pie
2225 1710 2403 1785 recipi
2435 1712 2605 1767 debet
2645 1716 2702 1769 et
2748 1711 3063 1768 salubriter
3093 1716 3305 1784 potest,
3334 1712 3566 1769 dicente
3602 1714 3737 1771 Scri-

331 1786 390 1859 et
415 1799 516 1856 illa
544 1799 660 1855 duo
692 1816 821 1873 quas
875 1798 1273 1873 praemisimus
1302 1799 1614 1857 emendare
1644 1801 1781 1857 velit
1808 1807 1865 1859 et
1894 1804 1993 1859 de-
2026 1835 2071 1900 Β
2103 1803 2277 1872 plura
2309 1817 2320 1854 :
2360 1801 2507 1857 Verte
2551 1803 2766 1874 impios,
2797 1809 2849 1858 et
2892 1818 3003 1858 non
3049 1810 3211 1859 erunt
3236 1819 3254 1856 :
3288 1818 3407 1858 non
3452 1802 3601 1876 quia
3642 1819 3738 1859 non

331 1889 486 1951 beat.
516 1888 585 1943 Et
611 1892 852 1961 paratus
875 1904 1009 1943 sum
1036 1904 1170 1943 cum
1201 1887 1299 1951 tali
1329 1887 1569 1945 caritate
1592 1894 1649 1945 et
1678 1889 1989 1947 honorabi-

332 1977 494 2058 litate
524 1977 686 2033 illum
722 1976 1001 2050 recipere,
1026 1977 1179 2034 sicut
1206 1976 1565 2035 cbristianus
1586 1997 1685 2035 rex
1714 1979 1993 2039 christia-

334 2084 477 2125 num
510 2084 726 2140 regem,
753 2070 810 2123 et
840 2066 994 2123 sicut
1022 2065 1274 2140 diligens
1298 2071 1546 2139 patruus
1574 2068 1852 2126 dilectum
1886 2088 1991 2126 ne-

334 2160 528 2231 potem
560 2155 731 2212 debet
762 2154 1035 2227 recipere,
1066 2159 1124 2212 et
1156 2155 1213 2211 in
1245 2155 1406 2212 illius
1436 2156 1697 2214 amicitia
1728 2160 1797 2215 ad
1831 2157 1991 2216 illius

337 2244 717 2323 salvationem
747 2248 805 2305 et
832 2244 1136 2315 honorem,
1171 2245 1221 2303 si
1262 2245 1345 2302 ita
1395 2245 1615 2315 fecerit,
1649 2264 1992 2319 permanere

338 2335 405 2394 Et
434 2334 829 2392 constituatur
856 2339 1088 2409 tempus
1119 2352 1445 2409 congruum
1477 2340 1533 2392 et
1559 2336 1722 2394 locus
1753 2342 1991 2410 oportu-

337 2442 452 2491 nus
481 2424 717 2498 quando
764 2422 943 2480 simul
998 2423 1237 2496 paciﬁca
1283 2423 1722 2493 eonveniamus,
1753 2431 1810 2483 et
1840 2427 1990 2485 bane

339 2531 599 2583 causam,
622 2512 777 2570 sicut
796 2513 866 2569 de
886 2512 1056 2571 nobis
1080 2513 1392 2587 ipsis,quia
1409 2513 1560 2571 sicut
1581 2516 1881 2588 Scriptura
1910 2516 1992 2574 di-

338 2603 509 2671 eit,o.s
538 2610 785 2661 nostrum
812 2610 862 2659 et
892 2618 1019 2659 caro
1042 2609 1222 2659 nostra
1247 2603 1330 2637 ¹⁰⁰¹
1362 2612 1460 2669 est,
1494 2605 1567 2660 ad
1615 2619 2008 2661 communem'

339 2697 599 2753 nostram
620 2696 678 2749 et
699 2689 961 2747 fidelium
982 2695 1315 2749 nostrorum
1339 2690 1721 2749 salvation'em
1738 2701 1793 2751 et
1814 2694 1993 2752 hono-

337 2799 459 2839 rem
479 2780 874 2849 difﬁniamus;
896 2780 1094 2855 ne,q.ui
1113 2779 1385 2839 fidelibus
1408 2781 1623 2839 nostris
1640 2786 1696 2839 et
1711 2783 1989 2841 omnibus

339 2868 677 2933 christianis
706 2867 765 2927 in
797 2871 949 2929 bono
970 2867 1303 2943 exemplum
1333 2886 1462 2925 esse
1492 2871 1796 2940 debemus,
1823 2876 1882 2930 et
1902 2874 1992 2908 ¹ο⁰²

338 2959 682 3037 perditionis
702 2957 1034 3033 exemplum
1058 2959 1349 3017 donamus
1372 2960 1552 3028 1°03,et
1573 2959 1672 3035 qui
1698 2960 1989 3021 malorum

338 3053 692 3111 correctores
713 3065 842 3108 esse
864 3048 1168 3118 debemus,
1185 3051 1360 3120 caput
1382 3047 1693 3120 malorum,
1709 3051 1864 3125 quod
1886 3052 1988 3108 ab-

2100 1894 2275 1946 erunt
2303 1888 2362 1945 in
2384 1891 2660 1960 essentia,
2678 1892 2780 1949 sed
2804 1908 2919 1947 non
2944 1895 3115 1947 erunt
3136 1890 3197 1946 in
3221 1890 3546 1965 impietatis
3567 1889 3735 1964 culpa.

2101 1976 2231 2050 Haec
2261 1982 2455 2036 autem
2512 1979 2791 2049 diximus,
2825 1997 2941 2036 non
2973 1984 3040 2036 ut
3068 1984 3338 2052 nepotem
3399 1986 3665 2043 nostrum
3687 1980 3737 2034 in

2101 2084 2346 2124 numero
2378 2067 2694 2142 impiorum
2728 2069 3052 2142 computari
3086 2069 3614 2142 cupiamus,quem
3636 2070 3732 2142 pio-

2102 2174 2231 2213 rum
2265 2173 2510 2213 numero
2542 2158 2751 2214 sociari
2784 2176 2818 2215 a
2851 2157 3098 2215 Domino
3130 2162 3500 2232 exoptamus.

2204 2263 2521 2337 Sequuntur
2547 2263 2995 2337 adnuntiatione;
3024 2273 3299 2337 quas-tm
3328 2281 3478 2333 καθα
3506 2264 3645 2337 apud

2380 2336 2747 2397 Sablonariaa
2783 2336 3116 2393 adnuntiare
3148 2336 3470 2393 debuerunt.

2168 2421 2525 2482 Adnuntiatio
2551 2424 2741 2481 damni
2771 2426 3180 2483 Illudowici.—
3204 2426 3256 2482 l.
3280 2426 3448 2482 Sicut
3469 2425 3631 2482 scitis
3648 2424 3730 2497 qui

2099 2510 2178 2567 ibi
2213 2512 2483 2568 adfuistis
2515 2515 2751 2585 quando
2782 2514 3042 2587 proxime
3064 2516 3225 2587 apud
3249 2515 3621 2572 Conﬂuentes
3643 2531 3733 2570 nos

2099 2602 2411 2674 adjuvante
2433 2603 2679 2659 Domino
2711 2603 3147 2677 conjunximus,
3162 2609 3220 2662 et
3240 2603 3509 2677 capitula
3527 2622 3561 2660 a
3587 2603 3729 2660 nobis

2100 2694 2156 2751 et
2178 2708 2212 2747 a
2228 2689 2500 2747 ﬁdelibus
2519 2692 2734 2749 nostris
2751 2693 3117 2749 observanda
3135 2693 3732 2762 statuimus,convenit

2099 2778 2291 2842 nobis.
2322 2784 2383 2837 ut
2414 2796 2673 2854 congruo
2699 2785 2963 2855 tempore
2988 2787 3047 2838 et
3072 2788 3363 2855 Oportuno
3393 2782 3519 2839 loco
3546 2783 3728 2838 iterum

2100 2868 2275 2925 simul
2310 2870 2847 2938 conveniremus,et
2878 2887 3011 2927 cum
3055 2870 3157 2927 Dei
3190 2870 3506 2943 adjutorio,
3529 2876 3585 2928 et
3613 2870 3731 2926 ﬁde-

2097 2958 2242 3015 lium
2277 2962 2611 3019 uestrorum
2634 2959 3041 3033 consilio,quze
3076 2959 3134 3015 in
3159 2964 3319 3016 statu
3344 2964 3557 3017 sanctae
3579 2958 3729 3016 eccle

2100 3046 2197 3102 sim
2229 3050 2285 3107 et
2316 3047 2374 3102 in
2403 3047 2572 3105 nobis
2603 3047 2737 3105 etin
2766 3046 2960 3121 regnis
2982 3046 3220 3115 nostris,
3247 3053 3428 3121 atque
3458 3048 3519 3104 in
3541 3046 3727 3109 nostris

339 3138 437 3208 sit,
470 3140 703 3213 fiamus.
734 3138 845 3199 Sed
877 3142 933 3193 et
964 3155 1031 3197 ea
1061 3154 1213 3211 quae,
1234 3142 1298 3192 ut
1326 3154 1505 3212 supra
1535 3138 1811 3207 diximus,
1832 3142 1989 3213 apud
2028 3206 2060 3213 _
2101 3135 2372 3192 fidelibus
2431 3137 2797 3194 emendanda
2841 3141 3025 3205 erant,
3076 3136 3550 3207 emendaremus,
3580 3140 3634 3193 et
3678 3140 3726 3190 ut

340 3206 711 3287 Confluentes
741 3206 1122 3302 promisimus
1166 3243 1273 3284 nos
1321 3206 1673 3285 tractaturos
1704 3233 1759 3285 et
1788 3206 1985 3287 obser-
2019 3206 2062 3272 (ἶ
2100 3226 2411 3281 emendata
2440 3226 2510 3283 de
2540 3231 2727 3283 cetero
2753 3226 3203 3283 observarentur
3225 3227 3315 3261 ¹⁰¹⁰
3340 3230 3725 3285 statueremus.

339 3318 530 3374 vanda
549 3316 993 3384 eonstituturos,
1008 3320 1327 3372 tractemus
1344 3321 1403 3372 et
1419 3320 1748 3375 statuamus
1765 3319 1869 3390 {ut
1887 3319 1987 3392 qui

340 3407 600 3485 undique
621 3410 859 3481 propter
877 3410 1113 3480 peccata
1136 3412 1338 3463 nostra
1362 3410 1419 3461 et
1439 3405 1659 3463 malum
1682 3406 1985 3465 discordiae

338 3498 501 3575 quod
530 3497 589 3557 in
624 3494 817 3570 regnis
848 3494 1065 3550 nostris
1097 3498 1295 3550 manet
1350 3494 1731 3568 percutimur,
1761 3495 1987 3569 placato

336 3586 452 3645 Deo
484 3585 895 3644 misericordias
938 3581 1099 3643 illius
1150 3581 1423 3640 solatium
1457 3583 1735 3658 consequi
1764 3602 1984 3642 merea-

337 3693 490 3735 mur.
521 3676 592 3733 Et
622 3692 736 3743 non
768 3674 845 3732 sit
892 3671 1085 3746 nepoti
1130 3675 1329 3729 nostro
1362 3670 1470 3730 hoc
1500 3689 1671 3747 agere
1699 3672 1755 3733 in
1793 3680 1987 3732 mente

336 3781 444 3821 sua
467 3764 711 3835 durum;
737 3762 876 3837 quia
900 3761 1183 3834 scriptum
1207 3764 1297 3817 est
1320 3777 1332 3815 :
1356 3763 1471 3833 Qui
1492 3764 1686 3821 mentis
1714 3770 1790 3820 est
1808 3764 1982 3834 durae,

332 3861 545 3911 corruet
576 3854 635 3915 in
665 3853 894 3909 malum.
928 3849 1039 3911 Sed
1082 3849 1287 3909 timeat
1323 3849 1532 3917 Deum,
1557 3854 1615 3906 et
1654 3859 1988 3926 compescat

332 3940 495 3997 istud
518 3942 607 3976 ¹⁰⁰⁴
635 3937 1173 4010 scandalum,quod
1204 3941 1323 3993 tam
1353 3939 1574 4011 grande
1608 3939 1662 3995 in
1698 3940 1813 3999 ista
1839 3942 1988 3999 chri-

333 4029 631 4097 stianitate
654 4027 779 4088 sine
797 4026 916 4087 ulla
941 4024 1288 4085 necessitate
1310 4031 1398 4083 est
1416 4032 1761 4100 generatum
1780 4034 1836 4089 et
1860 4049 1989 4103 pro-

331 4122 633 4194 pagatum,
652 4135 786 4175 cum
811 4134 917 4191 per
946 4114 1228 4187 rationem
1251 4118 1308 4170 et
1332 4116 1737 4175 auctoritatem
1769 4121 1987 4192 potuis-

331 4214 420 4271 set
440 4209 511 4267 ad
535 4207 799 4269 debitum
822 4205 1093 4267 eﬂ'ectum
1123 4204 1383 4278 perduci,
1400 4205 1556 4278 quod
1582 4205 1783 4264 multis
1805 4207 1987 4266 homi-

332 4300 507 4361 nibus
524 4297 753 4365 videtur
770 4296 897 4355 sine
919 4292 1091 4368 plena
1112 4293 1333 4361 ratione
1351 4299 1407 4351 et
1426 4294 1770 4353 auctoritate
1791 4297 1987 4355 debita

331 4392 660 4449 executum.
686 4386 754 4442 Et
784 4385 925 4465 quia
973 4382 1258 4457 scriptum
1291 4387 1413 4440 est:
1439 4387 1639 4441 Beatus
1685 4385 1842 4442 homo
1891 4390 1989 4459 qui

328 4494 539 4552 semper
560 4484 641 4543 est
661 4475 916 4551 pavidus,
952 4478 1010 4530 et
1039 4472 1323 4535 Dominus
1354 4473 1497 4532 dicit
1529 4515 1541 4527 .
1575 4475 1872 4545 Diligentes
1902 4494 1988 4534 me

2095 3313 2163 3369 Et
2194 3314 2263 3369 ad
2299 3313 2419 3373 hanc
2451 3314 2677 3388 agenda
2708 3315 2834 3387 jam
2867 3332 2971 3388 per
3000 3319 3117 3371 tres
3166 3314 3322 3371 vices
3351 3319 3410 3370 et
3437 3320 3656 3387 tempus
3678 3316 3725 3367 et

2093 3400 2288 3461 locum
2318 3404 2719 3472 condiximus;
2752 3404 2849 3460 sed
2878 3407 2982 3460 aut
3008 3402 3153 3461 mihi
3174 3407 3278 3459 aut
3299 3404 3463 3460 fratri
3496 3420 3614 3460 meo
3636 3406 3722 3457 aut

2095 3491 2394 3549 communi
2424 3492 2621 3566 nepoti
2652 3497 2849 3549 nostro
2872 3492 3020 3551 tales
3049 3509 3238 3550 causa
3263 3493 3613 3559 acciderunt,
3635 3505 3719 3563 pro

2096 3581 2314 3653 quibus
2338 3581 2446 3638 hoc
2469 3582 2621 3654 quod
2647 3581 3015 3639 condiximus
3035 3583 3121 3616 ¹⁰¹¹
3148 3581 3396 3655 implere
3422 3599 3537 3639 non
3561 3579 3720 3655 potui-

2096 3688 2250 3728 IDUS.

2164 3765 2217 3817 2.
2253 3761 2478 3817 Interea
2508 3760 2771 3833 pervenit
2819 3761 2893 3831 ad
2938 3759 3210 3834 me,quia
3240 3778 3417 3817 meus
3470 3762 3634 3819 frater
3676 3760 3720 3811 et

2095 3850 2429 3907 communis
2457 3867 2638 3923 nepos
2669 3854 2867 3907 noster
2892 3849 2973 3905 ita
2995 3850 3145 3906 inter
3170 3866 3233 3905 se
3261 3867 3380 3906 non
3406 3845 3721 3917 erant,sicul

2096 3943 2235 3997 tunc
2259 3938 2495 3997 fuerunt
2511 3939 2747 4013 quando
2767 3938 3068 4003 nossimul
3085 3938 3599 4015 conjunximusdit
3614 3935 3720 3990 idco

2096 4030 2164 4091 ad
2190 4028 2299 4086 hoc
2322 4029 2563 4101 veni,ut,
2586 4027 2739 4084 inter
2776 4044 2876 4084 eos
2912 4027 3176 4101 privatus
3220 4027 3511 4084 mediator
3546 4026 3719 4084 existe-

2098 4122 2313 4187 rem,et
2344 4117 2455 4191 ipsi
2488 4116 2570 4173 sie
2602 4115 2754 4173 inter
2785 4134 2846 4172 se
2879 4117 3019 4185 sint,
3040 4117 3193 4173 sicut
3222 4134 3327 4189 per
3366 4122 3585 4173 rectum
3615 4127 3720 4169 esse

2096 4208 2508 4265 debentJlndc
2542 4208 2718 4262 frater
2749 4211 2948 4262 noster
2978 4224 3081 4280 per
3110 4223 3205 4263 me
3228 4211 3286 4262 et
3316 4224 3424 4279 per
3451 4207 3719 4281 episcopos

2098 4302 2329 4355 nostros
2351 4314 2417 4352 ac
2438 4314 2541 4369 per
2570 4294 2878 4369 episcopos
2904 4296 3135 4369 nepotis
3156 4295 3364 4359 nostri,
3377 4301 3436 4353 et
3461 4294 3660 4367 scripto
3674 4294 3717 4344 et

2095 4387 2268 4443 verbo
2292 4385 2436 4443 tales
2462 4401 2671 4440 causas
2697 4384 2888 4457 nepoti
2920 4388 3119 4441 nostro
3150 4384 3476 4449 mandavit,
3499 4399 3595 4458 pro
3611 4377 3717 4451 qui-

2095 4476 2204 4534 bus
2228 4474 2310 4531 illi
2332 4476 2415 4531 sic
2436 4462 2699 4547 privatus
2715 4475 2866 4544 (150)
2884 4477 3146 4531 ηοητοιιαι
3167 4473 3324 4531 sicut
3341 4477 3517 4530 antea
3535 4471 3714 4533 fuerat;

328 4568 525 4643 diligo,
554 4583 659 4639 pro
685 4580 883 4625 amore
904 4567 963 4620 et
991 4562 1200 4621 timore
1221 4560 1323 4623 Dei
1352 4560 1599 4619 honoret
1628 4580 1711 4632 se,
1735 4568 1792 4620 et
1816 4582 1985 4622 suam
2019 4580 2065 4644 D
2096 4566 2346 4638 quas'm
2364 4565 2410 4619 si
2436 4563 2531 4618 ille
2548 4563 2860 4618 emendare
2878 4562 3050 4619 vellet
3066 4562 3218 4618 sicut
3235 4560 3285 4617 ei
3305 4563 3615 4621 mandabat
3631 4558 3716 4620 ¹⁰¹³ν

329 4656 846 4726 christianitatem,
859 4657 915 4713 et
932 4669 1108 4708 suum
1132 4668 1346 4709 nomen
1366 4650 1482 4725 regi
1495 4669 1614 4722 um,
1634 4656 1691 4708 et
1707 4659 1881 4710 exuat
1900 4655 1988 4690 ¹⁰⁰³

329 4763 394 4807 se
423 4751 479 4803 et
510 4762 619 4805 nos
649 4760 854 4805 omnes
875 4741 948 4798 ab
975 4742 1089 4797 ista
1112 4739 1411 4803 calumnia
1440 4757 1568 4811 quae
1596 4739 1765 4797 illum
1790 4743 1988 4814 sequi-

328 4838 448 4900 tur,
469 4837 525 4889 et
544 4850 647 4908 per
674 4831 839 4893 illum
872 4847 937 4888 ac
968 4833 1205 4905 prOptcr
1251 4827 1419 4884 illum
1469 4845 1575 4884 nos
1625 4829 1986 4904 prepinquos

328 4920 519 4990 illius;
552 4927 611 4977 et
640 4920 886 4985 honoret
914 4919 1051 4977 inde
1076 4919 1163 4956 ¹⁰θ⁶
1203 4912 1410 4986 Deum,
1446 4917 1636 4975 sciens
1668 4917 1984 5001 Dominum

330 5011 524 5071 dicere
557 5026 572 5066 :
604 5014 946 5077 Honoremus
1005 5026 1090 5064 me
1147 5008 1457 5074 honorabo;
1504 5016 1555 5065 et
1600 5010 1699 5080 qui
1748 5018 1981 5067 contem-

323 5108 506 5177 pnunt
536 5115 642 5167 me,
670 5106 833 5157 erunt
863 5098 1149 5168 ignobiles.

2097 4653 2422 4712 voluntarie
2462 4651 2545 4709 illi
2588 4656 2714 4708 erat
2771 4651 2927 4708 sicut
2957 4651 3211 4727 diligens
3266 4656 3517 4726 patruus
3544 4648 3717 4707 dilech

2097 4744 2316 4817 nepoti,
2338 4747 2395 4799 et
2423 4741 2782 4799 cbristianus
2824 4757 2926 4798 rex
2954 4739 3274 4799 christiano
3323 4741 3447 4814 regi
3497 4754 3614 4797 esse
3638 4750 3720 4809 per

2096 4837 2318 4890 rectum
2348 4831 2538 4887 debet.
2561 4829 2644 4886 De
2676 4829 2892 4902 quibus
2921 4830 3118 4889 causis
3144 4847 3252 4887 nos
3283 4834 3341 4886 et
3370 4826 3612 4905 episeOpi
3634 4822 3717 4897 qui

2096 4923 2401 4981 nobiseum
2437 4921 2676 4977 fuerunt
2695 4937 2764 4977 ex
2785 4925 2950 4993 parte
2973 4919 3202 4993 nepotis
3222 4920 3438 4987 nostri,
3462 4916 3612 4974 fratri
3635 4929 3716 4969 no-

2094 5018 2217 5071 stro
2252 5016 2308 5069 et
2337 5008 2629 5085 episcopis
2659 5008 2757 5083 qui
2785 5025 2918 5066 cum
2942 5026 3011 5069 eo
3033 5013 3199 5066 erant
3240 5007 3363 5065 tale
3402 5016 3713 5082 responsum

2092 5102 2458 5162 reddidimus
2491 5116 2503 5155 :
2541 5099 2681 5174 quia
2726 5098 2859 5155 illas
2910 5115 3120 5159 causas
3158 5115 3311 5173 quas
3337 5098 3390 5155 ei
3422 5094 3715 5171 reputabat,

1676 5212 1915 5272 VARI/E
1966 5218 2382 5279 LECTIONES.

399 5315 483 5351 ιοοί
517 5313 663 5370 deest
691 5314 744 5368 3.
822 5311 913 5348 ¹⁰⁰²
935 5310 1082 5366 deest
1110 5311 1165 5364 3.
1244 5309 1332 5343 ¹⁰⁰⁸
1363 5310 1476 5377 lege
1508 5310 1815 5368 donemus.

1912 5318 2003 5354 ¹⁹⁰⁴
2033 5319 2177 5375 illud
2225 5319 2278 5373 3.

3493 5311 3574 5345 1007
3602 5306 3635 5360 ί,
3662 5321 3705 5360 ρ,

2376 5316 2464 5350 ¹⁰⁰⁵
2494 5318 2662 5370 eruat
2692 5314 2745 5369 3.
2845 5315 2931 5349 ¹⁰⁰⁶
2960 5313 3182 5370 honore
3232 5313 3291 5369 in
3341 5313 3394 5368 3.

326 5388 500 5468 εἱλω-
534 5387 588 5442 3-
638 5382 1144 5468 .“i°°.<1ui°umque
1174 5380 1229 5434 3-
1308 5380 1394 5414 ¹⁰⁰⁹
1421 5380 1561 5436 deost
1592 5382 1654 5436 Β.
1736 5385 1823 5468 ὀἷο
1854 5389 2239 5448 observentur
2266 5389 2322 5444 3.
2401 5387 2486 5423 ιοιι
2522 5386 2777 5441 diximus
2807 5386 2860 5441 3.
2942 5386 3029 5420 ποια
3060 5386 3202 5457 quia
3230 5385 3281 5442 si
3324 5385 3404 5440 ita
3423 5376 3493 5439 ἐο
3520 5398 3565 5437 e.
3595 5396 3639 5432 ν.
3665 5376 3705 5428 3.

327 5460 415 5495 ¹⁰¹³
446 5456 815 5517 emendabat.

1912 5556 2144 5616 NOT/E.

401 5629 548 5702 (150)
581 5628 642 5686 Id
679 5630 767 5687 est
801 5621 1129 5685 familiaris.
