1914 3102
13 166 60 196 705
507 166 748 197 FRANCORUM
777 166 912 197 REGUM
937 167 1211 198 CAPITULARIA.
1653 169 1712 200 706

13 233 41 260 ad
57 232 245 268 disciplinam
264 233 467 260 sustinendam
484 234 691 261 coutradixerit
707 233 747 261 vel
762 234 831 261 iuis-
847 235 874 267 Α
891 234 1010 261 reddere
1033 234 1167 268 uoluerit,
1184 235 1213 262 iu
1240 236 1334 271 prima
1359 236 1585 263 contradictione
1610 236 1712 264 solidis

13 286 39 304 so
53 278 148 304 nostro
167 277 278 312 jussus
304 280 480 313 prasentare
505 277 642 310 noluerit,
659 278 829 314 prmdictum

13 322 130 349 hannum
155 321 314 359 sexaginta
337 322 499 350 solidorum
524 325 689 359 componat,
704 324 781 351 sicut
802 323 830 350 in

13 366 137 403 pradicto
152 366 312 403 capitulari
328 367 462 395 habetur.

45 411 81 438 t6.
98 410 132 438 Ut
151 411 177 438 si
200 410 311 448 aliquis
337 411 423 440 homo
440 420 456 439 a
471 412 514 429 ¹⁰⁶⁷
529 412 669 448 proximis
696 412 833 440 Kalendis

13 455 72 483 Julii
87 456 120 483 de
133 455 191 484 hac
208 464 286 484 nova
300 458 401 484 nostra
413 458 531 485 moneta
543 456 665 484 mixtum
679 456 721 485 vel
735 457 834 485 minus

14 508 90 536 quam
106 500 212 528 debeat
229 503 406 537 pensantem
421 501 574 538 denarium
596 501 748 535 invenerit,
765 510 833 529 con-

16 545 127 581 stringat
140 553 210 573 eum
228 545 281 582 qui
297 545 395 581 ipsum
411 545 564 574 denarium
576 546 611 573 ad
623 546 833 583 negotiandum

15 589 135 625 protulit,
152 591 182 617 et
208 589 275 627 ipse
300 589 386 624 dicat,
403 599 421 617 a
436 599 492 627 quo
518 598 585 618 eum
608 590 736 627 accepit;
753 591 777 618 si
794 590 835 618 sic

17 634 45 661 dc
60 642 142 661 manu
160 634 196 661 ad
216 643 340 662 manum
352 635 556 671 veniat,usque
567 635 637 662 dum
650 635 684 662 ad
699 635 835 663 falsitatis

17 681 150 706 auctorem
167 679 411 715 perveniatur.Et
426 680 562 707 inventus
578 680 660 707 mixti
676 679 718 707 vel
738 679 836 707 minus

18 731 94 757 quam
109 723 212 751 debeat
229 723 385 760 pensantis
410 723 520 751 denarii
548 726 719 757 monetator,
737 723 766 751 in
787 724 837 751 illa

19 770 83 794 terra
95 768 121 795 in
132 767 316 804 quajudicia
326 768 490 795 secundum
502 768 594 805 legem
607 769 769 796 Romanam
780 770 836 795 ter-

20 811 165 846 minantur,
182 813 350 840 secundum
368 812 462 848 ipsam
478 811 571 849 legem
583 812 747 848 judice-tur;
764 815 791 839 et
807 812 835 840 in

20 856 61 883 illa
73 859 145 884 terra
155 857 185 884 in
198 866 261 893 qua
270 856 385 893 judicia
395 857 557 885 secundum
572 857 662 894 legem
675 858 836 885 Romanam

21 901 534 936 nonjudicantur,monetarius,sicut
545 910 634 937 supra
646 901 838 935 diximus,fal-

23 945 41 972 si
55 945 156 973 denarii
172 954 298 974 manum
314 947 462 974 dexteram
480 946 592 982 perdat,
605 946 720 973 sicutin
732 948 836 982 quarto

23 989 83 1017 libro
98 989 300 1026 Capitulorum
317 990 494 1022 continetur,
510 991 605 1026 capite
619 991 700 1018 33.Et
716 991 764 1027 qui
782 991 836 1018 hoc

25 1034 225 1069 consenserit,si
244 1035 320 1063 liber
330 1035 422 1070 est,60
432 1035 541 1063 solidos
553 1037 725 1071 componat;
743 1035 767 1062 si
779 1043 837 1062 ser-

25 1087 66 1105 vus
79 1078 117 1106 vel
133 1079 269 1112 colonus,
287 1080 386 1107 nudus
401 1088 467 1107 cum
484 1079 574 1115 virgis
587 1079 700 1116 vapulet
720 1080 773 1107 ‘0“.

55 1124 90 1150 l7.
106 1123 139 1151 Ut
154 1124 313 1160 diligenter
327 1124 449 1151 comites
464 1126 492 1151 et
507 1124 632 1151 ministri
650 1124 688 1151 rei
715 1123 836 1160 publica:

27 1175 67 1202 per
79 1168 119 1185 ¹⁰θ⁹
133 1177 202 1196 suos
217 1168 378 1197 comitatus
394 1177 427 1197 ac
440 1169 603 1196 ministeria
617 1168 837 1205 provideant,ne

27 1211 50 1238 in
64 1212 151 1248 aliquo
166 1212 229 1241 loco
246 1212 361 1241 occulta
375 1213 418 1241 vel
444 1213 630 1241 fraudulenta
645 1215 760 1240 moneta
776 1212 836 1239 ﬁeri

27 1257 112 1291 possit.
122 1258 153 1284 Et
168 1258 192 1285 si
208 1258 347 1286 inventus
364 1266 398 1285 ac
415 1258 621 1294 comprobatus
636 1257 759 1294 quilibet
774 1258 838 1284 fue-

29 1300 57 1327 rit
72 1302 109 1318 ¹⁰⁷⁰
120 1301 338 1330 fraudulentam
354 1305 501 1330 monetam
518 1302 685 1338 percutiens
701 1302 838 1335 ‘0“,sicut

29 1346 199 1374 constitutum
217 1349 262 1375 est
279 1347 314 1374 de
331 1347 404 1374 falso
424 1347 596 1382 monetario,
613 1355 647 1373 ex
663 1347 781 1383 prmfato
795 1354 838 1373 ca-

31 1389 127 1424 pilulari
143 1392 393 1427 praedecessorum
419 1394 598 1423 nostrorum,
615 1400 722 1419 manus
737 1391 761 1418 ei
776 1399 838 1418 am-

31 1437 130 1468 putetur
144 1436 197 1463 ιω.
215 1437 252 1464 Et
276 1436 325 1472 qui
351 1436 620 1469 hoc.consenserit,
637 1436 661 1462 si
687 1435 761 1463 liber
784 1437 838 1469 est,

33 1479 162 1516 sexaginta
177 1480 290 1509 solidos
304 1483 477 1517 componat;
495 1481 518 1508 si
532 1489 632 1508 servus
647 1480 690 1508 vel
708 1480 838 1513 colonus,

32 1524 112 1551 nudus
124 1533 189 1553 cum
203 1525 297 1562 virgis
311 1525 438 1561 vapulet.

61 1567 96 1595 l8.
110 1568 142 1596 Et
156 1570 179 1597 si
195 1570 293 1598 falsus
309 1570 498 1604 monetarius,
516 1572 566 1598 aut
583 1570 626 1587 ¹⁰τ³
640 1570 675 1598 de
689 1569 748 1596 illis
768 1569 839 1597 locis

34 1610 56 1638 in
69 1613 164 1648 quibus
179 1617 330 1643 monetam
348 1615 408 1642 ﬁeri
421 1614 634 1650 jussimus,aut
648 1614 760 1642 occulte
776 1622 838 1641 mo-
856 1606 877 1639 C

36 1658 116 1684 nctsm
130 1660 308 1694 percutiens,
325 1661 376 1687 aut
398 1659 549 1687 denarium
576 1659 684 1686 falsum
709 1659 743 1687 de
769 1667 842 1686 nova

36 1705 133 1730 moneta
148 1704 182 1731 ad
199 1703 410 1741 negotiandum
426 1703 841 1740 proferens,ut1°“constringi

37 1746 57 1771 et
68 1747 155 1781 puniri
170 1757 227 1776 non
242 1748 338 1785 possit
353 1749 408 1782 "’7",
425 1748 502 1776 sicut
522 1750 567 1776 est
590 1748 794 1782 constitutum,
812 1748 841 1775 in

36 1789 122 1818 ﬁscum
137 1794 270 1821 nostrum
286 1792 330 1820 vel
342 1793 370 1820 in
383 1801 600 1829 quamcumque
611 1793 840 1825 immunitatem,

37 1836 76 1860 aut
88 1835 204 1872 alicujus
221 1837 350 1873 potentis
368 1839 541 1873 potestatem
565 1837 608 1865 vel
635 1836 840 1873 proprietatem

38 1877 79 1911 ’στῆ
92 1881 256 1917 confugerit,
273 1882 297 1909 si
322 1882 352 1909 in
378 1884 512 1910 nostrum
536 1882 699 1918 confugerit
725 1882 839 1915 fiscum,

38 1923 181 1958 requiratur
195 1935 211 1953 a
226 1926 364 1954 ministro
394 1929 504 1954 nostro.
526 1927 560 1954 Et
584 1926 607 1954 si
630 1926 678 1953 ille
701 1934 768 1953 eum
792 1926 840 1953 de-

39 1965 140 1997 fenderit
166 1973 216 1998 aut
244 1971 443 2006 occultaverit,
470 1970 622 1998 nuntietur
651 1971 745 2004 nobis,
769 1979 839 2007 qua—

39 2012 107 2039 tenus
127 2014 166 2042 ita
181 2016 223 2033 ‘0'”
240 2016 270 2043 in
295 2024 329 2043 eo
354 2016 516 2044 secundum
542 2014 701 2051 capitulare
728 2015 840 2051 regium

39 2055 186 2095 vindicetur,
200 2069 236 2088 ne
251 2060 332 2088 ullus
348 2060 423 2089 alius
438 2069 569 2096 unquam
596 2059 752 2087 falsitatem
774 2068 847 2087 nos-1

39 2101 72 2127 1m
96 2104 261 2133 auctoritate
287 2104 332 2133 vel
362 2107 504 2141 potestate
533 2104 697 2132 consentire
723 2105 766 2121 ¹⁰⁷⁸
790 2106 841 2131 aut

40 2142 170 2176 (tetendere
192 2150 310 2178 audeat.
328 2149 356 2177 Si
377 2151 475 2177 autem
502 2149 530 2176 in
556 2149 772 2176 immunitatem
796 2147 840 2176 vel

40 2191 188 2221 Poteska
204 2197 255 2222 aut
270 2194 477 2231 proprietatem
495 2193 621 2229 alicujus
637 2193 764 2229 potentis
776 2201 842 2221 con-

41 2231 136 2268 rugerit,
150 2239 310 2267 secundum
326 2239 403 2275 quod
421 2239 448 2266 in
464 2239 550 2266 tertio
564 2238 639 2266 libro
655 2237 839 2274 Capitularis,

39 2276 66 2303 26
77 2280 201 2317 capitulo,
217 2284 394 2318 continetur,
409 2283 444 2311 de
459 2292 492 2311 eo
509 2283 558 2319 qui
581 2284 693 2311 furtum
717 2284 768 2310 aut
792 2282 841 2310 ho-

42 2320 169 2367 micidium
184 2327 226 2356 vel
247 2327 399 2365 quodlibet
422 2328 533 2356 crimen
559 2327 630 2356 foris
655 2327 841 2355 committens

43 2365 102 2394 infra
130 2369 340 2401 immunitatem
376 2373 493 2409 fugerit,
524 2372 591 2400 inde
625 2372 694 2406 ﬁat;
723 2372 751 2399 id
786 2373 840 2407 est,

42 2419 52 2431 ε(
65 2413 170 2454 mandet
180 2424 278 2446 comes
290 2417 334 2445 vel
347 2416 470 2454 publicae
486 2417 526 2445 rei
548 2416 682 2445 minister
706 2416 841 2453 episcopo

42 2452 75 2480 vel
88 2455 185 2493 abbati,
201 2461 244 2490 vel
261 2461 305 2489 illi
320 2452 500 2497 quicumque
524 2461 620 2489 locum
643 2460 772 2497 episcopi
798 2460 840 2488 vel

43 2497 137 2546 abbatis
150 2504 191 2532 vel
206 2506 361 2535 abbatissa;
377 2506 512 2539 tenuerit,
527 2505 571 2533 vel
592 2505 719 2542 potentis
742 2505 840 2532 homi-

43 2543 79 2590 nis
90 2543 116 2572 in
130 2548 209 2583 cuju’s
224 2552 396 2586 potestatem
412 2550 456 2578 vel
477 2550 684 2587 proprietatem
708 2550 842 2586 confuge-

43 2588 81 2619 n't,
94 2591 122 2616 ut
135 2592 231 2622 reddat
246 2595 270 2623 ei
285 2603 378 2623 reum.
396 2595 425 2623 Si
441 2595 489 2622 ille
509 2594 716 2623 contradixerit
731 2596 759 2622 et
774 2603 840 2622 eum

887 278 1054 314 quindecim
1071 278 1226 315 culpabilis
1238 279 1429 314 judicetur.Si
1444 280 1479 307 ad
1496 281 1652 308 secundam
1668 281 1711 308 inv

887 323 1074 359 quisitionem
1091 332 1157 351 eum
1174 324 1293 351 reddere
1314 324 1448 355 noluerit,
1465 325 1583 361 triginta
1609 325 1711 353 solidis

888 367 1241 404 culpabilisjudicetur.Si
1253 377 1304 396 nec
1316 369 1352 396 ad
1364 369 1479 397 tertiam
1492 369 1709 405 inquisitionem

888 413 1052 440 consentire
1064 412 1196 446 voluerit,
1214 413 1354 449 quidquid
1372 422 1438 441 rcus
1454 414 1554 441 damni
1575 414 1652 447 fecit,
1669 416 1708 442 to-

888 458 949 484 tum
967 456 1015 484 ille
1031 457 1080 493 qui
1096 466 1161 485 cum
1188 458 1264 485 infra
1290 458 1505 485 immunitatem
1530 459 1642 492 retinet,
1660 467 1712 486 nec

890 502 1009 529 reddere
1025 501 1095 536 vult,
1113 501 1221 530 solvere
1238 505 1398 538 cogatur,ct
1413 502 1474 539 ipse
1485 511 1584 531 comes
1594 503 1713 531 veniens

889 545 1036 573 licentiam
1053 546 1159 573 habent
1174 546 1270 582 ipsum
1287 547 1435 575 hominem
1453 547 1529 576 infra
1543 548 1711 575 immunita-

890 592 948 618 tem
966 591 1125 626 quznrendi,
1141 591 1318 627 ubicumque
1334 600 1401 619 eum
1423 592 1552 620 invenire
1576 592 1712 628 potuerit.

891 635 919 663 Si
937 638 1035 663 autem
1052 635 1080 662 in
1097 635 1192 671 prima
1208 636 1398 672 inquisitione
1414 636 1513 663 comiti
1539 645 1713 673 responsum

891 680 988 714 fuerit,
1005 681 1080 716 quod
1097 689 1163 707 reus
1181 680 1255 708 infra
1279 680 1494 708 immunitatem
1512 680 1630 717 quidem
1646 681 1714 709 fuis-

892 727 945 758 set,
963 725 1014 752 sed
1030 725 1098 761 fuga
1117 725 1218 760 lapsus
1243 724 1290 757 sit,
1304 725 1384 760 jurct
1406 725 1483 760 quod
1509 726 1571 761 ipse
1595 734 1662 753 eum
1678 726 1713 753 ad

887 769 1034 805 justitiam
1052 769 1210 804 cujuslibet
1226 768 1434 796 distaeiendam
1452 770 1550 805 fugere
1561 778 1616 797 non
1634 770 1716 797 fecis-

892 816 946 846 set,
962 814 1038 841 (tsit
1054 814 1078 841 ei
1096 813 1123 841 in
1141 813 1195 841 hoc
1212 813 1405 841 satisfactum.
1423 813 1451 841 Si
1468 822 1533 841 vero
1550 814 1669 841 intranti
1685 814 1714 842 in

892 858 986 894 ipsam
1004 858 1232 891 immunitatem,
1249 858 1291 885 vel
1307 858 1335 885 in
1352 857 1508 893 cujuslibet
1520 858 1648 886 hominis
1664 867 1715 895 po-

893 905 1027 930 testatem
1052 902 1094 930 vel
1121 902 1340 939 proprietatem,
1358 902 1457 930 comiti
1482 902 1603 931 collecta
1627 912 1715 931 manu

893 947 1017 983 quilibet
1032 947 1165 974 resistere
1181 947 1345 981 tentaverit,
1362 956 1459 975 comes
1483 948 1536 975 hoc
1561 949 1596 976 ad
1619 957 1715 984 regem

891 992 934 1020 vel
951 992 1113 1028 principem
1130 992 1251 1025 deferat,
1268 994 1296 1018 et
1309 992 1349 1018 ibi
1361 992 1564 1027 judicetur.Et
1579 993 1654 1020 sicut
1668 993 1716 1021 ille

892 1037 941 1073 qui
959 1036 987 1064 in
1000 1036 1186 1063 immunitate
1202 1036 1344 1063 damnum
1363 1036 1438 1069 fecit,
1455 1036 1599 1064 sexcentis
1615 1037 1715 1065 solidis

892 1081 1025 1117 componi
1043 1081 1139 1115 debet,
1156 1081 1196 1107 ita
1211 1080 1261 1116 qui
1278 1081 1374 1108 comiti
1392 1080 1512 1108 collecta
1526 1089 1613 1108 manu
1630 1082 1716 1108 resis-

894 1129 951 1154 tere
967 1125 1195 1161 prmsumpsrrit,
1214 1125 1356 1152 sexcentis
1373 1125 1473 1152 solidis
1498 1124 1715 1161 culpabilisju-

893 1171 1015 1198 dicetur.
1034 1182 1047 1194 »

930 1215 971 1242 19.
990 1214 1025 1242 Ut
1043 1213 1147 1241 melius
1162 1216 1190 1241 et
1205 1214 1389 1242 commodius
1404 1213 1464 1241 limo
1484 1214 1666 1250 providentia
1681 1215 1716 1243 de

894 1259 978 1287 bonis
994 1258 1121 1286 denariis
1137 1267 1194 1286 non
1209 1259 1364 1286 reiciendis
1377 1261 1404 1286 et
1429 1259 1463 1285 de
1489 1261 1612 1286 moneta:
1636 1259 1714 1287 falsa

893 1304 1020 1331 denariis
1035 1303 1174 1331 custodiri
1192 1303 1293 1339 possit,
1311 1302 1496 1336 volumus,ut
1512 1302 1715 1339 unusquisque

893 1357 991 1375 comes
1007 1349 1042 1375 de
1058 1348 1196 1375 comitatu
1219 1356 1271 1374 suo
1287 1347 1385 1374 omnia
1411 1349 1538 1374 mercata
1561 1347 1715 1375 inbreviari

895 1392 990 1426 faciat,
1007 1395 1033 1420 et
1050 1393 1122 1419 sciat
1138 1391 1222 1419 nobis
1238 1392 1342 1425 dicere,
1360 1400 1422 1427 qua:
1439 1394 1568 1418 mercata
1586 1394 1716 1427 tempore

894 1438 937 1464 avi
955 1437 1045 1464 nostri
1064 1438 1221 1468 fuerunt,et
1237 1444 1300 1471 qua:
1314 1438 1443 1471 tempore
1460 1435 1558 1463 domui
1570 1438 1597 1463 et
1609 1436 1718 1471 genito-

895 1482 935 1510 ris
951 1481 1041 1509 nostri
1060 1489 1124 1508 esse
1139 1482 1297 1516 coeperunt,
1314 1479 1358 1506 vel
1374 1488 1437 1515 qua:
1454 1479 1532 1506 illius
1547 1480 1718 1508 auctoritate

895 1526 1054 1554 constituta
1071 1526 1199 1558 fuerunt,
1216 1524 1261 1551 vel
1277 1533 1340 1559 qua:
1357 1523 1420 1551 sine
1444 1523 1615 1551 auctoritate
1639 1524 1718 1553 illius

897 1572 973 1599 facta
992 1571 1120 1604 fuerunt,
1134 1568 1176 1596 vel
1203 1577 1266 1604 quae
1290 1571 1419 1604 tempore
1443 1571 1541 1595 nostro
1565 1568 1718 1597 convenire

897 1617 1055 1651 coeperunt,
1072 1614 1116 1641 vel
1131 1622 1193 1649 qua:
1210 1614 1238 1640 in
1253 1613 1382 1648 antiquis
1398 1612 1469 1640 locis
1493 1615 1675 1648 permanent,
1690 1614 1718 1641 et

896 1661 920 1688 si
936 1661 1049 1687 mutata
1063 1662 1141 1691 sunt,
1158 1659 1243 1694 cujus
1259 1657 1431 1685 auctoritate
1452 1659 1565 1685 mutata
1589 1657 1716 1685 fuerunt.

896 1705 930 1732 Et
945 1705 1042 1740 ipsum
1068 1703 1184 1730 brevem
1209 1702 1413 1737 unusquisque
1437 1710 1535 1729 comes
1560 1702 1594 1729 ad
1622 1701 1718 1737 proxi-

897 1758 977 1776 mum
992 1748 1131 1785 placitum
1148 1749 1282 1774 nostrum
1305 1746 1389 1773 nobis
1415 1746 1557 1781 adportet,
1573 1747 1605 1772 ut
1620 1747 1717 1773 decer-

897 1802 964 1821 nere
991 1792 1148 1829 possimus,
1171 1793 1316 1827 quatenus
1340 1790 1505 1818 necessaria
1529 1792 1557 1818 et
1583 1790 1665 1818 utilia
1690 1792 1718 1818 et

896 1847 959 1874 qum
976 1846 1026 1874 per
1042 1837 1243 1864 auctoritatem
1260 1838 1328 1863 sunt
1343 1837 1492 1868 maneant,
1508 1843 1571 1871 quae
1586 1843 1652 1862 vero
1668 1843 1717 1862 su-

896 1883 1019 1918 perﬂua,
1035 1881 1258 1915 interdicuntur,
1274 1880 1317 1908 vel
1333 1880 1404 1908 locis
1426 1879 1488 1907 suis
1513 1879 1716 1908 restituantur.

896 1928 931 1955 Et
947 1928 1074 1955 mercata
1089 1926 1135 1953 die
1153 1925 1300 1952 Dominico
1315 1924 1343 1952 in
1360 1924 1440 1952 nullo
1456 1923 1519 1952 loco
1542 1924 1715 1959 habeantur,

896 1971 972 2000 sicut
984 1971 1013 1998 in
1031 1970 1125 2007 primo
1140 1970 1214 1997 libro
1230 1969 1439 2005 Capitulorum,
1452 1968 1578 2004 capitulo
1596 1969 1646 1996 136
1661 1969 1716 2003 ¹⁰¹¹⁹,

895 2017 1030 2044 habetur.

930 2061 975 2088 29.
993 2060 1028 2088 Ut
1043 2068 1140 2087 comes
1155 2061 1183 2087 et
1205 2059 1244 2086 rei
1271 2058 1391 2094 publica:
1420 2057 1546 2085 ministri
1572 2066 1605 2084 ac
1630 2057 1716 2085 ceteri

896 2105 996 2132 fideles
1011 2104 1101 2132 nostri
1118 2103 1298 2139 provideant,
1315 2105 1460 2138 quatenus
1476 2103 1576 2137 justus
1601 2102 1717 2129 modius

895 2157 1055 2185 aequusque
1072 2147 1216 2176 sextarius
1232 2147 1394 2175 secundum
1412 2154 1525 2174 sacram
1542 2145 1716 2180 scripturam

895 2196 923 2222 et
934 2193 1062 2229 capitula
1071 2193 1318 2228 praedecessorum
1328 2193 1495 2218 nostrorum
1509 2190 1537 2216 in
1550 2189 1717 2217 civitatibus

895 2241 924 2266 et
940 2238 969 2265 in
979 2237 1049 2264 vicis
1057 2239 1085 2264 et
1094 2236 1122 2263 in
1131 2236 1206 2263 villis
1215 2235 1250 2262 ad
1261 2235 1443 2262 vendendum
1454 2236 1481 2260 et
1489 2233 1645 2260 emendum
1656 2233 1715 2266 fiat,

856 2294 880 2327 B
895 2285 923 2311 et
939 2290 1106 2310 mensuram
1123 2280 1284 2308 secundum
1301 2278 1452 2314 antiquam
1475 2276 1716 2305 consuetudinem

897 2328 932 2355 de
945 2326 1052 2363 palatio
1068 2328 1168 2353 nostro
1184 2324 1338 2359 accipiant,
1355 2325 1383 2350 et
1399 2331 1456 2349 non
1481 2330 1532 2358 pro
1558 2321 1612 2348 hac
1635 2329 1716 2349 occa-

897 2372 977 2400 sione
993 2380 1009 2399 a
1026 2369 1203 2398 mansuariis
1217 2368 1260 2396 vel
1277 2368 1313 2395 ab
1329 2367 1374 2394 his
1390 2366 1439 2402 qui
1455 2374 1575 2393 censum
1600 2365 1716 2399 debent,

896 2417 990 2452 major
1003 2413 1192 2448 modius,nisi
1208 2413 1284 2441 sicut
1297 2411 1477 2439 consuetudo
1493 2410 1557 2443 fuit,
1574 2410 1716 2446 exigatur.

896 2462 930 2489 Et
945 2461 1000 2497 ipsi
1016 2460 1150 2488 homines
1167 2458 1215 2494 qui
1229 2465 1280 2494 per
1288 2456 1372 2484 villas
1383 2456 1418 2483 de
1429 2454 1555 2483 denariis
1566 2455 1718 2491 providen-

895 2505 1065 2540 tiamjurati
1074 2502 1293 2538 habebunt,ipsi
1301 2501 1389 2529 etiam
1398 2501 1433 2528 de
1442 2508 1630 2533 mensura,ne
1637 2499 1718 2527 adul-

896 2548 1189 2585 teretur,provideant
1199 2547 1274 2575 sicut
1285 2545 1314 2573 in
1326 2545 1399 2573 libro
1410 2545 1495 2573 tertio
1506 2544 1717 2581 Capitulorum,

896 2594 1023 2630 capitulo
1037 2593 1082 2628 90,
1098 2592 1272 2620 continetur.
1290 2591 1324 2618 Et
1339 2590 1363 2618 si
1377 2589 1443 2626 quis
1458 2591 1610 2626 reputatus
1632 2588 1719 2616 fuerit

698 2674 817 2702 VARI/E
837 2674 1032 2703 LECTIONES

73 2735 110 2754 ποετ

46 2767 81 2786 10⁸171
90 2772 118 2801 de

122 2739 223 2772 decue.
261 2746 306 2764 ιοεο
321 2745 450 2775 caedam
464 2746 491 2773 3.
508 2745 555 2773 3b.
595 2746 640 2764 ιοεο
652 2745 725 2774 deest
738 2746 765 2774 3.
805 2746 883 2773 mor.

118 2780 155 2816 σεξ
163 2778 187 2808 3.
222 2781 266 2799 “‘7‘
280 2781 354 2810 deest
366 2782 393 2809 3.
433 2781 478 2799 ¹⁰⁷⁵
491 2782 587 2816 potest
602 2789 634 2809 eo
650 2781 728 2816 quod
745 2781 774 2809 in
790 2781 860 2809 ﬁsco
879 2778 977 2809 nostro
993 2782 1018 2809 3.
1059 2781 1102 2798 ¹⁰¹¹⁰
1117 2790 1143 2809 v.

48 2811 131 2838 sonare
142 2812 165 2841 3.
200 2816 242 2836 ¹θτθ
256 2819 285 2846 in
299 2817 445 2851 Sirmomlo
461 2811 562 2853 leéilur
574 2818 641 2861 145;
658 2811 800 2855 legendum
816 2825 878 2846 vero
892 2822 932 2847 cst
947 2817 1007 2846 l39.
1024 2817 1099 2846 BAL.

899 2755 927 2782 q.
944 2745 971 2773 3.
1010 2743 1345 2782 ‘°“f.m.p.dcstmt§.
1381 2743 1429 2782 18]}
1444 2739 1651 2782 abscidatur}.
1669 2738 1714 2765 3b.

1161 2776 1189 2817 ᾖ).
1206 2780 1302 2808 desunt
1313 2781 1340 2807 3.
1380 2779 1423 2797 ¹⁰¹¹τ
1438 2778 1508 2807 deest
1524 2778 1549 2806 3.
1589 2776 1631 2793 ’0⁷⁸
1647 2782 1716 2801 con-

1845 2774 1900 2840 χλ
