3828 6204
378 367 497 430 719
1046 371 1377 433 APPEND.
1425 372 1525 431 AD
1574 372 1761 434 S/EC.
1809 369 1878 431 Χ.
1915 403 1990 414 ——
2022 369 2521 433 MUNUMEN'I‘A
2565 370 3108 432 DIPLOMATICA.
3658 366 3747 425 ’ἷῑο

380 502 581 561 lumus
608 520 711 561 vos
741 503 910 571 scire,
943 506 1220 577 quoniam
1252 506 1322 562 ad
1358 505 1577 563 nullius
1626 505 2024 578 deceptionem
2056 507 2112 574 Α
2141 504 2314 569 bona,
2346 508 2403 559 ct
2450 504 2565 560 fide
2614 522 2728 561 non
2780 506 2933 573 ficta,
2980 504 3172 561 ﬁdelis
3213 500 3462 559 consilio
3494 502 3552 557 et
3578 498 3749 556 auxilio

379 592 469 650 vel
501 592 1069 663 condemnationem,
1100 612 1287 668 neque
1318 613 1421 668 pro
1452 594 1572 652 ulla
1628 595 1888 651 indebita
1930 613 2025 651 cu-
2136 594 2308 651 nobis
2357 593 2476 649 sint
2522 594 2579 649 in
2631 595 2905 651 omnibus
2952 595 3272 666 adjutores.
3328 593 3397 648 Et
3445 591 3498 646 si
3554 589 3749 662 aliquis,

378 681 626 755 piditate
665 682 906 739 insimul
955 684 1350 741 convenimus.
1386 686 1623 758 Propter
1654 702 1781 757 qua:
1809 688 2024 752 autem,
2135 683 2290 756 quod
2322 683 2496 751 absit,
2529 684 2601 738 ab
2634 683 2743 739 hoc
2792 684 3020 740 deviare
3059 682 3393 751 tantaverit,
3430 678 3751 737 unanimiter

377 774 616 844 excepto
647 770 840 828 debito
862 790 927 829 ac
949 773 1204 830 fraterno
1234 774 1522 830 desiderio
1554 779 1619 830 ut
1646 792 1749 831 nos
1780 774 2025 830 invicem
2136 777 2201 829 ut
2231 774 2305 829 ad
2335 773 2442 828 hoc
2467 773 2664 828 redeat
2711 773 2878 828 illum
2928 777 3261 829 convertere
3301 771 3676 827 decertemus.
3700 768 3751 821 Et

378 859 686 917 dilectione
712 865 918 917 mutua
945 862 1295 932 videremus,
1330 869 1529 919 noster
1574 868 1891 919 conventus
1931 864 2027 919 fu-

382 949 511 1020 erit,
542 950 708 1007 vobis
739 954 875 1007 nota
907 951 1093 1008 facere
1123 953 1413 1019 volumus,
1454 957 1511 1008 et
1558 971 1683 1025 quae
1736 953 1852 1009 Deo
1903 951 2025 1026 pla-

383 1037 501 1095 cita
546 1043 603 1095 et
647 1039 816 1096 nobis
864 1057 931 1095 ac
980 1040 1253 1097 fidelibus
1303 1041 1519 1098 nostris
1577 1041 1838 1098 salubria
1894 1060 2026 1115 pro-

382 1129 535 1184 ficua
563 1132 720 1195 sunt,
753 1146 871 1185 una
899 1146 1033 1185 cum
1065 1130 1165 1186 Dei
1199 1131 1486 1203 adjutorio
1527 1136 1584 1187 et
1620 1137 1811 1187 vestro
1843 1148 1907 1186 ac
1937 1149 2027 1187 ce-

382 1216 637 1272 terorum
669 1219 1071 1274 communium
1104 1218 1366 1275 fidelium
1410 1224 1746 1276 nostrorum
1787 1221 2028 1277 consilio

382 1310 437 1361 et
469 1306 703 1375 auxilio,
735 1312 929 1363 tenere
958 1308 1409 1365 immutabiliter
1456 1314 1511 1365 et
1561 1327 1772 1383 augere
1806 1310 2032 1365 utiliter

316 1388 335 1405 ’
380 1394 673 1465 volumus,

454 1487 501 1544 1.
538 1480 730 1541 Primo
763 1490 995 1543 nostras
1025 1492 1084 1543 et
1112 1492 1323 1543 sanctae
1375 1487 1472 1543 Dei
1524 1487 1791 1543 Ecclesiae
1838 1506 1903 1544 ac
1931 1506 2023 1543 re-

381 1574 481 1648 gni
514 1574 682 1632 nobis
713 1574 1012 1632 commissi
1045 1576 1440 1646 necessitates,
1474 1578 1725 1634 fraterne
1758 1582 1816 1634 et
1846 1578 2031 1634 since-

384 1681 449 1721 ra
479 1668 675 1721 mente
705 1665 776 1719 ad
808 1663 1053 1721 invicem
1086 1666 1486 1738 exposuimus.

453 1756 510 1809 2.
542 1752 651 1809 llla
679 1771 805 1826 qua;
837 1771 1025 1827 nuper
1053 1772 1187 1811 cum
1218 1754 1501 1812 fidelium
1530 1760 1862 1814 nostrorum
1894 1774 2023 1813 con-

384 1843 516 1947 silio
536 1843 691 1916 apud
714 1843 1257 1946 Confluentesintcr
1271 1862 1377 1901 nos
1408 1847 1752 1947 confirm
1771 1847 2027 1947 fuerunt,
2064 1882 2111 1947 Β

386 1932 694 2006 diligenter
722 1932 1394 2007 rememoravimus,quae
1424 1934 1834 1992 inviolabiliter
1863 1936 2032 2009 adju-

386 2025 555 2079 vante
583 2022 1081 2079 conservabimus.

456 2112 510 2167 3.
545 2111 708 2169 Sicut
755 2112 911 2170 Deus
957 2112 1067 2170 hoc
1113 2107 1173 2169 in
1222 2114 1395 2169 corde
1444 2118 1644 2171 nostro
1699 2115 1873 2182 videt,
1933 2132 2033 2172 vo-

384 2200 584 2258 lumus
641 2205 699 2257 et
747 2218 849 2258 vos
901 2203 1070 2271 scire,
1106 2203 1386 2275 quoniam
1436 2205 1508 2260 de
1555 2205 1727 2260 corde
1758 2221 1923 2276 puro,
1975 2209 2033 2261 et

380 2290 738 2348 conscientia
793 2292 965 2359 bona,
1011 2296 1069 2347 et
1114 2292 1227 2347 fide
1276 2310 1392 2349 non
1459 2294 1597 2349 ficta
1654 2294 1915 2359 adunati,
1972 2294 2030 2349 id

382 2384 471 2437 est
501 2380 811 2436 unanimes
841 2380 1026 2436 effecti
1059 2398 1285 2449 sumus,
1320 2386 1605 2455 quantum
1638 2383 1763 2455 ipse
1808 2383 2034 2439 dederit

385 2487 418 2526 a
443 2486 560 2541 quo
590 2473 678 2524 est
708 2486 879 2525 omne
909 2470 1115 2526 datum
1144 2470 1431 2543 optimum
1485 2476 1541 2528 et
1588 2490 1761 2529 omne
1811 2474 2030 2530 donum

384 2558 727 2629 perfectum,
780 2558 852 2612 ad
904 2558 1004 2613 Dei
1054 2557 1435 2627 voluntatem,
1463 2564 1521 2615 et
1570 2565 1836 2617 nostrum
1870 2579 2033 2617 com-

385 2662 627 2701 munem
670 2646 947 2702 honorem
997 2651 1055 2702 et
1103 2648 1551 2716 salvamentum,
1608 2655 1664 2705 et
1708 2651 1779 2705 ad
1822 2656 2033 2707 sancta;

386 2734 486 2790 Dei
519 2734 786 2791 Ecclesiae
817 2738 1057 2804 statum,
1092 2740 1149 2792 et
1198 2737 1566 2793 sacerdotum
1617 2755 1683 2794 ac
1732 2757 2032 2795 servorum

384 2825 513 2896 ejus
542 2824 804 2880 debitum
835 2824 1114 2881 honorem
1164 2830 1221 2881 et
1266 2825 1541 2899 vigorem,
1577 2844 1643 2882 ac
1674 2828 1835 2901 regni
1865 2828 2035 2884 nobis

385 2932 418 2969 a
448 2913 564 2969 Deo
594 2912 893 2969 commissi
926 2913 1279 2970 soliditatem
1321 2916 1741 2973 restituendam
1793 2922 1850 2973 et
1897 2936 2033 2974 con-

384 3003 760 3072 servandam;
795 3007 860 3058 ut
891 3003 1148 3060 Ecclesia
1177 3007 1234 3058 et
1265 3020 1535 3077 regnum,
1568 3007 1723 3078 quod
1774 3007 1925 3063 Deus
1973 3007 2034 3063 in

383 3109 596 3149 manus
627 3093 1065 3166 progenitorum
1096 3097 1430 3150 nostrorum
1464 3096 1759 3163 adunavit,
1789 3101 1840 3152 et
1865 3097 2035 3153 nobis
2143 3110 2239 3148 sos
2274 3096 2505 3147 nostros
2538 3091 2863 3159 mittamus,
2897 3098 2956 3148 et
3005 3092 3056 3147 ei
3105 3091 3221 3148 tale
3269 3092 3571 3148 consilium
3614 3106 3742 3145 man-

383 3182 782 3238 misericordia
810 3199 919 3238 sua
948 3183 1264 3241 commisit.
1296 3183 1353 3238 in
1388 3188 1586 3240 nostro
1631 3188 1892 3257 tempore
1940 3202 2035 3242 ne-
2142 3182 2353 3237 demus
2382 3180 2634 3253 qualiter
2662 3185 2719 3237 et
2747 3182 2869 3255 ipse
2901 3198 3097 3237 coram
3129 3182 3245 3237 Deo
3276 3181 3471 3239 salvus
3507 3187 3563 3238 et
3585 3194 3739 3236 coram

380 3271 694 3326 cessariam
744 3270 1139 3326 defensionem
1190 3276 1247 3327 et
1293 3272 1622 3343 tuitionem,
1656 3279 1712 3329 et
1749 3274 2029 3331 honorem
2063 3257 2106 3323 C
2144 3270 2339 3327 seculo
2397 3271 2719 3327 honoratus
2775 3288 2901 3327 esse
2962 3270 3173 3337 valeat.
3217 3276 3276 3326 et
3313 3272 3551 3328 Θοοιεείει
3587 3276 3740 3327 ϐιοτε-

380 3364 555 3432 atque
585 3358 942 3415 soliditatem
971 3360 1204 3417 habeat.
2143 3377 2347 3432 gnum,
2373 3362 2528 3432 quod
2577 3360 2661 3415 illi
2712 3361 2783 3416 ad
2834 3359 3214 3415 salvationem
3268 3361 3631 3417 commissum
3656 3362 3739 3424 est,

451 3449 501 3504 4.
537 3447 846 3517 Quoniam,
898 3448 1051 3505 sicut
1099 3449 1239 3506 dicit
1295 3456 1498 3507 sancta
1557 3451 1877 3525 Scriptura,
1930 3454 2032 3525 qui
2144 3450 2398 3506 solidum
2429 3467 2557 3507 esse
2588 3450 2796 3522 possit,
2831 3454 2888 3505 et
2918 3449 3175 3522 populus
3225 3450 3328 3505 Dei
3377 3451 3564 3506 salvus
3591 3449 3671 3513 sit,
3701 3451 3742 3500 et

2137 863 2185 917 si
2219 863 2289 917 ad
2323 861 2431 917 hoc
2460 863 2659 918 reduci
2694 879 2809 918 non
2842 862 3113 935 potuerit,
3165 860 3530 917 unanimiter
3557 858 3751 914 studea-

2136 967 2290 1018 mus,
2338 956 2404 1006 ut
2450 951 2536 1007 vel
2585 952 2696 1007 sibi
2742 952 2851 1007 soli
2904 957 3135 1016 noceat;
3169 955 3225 1008 et
3256 955 3458 1007 contra
3492 949 3599 1004 hoc
3628 948 3749 1019 quod

2138 1039 2453 1097 salubriter
2494 1058 2837 1098 conservare
2887 1043 3190 1109 debemus,
3224 1058 3341 1096 non
3393 1039 3578 1111 possit
3620 1037 3752 1091 dam-

2137 1128 2410 1185 nabiliter
2485 1146 2673 1201 agere.
2735 1130 2804 1186 Et
2873 1147 3099 1197 omnes,
3156 1134 3280 1185 tam
3349 1126 3519 1185 nobis
3593 1126 3750 1189 amici,

2139 1235 2315 1290 quam
2376 1223 2433 1273 et
2497 1220 2797 1286 contrarii,
2862 1219 3257 1275 certissimum
3309 1221 3566 1282 teneant,
3639 1232 3754 1286 quo-

2139 1308 2298 1362 niam
2366 1308 2462 1380 qui
2532 1313 2735 1364 contra
2791 1309 3111 1382 quemlibet
3169 1312 3439 1363 nostrum
3507 1306 3750 1378 quiddam

2138 1396 2361 1453 adversi
2385 1397 2754 1455 machinatus
2786 1398 2869 1454 vel
2903 1398 3144 1454 molitus
3183 1397 3377 1463 fuerit,
3410 1396 3563 1469 apud
3607 1394 3751 1450 alium

2140 1485 2331 1541 locum
2365 1485 2779 1543 familiaritatis
2809 1492 2866 1543 et
2894 1486 3162 1544 amicitiae
3193 1504 3310 1543 non
3342 1485 3594 1541 habebit.

2208 1576 2261 1631 6.
2311 1575 2420 1631 Vos
2471 1575 2634 1631 scitis
2678 1575 2933 1647 qualiter
2981 1593 3162 1648 nepos
3208 1579 3409 1632 noster
3452 1572 3752 1630 Hlotharius

2139 1681 2244 1736 per
2272 1682 2440 1721 suam
2461 1665 2919 1735 juventutem,et
2945 1682 3048 1738 per
3074 1664 3290 1721 levium
3320 1663 3622 1720 hominum
3649 1678 3751 1717 con-

2141 1770 2380 1809 sensum
2409 1759 2466 1811 et
2494 1754 2957 1823 hortamentum,
2996 1759 3053 1811 et
3097 1754 3274 1811 etiam
3322 1770 3427 1827 per
3471 1768 3664 1809 eorum
3688 1750 3752 1805 fa-

2140 1860 2334 1899 vorem
2385 1844 2485 1916 qui
2533 1843 2702 1899 illum
2750 1843 2974 1901 salvare
3022 1843 3365 1910 debuerant,
3397 1842 3533 1899 fecit
3567 1846 3621 1898 et
3646 1839 3751 1896 facit

2141 1936 2345 1988 contra
2371 1931 2533 1988 illam
2564 1931 2959 2006 legem,quam
2993 1937 3144 1989 Deus
3193 1933 3384 2004 primo
3422 1931 3484 1987 in
3524 1928 3751 2004 paradiso

2141 2020 2348 2093 primis
2379 2020 2719 2077 hominibus
2749 2022 2929 2091 dedit,
2964 2026 3021 2077 et
3049 2038 3228 2095 quam
3260 2021 3322 2077 in
3347 2019 3637 2093 evangelio
3674 2033 3752 2091 per

2141 2111 2512 2183 praesentiam
2543 2111 2735 2167 carnis
2764 2128 2899 2167 cum
2930 2111 3269 2167 hominibus
3301 2110 3575 2166 habitans
3617 2125 3747 2163 reno-

2139 2200 2293 2255 vavit
2323 2204 2378 2255 et
2408 2201 2792 2269 confirmavit,
2827 2217 2954 2273 qua:
2997 2201 3071 2256 ad
3119 2217 3326 2256 omnes
3363 2199 3626 2255 homines
3648 2214 3746 2271 per-

2142 2288 2289 2345 tinet
2306 2290 2403 2361 qui
2423 2290 2747 2346 secundum
2765 2289 2947 2346 Deum
2960 2288 3219 2363 legitimo
3234 2294 3476 2345 utantur
3496 2287 3743 2359 conjugio.

2143 2378 2305 2435 Unde
2334 2384 2391 2435 et
2418 2379 2763 2436 universalis
2812 2378 3067 2436 Ecclesia
3116 2376 3219 2435 Dei
3270 2378 3561 2451 pulsatur,
3597 2382 3647 2433 et
3682 2392 3746 2430 se

2141 2468 2403 2524 cerdotes
2450 2474 2592 2524 sunt
2644 2468 3004 2536 dehonorati,
3037 2472 3095 2524 et
3142 2468 3397 2541 populus
3427 2466 3743 2523 Christianus

2141 2557 2295 2612 sicut
2324 2558 2394 2612 de
2426 2557 2563 2613 mali
2608 2557 2794 2613 morbi
2825 2556 3091 2630 contagio
3139 2562 3229 2613 est
3273 2555 3613 2612 maculatus.
3640 2555 3748 2610 Proo

2141 2650 2338 2719 pterea
2370 2647 2524 2718 quod
2563 2648 2711 2702 Deus
2742 2646 2885 2702 dixit
2917 2647 3160 2715 :Diliges
3184 2648 3499 2718 proximum
3518 2654 3655 2701 tuum
3669 2644 3744 2697 sic-

2141 2743 2202 2790 ut
2231 2737 2480 2807 teipsum,
2532 2740 2587 2790 et
2637 2736 2790 2791 sicut
2833 2736 3117 2808 scriptum
3148 2741 3238 2791 est
3270 2753 3284 2791 :
3319 2739 3433 2809 Ipse
3457 2753 3514 2791 os
3541 2743 3743 2791 nostrum

2140 2833 2192 2879 et
2220 2840 2343 2880 caro
2372 2832 2559 2879 nostra
2618 2832 2709 2890 est,
2767 2829 2824 2880 et
2882 2824 3127 2880 ecclesia
3184 2825 3359 2881 nobis
3415 2830 3470 2881 et
3515 2824 3591 2879 illi
3624 2838 3741 2878 com-

2142 2914 2327 2969 missa
2355 2918 2413 2969 et
2447 2929 2693 2985 regnum
2746 2931 2930 2969 unum
2978 2918 3086 2979 est,
3120 2918 3177 2969 et
3225 2914 3476 2986 populus
3519 2931 3581 2969 ac
3623 2911 3743 2967 chri-

2143 3003 2413 3059 stianitas
2444 3019 2562 3058 una
2584 3004 3332 3071 est,consideraveimus,ut
3363 3005 3434 3059 ad
3466 3002 3620 3058 illum
3640 3000 3743 3055 mis-

381 3552 624 3592 suorum
644 3540 699 3593 et
716 3537 968 3593 maxime
988 3539 1446 3596 domesticorum
1469 3557 1671 3596 curam
1696 3559 1812 3598 non
1835 3541 2032 3611 habet,

381 3625 558 3682 fidem
600 3625 848 3699 negavit,
881 3630 940 3681 et
988 3630 1077 3683 est
1125 3627 1344 3683 infideli
1396 3630 1666 3699 deterior,
1700 3632 2031 3688 considera-

379 3715 574 3772 vimus
604 3719 660 3770 et
688 3716 1164 3771 confirmavimus
1212 3717 1273 3772 in
1322 3718 1434 3773 fide
1482 3723 1683 3775 nostra
1729 3719 1881 3776 inter
1926 3738 2033 3777 nos

382 3804 454 3859 de
484 3804 764 3860 uxoribus
796 3814 846 3860 et
884 3802 1019 3860 filiis
1050 3806 1286 3874 nostris,
1322 3807 1423 3877 qui
1455 3807 1534 3863 ita
1566 3808 1816 3864 fideliter
1863 3810 2032 3867 nobis

378 3892 607 3949 subditi
634 3897 692 3949 et
722 3893 1058 3951 obedientes
1090 3894 1305 3950 fuerint
1335 3894 1487 3951 sicut
1520 3896 1625 3952 filii
1664 3899 1931 3970 patribus
1978 3905 2034 3957 et

380 3981 506 4037 suis
522 3981 852 4038 senioribus
872 3998 999 4038 esse
1021 3982 1743 4058 debent,utunusquisque
1764 3993 2030 4046 nostrum

380 4070 622 4127 alterius
654 4070 803 4128 filios
835 4070 987 4127 sicut
1025 4072 1290 4144 proprios
1322 4072 1381 4128 in
1409 4090 1544 4130 vera
1589 4074 1897 4134 dilectione
1926 4078 2028 4135 ha-

378 4160 542 4230 beat;
571 4164 628 4217 et
656 4160 756 4234 qui
789 4164 1088 4233 superstes
1118 4161 1189 4217 de
1214 4162 1382 4219 nobis
1426 4162 1593 4221 alteri
1642 4165 1837 4236 fuerit,
1869 4167 2028 4224 illius

379 4251 479 4323 qui
506 4250 822 4308 decesserit
851 4250 1016 4307 uxori
1042 4254 1098 4307 et
1128 4250 1286 4321 filiis,
1340 4252 1493 4308 sicut
1539 4252 1692 4310 inter
1737 4272 1845 4312 nos
1890 4274 2029 4313 con-

374 4340 533 4397 venit
561 4340 824 4397 debitum
855 4344 912 4397 et
960 4340 1355 4398 necessarium
1388 4342 1748 4414 adjutorium
1794 4351 2027 4418 praestet

376 4433 434 4486 et
462 4430 638 4488 fidem
668 4433 990 4487 conservet.

446 4520 501 4575 5.
541 4518 1053 4576 Consideravimus
1100 4524 1159 4577 et
1208 4520 1525 4579 statuimus
1573 4527 1637 4578 ut
1682 4540 2028 4582 communes

376 4608 579 4666 fideles
608 4608 817 4676 nostri,
843 4626 1094 4681 quorum
1127 4609 1372 4666 consilio
1420 4616 1477 4667 et
1516 4612 1730 4669 auxilio
1761 4619 2025 4671 sanctam
2058 4632 2104 4696 Ι)

374 4699 476 4755 Dei
504 4698 821 4755 Ecclesium
853 4702 907 4755 et
938 4714 1184 4770 regnum
1218 4698 1386 4754 nobis
1417 4699 1799 4756 commissum
1824 4702 2031 4773 guber-

375 4803 514 4843 nare
544 4787 848 4855 debemus,
884 4787 1149 4843 debitum
1181 4786 1463 4844 honorem
1512 4792 1568 4849 et
1600 4788 2027 4846 salvamentum

2143 3538 2330 3611 legem
2364 3557 2429 3595 ac
2454 3539 2748 3612 justitiam
2780 3544 2837 3595 et
2870 3556 3072 3612 pacem
3096 3556 3162 3595 ac
3184 3539 3645 3611 tranquillitatem
3671 3534 3742 3589 hn-

2143 3629 2296 3686 beat.

2211 3718 2419 3785 7.Quia
2447 3718 2621 3774 etiam
2654 3717 2777 3791 ipse
2805 3734 2944 3774 suos
2976 3717 3190 3774 missos
3220 3719 3294 3774 ad
3328 3736 3436 3774 nos
3467 3711 3738 3773 transmisit

2142 3807 2307 3880 quasi
2340 3807 2652 3864 consilium
2684 3824 2969 3880 quaerens,
3006 3824 3108 3880 per
3137 3812 3371 3864 nostros
3400 3809 3598 3863 missos
3621 3802 3740 3861 etde

2142 3896 2235 3952 his
2266 3897 2420 3951 unde
2454 3896 2622 3952 nobis
2653 3896 2971 3963 mandavit,
2996 3901 3285 3968 quantum
3310 3897 3479 3953 nobis
3509 3892 3739 3952 Dominus

2141 3984 2377 4051 dedit,ci
2404 4002 2603 4040 verum
2622 3989 2677 4040 et
2695 3985 2987 4041 sincerum
3020 3984 3335 4041 concilium
3361 3985 3739 4045 remandamus,

2139 4078 2195 4129 et
2224 4073 2400 4129 talem
2421 4073 2778 4131 voluntatem
2810 4079 3068 4129 nostram
3117 4091 3246 4130 esse
3298 4092 3439 4147 erga
3483 4090 3604 4130 eum
3652 4067 3737 4123 sic-

2139 4169 2204 4220 ut
2232 4163 2397 4220 vobis
2427 4163 2701 4234 dicimus,
2742 4162 2825 4218 illi
2879 4180 2983 4237 pcr
3029 4164 3265 4220 eosdem
3317 4165 3525 4221 missos
3554 4165 3736 4218 nostros

2138 4253 2509 4311 mandamus.

2485 4360 2687 4400 KAROLI
2728 4360 3004 4399 CAPITULA
3041 4359 3233 4399 MISSIS
3276 4361 3440 4401 DATA.

2698 4432 2859 4504 (Ann.
2891 4433 3016 4488 865.
3048 4433 3227 4505 Febr.)

2207 4522 2503 4594 Excipiunt
2550 4531 2767 4594 paetum
2814 4524 3065 4647 sulperius
3115 4524 3175 4577 in
3203 4523 3386 4579 codice
3418 4515 3733 4579 Laudumnsi,

2207 4595 2280 4647 ede
2308 4612 2371 4647 ea
2399 4594 2721 4647 Sirmondus
2752 4595 2858 4647 sub
2888 4596 2963 4647 ἰοί
2990 4595 3134 4647 favis
3164 4596 3309 4647 fecit.
3321 4595 3576 4647 Baluzius
3589 4608 3642 4647 ea
3665 4600 3733 4647 ονε

2137 4595 2280 4650 unde
2308 4612 2371 4649 ea
2399 4594 2721 4649 Sirmondus
2747 4594 2963 4666 publici
2981 4595 3134 4666 juvis
3161 4596 3309 4664 fecit.
3321 4595 3576 4651 Balusius
3588 4608 3642 4666 ea
3665 4600 3735 4666 opt

2135 4666 2381 4741 codicum
2407 4683 2439 4721 a
2470 4667 2633 4741 nobis
2656 4660 2823 4721 etiam
2852 4660 3222 4741 adhioiwruiu
3252 4666 3466 4741 4)ῥίρἰ
3488 4660 3735 4741 νεῃέξινζιξο

2136 4739 2380 4793 νίδίεηδιέ
2409 4755 2468 4791 n.
2503 4738 2643 4792 4626
2676 4753 2804 4793 saec.
2855 4753 2911 4804 κ,
2961 4738 3095 4792 olim
3144 4728 3445 4806 Bigotiani,
3476 4746 3527 4792 et
3544 4728 3606 4807 ’5)
3633 4728 3733 4786 bibl.

2132 4808 2372 4880 ejusdem
2401 4826 2458 4864 η.
2493 4809 2651 4877 4761,
2685 4809 2817 4864 olim
2852 4809 3224 4876 Divionensis,
3255 4808 3570 4865 emendavit.

2130 4915 2259 4970 Hzcc
2287 4928 2412 4984 quae
2440 4922 2741 4984 sequuntur
2775 4912 3019 4984 capitula
3044 4915 3197 4970 misit
3224 4914 3454 4971 domnus
3482 4930 3574 4971 re):
3598 4911 3734 4984 Karo:

2204 4977 2380 5058 lus-iri
2421 4977 3149 5058 Buigundiamjxquenda
3195 5003 3297 5058 per
3343 4977 3734 5058 Gauslenutiif’f‘

2202 5066 2253 5113 et
2281 5048 2570 5113 Fuleoneni
2598 5065 2651 5112 et
2672 5072 2771 5128 per
2802 5048 3128 5112 Waltbrium
3158 5048 3211 5114 ei
3237 5058 3573 5114 Lantwinnm
3598 5048 3735 5122 “’34!

2206 5130 2446 5197 Tusiaeo,
2478 5145 2623 5184 anno
2653 5130 3053 5185 incarnationis
3080 5129 3387 5187 Dominij
3416 5131 3521 5186 ³³³⁸.

2204 5237 2266 5292 In
2297 5235 2534 5291 nomine
2566 5238 2779 5291 sancta:
2801 5238 2856 5289 et
2876 5234 3191 5291 individuis
3222 5225 3725 5292 trinitatis.Karo|US

2129 5325 2323 5399 gratia
2378 5324 2479 5380 Dei
2539 5342 2658 5396 rex,
2726 5322 3001 5379 omnibus
3075 5324 3390 5399 episcopis,
3451 5318 3723 5380 abbatibus,

1719 5464 1959 5522 νΑῐὶΙίΕ
1999 5467 2304 5526 LECTION
2311 5467 2417 5524 ES.

376 4874 648 4930 habeant.
704 4876 772 4931 Et
820 4876 934 4947 ipsi
978 4876 1050 4931 ad
1098 4876 1197 4932 Dei
1246 4876 1635 4944 voluntatum,
1706 4881 1763 4932 et
1814 4881 1879 4932 ut
1928 4895 2023 4934 no.

375 4968 565 5018 strum
597 4963 858 5018 debitum
887 4964 1168 5020 honorem
1201 4968 1259 5021 et
1287 4965 1542 5038 vigorem
1591 4969 1649 5020 et
1699 4964 2024 5023 salvamen-

372 5056 525 5117 tum,
569 5055 626 5105 ct
672 5052 744 5105 ad
805 5057 1017 5107 sanctae
1073 5052 1172 5109 Dei
1228 5054 1498 5110 Ecclestce
1556 5058 1797 5125 statum,
1845 5060 1902 5112 et
1951 5058 2023 5113 ad

375 5138 539 5211 regni
562 5137 916 5195 soliditatem
951 5146 1007 5195 et
1038 5142 1454 5212 defensionem,
1491 5143 1743 5216 qualiter
1771 5146 2024 5217 populus

373 5229 433 5283 in
467 5242 646 5299 regno
679 5231 876 5282 nostro
935 5228 1123 5300 legem
1175 5235 1229 5285 et
1269 5231 1563 5301 justitiam
1613 5238 1670 5288 et
1720 5250 1925 5306 pacem
1958 5251 2024 5291 ac

371 5315 858 5390 tranquillitatem
891 5316 1199 5383 habeat,de
1221 5320 1390 5375 corde
1409 5325 1639 5392 puro,ct
1668 5324 2025 5381 conscientia

438 5594 529 5630 ⁸⁸³⁸
557 5591 901 5669 ξίζιηοηάαξ,
931 5592 1277 5669 Gauglinum
1298 5611 1327 5669 ς
1359 5604 1416 5651 at
1442 5604 1634 5652 manu!
1663 5601 1841 5669 posuit
1868 5602 2259 5660 Gaussenium
2291 5602 2425 5659 ΒΑι..

2520 5601 2608 5638 ¹²³⁷
2638 5599 2981 5673 Sirmondus,
3038 5599 3391 5658 Lantvinum
3444 5616 3456 5657 :
3505 5604 3559 5654 at
3598 5601 3720 5649 ma"

367 5667 605 5724 correxit
632 5664 1022 5722 Lantuvinum
1054 5665 1188 5724 BAL.
1266 5668 1353 5703 “33
1384 5669 1502 5724 haec
1530 5684 1635 5724 non
1663 5664 1864 5728 habent
1895 5674 1947 5729 li.
1980 5674 2033 5729 5.
