3828 6204
58 331 167 393 72!

1089 337 1574 404 FRANCORUM
1623 339 1664 399 ll
1680 338 1888 401 EGUM
1937 338 2479 404 CAPITULARIA.

3354 355 3485 416 ’722

60 465 410 537 abbatissis,
435 469 772 541 comitibus,
796 475 855 528 et
885 470 1072 529 vassis
1106 471 1341 540 nostris,
1367 490 1468 529 seu
1502 471 1726 528 cunctis
1755 472 1812 540 Α
1843 474 2012 532 nobis
2063 475 2421 549 adportetur.
2455 478 2570 553 Ipsi
2620 485 2817 538 autem
2875 481 3140 543 inﬁdeles
3198 488 3381 546 nostri
3425 488 3489 548 in

65 558 157 615 Dei
183 563 244 615 et
273 559 508 617 nostris
555 560 831 619 ﬁdelibus
861 561 922 617 in
954 578 1131 637 regno
1163 562 1514 636 Burgundia:
1542 561 1735 619 consi-

68 650 387 715 stentibus,
426 651 700 707 salutem.
734 651 1021 708 Volumus
1060 656 1116 708 et
1161 669 1432 725 expresse
1477 651 1735 725 praecipi-

69 755 197 793 mus
229 743 298 793 ut
332 739 396 793 in
434 738 524 794 liis
556 756 684 811 quae
717 740 1036 811 subjuncta
1058 741 1146 774 ¹²³⁹
1190 743 1328 796 sunt
1358 739 1732 812 exequendis,

67 831 119 882 et
145 826 202 883 in
226 826 368 884 aliis
397 845 527 900 qua:
549 829 619 884 ad
647 829 748 884 Dei
772 828 1132 885 voluntatem
1155 834 1212 885 et
1233 833 1447 885 sancta:
1468 828 1733 884 Ecclesia:

66 920 505 989 statum,atque
528 917 598 973 ad
625 922 887 974 nostram
920 918 1257 973 ﬁdelitatem
1282 922 1340 973 et
1364 918 1435 973 ad
1466 922 1732 974 nostrum

66 1006 377 1068 honorem.
407 1023 475 1062 ac
505 1008 577 1062 ad
610 1006 773 1080 regni
805 1006 1183 1077 soliditatem,
1216 1024 1441 1064 necnon
1472 1008 1543 1063 ad
1573 1024 1732 1063 com-

68 1112 243 1151 mune
277 1095 551 1151 ﬁdelium
592 1100 928 1152 nostrorum
961 1095 1387 1152 salvamentum
1420 1095 1731 1169 pertinent,

68 1184 488 1257 unusquisque
540 1186 866 1241 secundum
926 1187 1081 1259 quod
1141 1203 1247 1242 suo
1305 1185 1495 1241 ordini
1528 1189 1584 1240 et
1613 1204 1732 1243 sua:

68 1290 331 1345 persons:
357 1275 664 1348 competit,
686 1274 817 1330 istis
844 1275 1043 1332 missis
1071 1276 1288 1332 nostris
1312 1274 1647 1332 obedientes
1676 1279 1735 1331 et

68 1363 377 1434 adjutores
412 1365 469 1420 in
497 1364 773 1421 omnibus
803 1366 1088 1422 existatis.

141 1456 189 1509 1.
226 1453 303 1510 Ut
334 1454 493 1510 sicut
522 1454 708 1510 nostri
740 1453 1006 1511 inﬁdeles
1036 1458 1093 1511 et
1122 1471 1467 1510 communes
1502 1458 1730 1510 contra-

71 1543 137 1599 rii
170 1544 363 1599 nostri
398 1560 460 1601 se
508 1543 757 1600 invicem
808 1546 1301 1601 conﬁrmaverunt
1348 1545 1420 1599 ad
1473 1549 1732 1600 nostram

72 1632 570 1704 contrarietatem,
597 1637 662 1689 ut.
702 1632 901 1689 nullus
946 1634 1018 1688 de
1049 1633 1141 1689 his
1173 1651 1299 1706 quae
1332 1634 1733 1690 considerave-

74 1723 188 1777 rint
217 1740 421 1790 suum,
436 1739 633 1794 parem
661 1722 1051 1794 disc00periat
1073 1723 1155 1778 vel
1190 1723 1416 1795 prodat,
1442 1739 1629 1795 neque
1660 1725 1732 1779 ad

1843 569 2043 621 nostro
2075 582 2251 639 regno
2282 566 2476 624 locum
2508 568 2721 627 habere
2766 588 2882 628 non
2936 574 3366 645 permittuntur.
3401 578 3491 638 Si-

1845 655 2063 711 militer
2094 657 2243 712 etde
2269 660 2880 718 commendationibus
2902 664 3298 735 quarumlibet
3319 668 3497 726 facul-

1844 748 2032 800 tatum
2090 745 2177 801 vel
2240 748 2620 818 pecuniarum
2675 751 2894 817 ﬁat;et
2922 752 2971 809 si
3009 753 3079 809 ad
3142 771 3338 812 casam
3396 758 3497 815 Dei

1844 832 2068 905 aliquid
2098 837 2577 892 commendatum
2625 837 2861 907 habent,
2893 840 3022 913 ipse
3070 841 3379 917 episcopus
3407 847 3497 902 vel

1844 926 2036 978 rector
2077 922 2333 981 ecclesia:
2392 925 2492 982 ubi
2552 930 2972 985 commendata:
3026 936 3183 999 sunt,
3219 937 3321 989 aut
3380 934 3501 1007 illis.

1844 1012 2269 1083 praesentaliter
2314 1013 2373 1068 in
2415 1016 2726 1086 praesentia
2784 1018 3099 1076 missorum
3157 1025 3494 1079 nostrorum

1844 1101 2092 1156 reddant
2121 1101 2220 1173 qui
2253 1118 2351 1159 eas
2384 1105 2961 1173 commendaverunt,
2990 1112 3093 1164 aut
3122 1126 3316 1165 coram
3351 1111 3493 1168 mis-

1843 1188 1926 1243 sis
1959 1190 2175 1246 nostris
2206 1190 2557 1264 sigillentur,
2581 1199 2637 1249 et
2680 1195 2790 1250 sub
2838 1196 3031 1268 sigillo
3062 1199 3493 1270 custodiantur,

1842 1279 2025 1334 donec
2056 1279 2168 1352 ipsi
2198 1281 2433 1337 veniant
2464 1282 2564 1354 qui
2586 1300 2684 1339 eas
2711 1287 3286 1356 commendaverunt,
3318 1293 3375 1346 et.
3403 1306 3494 1346 co-

1844 1385 1969 1423 ram
2004 1368 2204 1425 missis
2233 1370 2449 1426 nostris
2494 1370 2626 1428 illas
2656 1374 2961 1445 recipiant,
2993 1380 3050 1431 et
3091 1377 3332 1449 perinde
3369 1378 3491 1434 dis-

1844 1456 2199 1530 tringantur,
2224 1462 2287 1514 ut
2321 1460 2391 1514 ad
2415 1460 2755 1517 ﬁdelitatem
2806 1468 3067 1520 nostram
3098 1471 3156 1521 et
3184 1468 3255 1522 ad
3289 1483 3489 1540 pacem

1842 1545 2098 1601 ecclesia:
2131 1564 2198 1604 ac
2229 1548 2391 1621 regni
2420 1554 2801 1607 revertantur.

1913 1637 1967 1690 6.
2004 1636 2075 1692 Ut
2107 1637 2177 1692 de
2210 1636 2446 1706 injustis
2472 1640 3036 1697 commutationibus
3066 1659 3193 1715 qum
3224 1645 3296 1700 ad
3326 1661 3495 1702 casas

1844 1723 1944 1779 Dei
1980 1725 2142 1781 factae
2173 1730 2313 1781 sunt
2343 1727 2469 1782 sine
2508 1727 2668 1800 regia
2703 1730 3066 1797 auctoritate,
3102 1732 3269 1789 missi
3311 1733 3494 1790 nostri

56 1812 170 1868 .illa
191 1830 325 1886 qua:
380 1811 700 1884 adimplere
726 1811 1226 1875 voluntdimittat,
1252 1813 1333 1869 ita
1380 1813 1579 1869 ﬁdeles
1629 1831 1731 1869 no-
1766 1848 1813 1913 B
1847 1813 2169 1886 inquirant,
2193 1819 2249 1871 et
2277 1832 2377 1871 eas
2416 1817 2498 1850 ¹²⁴¹
2532 1816 2876 1886 dissolvunt,
2912 1818 3063 1875 sicut
3109 1821 3167 1876 in
3217 1822 3494 1894 capitula-

77 1901 177 1957 stri
208 1920 273 1958 se
306 1903 663 1958 conﬁrment
709 1902 781 1957 ad
830 1901 931 1961 Dei
960 1901 1317 1957 voluntatem
1365 1907 1421 1957 et
1469 1906 1730 1958 nostram

81 1990 443 2057 ﬁdelitatem,
464 1996 523 2046 et
550 1992 625 2047 ad
668 1990 947 2046 honorem
981 1995 1039 2046 et
1070 1995 1284 2047 sancta:
1317 1990 1584 2048 Ecclesia:
1615 1996 1733 2047 sta-

80 2082 220 2147 tum,
246 2084 306 2136 et
338 2080 501 2153 regni
535 2078 866 2147 utilitatem,
892 2083 948 2135 et
974 2079 1209 2135 illorum
1233 2097 1543 2136 commune
1565 2081 1733 2152 adju-

82 2167 291 2224 torinm
324 2174 384 2225 et
412 2167 861 2225 salvamentum.
885 2168 954 2223 Et
984 2168 1186 2224 nullus
1216 2168 1477 2225 ﬁdelium
1509 2175 1736 2225 nostro-

84 2273 206 2312 rum
229 2257 586 2331 cuicumque
607 2257 829 2313 inﬁdeli
860 2261 1059 2317 nostro
1081 2274 1455 2330 quocumque
1477 2259 1649 2314 modo
1672 2276 1733 2315 se

84 2346 419 2420 coniungat,
453 2350 555 2403 aut
581 2346 641 2401 in
676 2345 874 2419 aliquo
922 2346 1127 2414 faveat,
1151 2347 1239 2403 vel
1270 2348 1327 2402 in
1361 2363 1734 2420 quacumque

86 2451 257 2492 causa
275 2436 339 2492 in
356 2453 473 2509 qua
498 2436 665 2491 illum
686 2435 971 2507 impedire
992 2436 1248 2508 potuerit
1270 2435 1348 2491 illi
1375 2442 1594 2509 parcat,
1618 2437 1733 2492 nisi

88 2523 278 2579 statim
312 2524 384 2579 ad
420 2523 762 2580 ﬁdelitatem
794 2527 1059 2579 noslram
1091 2540 1152 2579 se
1178 2527 1510 2579 convertere
1539 2524 1733 2581 volue-

90 2611 177 2665 rit.
200 2613 271 2668 Et
303 2612 351 2669 si
379 2630 481 2685 pro
517 2617 676 2668 certe
715 2629 1064 2686 cognoscere
1113 2614 1503 2685 potuerit,qui
1535 2618 1735 2669 contra

90 2698 241 2756 istud
275 2700 599 2775 capitulum
640 2700 862 2769 fecerit,
896 2718 1010 2757 non
1049 2702 1217 2758 nobis
1249 2702 1414 2759 celet.
1450 2704 1515 2757 Et
1543 2703 1593 2758 si
1624 2703 1732 2757 ali-

94 2789 218 2861 quis
248 2791 517 2861 audierit,
541 2792 697 2864 quod
750 2790 874 2864 pari
909 2808 1017 2846 suo
1046 2791 1201 2848 ﬁdeli
1236 2796 1432 2847 nostro
1481 2792 1734 2849 necessi-

94 2881 177 2934 tas
205 2880 457 2937 evenerit
484 2885 588 2936 aut
617 2879 846 2936 evenire
876 2880 1085 2935 debeat
1113 2881 1185 2936 ad
1220 2880 1614 2936 resistendum
1646 2881 1733 2935 in-

96 2966 241 3024 ﬁdeli
272 2973 488 3035 nostro,
514 2987 628 3026 non
653 2972 912 3041 expectet
934 2973 999 3024 ut
1026 2968 1110 3025 illi
1142 2970 1251 3025 hoc
1276 2971 1606 3038 mandetur,
1631 2972 1732 3025 sed

98 3057 291 3114 statim
323 3059 397 3114 sit
429 3062 809 3130 praeparatus,
852 3058 1007 3113 sicut
1055 3058 1157 3113 Dei
1207 3057 1395 3114 ﬁdelis
1425 3063 1483 3115 et
1514 3063 1732 3125 noster,

97 3146 161 3201 ad
189 3164 363 3204 suum
396 3164 593 3221 parem
643 3146 701 3202 in
749 3150 951 3202 nostra
982 3145 1260 3202 ﬁdelitate
1309 3148 1731 3219 adjuvandum,

95 3238 145 3289 et
171 3241 449 3307 quantum
483 3235 739 3309 potuerit
770 3252 1010 3309 pergere
1040 3237 1294 3293 festinet.

157 3329 208 3379 2.
240 3326 314 3383 Ut
342 3343 545 3382 omnes
592 3327 695 3398 qui
745 3325 1089 3381 ﬁdelitatem
1144 3326 1316 3381 nobis
1365 3326 1556 3382 adhuc
1604 3344 1736 3399 pro-

103 3414 332 3472 missam
363 3433 475 3472 non
519 3414 758 3481 habent,
784 3413 1125 3470 ﬁdelitatem
1158 3415 1326 3471 nobis
1357 3416 1736 3488 promittant;

106 3501 246 3559 sicut
276 3505 330 3559 in
359 3504 632 3578 capitulis
663 3503 752 3558 avi
784 3507 841 3559 et
872 3503 1054 3575 patris
1086 3504 1269 3560 nostri
1302 3504 1651 3560 continetur.

168 3592 217 3649 3.
252 3593 321 3649 Ut
349 3594 445 3665 qui
478 3592 817 3649 ﬁdelitatem
858 3592 1030 3649 nobis
1070 3593 1486 3665 promiserunt,
1519 3598 1576 3648 et
1606 3598 1739 3666 post

105 3677 234 3738 illud
265 3687 694 3740 sacramentum
726 3698 793 3737 ac
823 3680 1088 3738 inﬁdeles
1114 3685 1347 3738 nostros
1378 3683 1437 3736 in
1470 3687 1735 3738 nostrum

107 3769 369 3828 damnum
401 3789 463 3828 se
506 3771 955 3841 conjunxerunt,
1001 3772 1325 3843 proprietas
1379 3770 1615 3827 illorum
1676 3772 1735 3827 in

110 3865 354 3916 nostrum
383 3860 873 3916 indominicatum
918 3860 1253 3931 recipiatur,
1275 3862 1458 3916 donec
1490 3861 1600 3934 ipsi
1636 3877 1737 3934 per

114 3946 465 4020 ﬁdejussores
494 3950 555 4004 in
587 3953 849 4004 nostram
879 3949 1246 4021 praesentiam
1277 3950 1531 4005 veniant.

168 4039 214 4094 4.
247 4039 315 4095 Ut
344 4038 542 4095 nullus
573 4038 898 4094 inﬁdelium
924 4040 1011 4073 ¹²⁸⁰
1042 4042 1397 4111 nostrorum,
1433 4040 1533 4111 qui
1566 4039 1732 4095 liberi

108 4121 352 4184 homines
420 4131 587 4195 sunt,
646 4127 706 4182 in
766 4130 964 4183 nostro
1038 4143 1217 4199 regno
1289 4127 1588 4183 immorari
1647 4128 1734 4184 vel

110 4217 497 4289 proprietatem
542 4216 755 4273 habere
804 4215 1193 4288 permittatur,
1231 4216 1343 4271 nisi
1396 4215 1732 4274 ﬁdelitatem

112 4304 261 4362 nobis
290 4305 639 4378 promiserit,
673 4309 730 4361 et
760 4309 960 4361 noster
989 4309 1093 4361 aut
1123 4305 1305 4361 nostri
1341 4305 1529 4362 ﬁdelis
1560 4305 1735 4364 homo

111 4390 373 4450 deveniat.

171 4483 219 4538 5.
252 4483 318 4539 Ut
362 4482 472 4538 illa:
522 4482 867 4538 traditiones
901 4482 1131 4553 injuste:
1162 4486 1219 4539 et
1250 4499 1283 4538 a
1314 4482 1530 4539 nostris
1580 4488 1738 4539 ante-

1762 3219 1805 3285 C

1845 1902 2008 1958 ribus
2039 1903 2128 1959 avi
2160 1907 2218 1959 et
2246 1904 2428 1976 patris
2459 1905 2643 1961 nostri
2673 1907 3023 1963 continetur.
3050 1909 3118 1963 Et
3166 1910 3215 1964 si
3264 1915 3494 1966 mortua

1844 2008 2056 2047 manus
2084 1992 2172 2047 vel
2201 1996 2554 2065 prmceptum
2589 1993 2813 2065 regium
2846 2012 3024 2067 super
3044 2012 3142 2052 eas
3168 1997 3488 2069 interjacet,

1844 2080 2253 2136 describantur
2267 2080 2576 2154 diligenter
2589 2087 2766 2154 atque
2790 2082 3038 2139 ﬁdeliter
3053 2086 3306 2158 qualiter
3329 2088 3488 2143 facta:

1843 2172 2002 2237 sunt,
2038 2172 2094 2224 et
2125 2170 2293 2224 nobis
2326 2170 2489 2225 missi
2531 2171 2714 2227 nostri
2757 2173 3123 2242 renuntient;
3155 2179 3213 2230 et
3241 2174 3491 2248 signatis

1841 2255 1989 2329 ipsis
2018 2257 2340 2329 praeceptis,
2372 2259 2524 2314 sicut
2563 2259 2654 2315 lex
2686 2261 2948 2317 Romana
2981 2264 3257 2336 praecipit,
3282 2266 3354 2321 ad
3388 2281 3489 2320 no-

1843 2350 2023 2403 stram
2058 2347 2427 2419 prwsentiam
2467 2347 2679 2403 deferri
2716 2349 2949 2418 faciant,
2979 2351 3134 2407 sicut
3174 2351 3232 2407 in
3264 2353 3490 2425 capitu-

1842 2435 2065 2491 laribus
2096 2436 2534 2508 progenitorum
2566 2441 2897 2494 nostrorum
2932 2439 3283 2496 continetur.

1912 2528 1968 2579 7.
2002 2524 2168 2597 Quia,
2201 2529 2266 2581 ut
2314 2526 2728 2598 comperimus,
2754 2526 2951 2599 plures
2982 2529 3151 2584 nobis
3200 2530 3494 2602 petierunt

1844 2613 2065 2681 alodes,
2098 2618 2154 2670 et
2183 2618 2443 2686 petentes
2492 2632 2721 2688 parum,
2758 2616 2890 2688 plus
2938 2618 3075 2674 inde
3121 2625 3490 2692 acceperunt,

1819 2702 2114 2759 .volumus
2144 2708 2210 2759 ut
2234 2704 2398 2759 missi
2424 2705 2608 2760 nostri
2643 2705 2750 2760 hoc
2771 2705 3082 2779 diligenter
3107 2707 3411 2781 inquirant
3437 2713 3496 2765 et

1842 2792 2200 2859 describant,
2225 2797 2282 2848 et
2312 2793 2471 2865 ipsos
2500 2793 2770 2849 homines
2796 2811 2930 2849 cum
2961 2797 3264 2869 prmceptis
3294 2798 3365 2853 ad
3398 2814 3494 2854 no-

1843 2884 2027 2936 stram
2059 2881 2428 2952 praesentiam
2460 2881 2656 2937 venire
2685 2881 2919 2938 faciant.

1914 2973 1967 3024 8.
2001 2969 2075 3026 Ut
2106 2970 2273 3025 missi
2309 2970 2490 3026 nostri
2530 2971 2599 3025 de
2647 2970 2923 3027 omnibus
2970 2973 3246 3030 censibus
3275 2975 3360 3031 vel
3388 2993 3490 3049 pa-

1844 3059 2137 3115 raveredis
2168 3076 2316 3131 quos
2344 3059 2548 3115 Franci
2581 3059 2848 3115 homines
2879 3061 2951 3115 ad
2986 3061 3203 3133 regiam
3236 3066 3491 3135 potesta-

1844 3151 1962 3203 tem
1993 3147 2284 3203 exsolvere
2313 3148 2545 3218 debent,
2577 3147 2899 3219 inquirant,
2931 3152 2990 3205 et
3027 3150 3127 3205 ubi
3158 3167 3263 3224 per
3292 3151 3491 3224 negle-

1844 3242 2005 3292 etum
2057 3236 2371 3293 dimissum
2419 3240 2528 3301 est,
2550 3235 2766 3292 exsolvi
2814 3237 3051 3305 faciant,
3074 3243 3132 3295 et
3182 3240 3494 3314 diligenter

1845 3326 1917 3380 de
1947 3324 2198 3397 singulis
2226 3325 2601 3381 comitatibus
2630 3329 2842 3381 cuncta
2871 3327 3222 3395 describant,
3246 3334 3304 3386 et
3324 3330 3495 3386 nobis

1847 3414 2206 3470 renuntient.
2240 3413 2522 3470 Similiter
2551 3418 2607 3469 et
2635 3414 2706 3469 de
2734 3415 2909 3470 terris
2932 3416 3020 3450 ¹²⁴²
3048 3416 3403 3486 censalibus,
3436 3422 3496 3474 et

1846 3503 1919 3557 de
1951 3503 2128 3558 rebus
2158 3503 2229 3558 ad
2257 3519 2426 3557 casas
2456 3502 2555 3557 Dei
2582 3502 2833 3570 traditis,
2856 3504 3011 3558 unde
3031 3521 3244 3561 census
3263 3506 3336 3561 ad
3368 3523 3496 3579 par-

1847 3596 1966 3646 tem
2000 3591 2154 3662 regis
2184 3590 2358 3646 exivit
2401 3590 2747 3663 antiquitus.
2782 3592 2851 3647 Et
2880 3591 2930 3648 si
2977 3592 3190 3667 aliquis
3237 3593 3495 3667 aliquam

1845 3680 2257 3735 auctoritatem
2297 3679 2517 3751 regiam
2568 3680 2704 3735 inde
2751 3680 3092 3748 ostenderit,
3114 3682 3185 3737 ad
3233 3687 3495 3741 nostram

1844 3768 2215 3841 praesentiam
2247 3768 2436 3839 ipsam
2464 3768 2870 3825 auctoritatem
2902 3767 3111 3825 deferri
3142 3770 3377 3827 faciant.

1914 3858 1968 3911 9.
2002 3859 2234 3925 (Ausus.
2262 3875 2333 3922 ιν,
2356 3874 2406 3911 c.
2441 3859 2554 3926 48.)
2588 3860 2656 3915 Ut
2696 3857 2856 3914 missi
2894 3857 3077 3914 nostri
3124 3860 3196 3915 de
3244 3860 3388 3917 locis
3421 3863 3492 3917 ad

1844 3946 2101 4002 claustra
2123 3946 2534 4002 canonicorum
2557 3944 2643 4001 vel
2676 3946 3119 4014 monachorum,
3137 3948 3237 4003 ubi
3261 3965 3496 4006 necesse

1844 4036 2040 4101 fuerit,
2066 4039 2268 4091 nostra
2285 4035 2629 4092 auctoritate
2649 4040 3063 4108 exsequantur,
3089 4036 3239 4093 sicut
3260 4038 3320 4094 in
3342 4039 3494 4111 capi-

1843 4124 2137 4180 tularibus
2169 4124 2259 4181 avi
2291 4128 2349 4180 et
2379 4125 2562 4197 patris
2592 4124 2777 4180 nostri
2807 4125 3155 4181 continetur.

1917 4216 2002 4268 10.
2029 4213 2179 4284 (Cap.
2206 4214 2317 4284 49.)
2342 4213 2413 4268 Ut
2434 4214 2504 4268 de
2539 4213 2708 4269 nonis
2738 4216 2794 4268 et
2823 4214 3068 4269 decimis
3098 4214 3169 4268 ad
3196 4231 3362 4270 casas
3396 4215 3493 4270 Dei

1844 4302 2157 4359 reddendis
2190 4301 2355 4358 missi
2397 4300 2582 4358 nostri
2632 4306 3046 4374 exsequantur,
3081 4302 3234 4357 sicut
3262 4302 3320 4356 in
3349 4318 3492 4374 prae-

1844 4392 1980 4448 fatis
2010 4389 2435 4463 capitularibus
2466 4388 2818 4445 continetur.

1916 4482 2003 4536 11.
2039 4480 2176 4553 (cap.
2212 4481 2327 4547 85.)
2353 4478 2423 4533 Ut
2444 4479 2515 4533 de
2546 4494 2661 4533 uno
2693 4494 2899 4533 manso
2930 4478 3001 4533 ad
3031 4477 3335 4533 ecclesiam
3360 4477 3495 4534 dato

114 4571 420 4627 cessoribus
444 4575 622 4643 atque
652 4589 687 4626 a
716 4569 885 4627 nobis
912 4570 1237 4643 prohibitus,
1264 4589 1390 4643 qua:
1417 4573 1576 4628 facta:
1598 4577 1739 4628 sunt
1768 4588 1813 4652 Ι)
1846 4569 2043 4625 nullus
2074 4585 2283 4624 census
2336 4583 2521 4638 neque
2568 4565 2776 4621 caballi
2818 4570 3021 4639 pastus
3078 4585 3113 4619 a
3167 4565 3497 4624 senioribus

116 4662 201 4713 aut
238 4650 581 4716 mulieribus
628 4664 729 4715 aut
776 4659 1066 4715 matribus
1119 4663 1221 4715 aut
1266 4660 1739 4733 quibuscumque
1769 4650 1791 4652 ᾖ
1848 4660 1919 4714 de
1952 4656 2302 4731 presbyteris
2334 4656 2684 4728 requiratur,
2716 4653 2958 4711 sicut'in
2991 4654 3228 4727 praefato
3273 4656 3496 4729 capitu-

116 4750 465 4817 personis,ut
494 4747 737 4803 liberius
782 4748 892 4819 ipsi
940 4748 1249 4804 traditores
1298 4754 1557 4804 nostram
1606 4750 1737 4805 inﬁ-

118 4833 389 4893 delitatem
423 4838 701 4910 perﬁcere
731 4837 978 4908 possint,
1004 4841 1106 4891 aut
1144 4841 1208 4890 ut
1237 4837 1529 4907 justitiam
1564 4838 1624 4893 in
1654 4856 1744 4895 co-

120 4922 397 4981 mitatibus
420 4942 535 4981 non
567 4925 831 4992 reddant,
856 4929 1138 4997 tanquam
1165 4925 1325 4980 facta:
1360 4944 1470 4981 non
1507 4926 1741 4994 fuerint,

1850 4747 1956 4803 lari
1987 4747 2340 4803 continetur.
2377 4746 2487 4801 Sed
2520 4761 2707 4816 neque
2758 4745 2829 4799 de
2878 4742 3110 4800 terrulis
3161 4761 3229 4800 ac
3257 4743 3499 4802 vinealis

1852 4854 1955 4910 pro
1981 4836 2103 4891 loco
2126 4834 2437 4908 sepulturae
2468 4834 2539 4888 ad
2562 4833 2797 4888 easdem
2819 4831 3094 4888 ecclesias
3113 4833 3286 4917 datis,
3312 4851 3500 4906 neque

1852 4926 1923 4980 de
1955 4923 2217 4991 decimis,
2238 4923 2392 4979 sicut
2414 4922 2470 4977 in
2497 4920 2822 4977 canonibus
2846 4922 2981 4976 etin
3006 4921 3260 4994 praefatis
3281 4923 3501 4996 capitu-

121 5025 208 5079 pro
235 5013 411 5070 nihilo
444 5014 789 5070 habeantur.
822 5015 891 5069 Et
922 5014 1075 5069 sicut
1114 5013 1225 5086 ipsi
1264 5014 1424 5085 ipsos
1456 5014 1654 5071 alodes
1685 5016 1743 5071 in
1855 5012 2078 5069 laribus
2112 5012 2460 5067 continetur.
2487 5011 2637 5081 (Cap.
2670 5010 2786 5079 84.)
2806 5010 2874 5064 Et
2906 5009 3005 5066 ubi
3036 5009 3338 5067 inventum
3371 5012 3499 5067 fue-

127 5115 219 5156 sua
247 5119 415 5158 manu
464 5103 813 5170 tenuissent,
838 5102 921 5157 ita
950 5103 1021 5157 de
1052 5102 1198 5174 ipsis
1234 5102 1503 5158 al'odibus
1526 5105 1644 5159 ﬁat.
1678 5104 1748 5160 Et
1856 5103 1931 5158 rit
1951 5106 2008 5158 et
2032 5119 2065 5156 a
2087 5099 2284 5155 missis
2316 5099 2727 5170 nostris,quod
2758 5099 3016 5156 seniores
3045 5100 3171 5156 sine
3201 5100 3501 5157 conscien-

125 5187 164 5242 si
191 5207 287 5246 nec
317 5191 398 5247 ita
427 5192 499 5246 ad
541 5190 881 5247 ﬁdelitatem
915 5194 1176 5246 nostram
1208 5194 1309 5245 aut
1340 5191 1410 5245 ad
1450 5192 1744 5262 justitiam
1855 5191 1937 5248 tia
1960 5189 2368 5261 episcoporum
2394 5187 2763 5259 presbyteros
2785 5189 2853 5244 de
2874 5188 3136 5244 ecclesiis
3156 5188 3400 5261 ejiciunt
3416 5187 3502 5243 vel

124 5278 450 5335 reddendam
476 5279 689 5335 adduci
712 5279 1155 5351 potuerint,ipsi
1182 5278 1379 5335 alodes
1400 5280 1458 5335 in
1483 5284 1747 5336 nostrum
1857 5282 1918 5336 in
1949 5277 2211 5336 ecclesiis
2247 5279 2535 5339 statuunt,
2560 5275 2727 5331 missi
2760 5277 2943 5334 nostri
2975 5277 3130 5333 sicut
3159 5276 3218 5331 in
3250 5276 3503 5349 praefatis

122 5363 522 5424 dominicatum
542 5366 983 5440 recipiantur,et
1000 5374 1157 5424 certa
1180 5367 1416 5424 illorum
1435 5370 1748 5441 descriptio
1858 5366 2278 5442 capitularibus
2302 5364 2648 5434 continetur,
2669 5365 2804 5422 inde
2828 5366 3061 5422 faciant.
3077 5367 3145 5421 Et
3162 5362 3416 5437 episcopi
3433 5362 3505 5418 de

1450 5511 1688 5568 VARI/E
1727 5510 2151 5570 LECTIONES.
3184 5598 3189 5601 _

186 5630 262 5667 ¹²³⁹
290 5633 562 5706 subjecta
592 5635 643 5689 4.
724 5635 814 5668 ¹²⁴⁰
845 5632 990 5689 nulli
1025 5633 1284 5689 ﬁdelium
1318 5635 1368 5688 -'i.
1448 5637 1529 5670 ‘3“
1566 5638 1885 5708 requirant,
1919 5640 1985 5692 ut
2013 5652 2111 5691 cas
2142 5634 2311 5689 Sirm.
2392 5631 2479 5666 ¹²⁸²
2508 5630 2714 5686 ceteris
2746 5632 2796 5685 4.
