3828 6204
321 334 441 398 793

1004 334 1334 396 APPEND.
1382 331 1485 394 AD
1532 331 1808 395 S/EC.X.
1842 364 1923 377 —-
1949 329 2449 394 MONUMENTA
2490 328 3042 393 DIPLOMA'I‘ICA.

3618 324 3730 386 ’124

324 469 550 526 clericis
580 468 887 526 hominum
938 473 1273 523 nostrorum
1327 466 1407 521 ita
1459 465 1693 531 faciant,
1728 464 1877 518 sicut
1908 464 1963 517 in
2000 467 2049 532 Α
2083 464 2398 518 necessitas
2439 464 2615 529 venit,
2639 464 2839 517 dicunt
2870 480 2932 518 se
2963 462 3019 517 in
3068 465 3344 517 nostrum
3389 457 3590 513 venire
3620 474 3727 511 ser-

325 560 547 616 eisdem
578 556 1003 631 capitularibus
1030 556 1382 612 continetur.

397 646 469 705 Ut
494 646 661 704 missi
692 645 876 703 nostri
897 646 1183 717 justitias,
1209 650 1497 716 quantum
1528 644 1808 716 temporis
1839 659 1978 714 qua-

325 737 460 793 litas
511 735 860 809 permiserit,
885 735 1160 791 omnibus
1208 733 1609 806 indigentibus
1638 732 1887 799 faciant;
1918 734 1977 787 et

326 826 484 897 quod
519 824 690 880 modo
746 839 851 896 pro
898 822 1176 895 qualitate
1226 822 1313 877 vel
1362 822 1641 877 brevitate
1695 819 1977 893 temporis

328 914 517 969 facere
564 928 679 969 non
727 911 1044 985 potuerint,
1077 910 1395 966 comitibus
1439 910 1869 975 commendent,
1913 912 1979 964 ut

328 1006 592 1074 tempore
619 1016 878 1073 congruo
907 1000 992 1056 eis
1021 1000 1207 1072 legem
1239 1003 1298 1055 et
1317 998 1617 1069 justitiam
1650 998 1885 1054 laciant.
1911 998 1979 1052 Et

328 1090 389 1146 in
414 1089 542 1146 suis
562 1087 1003 1144 memorialibus
1030 1089 1311 1144 adnotent
1330 1089 1403 1143 de
1429 1087 1646 1159 quibus
1665 1086 1979 1142 comitibus

330 1177 914 1244 commendaverunt;
963 1181 1032 1232 ut
1063 1176 1112 1231 si
1139 1177 1353 1232 iterum
1386 1176 1471 1231 illi
1502 1176 1770 1232 homines
1799 1192 1861 1231 se
1890 1191 1977 1230 re-

331 1264 710 1324 clamaverint
740 1266 895 1337 quod
927 1265 1224 1335 justitiam
1255 1265 1469 1321 habere
1498 1282 1614 1320 non
1644 1267 1978 1336 potuerunt,

331 1367 440 1412 nos
468 1354 580 1427 ipsi
605 1352 1026 1425 investigemus
1046 1357 1104 1408 et
1126 1354 1508 1409 decernamus
1531 1370 1709 1424 quare
1739 1353 1847 1408 hoc
1868 1352 1981 1424 ipsi

333 1444 578 1501 comites
606 1440 987 1498 demiserunt.

407 1533 496 1589 13.
528 1531 601 1587 Ut
630 1531 680 1588 si
710 1528 977 1586 infideles
1025 1530 1207 1585 nostri
1258 1546 1321 1585 se
1369 1530 1752 1586 adunaverint
1781 1530 1855 1586 ad
1885 1531 1985 1586 de-

334 1620 720 1678 vastationem
770 1618 934 1690 regni
984 1618 1190 1685 nostri,
1225 1618 1424 1675 fideles
1471 1619 1679 1687 nostri,
1710 1624 1827 1675 tam
1860 1619 1987 1691 epi-

337 1707 523 1778 scopi,
557 1723 735 1780 quam
782 1707 1044 1777 abbates,
1071 1710 1128 1761 et
1157 1705 1423 1774 comites,
1455 1712 1512 1762 et
1550 1707 1984 1763 abbatissarum

337 1797 631 1863 homines,
658 1795 759 1851 sed
803 1800 861 1851 et
902 1793 1015 1866 ipsi
1048 1795 1291 1851 comites
1337 1812 1403 1851 ac
1432 1797 1587 1852 vassi
1640 1798 1847 1863 nostri,
1880 1815 1983 1853 seu
2014 1833 2062 1900 Β

338 1884 518 1942 ceteri
548 1885 768 1957 quique
800 1883 999 1939 ﬁdeles
1041 1884 1142 1939 Dei
1185 1902 1251 1940 ac
1298 1885 1503 1953 nostri,
1527 1886 1598 1941 de
1628 1903 1745 1942 uno
1774 1888 1985 1943 missa-

337 1975 453 2031 tico
480 1990 543 2030 se
572 1973 632 2028 in
665 1989 781 2027 uno
824 1973 1085 2028 adunare
1123 1979 1451 2044 procurent.
1484 1975 1554 2030 Et
1585 1975 1750 2031 missi
1800 1976 1983 2031 nostri

338 2063 411 2120 de
438 2061 566 2135 ipso
597 2061 897 2118 missatico
928 2062 1352 2134 providentiam
1410 2063 1688 2130 habeant,
1740 2066 1991 2137 qualiter

339 2149 749 2223 unusquisque
796 2150 1127 2222 episcopus,
1157 2151 1244 2206 vel
1282 2152 1486 2217 abbas,
1514 2169 1618 2209 seu
1668 2154 1988 2219 abbatissa,

340 2254 478 2296 cum
507 2238 668 2295 omni
706 2238 1068 2309 plenitudine
1097 2244 1155 2296 et
1185 2242 1512 2298 necessario
1560 2242 1758 2299 hostili
1810 2260 1990 2315 appa-

341 2332 496 2399 ratu,
527 2332 585 2384 et
622 2328 695 2383 ad
744 2330 998 2399 tempus,
1032 2344 1171 2383 suos
1202 2328 1472 2385 homines
1520 2331 1659 2386 illuc
1707 2332 1988 2388 transmi-

343 2417 486 2474 serit
514 2432 650 2471 cum
696 2416 1150 2487 guntl‘anonario
1181 2418 1269 2451 ¹²⁴⁸
1296 2420 1441 2489 (152)
1475 2418 1576 2490 qui
1621 2422 1691 2476 de
1735 2421 1859 2477 suis
1890 2439 1990 2494 pa-

344 2505 511 2561 ribus
543 2505 633 2539 ¹²⁴⁴
662 2520 798 2559 cum
848 2504 1047 2559 missis
1078 2505 1295 2560 nostris
1326 2507 1611 2563 rationem
1662 2509 1902 2578 habeat;
1937 2516 1994 2566 et

346 2591 599 2664 qualiter
653 2588 768 2662 ipsi
807 2590 1052 2646 comites
1101 2597 1157 2646 et
1202 2591 1355 2647 vassi
1415 2594 1599 2649 nostri
1657 2612 1761 2651 seu
1817 2598 1993 2653 ceteri

345 2679 565 2752 quique
594 2678 696 2734 Dei
726 2677 928 2733 fideles
959 2678 1032 2733 ad
1078 2678 1186 2734 hoc
1235 2681 1615 2753 occurrerint,
1650 2685 1819 2740 nobis
1850 2685 1994 2741 scri-

344 2772 443 2841 pto
475 2765 827 2823 renuntient.
858 2767 929 2821 Et
957 2765 1008 2822 si
1034 2767 1105 2822 de
1137 2785 1254 2824 uno
1286 2770 1586 2827 missatico
1611 2773 1683 2828 ad
1715 2773 1825 2829 hoc
1857 2791 1996 2846 prae-

343 2858 534 2913 valere
574 2872 690 2911 non
740 2854 1055 2929 potuerint,
1090 2857 1160 2912 ad
1193 2856 1373 2913 alium
1425 2859 1792 2919 missaticum
1847 2863 1991 2920 cele-

326 2946 486 3002 riter
536 2945 750 3001 missos
802 2961 941 3001 suos
980 2944 1255 3019 dirigant,
1288 2951 1346 3002 et
1393 2965 1618 3018 omnes,
1651 2950 1804 3007 sicut
1850 2970 1994 3025 prae-

345 3034 626 3101 diximus,
650 3033 723 3089 de
771 3032 884 3090 alio
936 3034 1234 3090 missatico
1282 3037 1355 3091 ad
1401 3036 1533 3094 illos
1584 3040 1684 3111 qui
1732 3040 1998 3115 indigent

347 3121 656 3196 przeparati
714 3126 1040 3178 occurrant.
1073 3124 1144 3179 Et
1191 3123 1241 3180 si
1287 3123 1367 3180 illi
1418 3127 1536 3183 duo
1594 3129 1877 3185 missatici
1921 3132 1993 3186 ad

2080 552 2309 620 vitium,
2346 552 2621 609 nolumus
2652 558 2716 608 ut
2745 552 2959 625 aliquis
2988 552 3059 607 de
3089 551 3182 606 his
3216 549 3319 622 qui
3363 549 3423 604 in
3456 547 3561 603 illa
3590 551 3734 602 terra

2082 644 2237 696 terra
2269 647 2530 708 manent,
2563 646 2623 697 et
2649 658 2777 698 eam
2809 646 3011 698 contra
3056 638 3333 695 inimicos
3375 642 3610 692 nostros
3638 636 3733 690 de-

2083 731 2318 785 fendere
2349 731 2581 799 debent,
2615 732 2887 803 deinceps
2913 730 3063 785 hanc
3094 728 3466 785 occasionem
3496 725 3729 791 habeat;

2086 819 2187 873 sed
2228 835 2362 874 cum
2425 819 2739 876 necessitas
2796 820 2988 886 fuerit,
3021 818 3174 874 sicut
3232 815 3636 889 praediximus,
3665 813 3729 867 ad

2087 906 2302 963 missos
2334 914 2566 965 nostros
2609 915 2666 964 et
2714 910 2782 963 ad
2835 924 3003 980 pares
3057 924 3197 962 suos
3227 909 3559 961 occurrant.
3594 902 3729 957 Etsi

2089 1012 2195 1051 nos
2225 1013 2360 1052 eum
2394 999 2481 1032 ¹²⁴δ
2512 997 2841 1069 specialiter
2881 998 2953 1053 ad
2995 1013 3101 1052 nos
3129 996 3329 1051 venire
3382 990 3730 1048 mandaveri-

2089 1099 2243 1153 mus,
2268 1090 2370 1141 aut
2398 1087 2522 1158 ipse
2551 1087 2720 1142 nobis
2751 1085 3143 1142 necessariam
3165 1099 3408 1141 causam
3439 1083 3509 1137 de
3542 1086 3732 1136 nostra

2088 1173 2366 1229 ﬁdelitate
2414 1176 2686 1231 nuntiare
2741 1173 3009 1242 voluerit,
3060 1172 3487 1246 plenitudinem
3544 1170 3732 1225 homi-

2089 1277 2230 1316 num
2266 1264 2356 1298 ¹³⁴⁶
2385 1280 2627 1320 suorum
2662 1264 2780 1319 illic
2811 1264 2882 1319 ad
2915 1266 3178 1318 nostram
3208 1260 3549 1316 ﬁdelitatem
3580 1274 3732 1314 exse-

2091 1352 2383 1421 quendam
2426 1352 2703 1419 dimittat,
2732 1357 2792 1407 et
2849 1352 3050 1407 missis
3110 1349 3329 1406 nostris
3358 1348 3445 1404 vel
3501 1347 3731 1419 paribus

2091 1439 2217 1495 suis
2248 1440 2354 1496 hoc
2388 1446 2593 1498 notum
2620 1442 2811 1498 faciat.
2842 1441 3021 1496 Aliter
3044 1442 3241 1495 autem
3271 1437 3331 1492 iu
3362 1436 3582 1493 nullam
3615 1453 3732 1508 par-

2091 1534 2210 1584 tem
2243 1531 2313 1586 de
2340 1530 2442 1586 illa
2469 1538 2625 1586 terra
2653 1535 2874 1603 pergat,
2910 1530 3021 1585 nisi
3053 1546 3188 1584 cum
3217 1527 3513 1583 communi
3549 1526 3730 1581 consi-

2094 1617 2171 1673 lio
2218 1620 2306 1675 vel
2364 1619 2870 1676 commendatione
2898 1620 2985 1654 ¹²⁴⁷
3038 1618 3357 1673 missorum
3388 1622 3729 1670 nostrorum

2095 1713 2199 1761 aut
2228 1706 2586 1779 reliquorum
2621 1707 2882 1765 fidelium
2929 1712 3265 1762 nostrorum
3296 1704 3397 1776 qui
3433 1702 3593 1758 illam
3620 1707 3726 1757 ter-

2096 1812 2220 1851 ram
2252 1798 2562 1853 defendere
2592 1797 2826 1853 debent.
2852 1798 2923 1851 Et
2951 1796 3118 1851 missi
3150 1794 3339 1851 nostri
3362 1809 3496 1848 cum
3522 1790 3729 1863 episco-

2097 1884 2187 1957 pis
2217 1892 2276 1941 et
2307 1887 2621 1942 comitibus
2644 1902 2709 1941 ac
2730 1886 2920 1942 vassis
2951 1884 3190 1949 nostris,
3222 1882 3326 1954 qui
3356 1897 3527 1953 super
3551 1896 3726 1951 aquas

2096 1981 2473 2030 commanent
2502 1992 2605 2046 per
2633 1992 2782 2046 quas
2833 1973 3098 2029 infideles
3127 1971 3317 2028 nostri
3371 1971 3441 2026 ad
3495 1984 3723 2042 regnum

2099 2070 2364 2119 nostrum
2394 2068 2724 2128 transeunt,
2749 2064 3023 2118 ordinent
3043 2060 3296 2134 qualiter
3323 2060 3433 2115 illa:
3453 2075 3617 2115 naves
3637 2073 3723 2113 cu-

2098 2153 2449 2217 stodiantur,
2474 2170 2546 2208 ne
2574 2152 2840 2209 infideles
2870 2151 3056 2207 nostri
3087 2151 3159 2206 ad
3200 2166 3447 2222 regnum
3477 2151 3721 2203 nostrum

2098 2241 2523 2297 devastandum
2553 2242 2806 2297 transire
2844 2240 3090 2313 possint.
3125 2240 3195 2294 Et
3223 2256 3329 2311 per
3354 2239 3518 2309 cujus
3545 2235 3720 2309 negle-

2100 2335 2259 2385 ctum
2289 2331 2429 2401 ipsa;
2452 2348 2626 2386 naves
2657 2336 2857 2402 postea
2877 2330 3024 2386 bene
3044 2328 3348 2385 custodite
3371 2344 3483 2382 non
3506 2325 3719 2387 fuerint,

2102 2419 2270 2474 nobis
2287 2421 2679 2486 renuntietur,
2694 2423 2759 2473 ut
2776 2436 2881 2474 nos
2892 2419 3280 2474 decernamus
3296 2415 3613 2490 qualiterde
3632 2413 3717 2467 illo

2101 2515 2327 2564 contem
2338 2514 2502 2581 ptore
2522 2508 2794 2580 praecepti
2818 2507 3025 2574 nostri,
3048 2507 3217 2579 quasi
3240 2506 3313 2561 de
3336 2504 3609 2578 proditore
3626 2519 3717 2575 pa-

2100 2596 2244 2665 triae,
2278 2599 2370 2669 agi
2402 2598 2632 2653 debeat.

2175 2689 2259 2742 15.
2284 2687 2355 2742 Ut
2384 2688 2431 2743 si
2468 2687 2634 2742 missi
2664 2687 2849 2743 nostri
2886 2686 3062 2742 talem
3108 2701 3351 2741 causam
3380 2682 3440 2740 in
3468 2681 3560 2737 illa
3582 2686 3717 2736 terra

2101 2774 2448 2843 invenerint,
2482 2792 2659 2849 quam
2691 2777 2762 2831 ad
2812 2776 3079 2831 debitum
3111 2776 3290 2829 ﬁnem
3341 2789 3445 2829 nec
3491 2788 3582 2845 per
3619 2769 3716 2825 ista

2103 2865 2379 2937 capitula,
2403 2882 2507 2921 nec
2529 2881 2631 2936 per
2651 2863 2906 2936 capitula
2937 2864 3374 2935 progenitorum
3398 2866 3712 2919 nostrorum.

2104 2970 2293 3026 neque
2325 2972 2426 3027 per
2456 2953 2667 3026 iugalia
2696 2952 2951 3023 capitula
2977 2952 3295 3024 perducere
3316 2951 3548 3023 possint,
3569 2948 3713 3003 nobis

2104 3042 2529 3098 rationabiliter
2557 3048 2614 3097 et
2639 3041 2922 3097 veraciter
2959 3041 3303 3097 remandare
3333 3042 3635 3111 procurent,
3655 3040 3714 3090 ut

2107 3148 2212 3186 nos
2242 3131 2360 3186 illis
2392 3132 2806 3187 remandemus
2836 3129 3091 3202 qualiter
3130 3129 3267 3184 inde
3307 3144 3474 3202 agere
3501 3127 3716 3182 debeant

346 3211 459 3268 hoc
495 3229 613 3267 non
660 3212 1012 3277 suffecerint,
1047 3212 1217 3269 nobis
1268 3214 1340 3269 ad
1390 3218 1625 3288 tempus
1676 3217 1786 3274 hoc
1835 3235 1997 3274 man-
2025 3198 2071 3267 (ἶ
2180 3222 2266 3276 16.
2300 3220 2374 3275 Ut
2404 3219 2659 3275 ministri
2689 3198 2970 3274 comitum
3000 3217 3059 3272 in
3091 3198 3446 3289 unoquoque
3473 3215 3711 3271 comitatu

351 3300 511 3367 dent,
555 3298 806 3373 qualiter
862 3306 966 3357 aut
1023 3318 1126 3373 per
1181 3318 1309 3369 nos,
1342 3307 1445 3359 aut
1500 3321 1603 3376 per
1649 3306 1837 3363 filium
1887 3324 1995 3364 no-

351 3394 564 3457 strum,
597 3393 700 3445 aut
747 3387 899 3445 sicut
938 3389 1279 3459 viderimus,
1325 3392 1409 3448 eis
1458 3396 1855 3451 necessarium
1904 3413 1996 3452 so-

350 3476 560 3534 latium
610 3478 1106 3548 transmittamus,
1140 3485 1432 3552 quatenus
1467 3481 1528 3537 in
1569 3499 1746 3557 regno
1796 3490 1997 3541 nostro

349 3565 551 3623 nullus
578 3569 776 3624 noster
803 3566 1057 3623 inﬁdelis
1078 3566 1165 3623 vel
1184 3570 1516 3627 contrarius
1537 3571 1725 3629 locum
1750 3574 1996 3631 nocendi

347 3653 580 3712 habeat.

417 3744 505 3799 44.
529 3742 604 3800 Ut
627 3743 787 3815 quia,
810 3743 963 3800 sicut
992 3745 1339 3815 audivimus,
1361 3749 1601 3820 quidam
1634 3751 1692 3806 in
1725 3753 1999 3811 domibus

347 3830 476 3887 suis
493 3830 751 3887 resident
762 3832 1048 3903 quamdiu
1064 3850 1265 3906 pacem
1283 3836 1495 3894 habere
1518 3844 1846 3910 possunt,et
1863 3860 1996 3898 cum

2105 3309 2443 3381 dispansam
2474 3308 2789 3365 missorum
2822 3312 3179 3373 nostrorum,
3213 3323 3249 3362 a
3286 3306 3709 3379 quibuscumque

2106 3398 2231 3454 dari
2262 3398 2453 3466 debet,
2485 3396 2786 3470 recipiant,
2812 3396 2966 3453 sicut
2992 3395 3053 3451 in
3082 3394 3364 3451 tractoria
3392 3398 3576 3451 nostra
3597 3406 3708 3446 con-

2105 3488 2352 3555 tinetur;
2386 3491 2446 3542 et
2482 3486 2595 3559 ipsi
2644 3483 3130 3541 ministerialibus
3162 3482 3479 3541 missorum
3520 3483 3709 3537 nostro.

2107 3576 2352 3632 rumm"
2394 3592 2522 3632 eam
2572 3573 2839 3631 reddant.
2872 3574 3038 3630 Missi
3084 3577 3284 3630 autem
3332 3572 3513 3629 nostri
3557 3567 3707 3643 provi-

2106 3666 2304 3733 deant,
2330 3681 2402 3721 ne
2432 3681 2538 3737 pro
2568 3664 2678 3720 hac
2702 3662 3007 3719 occasione
3035 3661 3172 3719 inde
3194 3661 3449 3718 ministri
3474 3658 3710 3717 comitum

2106 3754 2382 3828 amplius,
2415 3754 2528 3809 nisi
2561 3757 2851 3826 quantum
2883 3751 2943 3807 in
2964 3750 3246 3808 tractoria
3277 3756 3477 3808 nostra
3502 3746 3713 3806 contine-

2105 3848 2222 3913 tur,
2256 3842 2391 3898 inde
2423 3842 2657 3915 exigant
2677 3842 2785 3896 ³³⁸³.

918 4016 1317 4077 HLOTHARII
1356 4020 1406 4077 II
1445 4021 1993 4086 SACRAMENTUM
2032 4029 2124 4086 DE
2164 4028 2647 4086 THEOTBERGA
2686 4026 3139 4084 RECIPIENDA.

1756 4150 1895 4224 (Αη.
1927 4154 2052 4210 865.
2090 4160 2238 4224 Aug.
2272 4154 2350 4225 3.)

417 4283 863 4339 Sacramentum
894 4300 928 4339 a
955 4285 1266 4341 duodecim
1315 4286 1654 4347 hominibus
1686 4309 1754 4347 ex

1782 4299 1947 4365 parte
1998 4294 2281 4352 Hlotharii

2368 4295 2673 4360 razstitum,
2706 4298 2969 4351 servatur
2998 4293 3055 4348 in
3087 4291 3416 4349 Annalibus
3463 4286 3709 4348 Hincmari

348 4354 609 4411 Monum.
642 4355 835 4411 Germ.
868 4355 969 4412 SS.
1002 4357 1168 4413 Tom.
1201 4359 1246 4425 Ι,
1279 4376 1335 4432 p.
1371 4361 1493 4430 468,
1528 4362 1652 4433 469,
1687 4354 2021 4438 Pairologiae
2052 4371 2192 4424 tom.
2228 4354 2386 4434 CXV,
2417 4366 2572 4422 unde
2603 4354 2747 4421 illud
2780 4365 2874 4421 hic
2905 4365 3288 4437 repetendum
3322 4363 3655 4421 censuimus.
3697 4412 3707 4419 .

417 4506 634 4562 Jurans
664 4506 942 4579 promitto
963 4525 1068 4581 ego
1100 4509 1235 4564 talis
1256 4527 1360 4583 per
1379 4511 1501 4568 haec
1524 4517 1776 4585 quatuor
1796 4521 1999 4573 sancta
2029 4521 2075 4585 Ι)
2107 4522 2164 4573 et
2191 4534 2319 4574 eam
2363 4517 2447 4573 sic
2493 4516 2732 4572 habebit
2760 4518 2818 4572 in
2851 4516 3148 4583 omnibus,
3177 4515 3334 4571 sicut
3370 4516 3527 4571 decet
3552 4502 3706 4583 regem

328 4593 567 4684 “Christi
597 4595 914 4669 evangelia,
952 4613 1079 4684 quae
1120 4598 1396 4654 manibus
1427 4601 1575 4656 meis
1606 4605 1802 4675 tango,
1828 4609 2002 4677 atque
2110 4606 2324 4662 habere
2354 4606 2614 4677 reginam
2646 4622 2906 4660 uxorem.
2944 4606 3009 4660 Et
3037 4609 3277 4676 propter
3301 4606 3427 4675 jam
3457 4606 3591 4657 {atas
3617 4596 3709 4653 dis—

350 4680 496 4738 istas
524 4689 860 4740 sanctorum
885 4682 1187 4757 reliquias,
1205 4687 1346 4758 quia
1364 4688 1559 4744 senior
1581 4706 1746 4747 meus
1773 4691 2004 4749 Hlotha-

351 4768 477 4825 rius
508 4786 625 4839 rex,
640 4771 798 4828 filius
820 4774 1118 4844 quondam
1141 4775 1247 4846 piae
1276 4777 1696 4833 recordationis
1721 4779 2002 4837 Hlotharii

352 4857 714 4914 serenissimi
738 4861 1129 4932 imperatoris,
1154 4864 1363 4918 amodo
1384 4870 1443 4920 et
1463 4866 1739 4939 deinceps
1760 4870 2005 4942 accipiet

351 4943 827 5021 Theodebregam
856 4966 1096 5006 uxorem
1117 4968 1283 5007 suam
1308 4969 1413 5024 pro
1432 4952 1695 5027 legitima
1711 4961 1999 5025 matrona,

2110 4695 2413 4751 sensiones
2439 4710 2628 4766 neque
2652 4695 2706 4749 in
2731 4694 2867 4761 vita,
2894 4710 3081 4765 neque
3101 4692 3160 4747 in
3185 4693 3488 4752 membris.
3508 4701 3667 4759 neque
3684 4699 3709 4736 τι

2112 4784 2386 4855 praedicto
2417 4782 2645 4838 seniore
2674 4798 2802 4837 meo
2847 4780 3168 4849 Hlothario,
3193 4798 3383 4853 neque
3410 4797 3444 4835 a
3470 4776 3610 4833 nullo
3635 4775 3709 4827 ho-

2112 4871 2342 4927 minum
2371 4871 2500 4944 ipso
2527 4871 2842 4944 instigante
2865 4875 2967 4925 aut
2985 4869 3304 4925 auxiliante
3322 4868 3410 4925 vel
3431 4867 3590 4924 etiam
3606 4877 3707 4917 con-

2112 4960 2396 5015 sentiente
2413 4958 2648 5031 aliquod
2668 4958 2889 5014 malum
2912 4957 3181 5027 habebit;
3208 4958 3309 5015 sed
3333 4973 3458 5013 eam
3478 4955 3553 5011 sic
3572 4950 3705 5007 habe-

1698 5107 1938 5165 VARl/E
1978 5110 2396 5167 LECTIONES.

349 5217 689 5326 mri‘ngunt
730 5221 1033 5326 fanonario
1063 5225 1133 5326 4.1
1178 5227 1285 5326 sf“
1314 5229 1579 5326 partibus
1610 5248 1764 5326 ﬁcum
1797 5234 2039 5305 paribus
2082 5236 2137 5291 5.
2172 5235 2438 5308 partibus
2469 5237 2521 5292 li.
2600 5236 2688 5271 "‘5
2718 5235 2766 5290 si
2816 5250 2987 5308 quem
3037 5235 3207 5291 Sirm.
3287 5234 3373 5268 ¹²⁸⁶
3403 5229 3634 5288 omnium
3658 5224 3697 5276 5.

541 5308 627 5326 Μ,
660 5309 710 5326 ,η
741 5310 771 5326 ο
829 5309 1091 5326 Μηητηπ,
1144 5312 1170 5326 η
1205 5314 1333 5326 ,ΛΜ
1404 5317 1508 5326 ,ψ
1728 5306 2061 5326 μεμε-,μίγη
2091 5325 2119 5326 η
2169 5325 2173 5326 ν
2444 5325 2484 5326 κν
2535 5324 2543 5326 _
3072 5306 3384 5326 μιμημμ
3421 5307 3695 5326 “dmum

469 5290 711 5378 consilia
741 5300 800 5378 et
829 5290 1334 5378 conmmendatiqné
1363 5301 1556 5378 Sirmt
1610 5306 1697 5339 ¹²ι⁸
1728 5290 2133 5363 ministrorum
2164 5290 2545 5363 nostrorum:
2578 5316 2637 5363 at
2660 5290 3039 5378 manu‘posuit
3071 5306 3391 5361 missorum
3421 5307 3698 5360 nostrorum

349 5361 626 5421 Simond.
657 5366 783 5421 Bal.
863 5365 952 5400 ¹²⁴⁰
980 5367 1195 5438 reliqua
1220 5367 1411 5425 desunt
1440 5373 1493 5427 4.
1525 5374 1581 5429 5.

1915 5501 2148 5560 NOTAE.

374 5626 383 5633 ι
423 5586 572 5659 (452)
603 5587 899 5659 Vexilifer,
929 5588 1065 5647 dux.
1101 5589 1389 5647 Smmonn.
1442 5629 1456 5639 .
