3828 6204
89 381 205 443 ’125
1086 380 1179 443 FR
1197 380 1564 445 ANCORUM
1615 379 1890 444 REGUM
1931 380 2476 447 CAPITULARIA.
3366 385 3484 449 726

88 518 187 583 bit,
219 516 593 588 sicutregem
624 516 786 571 decet
814 515 1027 571 habere
1075 532 1310 571 uxorein
1360 506 1679 585 legitimam
1714 530 1727 569 :
1763 520 1808 581 Α
1844 520 1900 569 et
1944 516 2040 588 qui
2090 516 2496 585 interfuerunt,
2531 516 2650 572 hmo
2699 522 2837 574 sunt
2870 535 2882 573 :
2912 518 3240 577 Harduicus
3298 521 3483 577 archi-

88 623 154 663 ea
184 612 386 663 tamen
415 607 656 675 raﬁone,
688 610 756 661 ut
781 604 867 661 sic
898 622 961 661 se
989 606 1198 661 amodo
1238 604 1549 672 custodiat,
1585 605 1738 659 sicut
1844 604 2156 677 episcopus
2216 605 2694 674 Besintionensis,
2734 606 3051 665 Remedius
3097 609 3485 682 archiepisco-

92 698 249 754 decet
298 713 537 753 uxorem
594 712 700 751 suo
738 694 955 751 seniori
1002 695 1062 749 in
1110 694 1387 749 omnibus
1430 695 1736 749 observare
1846 711 1956 766 pus
1988 694 2415 761 Laudunensis,
2445 697 2568 752 Ado
2600 695 3073 769 archiepiscopus
3125 696 3482 767 Biennensis,

90 786 393 842 honorem.
420 786 550 841 Haec
575 789 713 841 sunt
743 784 982 840 nomina
1012 800 1212 839 eorum
1236 783 1336 856 qui
1366 782 1473 837 hoc
1504 784 1735 854 jurave—
1845 783 2184 840 Rodlandus
2244 784 2721 857 archiepiscopus
2761 785 3138 853 Arelatensis,
3168 787 3488 842 Adventius

91 880 224 930 runt
256 892 270 929 :
306 874 390 930 De
449 872 764 930 comitibus
812 871 971 939 Milo,
1033 870 1364 939 Ratharius,
1420 871 1729 940 Erlandus,
1843 871 2175 945 epiSCOpus,
2210 874 2533 939 Mettensis,
2564 876 2696 928 Atto
2728 873 3039 947 episcopus
3070 874 3489 944 Bardunensis,

90 964 503 1031 Theutmarus,
556 961 1021 1029 Weremboldus,
1056 960 1329 1017 Rocoll‘us
1385 977 1598 1018 comes.
1652 961 1732 1017 De
1844 961 2064 1016 Franco
2112 962 2421 1033 episcopus
2462 963 2649 1017 sancti
2696 962 3028 1031 Landberti,
3064 963 3344 1020 Rataldus
3373 964 3490 1036 epi-

90 1053 328 1110 vassalis
364 1050 1065 1118 Erleboldus,Vulfridus,
1101 1049 1385 1117 Eidull‘us,
1418 1050 1732 1105 Bertmun-
1841 1067 2053 1122 scopus
2109 1050 2621 1122 Stratiburgensis,
2676 1050 2978 1108 Fulcricus
3033 1052 3372 1125 capellanus
3431 1056 3488 1108 et

92 1144 216 1206 dus,
250 1142 594 1209 Nithardus,
624 1143 929 1196 Arnostus.
964 1140 1081 1195 Hoc
1103 1140 1371 1211 juratum
1422 1144 1511 1195 est
1555 1156 1734 1213 super
1841 1139 2061 1195 missus
2094 1139 2432 1211 imperialis.
2466 1140 2545 1195 De
2596 1156 2772 1212 regno
2822 1146 3018 1196 autem
3074 1141 3263 1199 Karoli
3322 1145 3485 1198 Isaac

90 1231 450 1303 quatuorDei
471 1228 770 1304 evangelia
790 1232 965 1300 atque
987 1227 1480 1300 pretiosissimum
1506 1227 1728 1301 lignum
1838 1228 2146 1300 episeOpus
2180 1228 2611 1301 Linguinensis,
2643 1230 2976 1285 Erkanraus
3024 1230 3334 1303 episcopus
3380 1230 3484 1285 Ca-

88 1320 625 1377 sanctaeDominicze
644 1317 1062 1374 crucisetalias
1080 1314 1729 1388 sanctorumreliquias,
1839 1316 2218 1381 talaunensls,
2253 1318 2324 1372 de
2373 1334 2615 1389 queram
2662 1317 2934 1373 manibus
2981 1336 3049 1373 ex
3098 1324 3259 1392 parte
3290 1318 3485 1375 Karoli

87 1409 296 1465 inloco
339 1409 441 1481 qui
472 1409 692 1463 dicitur
740 1405 1116 1475 Vindonissa,
1145 1406 1238 1460 die
1288 1405 1456 1459 tertia
1508 1405 1729 1460 mensis
1840 1405 1993 1477 regis
2024 1411 2295 1477 suscepta
2324 1410 2414 1461 est
2443 1406 2823 1478 Theodberga
2854 1407 3053 1478 regina
3100 1409 3172 1463 ab
3219 1408 3483 1473 Arsenio,

87 1497 349 1571 Augusti,
384 1495 699 1552 indictione
734 1497 815 1550 13.
851 1495 969 1549 Hoc
998 1495 1216 1549 factum
1249 1496 1337 1549 est
1366 1493 1729 1565 temporibus
1837 1494 2152 1550 venerabili
2212 1496 2483 1568 episc0po
2541 1501 2598 1551 et
2653 1495 2841 1566 legato
2902 1495 3229 1567 apostolicis
3306 1497 3481 1565 sedis,

88 1588 279 1644 domni
299 1593 386 1643 ter
407 1584 731 1642 beatissimi
754 1588 811 1639 et
824 1582 1139 1656 coangelici
1162 1583 1379 1638 Nicolai
1402 1581 1725 1655 apostolici.

90 1678 375 1733 mediante
405 1680 464 1732 et
508 1674 904 1731 constituente
949 1673 1191 1728 Arsenio
1238 1671 1552 1727 venerabili
1603 1670 1727 1743 epi-

90 1783 275 1840 scopo,
301 1766 485 1821 misso
514 1769 573 1819 et
603 1762 979 1836 apocrisiario
1009 1779 1253 1816 summa;
1287 1765 1497 1817 sancta:
1529 1761 1729 1817 catho-

93 1856 203 1911 licae
231 1861 412 1928 atque
461 1852 794 1926 apostolicae
840 1852 1018 1916 sedis,
1050 1851 1431 1922 apostolicam
1478 1850 1729 1906 habente

93 1944 485 2001 auctoritatem
519 1947 574 1999 et
606 1941 793 2012 legato
824 1941 1090 2011 ejusdem
1117 1940 1316 1995 domui
1342 1939 1559 1995 Nicolai
1589 1957 1726 2011 apo-

94 2035 289 2092 stolici.
321 2033 575 2090 Nomina
604 2030 1010 2104 episcoporum
1043 2029 1101 2084 in
1132 2045 1386 2101 quorum
1420 2028 1730 2101 praesentia

1841 1601 1958 1638 una
2005 1601 2141 1639 cum
2190 1583 2626 1656 praenominatis
2667 1584 3122 1657 archiepiscopis
3166 1591 3225 1642 et
3261 1585 3483 1658 episco-

1840 1670 1961 1743 pis;
1997 1673 2369 1729 adstantibus
2426 1690 2559 1727 vero
2610 1673 2669 1739 in
2717 1673 2918 1728 eodem
2968 1672 3093 1729 loco
3141 1674 3211 1731 de
3241 1674 3485 1731 diversis

1840 1761 2037 1832 regnis
2097 1761 2393 1816 nubilibus
2448 1760 2588 1816 viris
2645 1779 2780 1816 cum
2852 1761 3229 1818 multitudine
3287 1762 3485 1836 populi

1840 1848 2071 1922 publice
2127 1850 2247 1905 haec
2303 1851 2634 1905 videntibus
2692 1858 2750 1906 et
2803 1852 3197 1918 audientibus,
3233 1870 3484 1924 quorum

1841 1939 2080 1994 nomina
2136 1956 2236 2011 per
2284 1939 2482 1994 omnia
2540 1956 2654 1994 non
2729 1938 3022 1996 valuimus
3078 1940 3216 1997 huic
3274 1942 3485 1997 inferre

1838 2030 2084 2100 pagina}.

207 2191 623 2251 HLUDOWICI
654 2154 708 2247 II
746 2188 1237 2246 IMPERATORIS
1277 2188 1759 2245 CONSTITUTIO
1800 2188 1890 2244 DE
1932 2187 2285 2245 EXERCITU
2329 2187 2815 2244 BENEVENTUM
2856 2188 3365 2246 PROMOVENDO.

1631 2313 1753 2386 (An.
1783 2313 1933 2387 see.)

155 2444 377 2501 Editam
415 2461 450 2500 a
479 2440 733 2513 Camillo
754 2439 1082 2513 Peregrinio
1114 2439 1173 2495 in
1205 2439 1459 2513 Historia
1487 2439 1820 2512 principum
1853 2438 2368 2513 Langobardorum
2405 2443 2550 2513 tom.
2580 2440 2624 2505 Ι,

2657 2458 2711 2513 p.
2735 2440 2805 2495 99
2840 2442 2959 2510 101,
2991 2458 3060 2496 ex
3090 2440 3285 2498 codice
3312 2442 3481 2499 unico

95 2516 406 2582 Casinensi,
438 2532 545 2587 ope
575 2510 1089 2587 ejusdemcodicis
1120 2529 1179 2587 n,
1213 2512 1318 2587 353
1349 2510 1757 2587 membr._sznc.
1793 2529 1847 2587 ξε,
1881 2510 2104 2587 itprum‘
2130 2528 2161 2566 a
2198 2512 2391 2587 nobis
2433 2510 3144 2569 evoluti'emendationem
3191 2514 3479 2571 sistimus.

97 2582 526 2645 Distinctionefn
558 2585 818 2658 capitum
847 2583 907 2638 in
938 2582 1136 2639 codice
1167 2582 1321 2637 haud
1356 2583 1584 2637 obviam
1617 2582 1888 2639 Baluzius
1920 2582 2258 2638 introduxit.

99 2742 408 2798 Constantio
434 2738 791 2813 promotionis
819 2738 1087 2813 exercitus
1128 2736 1517 2813 observationis
1560 2737 1729 2807 parti-

219 2816 312 2869 bus
346 2807 655 2877 Beneventi,
685 2809 788 2865 sub
824 2808 1117 2864 indictione
1147 2809 1339 2878 quinta
1369 2807 1599 2862 iiccima.

161 2922 207 2976 1.
238 2919 604 2990 Quicumque
633 2916 704 2971 de
736 2914 1054 2971 mobilibus
1086 2913 1381 2985 widrigild
1415 2929 1590 2968 suum
1628 2913 1729 2968 ha-

100 3009 220 3065 bere
270 3013 485 3082 potest,
526 3009 731 3079 pergat
784 3004 843 3059 in
901 3004 1087 3059 hoste.
1122 3002 1229 3069 Qui
1285 3020 1418 3059 vero
1471 3002 1731 3058 medium

1839 2752 1975 2808 ergo
2009 2735 2236 2791 nullum
2277 2735 2493 2792 laicum
2525 2736 2881 2810 relinquant.
2913 2738 3275 2811 Quicumque
3325 2739 3483 2796 enim

1839 2828 2041 2880 contra
2072 2824 2219 2879 lianc
2252 2824 2680 2881 institutionem
2709 2842 3007 2882 remanere
3029 2828 3483 2901 praesumpserit,

1841 2913 2142 2985 proprium
2174 2915 2303 2983 ejus
2336 2932 2370 2969 a
2398 2915 2787 2985 missis.quod
2814 2917 2903 2949 ¹³⁵⁰
2931 2916 3132 2971 subter
3152 2917 3484 2974 ordinatum

1840 3001 2147 3066 habemus,
2180 3002 2622 3073 pricsentialiter
2651 3003 2721 3058 ad
2756 3007 3021 3060 nostrum
3053 3020 3201 3077 opus
3231 3006 3486 3079 recipere

101 3098 379 3171 widrigild
412 3096 612 3163 habet,
645 3095 793 3150 duos
817 3091 1011 3165 juncti
1060 3092 1117 3147 in
1172 3109 1354 3147 unum
1388 3091 1731 3163 qualitatem
1832 3091 2147 3162 jussimus,
2181 3094 2237 3146 et
2268 3090 2432 3146 illum
2469 3092 2622 3147 foras
2652 3092 2876 3163 ejicere.

104 3186 406 3253 instruant,
438 3189 502 3240 ut
532 3185 678 3240 bene
710 3183 792 3238 ire
820 3181 1067 3254 possint.
1101 3181 1392 3253 Pauperes
1428 3198 1562 3237 vero
1611 3198 1736 3253 per-

103 3293 240 3332 sonae
271 3277 344 3332 ad
377 3274 708 3331 custodiam
740 3271 1097 3326 maritimam
1130 3270 1213 3325 vel
1239 3270 1434 3342 patriae
1459 3275 1733 3343 pergant;

107 3364 177 3420 ita
203 3364 556 3431 videlicet,ut
585 3360 686 3433 qui
718 3359 852 3433 plus
883 3376 1060 3432 quam
1089 3360 1290 3415 decem
1323 3358 1540 3415 solidos
1561 3359 1737 3414 habet

108 3453 169 3509 de
197 3452 533 3518 mobilibus,
568 3450 640 3506 ad
688 3449 935 3505 eandem
983 3448 1311 3503 custodiam
1357 3448 1594 3504 vadaut.
1628 3448 1736 3513 Qui

107 3559 223 3599 vero
252 3560 369 3600 non
400 3540 533 3613 plus
557 3555 735 3612 quam
767 3538 965 3594 decem
1000 3536 1217 3593 solidos
1247 3537 1421 3593 habet
1449 3538 1520 3592 de
1551 3536 1736 3592 mobi-

108 3629 355 3699 libus,nil
385 3630 434 3686 ei
460 3625 1057 3700 requiratur.Sipater
1078 3642 1311 3698 quoque
1343 3642 1527 3680 unum
1550 3623 1737 3679 tilium

109 3718 382 3785 habuerit,
414 3721 471 3773 et
500 3716 625 3789 ipse
657 3714 813 3770 filius
852 3713 1048 3770 utilior
1078 3720 1239 3786 patre
1271 3720 1378 3778 est,
1414 3714 1740 3769 instructus

110 3824 139 3861 a
186 3814 342 3880 patre
398 3809 623 3879 pergat.
680 3802 826 3857 Nam
886 3802 935 3857 si
996 3812 1160 3874 pater
1217 3801 1414 3857 utilior
1455 3807 1564 3869 est,
1616 3801 1739 3873 ipse

114 3902 314 3970 pergat.
346 3895 401 3950 Si
435 3911 567 3949 vero
598 3893 746 3948 duos
774 3891 926 3949 ﬁlios
964 3891 1255 3958 habuerit,
1288 3892 1644 3963 quicumque
1674 3907 1742 3945 ex

113 3984 183 4040 eis
237 3985 433 4041 utilior
482 3981 677 4049 fuerit,
713 3981 837 4053 ipse
894 3984 1128 4052 pergat;
1162 3978 1315 4035 alius
1370 3984 1564 4035 autem
1605 3996 1740 4034 cum

117 4078 256 4144 patre
312 4075 631 4130 remaneat.
667 4069 829 4136 Quod
889 4069 939 4124 si
996 4066 1195 4141 plures
1250 4068 1401 4125 filios
1449 4068 1742 4138 habuerit,

118 4162 360 4219 utiliores
384 4177 592 4217 omnes
623 4162 904 4231 pergant;
939 4161 1172 4212 tantum
1224 4174 1377 4212 unus
1426 4160 1743 4223 remaneat,

118 4250 206 4321 qui
258 4249 526 4308 inutilior
572 4246 766 4303 fuerit.
802 4246 883 4301 De
935 4244 1215 4301 fratribus
1264 4244 1747 4317 indivisis,juxta

1912 3182 1965 3232 2.
2000 3177 2286 3234 Omnibus
2318 3179 2472 3234 enim
2501 3184 2704 3234 notum
2731 3196 2858 3235 esse
2880 3179 3167 3250 volumus,
3192 3181 3333 3253 quia
3353 3183 3482 3254 jam

1842 3285 1877 3322 a
1910 3266 2198 3339 prioribus
2229 3268 2444 3323 nostris
2466 3269 2636 3339 juxta
2666 3268 2815 3323 hanc
2850 3269 3276 3326 institutionem
3324 3271 3483 3327 tultae

1845 3358 2097 3423 fuerunt,
2132 3357 2231 3411 sed
2286 3374 2387 3428 pro
2437 3356 2837 3412 misericordia
2884 3374 3225 3429 recuperare
3264 3377 3488 3416 merue-

1843 3449 2001 3499 runt.
2036 3444 2201 3499 Nunc
2232 3450 2428 3500 autem
2462 3445 2785 3501 certissime
2815 3446 3039 3513 scitote,
3062 3448 3488 3520 cujuscumque

1844 3533 2168 3605 proprietas
2216 3533 2364 3588 tulta
2414 3533 2605 3599 fuerit,
2638 3534 2731 3590 vix
2777 3552 2811 3591 a
2859 3535 3027 3591 nobis
3066 3537 3492 3608 promerebitur

1846 3620 2300 3692 recuperatione.

1916 3712 1969 3765 3.
1997 3713 2041 3764 Α
2074 3711 2245 3766 ﬂuvio
2282 3712 2432 3766 Pado
2465 3730 2649 3783 usque
2680 3713 2891 3768 Trebia
2921 3712 2996 3768 sit
3040 3715 3258 3772 missus
3292 3713 3495 3771 lotsel-

1847 3816 2000 3855 mus.
2034 3800 2187 3855 Inter
2219 3800 2438 3856 Padum
2471 3807 2529 3856 et
2556 3802 2820 3857 Ticinum
2854 3802 3133 3858 Eriull‘us.
3168 3803 3324 3859 Inter
3351 3804 3497 3860 Tici-

1850 3906 1991 3943 num
2041 3894 2100 3944 et
2145 3889 2308 3945 Adda
2357 3891 2751 3947 Erembertus.
2800 3891 2953 3947 Inter
3000 3892 3164 3948 Adda
3190 3896 3249 3949 et
3278 3892 3499 3949 Addiza

1850 3979 2262 4034 Lanilebertus.
2282 3980 2365 4035 Ab
2398 3980 2611 4036 Addiza
2647 3998 2833 4053 usque
2864 3982 3075 4037 Forum
3098 3981 3239 4037 Julii
3259 3981 3500 4038 Teodol-

1849 4068 1981 4123 dus.
2018 4068 2223 4124 Petrus
2256 4075 2314 4124 et
2345 4069 2685 4126 Arthemius
2717 4070 2998 4142 cpiscOpi,
3024 4070 3248 4141 junctis
3297 4088 3497 4127 secum

1852 4153 2051 4209 missis
2073 4156 2480 4227 episcoporum
2500 4163 2556 4212 et
2579 4158 3043 4225 comitum,Pisa,
3062 4159 3216 4214 Luca
3231 4177 3244 4227 ;
3259 4158 3499 4215 Pistoris

1851 4247 1908 4298 et
1941 4242 2120 4298 Lunis
2152 4245 2592 4311 Teutmundus;
2627 4246 2934 4312 Florentia,
2957 4246 3220 4302 Volterra
3241 4252 3298 4303 et
3317 4247 3498 4303 Aritio

118 4320 480 4411 capitularcm
512 4333 736 4392 domini
766 4339 823 4391 et
850 4332 1130 4408 genitoris
1163 4334 1345 4389 nostri
1367 4334 1660 4401 volumus,
1680 4337 1746 4388 ut
1772 4320 1822 4387 Ι)
1854 4332 2232 4399 Rodselmus;
2266 4333 2460 4388 Clusio
2489 4339 2546 4388 et
2576 4334 2727 4390 Sena
2755 4335 3037 4389 Andreas.
3075 4334 3138 4389 In
3171 4334 3498 4390 ministerio

119 4427 159 4482 si
186 4429 327 4485 duos
358 4424 772 4493 fuerint,ambo
804 4426 1062 4496 pergant.
1087 4421 1145 4479 Si
1178 4426 1296 4479 tres
1326 4422 1561 4490 fuerint,
1592 4438 1745 4477 unus

121 4517 205 4586 qui
234 4516 496 4574 inutilior
525 4511 878 4586 apparuerit,
903 4516 1230 4581 remaneat;
1265 4512 1439 4568 ceteri
1482 4515 1740 4585 pergant.

121 4604 169 4659 Si
197 4623 420 4679 quoque
439 4601 635 4675 plures
666 4617 871 4658 omnes
902 4600 1163 4656 utiliores
1193 4601 1591 4673 apparuerint,
1626 4616 1749 4671 per-

123 4700 271 4764 gant;
306 4710 458 4750 unus
492 4689 756 4746 inutilior
786 4694 1102 4745 remaneat.
1137 4694 1214 4744 De
1247 4705 1364 4761 qua
1411 4688 1749 4745 condicione

123 4781 392 4850 volumus,
415 4786 481 4836 ut
509 4795 699 4852 neque
728 4796 832 4851 per
856 4781 1427 4851 prmeeptummeque
1458 4796 1561 4850 per
1581 4778 1751 4833 advo-

127 4870 413 4941 cationem,
432 4874 535 4925 aut
564 4883 998 4942 quamcumque
1028 4865 1394 4923 occasionem
1439 4870 1750 4922 excusatus

128 4956 210 5026 sit,
237 4964 335 5016 aut
389 4974 586 5014 comes
632 4961 734 5012 aut
780 4954 1082 5028 gastaldus
1128 4954 1215 5009 vel
1260 4954 1515 5011 ministri
1546 4972 1750 5011 eorum

130 5044 291 5104 ullum
323 5051 665 5103 excusatum
696 5044 975 5112 habeant;
1009 5050 1215 5116 przcter
1265 5044 1421 5116 quod
1465 5062 1659 5100 comes
1692 5044 1752 5099 in

130 5149 459 5210 unoquoque
483 5133 765 5191 comitatu
798 5152 981 5188 unum
1015 5133 1308 5205 relinquat
1347 5134 1445 5205 qui
1479 5134 1751 5189 eumdem

126 5219 299 5282 locum
329 5222 641 5294 custodiat,
673 5228 729 5278 et
758 5223 906 5278 duos
944 5239 1078 5278 cum
1127 5239 1298 5277 uxore
1329 5240 1454 5277 sua.
1484 5222 1751 5295 Episcopi

1857 4420 2127 4489 Witonis,
2154 4421 2383 4495 ltimmo
2414 4426 2471 4477 et
2498 4422 2752 4478 Joannes
2781 4423 3090 4494 episcopus
3120 4424 3191 4479 de
3220 4423 3495 4480 Forcona.

1856 4515 1920 4565 In
1953 4510 2277 4565 ministerio
2328 4510 2658 4583 Verengari,
2693 4510 3113 4567 Hiselmundus
3167 4512 3497 4585 episcopus.

1855 4604 1921 4654 In
1950 4598 2141 4654 littore
2164 4598 2387 4665 Italico,
2410 4598 2794 4665 Ermei‘ridus,
2810 4599 3066 4669 Macedo,
3081 4604 3138 4656 et
3150 4600 3499 4657 Vulfericus.

1928 4690 1978 4743 4.
2014 4689 2078 4743 Ili
2113 4688 2379 4744 volumus
2414 4692 2476 4742 ut
2506 4687 2789 4760 populum
2820 4688 3146 4759 ejiciant,et
3175 4690 3503 4746 custodiam

1858 4778 2302 4850 praevideant,et
2334 4776 2611 4849 populum
2646 4777 2704 4830 in
2729 4775 2968 4832 castella
2994 4778 3250 4834 residere
3270 4779 3505 4845 faciant,

1858 4868 2035 4925 etiam
2066 4872 2284 4923 etcum
2316 4884 2474 4938 pace.
2509 4866 2655 4921 Nam
2696 4866 2745 4921 si
2796 4867 3016 4922 missus
3064 4866 3277 4940 aliquis
3326 4886 3509 4926 ausus

1859 4957 2034 5013 fuerit
2088 4956 2550 5028 praetermittere,
2581 4954 2723 5026 quin
2782 4954 3060 5012 omnibus
3085 4957 3176 4992 ¹³⁵¹
3230 4959 3379 5026 (153)
3429 4975 3513 5014 re-

1863 5043 2205 5109 manserint,
2242 5041 2680 5115 prmsentialiter
2712 5042 3011 5115 proprium
3046 5044 3346 5113 tollant,et
3374 5064 3510 5103 eum

1864 5135 2003 5190 foris
2051 5132 2305 5203 ejiciant.
2343 5133 2411 5186 Et
2459 5131 2506 5185 si
2559 5131 2834 5188 inventus
2884 5134 3060 5189 fuerit
3113 5134 3237 5207 ipse
3269 5136 3509 5202 missus,

1862 5222 2162 5296 proprium
2187 5237 2362 5276 suum
2394 5220 2617 5291 perdat.
2653 5220 2719 5274 Et
2751 5220 2799 5275 si
2833 5239 3031 5278 comes
3063 5223 3317 5295 aliquem
3345 5239 3513 5277 excu-

1468 5347 1708 5402 VARI/E
1746 5346 2159 5402 LECTIONES.

194 5443 272 5483 ¹²⁸⁰
301 5447 415 5517 lege
445 5445 770 5503 secundum
805 5445 960 5517 quod
992 5461 1040 5500 ο.
1076 5461 1128 5499 o.
1162 5444 1221 5500 h.

1337 5444 1419 5479 ¹²³¹
1458 5446 1535 5500 ita
1562 5446 1781 5501 correxi
1809 5444 1908 5517 qui
1941 5442 2302 5501 nominibus.

1700 5566 1929 5624 NOTAE.

199 5664 329 5743 (153)
355 5667 399 5725 i.
431 5682 482 5723 e.
509 5665 798 5723 homines.
