3828 6204
18 324 101 383 E31’
1025 326 1506 389 FRANCORUM
1556 325 1822 387 ltlZthM
1871 327 2418 387 CAPl'l‘ULAiltA.

3299 332 3420 394 738

18 455 72 513 el
120 474 335 517 comes
392 479 465 518 ac
513 480 719 519 vassus
772 466 986 529 noster,
1038 478 1143 518 suo
1192 460 1417 516 homini
1465 463 1667 515 contra
1698 460 1746 527 Α
1781 476 2038 531 paganos
2070 464 2171 515 aut
2210 463 2411 516 contra
2458 459 2603 516 alios
2654 460 2753 516 Dei
2785 467 2841 517 et
2874 466 3101 520 nostros
3130 464 3419 535 inimicos,

18 550 213 603 cetum
247 554 311 605 et
335 550 642 622 justitiam
673 552 891 617 fecerit,
914 555 970 607 ct
988 569 1049 607 se
1076 550 1211 605 inde
1242 550 1315 606 ad
1348 567 1453 605 nos
1485 548 1666 605 recla-

17 636 261 706 naverit,
286 639 471 709 sciat,
496 642 637 713 quia
666 641 818 697 sicut
846 640 991 697 ratio
1023 644 1080 697 et
1112 638 1204 695 lex
1233 642 1407 710 atque
1432 638 1668 709 justitia

18 731 94 791 st,
126 726 242 782 hoc
273 729 606 785 emendare
630 728 934 786 faciemus.

59 815 112 869 3.
144 815 213 870 Et
249 816 540 875 volumus
571 823 747 890 atque
770 819 1072 891 jubemus,
1107 821 1171 873 ut
1200 817 1455 889 episcopi
1488 821 1665 889 atque

17 904 257 969 .bbates,
284 908 545 963 comites
566 924 632 963 ac
654 907 807 964 vassi
830 906 1033 974 nostri,
1058 906 1329 962 concordi
1357 905 1666 962 dilectione

17 996 48 1047 it
77 992 362 1050 unanimi
400 995 699 1052 voluntate
729 996 800 1052 ad
831 996 929 1051 Dei
965 1000 1023 1051 et
1053 999 1268 1051 sanctae
1300 993 1566 1051 Ecclesia:
1599 1011 1666 1050 ac

17 1086 265 1139 nostrum
300 1089 369 1140 et
402 1086 564 1158 regni
610 1086 795 1142 nostri
843 1085 1122 1142 honorem
1153 1089 1209 1141 et
1241 1089 1461 1142 statum
1493 1089 1665 1157 atque

17 1186 391 1228 emmunem
426 1178 687 1230 nostram
721 1173 1102 1231 salvationem
1135 1175 1427 1230 decertare
1458 1190 1666 1245 procu-

18 1264 140 1324 ent,
174 1267 244 1315 ut
276 1278 403 1333 pax
430 1265 488 1317 et
509 1263 746 1333 justitia
774 1267 831 1319 et
861 1280 994 1319 vera
1041 1280 1176 1318 cum
1226 1264 1324 1319 Dei
1371 1263 1666 1317 voluntate

18 1349 317 1405 oncordia
354 1351 510 1407 inter
552 1370 659 1408 nos
690 1370 893 1408 omnes
922 1358 980 1408 et
1012 1352 1068 1407 in
1104 1369 1279 1425 regno
1313 1358 1511 1407 nostro
1543 1369 1667 1406 ma-

17 1442 147 1507 ieat,
182 1443 245 1494 et
284 1457 503 1496 omnes
557 1441 640 1496 ita
669 1442 788 1497 sint
815 1459 1047 1514 semper
1086 1442 1291 1514 parati,
1325 1446 1388 1496 ut
1417 1442 1465 1496 si
1501 1440 1668 1496 nobis

17 1528 328 1586 necessitas
359 1532 640 1602 evenerit,
675 1532 747 1588 ad
779 1531 1176 1588 defensionem
1224 1531 1421 1604 patriae
1466 1534 1669 1586 contra

1776 549 1928 605 sicut
1958 551 2316 605 consuetudo
2337 550 2445 605 fuit
2462 556 2720 623 tempore
2743 557 3177 610 antecessorum
3202 560 3424 612 nostro-

1776 656 1928 703 rum,
1964 639 2185 711 absque
2218 639 2620 708 mora,statim
2654 644 2718 696 ut
2748 640 2830 697 eis
2862 641 3192 697 nuntiatum
3231 643 3421 710 fuerit,

1778 727 2004 799 possint
2034 729 2249 785 venire.

1848 818 1899 872 4.
1935 819 2003 872 Et
2032 818 2303 874 volumus
2338 822 2399 874 ut
2430 820 2649 889 sciatis,
2685 821 2821 893 quia
2842 821 3426 892 commendamus,ut

1777 908 2185 979 unusquisque
2215 909 2285 964 de
2318 927 2425 964 sua
2474 926 2648 982 Opera
2688 910 2800 967 tale
2849 916 3142 968 certamen
3190 911 3423 979 habent,

1776 996 1926 1051 sicut
1948 997 2058 1051 scit
2082 1014 2316 1054 necesse
2340 1016 2466 1054 esse
2489 1000 2562 1054 ad
2585 999 2980 1056 defensionem
3014 1001 3184 1057 istius
3211 1006 3429 1058 sancta:

1781 1085 1875 1139 Dei
1902 1085 2183 1148 Ecclesiae.
2210 1088 2532 1142 secundum
2559 1093 2817 1147 nostram
2836 1090 3424 1147 commendationem.

1775 1174 2005 1229 Gratias
2038 1176 2202 1229 vobis
2236 1177 2486 1247 agimus,
2522 1177 2661 1248 quia
2696 1177 2942 1233 ﬁdeliter
2971 1180 3291 1234 secundum
3324 1196 3428 1234 no-

1777 1267 1958 1318 stram
1992 1265 2554 1320 commendationem
2584 1266 2637 1318 in
2667 1271 2863 1321 nostro
2894 1268 3132 1322 venistis
3170 1268 3422 1323 servitio.

1777 1353 1844 1407 Et
1878 1353 1951 1407 ile
1983 1370 2115 1407 cum
2151 1353 2249 1408 Dei
2300 1355 2488 1425 gratia
2536 1355 2663 1409 sani
2698 1359 2755 1409 et
2795 1356 2959 1423 salvi,
2992 1360 3048 1411 et
3081 1358 3230 1413 Deus
3259 1358 3427 1412 nobis

1777 1443 2073 1508 concedat,
2092 1446 2151 1496 ut
2173 1442 2380 1498 iterum
2405 1460 2539 1497 cum
2571 1443 2818 1500 sanitate
2849 1449 2903 1499 et
2935 1444 3147 1516 gaudio
3165 1446 3235 1502 ad
3256 1463 3425 1502 suam

1775 1529 2134 1586 voluntatem
2168 1532 2677 1605 reconjungamur.

899 1708 1166 1766 KAROLI
1206 1708 1255 1765 Il
1295 1707 1700 1766 CORONATIO
1741 1708 1812 1764 IN
1855 1708 2096 1765 REGNO
2137 1710 2553 1767 HLOTHARII.

1440 1860 1563 1933 (Λη.
1597 1862 1719 1916 869.
1752 1864 1896 1932 Sept.
1928 1860 2006 1933 9.)

72 1986 378 2043 Sirmondi
410 1992 468 2043 et
500 1987 721 2044 Baluzii
753 1987 1037 2045 editiones
1068 1988 1406 2061 repetimus.

17 2156 144 2236 Ordo
186 2160 439 2229 qualiter
478 2160 722 2236 Kafoius
764 2175 863 2215 rex
908 2160 1345 2236 fuithcoronqtus
1393 2160 1452 2236 in
1502 2158 1675 2236 Mollis
1704 2161 1750 2224 Β
1781 2156 2103 2228 principem
2138 2162 2471 2214 nostrorum
2523 2159 2820 2228 Karolum,
2852 2166 2915 2216 ut
2946 2162 3115 2219 nobis
3146 2164 3343 2236 przesit
3372 2169 3429 2222 et

76 2230 300 2287 civitate
351 2247 499 2287 anno
546 2231 654 2286 869
700 2233 759 2287 in
806 2230 988 2287 mense
1024 2232 1288 2303 Septemb.
1324 2248 1355 2284 v
1386 2230 1511 2285 Idus
1541 2233 1671 2299 Sep-

78 2303 239 2374 temb.
278 2318 409 2374 qua:
453 2304 634 2358 evenit
675 2302 762 2357 die
793 2304 1041 2374 Veneris,
1074 2319 1205 2374 cum,
1230 2303 1345 2357 istis
1387 2303 1668 2371 episcopis,

82 2372 335 2446 videlicet
359 2375 656 2429 Ilincmuro
685 2373 1108 2446 archiepiscopo,
1132 2373 1407 2446 Adrenlio,
1423 2375 1668 2446 Ilultone,

80 2444 340 2516 Arnulfo,
389 2449 696 2512 Francone,
747 2444 1058 2511 llincmaro,
1110 2454 1160 2500 et
1209 2445 1405 2507 Odonc,
1459 2444 1671 2516 quando

82 2516 363 2587 quondam
400 2533 500 2572 rex
527 2518 860 2585 Hlotharins,
891 2518 1042 2587 ﬁlius
1075 2516 1348 2571 Illotltarii
1378 2518 1671 2587 imperato-

86 2586 180 2653 ris,
211 2590 327 2657 fuit
355 2596 604 2644 mortuus
636 2590 694 2643 in
722 2586 1006 2645 Placentia
1033 2589 1269 2643 civitate.

84 2692 249 2747 Anno
284 2694 709 2749 incarnationis
740 2694 1053 2750 Dominica:
1084 2696 1211 2761 869,
1234 2693 1552 2749 indictione
1582 2710 1670 2749 sc-

28 2780 225 2847 cunda,
253 2800 290 2838 ν
310 2782 448 2837 ldus
479 2782 863 2854 Septembris,
882 2783 1074 2838 Mettis
1098 2783 1406 2838 civitatein
1429 2781 1673 2839 ecclesia

28 2869 202 2924 sancti
232 2869 519 2943 Stephani
551 2871 985 2944 martyris,haec
1016 2888 1142 2944 quas
1173 2872 1671 2943 sequunturcapi-

31 2954 141 3011 tula
152 2958 494 3027 Adventius,
509 2960 822 3033 episcopus
840 2960 1028 3032 ipsius
1047 2960 1316 3023 civitatis.
1330 2977 1522 3017 coram
1541 2977 1674 3033 rege

32 3050 79 3097 et
106 3047 396 3121 episcopis
428 3048 531 3121 qui
559 3049 893 3119 adfuerunt,
920 3050 1134 3122 populo
1165 3055 1223 3106 et
1250 3049 1466 3123 scripto
1484 3054 1673 3105 etver-

34 3132 114 3188 bis
141 3135 524 3194 denuntiavit.

98 3224 145 3277 1.
178 3224 296 3281 Vos
325 3226 518 3294 scitis,
543 3231 600 3281 et
647 3226 849 3283 multis
893 3227 953 3282 in
1003 3227 1275 3301 plurimis
1329 3228 1524 3301 regnis
1584 3233 1674 3284 est

39 3314 346 3383 cognitum,
361 3319 615 3389 quantos
635 3321 692 3373 et
713 3315 915 3389 quales
935 3322 1175 3373 eventus
1206 3322 1467 3391 tempore
1488 3318 1674 3374 senio-

40 3399 109 3455 ris
138 3405 533 3478 nostri,quem
564 3404 850 3461 hactenus
881 3406 1340 3479 habuimus,pro
1362 3408 1558 3463 causis
1577 3424 1675 3462 no-

41 3488 277 3550 tissimis
303 3495 696 3550 communiter
724 3494 1211 3562 sustinuimus,et
1229 3499 1446 3568 quanto
1476 3496 1673 3553 dolore
1703 3529 1744 3595 C
1783 3516 2283 3574 christianissimo
2306 3488 2440 3591 τρέε,
2472 3520 2507 3573 ﬁ

40 3586 360 3655 quantaque
389 3582 667 3657 angustia
694 3584 765 3639 de
793 3583 953 3640 illius
984 3585 1241 3641 infausta
1273 3590 1456 3641 morte
1488 3604 1674 3659 nuper

40 3669 297 3726 cordibus
327 3670 581 3743 perculsi
612 3688 841 3727 sumus.
859 3671 1022 3727 Unde
1045 3672 1282 3728 unicum
1307 3672 1599 3746 refugium
1618 3677 1674 3729 et

42 3753 397 3829 singulariter
426 3759 661 3816 salubre
690 3760 1172 3833 consilium,rege
1202 3767 1259 3817 et
1286 3762 1546 3834 principe
1578 3780 1674 3818 no-

42 3847 145 3900 stro
173 3849 449 3923 destituti.
474 3865 540 3905 ac
571 3849 838 3917 dcsolati,
855 3850 1024 3905 nobis
1046 3850 1320 3907 omnibus
1341 3867 1468 3908 esse
1489 3852 1676 3907 consi-

43 3931 374 4004 deravimus,
407 3942 475 3992 ut
495 3937 744 4010 jejuniis
774 3944 829 3994 et
857 3938 1220 3994 orationibus
1260 3940 1332 3994 ad
1381 3956 1514 3996 eum
1568 3958 1673 3997 nos

42 4031 487 4083 converteremus
514 4026 616 4100 qui
638 4032 725 4083 est
746 4029 979 4099 adjutor
1001 4027 1058 4082 in
1083 4030 1596 4100 oportunitatibus,
1614 4031 1672 4085 in

45 4110 415 4186 tribulatione,
449 4121 506 4172 et
531 4116 702 4187 cujus
721 4121 811 4173 est
841 4116 1152 4174 consilium
1184 4136 1250 4175 ac
1281 4121 1451 4190 cujus
1480 4124 1570 4175 est
1592 4138 1676 4176 re-

47 4209 299 4272 gnum,et
319 4209 384 4262 ut
412 4204 697 4278 scriptum
726 4206 943 4274 est,cui
974 4207 1220 4264 voluerit
1245 4208 1406 4264 dabit
1436 4208 1677 4279 illud,et

52 4285 97 4342 in
124 4294 287 4366 cujus
318 4312 497 4351 manu
529 4295 705 4351 corda
729 4299 868 4351 sunt
889 4312 1113 4368 regum,
1131 4301 1190 4352 et
1208 4297 1345 4353 facit
1366 4298 1676 4355 unanimes

52 4372 290 4438 habitare
338 4383 397 4438 in
448 4383 643 4449 domo,
677 4383 906 4440 solvens
964 4384 1223 4441 medium
1282 4386 1586 4458 parietem,
1619 4399 1678 4443 et

56 4464 247 4527 faciens
259 4476 506 4545 utraque
525 4489 711 4529 unum
732 4490 745 4541 ;
761 4473 1138 4545 deprecantes
1150 4474 1338 4547 ipsius
1352 4476 1680 4533 misericor-

53 4552 207 4627 diam,
224 4565 285 4616 ut
304 4562 470 4617 daret
493 4562 661 4618 nobis
685 4579 881 4636 regem
905 4580 971 4619 ac
1004 4564 1327 4637 principem
1349 4567 1676 4622 secundum

55 4658 133 4700 cor
150 4666 337 4719 suum,
361 4651 466 4723 qui
498 4651 558 4706 in
582 4652 809 4724 judicio
838 4655 896 4708 et
914 4652 1152 4724 justitia
1174 4671 1281 4710 nos
1312 4654 1370 4710 in
1403 4655 1562 4711 omni
1584 4673 1675 4712 or-

54 4730 163 4792 dine
191 4756 252 4795 ac
281 4741 643 4813 professione
690 4746 935 4814 regeret,
967 4742 1238 4811 salvaret,
1270 4748 1443 4816 atque
1473 4745 1677 4800 defen-

54 4819 187 4882 deret
205 4830 373 4901 juxta
402 4828 765 4886 voluntatem
798 4832 948 4902 ejus,
976 4835 1034 4886 et
1063 4832 1239 4888 corda
1269 4833 1535 4888 omnium
1569 4850 1676 4890 no-

1781 2245 1984 2317 prosit,
2020 2247 2247 2302 videtur
2279 2248 2468 2314 nobis,
2501 2249 2546 2303 si
2583 2250 2744 2305 vobis
2785 2250 2992 2322 placet,
3028 2257 3090 2307 ut
3120 2253 3271 2308 sicut
3300 2258 3432 2326 post

1782 2333 1943 2391 illius
1970 2337 2142 2392 verba
2171 2336 2333 2393 vobis
2361 2338 3073 2413 manifestabimus,signo
3104 2343 3430 2400 certissimo

1781 2423 2274 2492 demonstremus,
2310 2427 2448 2499 quia
2488 2427 2653 2483 illum
2688 2446 2721 2484 a
2751 2430 2867 2485 Deo
2897 2430 3144 2487 electum
3177 2436 3231 2487 et
3264 2432 3431 2489 nobis

1781 2513 1981 2567 datum
2016 2514 2339 2587 principem
2370 2516 2685 2585 credimus,
2720 2522 2775 2575 et
2804 2519 2993 2574 eidem
3026 2519 3287 2593 largitori
3319 2527 3431 2577 Deo

1781 2617 1847 2655 ex
1870 2601 1993 2656 suis
2021 2604 2317 2661 hencliciis
2353 2623 2464 2660 non
2497 2606 2684 2661 simus
2717 2607 3077 2679 ingrati;sed
3110 2611 3431 2681 gratiarum

1781 2690 2039 2746 actiones
2095 2692 2177 2747 illi
2232 2695 2569 2762 referentes,
2600 2713 2856 2765 oremus,
2890 2703 3181 2769 quatenus
3213 2704 3276 2755 et'
3298 2717 3431 2756 eum

1782 2779 1950 2835 nobis
1981 2780 2050 2835 ad
2076 2781 2327 2838 salutem
2351 2787 2407 2838 et
2428 2784 2826 2840 defensionem
2860 2791 3074 2841 sancta:
3105 2805 3225 2843 sua:
3256 2788 3435 2845 eccle-

1782 2868 1900 2936 siae,
1915 2870 2053 2925 etad
2070 2871 2346 2927 auxilium
2364 2876 2538 2944 atque
2550 2873 2871 2945 profectum
2885 2876 3149 2932 omnium
3166 2883 3432 2934 nostrum

1783 2974 1915 3012 eum
1948 2958 2135 3015 salute
2167 2977 2232 3016 ac
2256 2977 2395 3033 pace
2410 2967 2466 3017 et
2486 2962 2909 3033 tranquillitate
2932 2964 3101 3020 nobis
3132 2971 3435 3023 conservet

1782 3046 2004 3102 diutius
2021 3066 2033 3113 ;
2049 3052 2106 3103 et
2121 3066 2224 3104 nos
2239 3049 2393 3104 ﬁdeli
2416 3050 2716 3106 devotione
2740 3050 2824 3105 illi
2846 3052 3433 3127 obsequentes,atque

1783 3141 1979 3207 optata
2000 3137 2317 3193 salvatione
2340 3139 2651 3206 fruentes,s
2663 3140 2737 3194 ub
2755 3140 2832 3194 illi
2844 3158 2910 3195 us
2929 3143 2996 3197 ad
3008 3142 3433 3199 ministratione

1782 3223 1841 3278 in
1874 3243 1979 3281 suo
2008 3227 2293 3297 gubernet
2322 3227 2577 3283 servitio.

1782 3352 1791 3365 ‘
1852 3340 1906 3394 3.
1941 3341 2007 3395 Et
2038 3340 2086 3395 si
2122 3339 2202 3394 illi
2235 3340 2440 3413 placet,
2474 3342 2721 3415 dignum
2770 3344 2883 3417 ipsi
2931 3349 2987 3400 et
3036 3348 3431 3404 necessarium

1784 3428 1953 3483 nobis
1984 3446 2110 3484 esse
2143 3428 2466 3499 videtur,ut
2495 3448 2563 3485 ex
2593 3432 2720 3502 ejus
2744 3446 2839 3487 ore
2864 3433 3193 3503 audiamus,
3219 3436 3375 3506 quod
3398 3452 3433 3491 a

2514 3520 2627 3574 deli
2658 3525 2713 3575 et
2735 3521 2998 3577 unanimi
3021 3523 3078 3578 in
3103 3524 3334 3579 servitio
3362 3523 3431 3579 il-

1780 3605 1897 3662 lius
1920 3606 2484 3681 populo,unicuique
2509 3608 2567 3664 in
2595 3627 2702 3666 suo
2734 3611 3237 3681 ordine,convenit
3255 3629 3320 3669 ac
3339 3613 3435 3669 de-

1778 3700 1910 3752 vota
1942 3701 2132 3753 mente
2164 3698 2479 3769 suscipere.

1854 3814 1987 3868 Post
2011 3812 2129 3868 haec
2152 3831 2249 3869 rex
2272 3813 2516 3870 Karolus
2541 3814 2660 3871 haec
2682 3833 2809 3888 quas
2833 3822 3164 3889 sequuntur
3177 3836 3279 3892 per
3292 3836 3353 3876 se
3371 3818 3432 3874 in

1780 3904 1982 3958 eadem
2013 3902 2257 3959 ecclesia
2305 3905 2531 3960 cunctis
2582 3906 2681 3977 qui
2723 3908 3015 3963 aliuerunt
3044 3908 3433 3968 denuntiavit.

1852 4026 1996 4091 Quia
2026 4026 2179 4083 sicut
2211 4028 2304 4083 isti
2336 4029 2695 4085 venerabiles
2717 4031 2971 4103 episcopi
3007 4030 3181 4087 unius
3199 4049 3266 4088 ex
3290 4032 3434 4105 ipsis

1784 4133 1915 4172 voce
1948 4116 2238 4184 dixerunt,
2271 4122 2329 4173 et
2359 4119 2533 4174 certis
2560 4119 2795 4175 indiciis
2826 4138 2893 4175 ex
2923 4125 3111 4176 vestra
3145 4121 3434 4177 unanimi-

1784 4210 1901 4261 tate
1934 4212 2426 4275 monstraverunt,
2450 4212 2508 4262 et
2530 4224 2627 4263 vos
2656 4208 3044 4279 acclamastis,
3071 4226 3162 4265 me
3189 4210 3289 4265 Dei
3319 4208 3433 4266 ele-

1783 4294 1971 4350 ctione
2000 4296 2072 4350 ad
2106 4298 2357 4351 vestram
2399 4296 2779 4352 salvationeni
2811 4301 2869 4352 et
2901 4298 3226 4369 profectum
3257 4300 3433 4368 atque

1784 4384 2043 4457 regimen
2062 4388 2119 4439 et
2135 4385 2617 4456 gubernationem
2644 4385 2756 4440 huc
2779 4384 3315 4452 advenisse,sciatis
3339 4400 3432 4440 me

1783 4473 2062 4529 honorem
2095 4478 2152 4529 et
2182 4472 2404 4529 cultum
2436 4472 2539 4528 Dei
2579 4478 2753 4545 atque
2790 4478 3127 4530 sanctarum
3160 4472 3432 4529 ecclesia-

1784 4561 2199 4627 rum,Domino
2226 4563 3007 4633 adjuvante,conservare,et
3038 4578 3433 4634 unumquem-

1784 4670 1896 4725 que
1908 4655 2163 4707 vestrum
2178 4652 2503 4707 secundum
2518 4650 2609 4707 sui
2623 4650 2845 4707 ordinis
2866 4652 3026 4724 digni
3038 4655 3213 4706 tatem
3226 4655 3282 4707 et
3301 4667 3431 4724 per-

1783 4759 2010 4811 sonam,
2025 4742 2198 4813 juxta
2227 4757 2425 4796 meum
2450 4740 2598 4796 scire
2620 4744 2679 4796 et
2709 4757 2900 4813 posse,
2925 4740 3209 4796 honorum
3238 4744 3295 4796 et
3315 4739 3433 4796 sal-

1781 4847 1915 4887 vare
1936 4834 1993 4885 et
2022 4830 2372 4885 honoratum
2406 4846 2471 4886 ac
2497 4828 2785 4885 salvatum
2818 4835 3013 4886 tenere
3043 4827 3279 4896 velle,et
3310 4829 3435 4885 uni-

56 4912 277 4973 Strorum
301 4918 667 4974 unanimiter
691 4919 750 4974 in
769 4934 902 4974 eum
928 4918 1235 4976 inclinaret
1264 4925 1436 4993 atque
1459 4923 1673 4992 uniret,
1707 4904 1751 4967 D
1785 4921 1995 4991 cuique
2028 4920 2084 4974 in
2119 4936 2226 4975 suo
2257 4918 2459 4975 ordine
2503 4919 2829 4975 secundum
2879 4918 2992 4975 sibi
3038 4922 3434 4991 competentes

57 5012 203 5067 quem
226 5006 347 5079 ipse
367 5008 440 5063 ad
464 5007 717 5063 salutem
740 5011 796 5063 et
815 5008 1141 5079 profectum
1164 5015 1429 5066 nostrum
1452 5011 1678 5083 praesci-

60 5090 224 5150 tumet
241 5095 492 5152 electum
513 5101 689 5169 atque
707 5097 1190 5168 praedestinatum
1214 5098 1465 5156 habebat
1477 5118 1678 5157 secun-

59 5175 173 5237 dum
201 5183 661 5241 misericordiam
693 5202 884 5241 suam.

113 5272 158 5324 2.
187 5274 327 5339 Quia
372 5273 631 5346 denique
675 5273 973 5330 voluntate
1020 5275 1142 5342 Dei,
1178 5276 1277 5347 qui
1317 5276 1674 5334 voluntatem

60 5352 357 5419 timentium
380 5380 443 5420 se
464 5363 607 5419 facit
633 5369 690 5419 et
718 5364 1156 5437 deprecationes
1186 5381 1387 5421 eorum
1419 5367 1671 5436 exaudit,

63 5441 110 5500 in
128 5452 380 5508 concordi
413 5451 805 5509 unanimitate
826 5456 1027 5509 nostra
1049 5452 1315 5509 videmus
1338 5454 1494 5512 hunc
1512 5457 1674 5528 regni

62 5528 210 5605 hujus
230 5540 499 5600 heredem
516 5558 663 5599 esse
693 5541 1044 5614 legitimum,
1059 5541 1154 5599 cui
1173 5559 1281 5599 nos
1301 5549 1506 5616 sponte
1523 5561 1678 5601 com-

66 5626 319 5704 misimus,
351 5633 641 5690 domnum
686 5629 953 5690 videlicet
995 5634 1340 5706 praesentem
1380 5649 1575 5708 regem
1606 5651 1672 5693 ac

1786 5010 1962 5082 leges,
1986 5013 2107 5064 tam
2130 5008 2553 5064 ecclesiasticas
2582 5026 2759 5080 quam
2787 5010 3136 5076 mundanas,
3170 5008 3357 5082 legem
3380 5013 3437 5065 et

1777 5098 2073 5170 justitiam
2100 5114 2473 5167 conservare;
2500 5098 2558 5153 in
2590 5098 2718 5168 hoc,
2737 5102 2801 5154 ut
2824 5098 3011 5155 honor
3036 5098 3232 5172 regius
3264 5104 3319 5155 et
3341 5116 3437 5172 po-

1788 5192 1989 5254 testas,
2018 5203 2084 5241 ac
2132 5186 2327 5242 debita
2366 5186 2720 5257 obedientia,
2751 5193 2926 5261 atque
2973 5188 3329 5258 adjutorium
3360 5188 3433 5244 ad

1786 5293 2031 5349 regnum
2065 5275 2209 5330 mihi
2236 5292 2271 5331 a
2300 5276 2651 5332 Deovdatum
2700 5278 3118 5334 continendum
3150 5280 3207 5332 et
3235 5276 3432 5331 defen-

1785 5365 2058 5431 sandum,
2093 5365 2164 5421 ab
2197 5382 2549 5437 unoquoque
2579 5371 2837 5423 vestrum
2887 5367 3211 5424 secundum
3258 5380 3432 5420 suum

1785 5455 2048 5512 ordinem
2096 5459 2154 5510 et
2192 5454 2537 5527 dignitatem
2578 5461 2753 5528 atque
2800 5456 3249 5529 possibilitatem
3287 5451 3431 5507 mihi

1784 5543 2144 5612 exhibentur,
2162 5542 2497 5623 sicutvestri
2522 5550 2919 5602 antecessores
2932 5541 3193 5607 ﬁdeliter,
3201 5541 3365 5611 juste
3376 5543 3435 5597 et

1783 5632 2228 5705 rationabiliter,
2262 5632 2409 5693 meis
2443 5633 2911 5693 antecessoribus
2941 5629 3351 5693 exhibuerunt.
