3828 6204
406 327 525 387 73Ὗ

1068 322 1402 384 APPEND.
1449 325 1551 383 AD
1597 323 1786 385 SEO.
1834 325 1909 385 X.
1943 355 2023 367 —
2052 321 2556 386 MONUMENTA
2603 325 3158 388 DIPLOMATICA.

3677 330 3769 387 τω

474 461 548 519 Et
562 459 828 534 posthac
851 458 1221 522 llincmarus,
1244 457 1558 512 Remorum
1582 456 1915 529 episcopus,
1934 455 2055 513 hac
2083 459 2139 527 Α
2169 459 3142 529 patersuus‘domnusHludovicus,
3160 460 3293 532 pius
3317 458 3772 532 imperatoraugn-

403 568 532 624 qua
544 546 1404 622 sequunturcapitulaJubente
1417 563 1483 601 ac
1495 545 1827 617 postulante
1838 547 2059 601 Adven-

400 642 508 710 tio,
538 640 728 713 ipsius
777 637 1029 695 civitatis
1077 635 1372 709 episcopo,
1403 652 1469 690 ac
1510 635 1719 692 ceteris
1769 634 2056 707 episcopis

400 731 775 787 Trevirorum
800 726 1131 800 provincia,
1153 726 1363 781 Attone
1383 723 1605 780 scilicet
1625 722 1882 780 ecclesia
1906 723 2056 779 Viri-

401 817 687 877 dunensis
704 816 998 890 episcopo,
1021 821 1079 871 et
1097 814 1339 870 Arnuli‘o
1363 813 1658 870 Tullensis
1675 812 1925 869 civitatis
1940 812 2057 884 epi-

400 925 599 982 scopo,
623 909 920 964 Francone
947 903 1309 978 Tungrensis
1340 902 1591 960 civitatis
1622 903 2056 976 episcopo,con-

399 997 738 1056 bibentibus
758 994 1064 1069 provincia
1078 995 1392 1051 Remorum
1404 992 1493 1065 epi
1502 992 1919 1064 scopis,coram
1932 989 2054 1063 epi-

398 1088 591 1162 scopis
602 1092 658 1143 et
672 1103 805 1159 rege
827 1083 1169 1159 cunctisque
1189 1082 1289 1154 qui
1315 1081 1546 1154 publice
1568 1080 1952 1136 adfueruntin
1965 1097 2056 1136 ea-

395 1180 529 1235 dem
558 1174 804 1233 ecclesia
832 1171 1065 1246 publice
1095 1170 1478 1228 denuntiavit.

410 1314 415 1321 .
465 1269 518 1323 4.
545 1266 627 1323 Ne
658 1262 833 1321 alicui
866 1263 1012 1319 forte
1043 1261 1306 1317 videatur
1326 1258 1643 1330 incongrue
1674 1275 1741 1313 ac
1773 1275 2051 1330 pra-sum-

394 1358 600 1429 ptiose,
624 1372 716 1409 me
736 1369 802 1409 ac
827 1350 1131 1424 provincia
1148 1354 1358 1406 nostrae
1382 1347 1740 1405 venerabiles
1754 1347 2046 1419 coepisco-

393 1462 498 1518 pos
518 1445 725 1506 facere,
750 1441 1030 1513 quoniam
1063 1440 1133 1494 de
1156 1438 1338 1495 altera
1368 1436 1664 1509 provincia
1693 1436 2046 1491 ordinationi

390 1540 449 1589 et
489 1533 685 1589 causis
737 1531 917 1601 hUJUS
965 1527 1274 1600 provincia
1305 1544 1410 1581 nos
1444 1525 1867 1594 immiscemus,
1901 1526 2047 1580 sciat

390 1639 499 1678 nos
530 1625 733 1678 contra
759 1633 1013 1674 canones
1042 1631 1241 1671 sacros
1271 1632 1382 1670 non
1417 1613 1902 1687 agere,quoniam
1937 1614 2043 1668 Re-

390 1710 614 1767 mensis
645 1713 701 1765 et
730 1705 1099 1764 Treverensis
1128 1704 1383 1761 ecclesia
1415 1702 1474 1758 in
1506 1702 1616 1759 hac
1652 1701 1883 1775 regione
1914 1703 2037 1758 Bel-

389 1800 522 1874 gica
549 1815 683 1855 cum
714 1796 825 1854 sibi
860 1794 1192 1852 commissis
1244 1792 1507 1849 ecclesiis
1536 1808 1763 1849 sorores
1794 1795 1850 1846 et
1878 1808 2040 1847 com-

390 1886 772 1961 provinciales
797 1885 1106 1952 habentur,
1132 1883 1284 1940 sicut
1304 1881 1618 1938 auctoritas
1645 1878 2039 1937 ecclesiastica

387 1984 444 2035 et
471 1975 883 2049 antiquissima
911 1976 1273 2030 demonstrat
1303 1972 1684 2028 consuetudo.
1703 1973 1782 2027 Ac
1810 1987 1911 2043 per
1930 1970 2039 2028 hoc

389 2067 652 2125 unanimi
686 2081 977 2121 consensu
1008 2068 1065 2118 et
1094 2061 1398 2135 synodalia
1418 2060 1644 2132 judicia
1668 2077 1949 2127 exercere,
1983 2065 2040 2114 et

385 2174 512 2229 quae
537 2173 569 2211 a
602 2154 820 2211 sanctis
850 2152 1123 2208 Patribus
1155 2151 1469 2206 constituta
1496 2150 1882 2214 sunt,debent
1907 2165 2039 2203 con-

384 2245 636 2302 corditer
654 2242 975 2310 custodire;
1002 2241 1109 2296 hac
1132 2238 1417 2312 privilegii
1434 2237 1764 2294 conditione
1787 2240 2032 2304 servata,

383 2334 564 2407 utqui
588 2334 746 2405 prior
756 2332 826 2387 de
841 2329 1112 2386 Remensi
1135 2333 1193 2383 et
1213 2328 1548 2383 Treverensi
1573 2327 1845 2399 episcopo
1862 2325 2037 2381 fuerit

382 2425 710 2489 ordinatus,
739 2421 897 2492 prior
918 2419 1094 2474 etiam
1123 2418 1426 2472 habeatur.

452 2517 507 2567 2.
540 2512 611 2565 Et
640 2510 730 2565 lex
759 2508 1043 2565 divinitus
1072 2505 1356 2577 inspirata
1398 2504 1658 2576 pracipit
1707 2505 1907 2559 dicens
1931 2520 1945 2559 :
1973 2503 2035 2558 Si

382 2601 671 2657 transieris
694 2613 793 2669 per
818 2612 1043 2651 messem
1072 2596 1240 2649 amici
1267 2596 1350 2650 tui
1376 2594 1638 2662 colligens
1660 2595 2034 2664 spicas,manu

381 2688 713 2762 confricabis
733 2683 1277 2749 admanducandum,
1290 2684 1485 2754 falcem
1494 2691 1673 2738 autem
1688 2699 1800 2738 non
1824 2684 2031 2749 mittas,

378 2780 465 2835 vel
492 2778 635 2850 falce
659 2793 767 2832 non
790 2772 1207 2831 metas.Messis
1236 2776 1325 2827 cst
1354 2770 1625 2844 populus,
1650 2775 1717 2826 ut
1747 2772 2030 2828 Dominus

383 2869 675 2923 monstrat
714 2864 775 2921 in
834 2862 1140 2936 Evangelia
1200 2860 1400 2917 dicens
1432 2878 1447 2917 :
1480 2861 1660 2917 Messi:
1706 2861 1922 2933 quidem
1952 2868 2032 2917 est

377 2957 575 3023 multa,
590 2956 832 3028 operarii
859 2961 1042 3009 autem
1064 2952 1251 3023 pauci.
1286 2952 1483 3019 Regale
1510 2950 1793 3006 dominum
1815 2951 2025 3015 messis,

376 3055 438 3102 ut
467 3048 646 3103 mittat
690 3044 967 3116 operarios
1016 3043 1078 3097 in
1122 3056 1344 3095 messem
1391 3056 1590 3107 suam;
1624 3039 1763 3111 quia
1794 3057 1892 3095 vos
1921 3056 2025 3111 pro

377 3136 549 3193 nobis
579 3133 867 3207 episcopis
894 3129 1117 3187 debetis
1147 3147 1332 3195 orare,
1359 3134 1422 3184 ut
1451 3129 1615 3184 vobis
1645 3127 1823 3200 digna
1844 3129 2026 3200 possi-

2168 548 2388 613 stus,ex
2402 548 2679 619 progenie
2697 548 3025 605 Hludowici
3047 550 3201 621 regis
3224 549 3771 621 Francoruminclyti.

2164 651 2269 707 per
2298 636 2451 691 beati
2486 637 2734 710 Remigii
2768 639 3125 693 Francorum
3174 637 3427 710 apostoli
3470 638 3774 694 catholicam

2164 725 2636 795 pradicationem
2667 742 2803 782 cum
2836 726 3064 800 integra
3090 734 3264 799 gente
3292 728 3571 791 conversi,
3589 734 3773 783 etcum

2162 813 2355 869 tribus
2381 814 2732 870 Francorum
2761 814 3047 886 millibus,
3059 816 3319 888 exceptis
3339 816 3588 888 parvulis
3604 820 3775 872 etma-

2162 899 2423 972 lieribus,
2438 902 2637 975 vigilia
2668 904 2854 960 sancti
2878 902 3112 961 Pascha
3130 905 3190 961 in
3213 904 3487 961 Remensi
3511 906 3773 978 metropoli

2162 988 2532 1062 baptizati,et
2551 991 2782 1050 caelitus
2815 999 3055 1067 sumpto
3081 993 3421 1060 chrismate,
3438 994 3584 1050 unde
3614 994 3773 1051 adhuc

2162 1077 2469 1149 habemus,
2504 1081 2766 1153 peruncti
2797 1087 2855 1137 et
2882 1081 2941 1137 in
2974 1098 3167 1155 regem
3200 1083 3439 1153 sacrati,
3458 1091 3775 1155 exortusper

2160 1166 2399 1224 beatum
2429 1169 2762 1237 Arnulfum,
2799 1188 2834 1226 a
2863 1172 3035 1242 cujus
3064 1188 3241 1227 carne
3268 1172 3425 1227 idem
3460 1171 3774 1229 Hludovicus

2159 1255 2294 1328 pius
2323 1264 2612 1331 angustus
2640 1259 2929 1331 originem
2961 1260 3128 1316 duxit
3156 1261 3447 1326 carnis,et
3465 1262 3771 1334 aStephano

2158 1362 2311 1418 papa
2341 1347 2603 1403 Romano
2624 1354 2761 1403 ante
2788 1354 3002 1404 sancta
3034 1350 3129 1406 Dei
3163 1350 3466 1421 genitricis
3493 1356 3551 1406 et
3577 1369 3775 1423 semper

2156 1434 2398 1506 virginis
2430 1436 2626 1493 Maria
2656 1437 2838 1493 altare
2862 1438 3062 1494 Remis
3090 1438 3152 1494 in
3184 1438 3590 1511 imperatorem
3610 1449 3770 1496 estet»

2155 1528 2418 1591 ronatus,
2451 1530 2508 1580 et
2547 1527 2787 1582 demum
2841 1528 3091 1583 factione
3138 1530 3532 1599 quorumdam
3577 1534 3771 1585 terreno

2154 1612 2396 1685 imperio
2427 1614 2765 1682 destitutus,
2789 1616 2844 1670 in
2866 1617 3205 1688 praedictam
3227 1617 3390 1689 regni
3418 1623 3639 1690 partem
3653 1636 3770 1675 una-

2151 1702 2417 1759 nimitate
2464 1704 2870 1776 episcoporum
2912 1710 2970 1760 et
2999 1704 3190 1761 ﬁdelis
3221 1706 3422 1779 populi
3453 1712 3582 1763 ante
3606 1708 3766 1781 sepul-

2152 1791 2359 1848 chrum
2407 1794 2591 1849 sancti
2641 1793 2919 1867 Dionysii,
2968 1794 3164 1850 eximii
3214 1796 3512 1868 martyris,
3549 1797 3768 1853 ecclesia

2149 1886 2366 1936 sancta
2397 1885 2486 1938 est
2516 1882 2801 1948 redditus,
2824 1887 2881 1939 et
2900 1882 2960 1939 in
2982 1883 3092 1940 hac
3114 1884 3309 1953 domo,
3335 1890 3473 1941 ante
3492 1885 3595 1941 hoc
3615 1885 3765 1942 altare

2148 1971 2590 2045 protomartyris
2611 1971 2910 2044 Stephani,
2933 1974 3103 2044 cujus
3119 1990 3337 2029 nomen
3355 1974 3762 2047 interpretatum

2148 2064 2379 2113 resonat
2410 2065 2744 2123 coronatus,
2770 2078 2871 2132 per
2901 2062 3130 2117 Domini
3161 2063 3760 2131 sacerdotes,acclama-

2146 2146 2303 2202 tione
2332 2147 2523 2205 fidelis
2555 2149 2776 2221 populi,
2796 2149 3227 2208 sicutvidimus
3250 2152 3351 2225 qui
3384 2152 3761 2217 adfuimus,co—

2146 2252 2289 2290 rona
2320 2237 2479 2310 regni
2510 2242 2599 2293 est
2629 2237 2991 2311 imperioque
3025 2240 3354 2296 restitutus.
3379 2241 3448 2295 Et
3467 2242 3622 2313 quia,
3641 2243 3757 2297 utin

2144 2323 2408 2382 historiis
2439 2325 2623 2383 sacris
2656 2325 2928 2399 legimus,
2964 2345 3129 2400 reges
3161 2330 3398 2402 quando
3436 2347 3614 2404 regna
3639 2332 3759 2386 obti-

2144 2416 2798 2488 nuerunt,singulorum
2813 2434 3127 2488 regnorum
3142 2419 3257 2474 sibi
3270 2420 3601 2476 diademata
3614 2422 3759 2491 impo-

2142 2509 2408 2571 suerunt,
2426 2521 2541 2560 non
2565 2504 2955 2578 incongruum
2974 2505 3202 2562 videtur
3218 2507 3348 2563 istis
3364 2509 3757 2563 venerabilibus

2141 2591 2451 2664 episc0pis,
2484 2593 2532 2648 si
2564 2598 2763 2648 vestra
2794 2595 3172 2650 unanimitati
3193 2595 3483 2667 placet,ut
3508 2598 3567 2651 in
3589 2599 3756 2653 obten-
3824 2591 3825 2663 ἲ

2138 2683 2267 2736 tum
2299 2681 2482 2754 regni,
2501 2683 2654 2738 unde
2682 2699 2783 2738 vos
2815 2684 2887 2739 ad
2916 2682 3085 2738 illum
3114 2689 3325 2756 sponte
3354 2687 3693 2742 convenistis
3714 2694 3755 2740 et
3824 2681 3825 2756 ᾗ

2138 2768 2190 2825 ei
2219 2786 2323 2826 vos
2369 2771 2845 2840 commendastis,
2880 2772 3225 2829 sacerdotali
3284 2775 3609 2832 ministerio
3650 2782 3754 2831 ante

2136 2858 2319 2916 altare
2365 2860 2471 2916 hoc
2521 2865 2852 2929 coronetur,
2885 2865 2944 2917 et
2992 2878 3161 2918 sacra
3207 2864 3485 2920 unctione
3536 2864 3751 2921 Domino

2136 2953 2527 3005 consecretur.
2559 2951 2721 3016 Quod
2754 2948 2801 3005 si
2832 2950 2994 3007 vobis
3024 2950 3233 3026 placet,
3264 2953 3517 3025 propriis
3543 2955 3751 3011 vocibus

2134 3042 2469 3094 consonate.
2497 3040 2572 3094 Et
2602 3041 2660 3094 in
2688 3040 2786 3096 hoc
2825 3041 3296 3099 conclamantibus
3335 3045 3610 3113 omnibus,
3637 3043 3752 3098 dicit

2132 3126 2277 3183 idem
2305 3129 2585 3200 episcopus
2618 3145 2631 3184 :
2664 3130 2924 3201 Agamus
2953 3145 3089 3203 ergo
3120 3131 3482 3189 unanimiter
3511 3133 3622 3189 Deo
3647 3149 3751 3206 gra-

378 3242 513 3281 mus
531 3196 711 3296 loqui.
738 3196 946 3278 Messis
976 3225 1173 3276 autem
1205 3218 1377 3274 amici
1406 3224 1496 3274 est
1526 3196 1777 3290 populus
1805 3196 1865 3272 in
1897 3234 2024 3289 pro-
2051 3196 2094 3264 C
2132 3215 2264 3287 tias,
2297 3196 2693 3286 decantantes,
2715 3196 2784 3274 ἴε
2812 3221 2982 3274 Deum
3011 3196 3323 3276 lvazulamus.

375 3312 567 3370 vincia
614 3311 777 3368 alteri
836 3307 1283 3381 metropolitano
1341 3306 1678 3362 commissa.
1712 3306 1874 3362 Unde
1924 3324 2025 3363 vos

375 3402 685 3468 hortando,
719 3400 889 3473 quasi
931 3415 1110 3455 manu
1159 3397 1350 3469 operis
1391 3396 1786 3464 conl'ricando,
1820 3396 1892 3452 ad
1924 3396 2024 3452 Dei

373 3493 730 3550 voluntatem
760 3493 817 3545 et
846 3493 1100 3544 vestram
1141 3486 1391 3542 salutem
1440 3486 1500 3541 in
1541 3502 1753 3557 corpus
1787 3485 2026 3541 unitatis

377 3581 631 3639 ecclesia
663 3580 925 3636 valemus
946 3582 1003 3633 et
1022 3577 1304 3632 debemus
1336 3576 1620 3648 trajicere.
1648 3576 1708 3631 In
1731 3575 2029 3648 parochia-

378 3690 487 3727 nos
516 3676 714 3726 autem
745 3666 1177 3740 provinciarum
1209 3664 1341 3720 aliis
1372 3664 1835 3736 metropolitanis
1865 3682 2028 3721 com-

382 3759 701 3813 missarum
720 3754 926 3810 falcem
941 3753 1151 3824 judicii
1176 3769 1290 3808 non
1313 3753 1626 3818 mittimus,
1649 3754 1788 3825 quia
1813 3770 1918 3809 nec
1940 3759 2029 3810 est

381 3847 557 3913 unde,
594 3860 697 3899 nec
727 3846 991 3898 nostrum
1015 3857 1142 3897 esse
1174 3840 1634 3898 consideramus.

398 3953 415 3966 σ
451 3935 506 3988 3.
540 3933 640 3988 Est
670 3935 727 3987 et
756 3929 872 3986 alia
900 3946 1099 3995 causa,
1133 3929 1272 4001 quia
1300 3929 1396 3985 isti
1426 3931 1783 3987 venerabiles
1804 3933 2028 3990 domini

381 4027 439 4079 et
469 4021 790 4077 confratres
820 4018 1005 4074 nostri
1044 4018 1351 4090 provincia
1398 4018 1571 4075 istius
1598 4020 1876 4093 episcopi,
1911 4040 2027 4078 non

381 4112 663 4168 habentes
710 4105 1222 4180 metropolitanum
1262 4107 1622 4180 episcopum,
1653 4109 2028 4182 exiguitatem

382 4205 644 4257 nostram
675 4199 760 4254 sic
789 4196 848 4253 in
883 4195 1028 4267 suis,
1061 4197 1214 4253 sicut
1237 4201 1294 4252 et
1324 4197 1380 4252 in
1414 4197 1767 4270 specialibus
1812 4200 2028 4257 nostris

382 4290 599 4358 causis,
633 4305 739 4345 nos
771 4288 1027 4343 fraterna
1055 4285 1297 4342 caritate
1334 4287 1547 4358 jubent
1571 4292 1629 4343 et
1656 4295 2031 4345 commonent

381 4397 571 4455 agere.
595 4380 700 4436 Est
736 4377 838 4444 ita,
868 4375 1091 4433 domini
1122 4375 1330 4432 fratres
1350 4376 1378 4430 ‘I
1407 4377 1472 4431 Et
1500 4377 1893 4450 responderunt
1922 4381 2032 4451 ipsi

379 4471 614 4544 episcopi
644 4487 661 4524 :
692 4468 777 4525 Ita
804 4470 913 4523 est.

2204 3332 2270 3386 Et
2292 3339 2415 3403 post
2439 3334 2558 3388 haec
2586 3332 2654 3387 ab
2682 3334 2944 3406 episcopis
2971 3350 3093 3389 cum
3128 3334 3501 3393 benedictione
3540 3336 3747 3392 sarcina

2134 3421 2237 3477 tali
2263 3428 2342 3476 est
2370 3420 2515 3477 idem
2544 3434 2644 3477 rex
2668 3430 2978 3478 coronatus.
3744 3428 3747 3433 ’

2138 3571 2574 3611 BENEDiCTlONES
2613 3573 2801 3613 SUPER
2846 3572 3037 3613 REGEM
3076 3575 3351 3615 KAROLUM
3389 3578 3536 3617 ANTE
3570 3576 3750 3616 MISS.“

2518 3644 2583 3682 ET
2620 3645 2834 3684 ALTARE
2872 3646 3067 3684 SANCTI
3106 3647 3407 3687 STEPHANI.
3824 3644 3825 3665 ‘

2207 3752 2498 3808 Adventius
2543 3754 2822 3824 episcopus
2869 3755 3165 3811 Mettensis.
3200 3754 3380 3817 Deus.
3413 3756 3517 3827 qui
3556 3755 3747 3829 populis

2136 3841 2255 3897 tuis
2275 3840 2641 3914 indulgentia
2659 3840 2919 3897 consulis
2932 3847 2989 3898 et
2999 3859 3198 3899 amore
3219 3842 3752 3913 dominaris,dahuic
3824 3870 3825 3875 η

2138 3929 2357 3987 famulo
2386 3934 2487 3986 tuo
2518 3930 2791 4002 spiritum
2823 3930 3141 4002 sapientia,
3165 3932 3268 4003 qui
3296 3932 3513 3989 dedisti
3531 3932 3746 4005 regimen
3824 3996 3825 4005 γ

2138 4020 2491 4093 disciplina;
2526 4022 2592 4073 ut
2622 4019 2727 4074 tibi
2775 4022 2894 4075 toto
2943 4020 3116 4076 cdrde
3162 4021 3428 4086 devotus,
3456 4024 3592 4079 etin
3620 4018 3749 4092 regni

2138 4110 2421 4184 regimine
2453 4111 2687 4164 maneat
2713 4124 2947 4179 semper
2977 4108 3319 4175 idoneus,et
3337 4112 3397 4165 in
3423 4112 3588 4167 bonis
3605 4108 3754 4182 operi-
3824 4144 3825 4159 η

2138 4201 2249 4256 bus
2271 4214 2667 4272 perseverans,
2687 4197 2759 4251 ad
2780 4202 3065 4253 aeternum
3087 4215 3337 4270 regnum
3358 4203 3417 4255 te
3438 4201 3583 4256 duce
3599 4197 3752 4255 valeat
3824 4202 3825 4207 ‘

2137 4287 2457 4363 pervenire.
2491 4287 2597 4342 Per
2625 4285 2959 4354 Dominum,
2993 4292 3103 4343 etc.

2208 4383 2377 4436 Hatto
2411 4376 2791 4434 Virdunensis.
2824 4375 3033 4431 Gratia
3064 4380 3198 4444 tua,
3223 4372 3753 4449 quasumus,Domi-
3824 4372 3825 4443 ξ

2138 4485 2231 4535 ne,
2261 4466 2398 4522 huic
2428 4464 2644 4521 famulo
2672 4468 2772 4521 tuo
2803 4465 2996 4521 tribue
3025 4464 3387 4539 largitatem;
3424 4474 3489 4524 ut
3517 4465 3750 4524 mandata

534 4526 749 4615 Drater
775 4574 844 4613 ea
873 4573 1000 4629 qua
1032 4526 1287 4611 domnus
1316 4556 1624 4629 episcopus
1650 4561 1708 4613 et
1736 4558 1913 4613 frater
1932 4574 2031 4613 no-
2065 4579 2109 4644 θ
2138 4526 2243 4615 tua
2269 4560 2327 4611 te
2355 4558 2630 4644 operante
2661 4554 2978 4644 sectando,
2991 4526 3455 4613 consolationem
3488 4552 3750 4629 praesentis
3824 4602 3825 4607 η

381 4654 502 4707 ster
519 4646 839 4706 Adventius
856 4644 1026 4702 vobis
1045 4662 1113 4701 ex
1133 4662 1242 4701 sua
1261 4649 1318 4700 et
1337 4649 1663 4701 ceterorum
1696 4662 1940 4701 suorum
1961 4663 2029 4703 ac

381 4742 717 4797 nostrorum
733 4738 980 4793 fratrum
994 4738 1055 4790 et
1068 4732 1486 4790 venerabilium
1506 4734 1912 4806 episcoporum
1924 4753 2030 4791 vo-

382 4844 445 4884 ce
458 4825 687 4891 dixit,in
702 4825 809 4881 hoc
821 4823 1000 4879 etiam
1023 4821 1484 4879 animadvertere
1499 4823 1743 4895 potestis
1765 4823 2027 4880 volunta-

382 4918 501 4971 tem
532 4913 633 4969 Dci
662 4930 811 4979 esse,
837 4916 900 4967 ut
921 4927 1177 4984 prasens
1196 4911 1451 4979 domnus
1481 4914 1539 4967 et
1567 4927 1666 4967 rex
1696 4911 2030 4984 noster,qui

384 5003 443 5059 in
458 5005 620 5074 parte
636 4999 797 5073 regni
813 5016 993 5071 quam
1008 4998 1295 5056 hactenus
1310 5003 1467 5056 tenet
1482 5003 1540 5055 et
1559 5000 1766 5068 tenuit,
1782 5008 1840 5056 et
1859 5001 2030 5057 nobis

384 5106 451 5148 ac
470 5088 732 5146 ecclesiis
763 5089 981 5145 nostris
999 5092 1057 5143 et
1076 5088 1290 5161 populo
1322 5088 1434 5145 sibi
1466 5089 1781 5146 commisso
1813 5088 2032 5146 utiliter

382 5183 595 5253 praest
623 5194 689 5233 ac
719 5176 970 5249 prafuit,
1002 5180 1062 5231 et
1091 5175 1404 5232 salubriter
1438 5179 1677 5250 prodest
1705 5182 1761 5234 et
1789 5179 2028 5250 profuit,

382 5267 519 5324 inde
536 5267 609 5323 ad
624 5266 781 5322 hunc
802 5264 996 5321 locum
1017 5265 1261 5320 Domino
1283 5267 1531 5324 ducente
1562 5267 2030 5340 pervenerit,quo

381 5358 560 5416 etiam
589 5371 691 5412 vos
722 5355 851 5426 ejus
885 5352 1267 5424 inspiratione
1305 5355 1668 5412 conﬂuxistis
1696 5360 1756 5412 et
1785 5356 1894 5429 ipsi
1927 5374 2030 5413 vos

382 5451 592 5521 sponte
604 5441 1084 5508 commendastis,
1098 5458 1166 5497 cu
1166 5443 1560 5513 jusinstinctu
1573 5445 1899 5501 animantia
1910 5463 2030 5503 om-

383 5537 481 5596 nia
504 5535 566 5593 in
594 5551 791 5593 arcam
825 5532 962 5599 Noe,
981 5529 1408 5605 significantem
1437 5532 1689 5590 ecclesia
1720 5535 2025 5607 unitatem,

383 5625 545 5697 nullo
571 5628 814 5704 cogente
844 5624 1258 5692 convenerunt,
1292 5620 1432 5697 quia
1469 5626 1682 5682 sancta
1733 5624 2029 5685 memoria

2135 4647 2269 4705 vita
2297 4643 2581 4717 percipiat
2604 4646 2663 4699 et
2691 4644 2922 4697 futura.
2956 4643 3064 4699 Per
3093 4644 3434 4711 Dominum,
3464 4650 3570 4701 etc.

2205 4734 2473 4805 Amulfus
2508 4732 2795 4787 Tullensis.
2829 4731 3079 4799 Nostris,
3123 4749 3490 4805 quaesumus,
3523 4730 3747 4792 Domine,
3824 4762 3825 4765 η

2137 4823 2198 4880 in
2220 4822 2504 4896 regimine
2524 4820 2699 4877 istius
2719 4819 2922 4876 famuli
2948 4820 3033 4875 tui
3052 4822 3369 4894 propitiare
3388 4820 3747 4895 temporibus;
3824 4852 3825 4875 ς

2138 4916 2204 4969 ut
2223 4918 2324 4968 tuo
2347 4909 2960 4981 muneredirigaturet
2972 4913 3173 4966 nostra
3191 4910 3482 4967 securitas
3496 4905 3749 4968 etdevotio

2138 5001 2478 5058 christiana.
2513 4998 2618 5055 Per
2645 4998 2984 5055 Dominum.

2206 5093 2413 5147 France
2443 5089 2786 5159 Tungrensis.
2822 5087 2925 5158 Da,
2959 5105 3320 5160 quasumus,
3353 5088 3611 5158 Domine,
3639 5081 3747 5141 huic

2140 5179 2358 5235 famulo
2410 5182 2511 5234 tuo
2560 5176 2813 5234 salutem
2864 5177 3079 5237 mentis
3107 5182 3166 5235 et
3193 5178 3495 5253 corporis;
3524 5181 3585 5233 ut
3610 5170 3744 5229 bonis

2138 5268 2413 5341 operibus
2443 5267 2801 5335 inharendo,
2832 5270 2936 5322 tua
2965 5283 3199 5340 semper
3244 5272 3541 5325 mereatur
3572 5263 3745 5321 virtute

2139 5356 2395 5414 defend].
2425 5356 2531 5412 Per
2558 5356 2897 5412 Dominum.

2208 5448 2534 5503 Hincmaras
2614 5445 3002 5501 Laudunensis.
3061 5446 3531 5503 Benedictionem
3594 5448 3740 5498 tuam.

2138 5536 2403 5604 Domine,
2436 5534 2530 5591 hic
2578 5533 2837 5591 famulus
2885 5538 3024 5591 tuus
3072 5535 3363 5609 accipiat:
3395 5552 3514 5610 qua
3542 5539 3742 5603 corpore

2140 5624 2398 5688 salvatus
2431 5628 2488 5685 et
2516 5627 2732 5697 mente,
2759 5627 2817 5683 et
2844 5627 3070 5699 gratam
3104 5624 3215 5687 tibi
3261 5641 3498 5706 semper
3518 5616 3745 5688 ambul
3824 5620 3825 5677 ἲ
