3828 6204
421 288 536 348 ’147

420 515 479 566 et
508 513 574 565 ut
602 508 855 565 inﬁdelis
875 509 1191 579 judicetur.

492 602 546 654 2.
571 598 644 654 Ut
674 598 915 653 comites
955 603 1010 653 et
1050 598 1217 654 missi
1263 599 1445 654 nostri
1499 599 1815 653 maximam
1866 615 2066 653 curam

423 687 1047 759 adhibeant,quatinus
1068 687 1126 741 in
1150 688 1383 743 illorum
1402 688 1774 742 comitatibus
1793 693 1848 741 et
1865 687 2069 741 missa-

425 775 557 831 tieis
589 775 840 848 populus
858 776 1151 846 justitiam
1175 781 1232 831 et
1252 793 1452 847 pacem
1477 776 1705 841 habeat,
1728 781 1783 830 et
1804 777 1872 829 de
1898 775 2070 830 latro-

423 863 599 920 nibus
623 864 1001 921 exturbandis
1032 865 1353 919 maximum
1384 868 1677 920 certamen
1705 865 1975 919 habeant.
2001 865 2069 919 Et

423 952 474 1009 si
504 952 638 1009 talis
660 953 1001 1009 malefactor
1020 958 1121 1009 aut
1141 952 1396 1009 inﬁdelis
1431 958 1624 1009 noster
1655 953 1975 1018 einerserit,
2005 957 2070 1006 ut

422 1059 525 1115 per
554 1059 615 1099 se
648 1042 814 1097 illum
837 1042 1327 1114 comprehendere
1349 1058 1544 1097 comes
1574 1042 1633 1096 in
1655 1060 1761 1098 suo
1783 1042 2065 1096 coi'nitatu

421 1147 535 1185 non
559 1130 764 1202 possit,
782 1130 1029 1203 accipiat
1049 1124 1314 1186 homines
1339 1136 1456 1185 tam
1482 1137 1732 1194 nostros,
1751 1147 1925 1202 quam
1950 1130 2067 1202 epi-

418 1236 728 1293 scoporum
746 1219 835 1275 vel
851 1220 1130 1274 abbatum
1156 1227 1211 1274 et
1232 1221 1663 1275 abbatissarum
1684 1220 1738 1273 in
1766 1237 1871 1274 suo
1894 1221 2068 1274 comi-

416 1314 542 1364 tatu
572 1313 1033 1376 commanentes,
1065 1313 1124 1363 et
1152 1309 1236 1363 sic
1268 1308 1436 1363 illum
1468 1314 1857 1380 persequatur
1885 1310 2066 1364 donec

416 1397 889 1470 comprehendat.
916 1398 982 1451 Et
1013 1397 1113 1468 qui
1146 1397 1217 1451 ad
1250 1397 1424 1452 talem
1460 1396 1889 1452 malefactorem
1922 1398 2067 1452 acci-

416 1487 696 1560 piendum
725 1491 965 1543 vocatus
997 1486 1192 1554 fuerit,
1221 1490 1275 1540 et
1307 1503 1369 1541 se
1402 1487 1533 1540 inde
1566 1486 1867 1541 retraxerit
1901 1492 1962 1541 ut
1991 1489 2061 1542 ad

416 1575 528 1632 hoc
557 1574 913 1647 adjutorium
950 1591 1063 1629 non
1110 1578 1365 1646 prazstet,
1398 1575 1446 1629 si
1488 1574 1634 1629 liber
1663 1574 1837 1630 homo
1869 1576 2061 1645 fuerit,

416 1664 680 1720 bannum
711 1663 1073 1719 dominicum
1101 1669 1440 1735 componat;
1473 1663 1597 1718 etsi
1622 1663 1861 1719 colonus
1895 1666 2066 1721 fuerit

417 1753 721 1826 sexaginta
767 1753 916 1808 ictus
965 1752 1228 1824 accipiat.
1264 1752 1412 1807 Etsi
1456 1752 1589 1807 talis
1635 1754 1973 1808 malel'actor
2004 1755 2058 1809 in
2099 1790 2139 1854 Β

414 1841 516 1896 illa
546 1842 948 1914 persecutione
995 1841 1223 1897 occisus
1253 1841 1446 1907 fuerit,
1471 1842 1571 1913 qui
1620 1860 1753 1897 eum
1787 1843 2063 1899 occiderit

410 1929 648 1992 leudem
679 1930 814 1986 inde
860 1947 975 1986 non
1007 1929 1208 1997 solvat,
1232 1934 1288 1985 et
1333 1929 1529 1986 nullus
1560 1930 1643 1985 illi
1675 1931 1809 1986 inde
1842 1932 2059 1989 l'aidam

410 2023 643 2092 portare
674 2024 1008 2097 praesumat.
1034 2021 1195 2085 Quod
1219 2020 1266 2074 si
1296 2021 1429 2091 quis
1461 2020 1646 2075 facere
1677 2038 2062 2093 praesumpse-

412 2108 506 2176 rit,
534 2125 637 2181 per
665 2114 850 2165 certos
883 2109 1254 2179 ﬁdejussorcs
1286 2109 1359 2165 ad
1400 2114 1659 2164 nostram
1691 2111 2059 2181 prazsentiam

408 2198 550 2270 perd
561 2203 787 2254 ucatur.

479 2288 533 2341 3.
570 2291 646 2342 De
678 2285 796 2342 illis
825 2285 1022 2343 liberis
1052 2287 1389 2343 hominibus
1421 2288 1519 2359 qui
1555 2288 1801 2343 infames
1832 2287 1917 2343 vel
1950 2288 2061 2344 cla-

412 2375 625 2431 modici
657 2379 796 2431 sunt
825 2376 895 2431 de
924 2376 1146 2446 testejis
1176 2376 1260 2431 vel
1297 2375 1617 2431 latrociniis
1650 2384 1706 2433 et
1734 2378 2061 2449 rapacitati-

412 2464 524 2519 bus
554 2468 610 2519 et
641 2462 947 2518 assalturis
976 2463 1063 2519 vel
1107 2464 1178 2518 de
1218 2465 1560 2520 infidelitate
1593 2471 1811 2531 nostra,
1835 2472 1891 2522 et
1921 2484 2057 2523 cum

412 2551 567 2606 furto
599 2567 712 2606 non
746 2552 1339 2623 comprehenduntur,
1368 2553 1417 2608 si
1447 2554 1531 2608 eis
1554 2554 1681 2624 jam
1713 2555 1826 2609 vita
1857 2558 2059 2626 perdo-

411 2643 550 2694 nata
580 2644 668 2693 est
714 2644 948 2711 propter
992 2639 1226 2713 aliquod
1260 2640 1657 2707 malefactum,
1692 2644 1792 2698 ﬁat
1821 2645 1890 2698 de
1940 2645 2057 2701 illis

411 2726 565 2781 sicut
597 2726 653 2781 in
678 2727 981 2800 capitulari
1013 2729 1099 2783 avi
1134 2734 1191 2784 et
1220 2729 1400 2800 patris
1434 2730 1615 2785 nostri
1643 2732 2054 2788 contineturin

408 2813 556 2870 libro
586 2816 639 2870 3.
664 2814 917 2888 capitulo
942 2819 1029 2872 47.
1055 2821 1111 2872 et
1140 2817 1188 2872 si
1212 2819 1337 2888 jam
1382 2819 1453 2872 de
1504 2818 1809 2875 latrocinio
1858 2822 2053 2878 revicti

407 2907 568 2971 sunt,
604 2905 704 2959 ﬁat
748 2905 817 2960 de
848 2904 965 2961 illis
996 2907 1149 2961 sicut
1199 2909 1268 2962 de
1318 2907 1566 2963 revictis.
1603 2909 1659 2964 Si
1709 2915 1904 2966 autem
1940 2911 2053 2967 illis

404 2992 595 3048 adhuc
626 2993 742 3049 vita
768 2996 1084 3067 perdonata
1128 3013 1241 3049 non
1277 2997 1403 3062 fuit,
1428 3002 1485 3052 et
1517 2997 1709 3052 revicti
1745 3016 1858 3053 non
1892 3006 2049 3068 sunt,

402 3085 459 3135 et
491 3098 581 3137 res
628 3087 687 3137 et
736 3084 1028 3155 mancipia
1059 3083 1144 3138 vel
1178 3084 1390 3139 mobile
1423 3084 1662 3153 habent,
1688 3086 1787 3141 ﬁat
1817 3087 1886 3142 de
1933 3087 2049 3144 illis

401 3169 554 3226 sicut
584 3171 640 3225 in
674 3177 884 3242 quarto
916 3172 1062 3227 libro
1085 3172 1485 3244 Capitulornm
1519 3174 1774 3245 capitulo
1805 3176 1876 3229 29
1905 3177 2049 3232 dici-
2080 3157 2122 3224 (ἶ
2162 3187 2296 3225 eum
2328 3170 2386 3225 in
2421 3169 2592 3225 mallO
2620 3174 2945 3241 ρι’δεεθιιιθῐ,
2971 3175 3028 3224 et
3051 3177 3491 3242 praseDl-atum,
3514 3173 3556 3227 si
3585 3170 3748 3241 aliquis

402 3263 519 3325 tur,
545 3275 679 3313 cum
712 3260 783 3315 ad
815 3260 1059 3316 mallum
1089 3262 1321 3317 comitis
1349 3252 1630 3317 venerint.
1658 3264 1716 3319 Si
1748 3269 1944 3320 autem
1977 3267 2047 3321 ad

403 3338 647 3402 mallum
673 3365 787 3403 non
806 3350 1087 3416 venerint,
1108 3350 1482 3419 banniantur,
1498 3357 1556 3406 et
1578 3369 1681 3424 per
1700 3369 1790 3408 res
1812 3359 1869 3408 et
1889 3371 2050 3409 man-

401 3435 554 3508 cipia
573 3436 659 3493 vel
693 3437 906 3494 mobile
928 3439 1465 3512 126ldistringantur
1496 3446 1558 3496 ut
1586 3440 1838 3497 veniant.
1853 3443 1907 3497 Si
1942 3460 2047 3499 au-

400 3528 517 3580 tem
551 3543 666 3580 non
689 3527 1075 3595 venerint,ﬁat
1100 3529 1170 3584 de
1190 3528 1305 3584 illis
1326 3530 1479 3585 sicut
1504 3530 1561 3585 in
1584 3532 1891 3603 capitulari
1916 3550 2047 3588 cou-

395 3612 635 3670 tinetur.
661 3616 731 3670 Et
754 3615 804 3671 si
828 3621 959 3688 post
986 3618 1305 3671 secundam
1327 3617 1557 3674 comitis
1584 3620 2043 3677 admonitionem

397 3701 467 3756 ad
491 3701 731 3757 mallum
745 3704 938 3758 venire
957 3703 1267 3773 noluerint,
1285 3706 1457 3761 rebus
1474 3723 1678 3762 eorum
1701 3709 1758 3763 in
1778 3710 2041 3767 bannum

395 3790 597 3846 missis
617 3792 813 3847 venire
831 3797 888 3847 et
900 3792 1196 3862 justitiam
1226 3795 1463 3849 reddere
1493 3796 1940 3868 compellantur.
1977 3801 2043 3855 Et

392 3877 443 3933 si
476 3878 608 3934 talis
638 3885 727 3936 est
757 3897 931 3952 quem
971 3887 1073 3935 aut
1110 3888 1379 3952 parentes
1418 3889 1519 3939 aut
1559 3889 1792 3956 propter
1820 3886 2037 3944 faidam

390 3966 660 4025 homines
690 3985 965 4025 accusare
990 3968 1284 4025 noluerint
1304 3976 1405 4026 aut
1434 3974 1558 4027 ausi
1582 3990 1696 4029 non
1729 3976 2038 4042 fuerint,et

355 4127 359 4131 .
388 4072 520 4111 cum
551 4056 858 4113 malefaeto
885 4058 1345 4130 comprehensus
1372 4078 1485 4116 non
1517 4062 1687 4117 fuerit
1711 4071 1765 4118 et
1798 4081 2036 4135 negave-

387 4145 482 4213 rit,
510 4148 669 4217 juret
699 4163 833 4203 cum
866 4147 1170 4202 duodecim
1220 4146 1438 4204 talibus
1489 4150 1745 4219 Francis,
1780 4170 2031 4224 quorum

382 4236 786 4292 testimonium
818 4237 975 4309 leges
1005 4235 1251 4308 publica:
1275 4254 1387 4293 non
1419 4238 1708 4308 rejiciunt,
1737 4243 1890 4313 quod
1923 4249 2032 4300 tes-

378 4324 557 4396 tejam
591 4324 677 4380 vel
709 4324 1081 4381 latrocinium
1123 4329 1226 4379 aut
1264 4326 1526 4397 rapinam
1563 4345 1676 4383 non
1711 4330 1939 4400 fecerit;
1973 4337 2030 4388 et

270 4454 283 4473 ,
378 4418 512 4485 post
535 4413 656 4468 hinc
678 4414 702 4484 j
713 4417 839 4469 uret
864 4413 989 4487 ipse
1011 4416 1431 4486 tantum,quod
1459 4416 1734 4490 deinceps
1756 4421 2023 4490 testejam

1083 288 1423 347 APPEND.
1470 289 1571 347 AD
1616 287 1803 347 S/EC.
1851 289 1927 347 X.
1962 319 2039 328 —
2070 287 2575 349 MUNUMENTA
2621 288 3169 350 DIPLOMATICA.

421 424 610 477 nitum
635 420 690 475 in
716 410 968 492 hospitio
991 419 1534 492 suscepisset,sicut
1557 419 1680 493 ipse
1705 418 2071 475 forbannitus
2101 420 2156 487 Α
2188 417 2309 473 tulo
2352 419 2442 485 50,
2477 437 2592 492 quo
2641 419 2858 475 dicitur
2912 421 2982 477 de
3038 420 3370 477 latronibus
3398 421 3499 493 qui
3551 438 3751 488 magnam

3677 295 3750 352 768

2178 507 2397 564 habent
2443 508 2893 580 blasphemiam.
2928 509 3294 582 Quicumque
3344 509 3591 583 aliquem
3621 532 3672 568 ex
3694 513 3752 568 his

2178 597 2706 668 comprehenderit,
2738 598 2967 654 nullum
2999 599 3285 654 damnum
3315 599 3519 654 exinde
3551 601 3751 671 patiatur.

2178 685 2650 758 Comprehensos
2672 692 2890 751 autem,
2915 686 2963 743 si
2992 688 3370 758 ﬁdejussores
3391 687 3592 743 habere
3618 696 3755 760 potue-

2178 774 2381 845 rit,per
2410 774 2787 845 lidejussores
2820 777 2890 830 ad
2925 774 3167 831 mallum
3213 776 3562 843 adducatur;
3591 778 3630 833 si
3654 779 3753 833 ﬁde-

2169 863 2437 934 jussores
2468 863 2679 919 habere
2730 881 2844 919 non
2898 865 3168 936 potuerit,
3200 883 3236 921 a
3268 864 3551 921 ministris
3589 868 3753 923 comitis

2177 950 2562 1018 custodiatur,
2586 959 2643 1007 et
2673 953 2748 1008 ad
2769 951 3013 1008 mallum
3040 955 3415 1025 perducatur.
3442 955 3510 1009 Et
3532 955 3576 1009 si
3603 954 3751 1027 aliqui:

2175 1056 2309 1095 eum
2350 1040 2728 1109 accusaverit,
2762 1041 2863 1096 ﬁat
2904 1042 2975 1097 de
3005 1041 3104 1096 illo
3136 1044 3467 1097 secundum
3519 1045 3751 1115 praefatum

2176 1127 2497 1200 capitulum
2526 1127 2659 1183 libri
2681 1130 3038 1202 capitularis.
3060 1130 3115 1185 Si
3141 1135 3339 1185 autem
3363 1148 3495 1185 eum
3520 1131 3685 1186 nullus
3699 1152 3754 1186 ac-

2175 1219 2483 1284 cusaverit,
2517 1219 2856 1273 excondicat
2902 1236 2963 1273 se
3013 1219 3287 1290 praedicto
3339 1223 3533 1283 modo,
3562 1223 3752 1289 etjuret,

2177 1306 2332 1377 quod
2363 1306 2639 1378 deinceps
2668 1309 2932 1376 testejam
2963 1306 3051 1361 vel
3082 1307 3457 1363 latrocinium
3490 1327 3591 1364 non
3620 1313 3753 1371 faciet,

2177 1411 2365 1466 neque
2389 1394 2616 1449 facienti
2642 1396 2984 1461 consentiet,
3007 1401 3063 1450 et
3088 1396 3134 1450 si
3161 1395 3361 1451 scierit
3381 1398 3482 1469 qui
3506 1397 3603 1452 hoc
3623 1399 3753 1463 faciet,

2176 1499 2290 1538 non
2315 1483 2459 1538 celet
2481 1483 2768 1539 ministris
2792 1484 2954 1557 regni
2988 1501 3090 1556 per
3110 1502 3257 1558 quos
3279 1485 3415 1540 talis
3435 1505 3602 1543 causa
3617 1505 3756 1543 einen-

2175 1570 2297 1626 dari
2322 1572 2510 1627 debet.
2537 1572 2594 1628 Si
2628 1589 2759 1628 vero
2784 1573 2950 1639 tales,
2975 1578 3038 1628 ut
3061 1573 3462 1645 przediximus,
3487 1575 3553 1629 ad
3574 1576 3754 1630 mallum

2174 1659 2383 1714 adduci
2418 1678 2531 1716 non
2575 1662 2891 1733 potuerint,
2926 1662 2984 1715 in
3016 1661 3371 1719 forbannum
3404 1664 3698 1731 mittantur,
3720 1671 3754 1719 et

2175 1749 2245 1803 de
2276 1748 2366 1804 his
2399 1748 2565 1804 missi
2595 1749 2681 1803 vel
2714 1750 2979 1815 comites,
3005 1750 3157 1805 sicut
3207 1768 3390 1822 supra
3428 1752 3675 1819 diximus,
3699 1756 3753 1806 la-

2171 1837 2357 1904 ciant;
2392 1843 2447 1893 ct
2475 1838 2544 1893 de
2574 1837 2691 1893 illis
2736 1836 2837 1910 qui
2895 1838 3038 1894 tales
3099 1839 3444 1910 receperint,
3467 1840 3607 1896 sicut
3655 1857 3751 1912 pre-

2170 1927 2535 1998 scripsimus,
2554 1927 2671 1981 ﬁat.
2702 1927 2758 1982 Si
2782 1931 2976 1981 autem
3011 1926 3315 1983 ﬁscalinus
3344 1936 3542 1985 noster
3566 1930 3631 1984 ita
3657 1930 3752 1983 inla-

2169 2016 2283 2070 mis
2316 2015 2370 2069 in
2406 2016 2613 2071 ﬁscum
2660 2020 2928 2071 nostrum
2979 2016 3329 2088 confugerit,
3351 2016 3443 2073 vel
3483 2018 3750 2074 colonusde

2167 2102 2540 2159 immunitate
2564 2104 2621 2158 in
2646 2104 3076 2160 immunitatem
3100 2106 3452 2178 confugerit,
3477 2108 3677 2162 mandet
3691 2124 3751 2161 ce

2169 2193 2505 2262 mesjudici
2549 2198 2745 2248 nostro
2776 2192 2860 2247 vel
2908 2193 3185 2250 advocato
3214 2196 3629 2267 cujuscumque
3650 2211 3748 2249 casa

2168 2281 2290 2346 Dei,
2309 2286 2371 2336 ut
2390 2281 2567 2336 talem
2592 2281 2869 2336 infamem
2893 2281 2953 2335 in
2987 2280 3164 2337 malle
3186 2300 3293 2338 suo
3321 2288 3631 2354 praesentet.
3650 2284 3700 2337 Et
3719 2283 3750 2335 si

2166 2369 2341 2424 talem
2367 2370 2819 2440 praesentaverit,
2844 2370 2892 2424 si
2915 2368 3131 2441 aliquis
3153 2387 3292 2425 eum
3312 2372 3665 2444 comprobare
3686 2388 3749 2425 τοι

2166 2458 2360 2522 luerit,
2381 2457 2584 2513 faciat:
2606 2464 2664 2513 et
2685 2458 2733 2514 si
2769 2457 2968 2514 nullus
2986 2476 3123 2514 eum
3147 2461 3528 2532 comprobem
3547 2461 3749 2524 voluerit,

2165 2554 2358 2603 tamen
2379 2565 2547 2602 suam
2570 2547 2872 2603 infamiam
2890 2548 2959 2602 ad
2974 2548 3387 2618 Deijudicinm
3411 2556 3669 2622 purget,et
3684 2566 3750 2622 per
3798 2547 3799 2621 l

2166 2636 2308 2691 illud
2342 2637 2440 2691 Dei
2465 2636 2761 2706 judicium
2793 2639 2895 2690 aut
2925 2635 3205 2692 liberetur
3234 2642 3341 2692 aut
3376 2640 3749 2694 condemnetur.

2165 2726 2225 2781 Si
2267 2730 2460 2781 autem
2502 2726 2685 2795 judex
2734 2730 2932 2781 noster
2960 2725 3049 2780 vel
3100 2726 3420 2782 advocatus
3450 2728 3519 2783 de
3546 2744 3658 2783 casa
3682 2726 3749 2781 Dei
3798 2728 3799 2801 l

2164 2813 2559 2870 commonitus
2581 2812 2755 2869 talem
2780 2813 3189 2885 blasphemum
3207 2816 3410 2870 comiti
3437 2816 3495 2871 in
3516 2815 3664 2872 malle
3677 2832 3750 2871 suo

2163 2921 2278 2957 non
2312 2902 2763 2975 praesentaverit,
2798 2903 2899 2957 ﬁat
2945 2902 3080 2958 inde
3127 2904 3455 2960 secundum
3497 2902 3750 2977 capitulare

2162 2992 2290 3047 libri
2320 2991 2491 3058 tertii,
2515 2990 2771 3064 capitulo
2791 2992 2966 3046 26.Et
2995 2991 3043 3046 si
3074 3010 3277 3048 servus
3308 2993 3556 3066 alicujus
3574 2995 3643 3048 ita
3664 2992 3748 3047 cla-

2162 3099 2363 3139 mosus
2392 3087 2500 3143 est,
2534 3097 2728 3136 comes
2762 3081 3066 3135 dominum
3118 3082 3268 3136 servi
3323 3088 3681 3144 commoneat,
3703 3084 3747 3133 ut

2159 3260 2538 3331 comprobare
2569 3258 2834 3324 voluerit,
2864 3259 3056 3313 faciat.
3082 3260 3149 3313 Et
3179 3260 3227 3314 si
3258 3260 3459 3316 nullus
3488 3278 3606 3316 eum
3634 3275 3748 3314 com-

2156 3350 2403 3422 probare
2426 3347 2686 3414 voluerit,
2712 3349 2783 3402 ad
2808 3347 2906 3402 Dei
2932 3348 3227 3418 judicium
3255 3349 3526 3421 praedicto
3548 3348 3689 3403 modo
3706 3362 3745 3401 se

2154 3438 2464 3501 examinet,
2480 3441 2536 3493 et
2555 3454 2659 3509 per
2687 3436 2833 3491 illud
2857 3436 2952 3491 Dei
2968 3437 3264 3508 judicium
3286 3444 3388 3493 aut
3412 3438 3662 3494 liberetur
3675 3440 3746 3490 aut

2154 3528 2622 3583 condemnetur..
2645 3525 2704 3581 Si
2728 3529 2921 3581 autem
2945 3525 3223 3581 dominus
3244 3527 3397 3582 servi
3418 3527 3645 3583 eundem
3664 3541 3746 3580 ser

2152 3632 2289 3670 vum
2322 3632 2497 3671 suum
2519 3613 2719 3669 comiti
2746 3614 2801 3668 in
2827 3612 3002 3670 malle
3034 3620 3389 3685 prasentare
3420 3615 3663 3679 noluerit,
3677 3614 3745 3666 liat

2152 3705 2286 3760 inde
2315 3705 2639 3759 secundum
2672 3702 2990 3774 capitalem
3019 3702 3150 3757 libri
3180 3705 3338 3759 tertii
3360 3703 3604 3777 capitulo
3624 3704 3693 3757 46.

2222 3795 2273 3848 4.
2298 3793 2378 3848 De
2406 3792 2522 3848 illis
2553 3791 2891 3847 hominibus
2913 3791 3013 3864 qui
3037 3808 3172 3847 cum
3196 3792 3574 3849 Carlomanno
3594 3796 3746 3864 prete-

2148 3882 2276 3937 ritis
2308 3882 2479 3937 annis
2508 3885 2674 3937 tanta
2696 3879 2851 3936 mala
2880 3886 2937 3936 et
2965 3884 3129 3957 tanta
3159 3879 3382 3937 scelera
3412 3882 3470 3938 in
3499 3897 3653 3953 regno
3673 3896 3742 3934 ω)-

2146 3976 2266 4026 stre
2300 3972 2581 4037 fecerunt,
2596 3969 2749 4025 sicut
2785 3975 2925 4025 tunc
2955 3956 3013 4024 et
3041 3970 3234 4026 verbis
3281 3977 3341 4027 et
3370 3972 3594 4044 scriptis
3633 3986 3740 4041 pre-
3798 3980 3799 4039 γ

2144 4060 2428 4132 cepimus,
2461 4059 2541 4114 ita
2572 4060 2814 4115 comites
2842 4062 2901 4114 et
2930 4057 3098 4114 missi
3124 4060 3311 4115 nostri
3343 4065 3677 4133 exequentur
3698 4056 3740 4109 in
3798 4088 3799 4137 ξ

2142 4166 2241 4206 eos
2273 4150 2333 4204 in
2359 4148 2576 4220 quibus
2607 4152 2805 4204 nostra
2814 4147 3029 4219 jussio,
3054 4166 3233 4221 quam
3254 4149 3499 4206 consilio
3522 4146 3739 4204 ﬁdelium
3798 4140 3799 4187 ἱ

2141 4243 2474 4294 nostrorum
2499 4237 2816 4307 jussimus,
2840 4240 3082 4292 executa
3120 4254 3236 4293 non
3268 4243 3380 4294 est.
3410 4239 3471 4294 Id
3496 4243 3595 4301 est,
3617 4240 3670 4290 ut
3691 4233 3739 4287 ﬁ-
3798 4240 3799 4245 ‘

2138 4326 2435 4383 delitat'em
2468 4326 2638 4382 nobis
2686 4325 3050 4397 promittant,
3073 4326 3232 4382 sicut
3273 4332 3417 4383 tunc
3447 4325 3738 4383 scarivimus
3798 4316 3799 4365 ἒ

2137 4418 2246 4485 ¹²⁶⁴,
2270 4421 2327 4472 et
2356 4416 2635 4487 scriptam
2668 4414 2984 4470 comitibus
3027 4416 3247 4471 nostris
3276 4415 3560 4473 dedimus.
3586 4415 3643 4469 Et
3668 4410 3737 4466 cui
3798 4448 3799 4491 ξ

376 4501 461 4556 vel
496 4501 865 4558 latrocinium
900 4520 1013 4558 non
1060 4503 1248 4571 faciet,
1283 4520 1471 4576 neque
1512 4506 1740 4561 facienti
1776 4524 2020 4564 consen-
2052 4526 2100 4590 Ι)
2135 4505 2355 4578 aliquid
2384 4502 2773 4567 abstulerunt,
2792 4508 2894 4558 aut
2918 4503 3232 4559 emendent
3256 4510 3357 4559 aut
3382 4505 3737 4590 deprecentur.
3798 4516 3799 4557 ξ

372 4592 496 4660 tiet,
512 4596 570 4647 et
597 4592 645 4647 si
682 4592 875 4647 scierit
896 4592 995 4664 qui
1025 4592 1145 4648 hinc
1178 4592 1393 4660 fecerit,
1419 4592 1535 4649 illis
1568 4594 1854 4652 ministris
1886 4615 2018 4654 nos-

372 4680 500 4747 tris,
521 4698 624 4753 per
643 4698 792 4754 quos
822 4681 959 4737 talis
980 4696 1158 4737 causa
1187 4683 1485 4737 emendari
1509 4683 1700 4749 debet,
1716 4702 1830 4739 non
1852 4687 2017 4745 celet.

373 4768 437 4823 Et
468 4770 566 4841 qui
601 4788 690 4826 res
719 4775 776 4825 et
806 4770 1098 4842 mancipia
1128 4770 1213 4825 vel
1246 4770 1459 4825 mobile
1508 4788 1623 4826 non
1672 4772 1887 4829 habent
1919 4793 2021 4847 per

2131 4600 2188 4650 et
2214 4593 2615 4667 pmnitentiam
2639 4591 2872 4659 faciant,
2894 4592 3049 4649 sicut
3076 4596 3217 4648 tunc
3240 4594 3611 4649 constitutum
3634 4588 3735 4644 fuit.
3798 4606 3799 4675 ξ

2129 4686 2198 4740 Et
2227 4684 2326 4756 qui
2380 4682 2660 4749 seniores,
2686 4681 2839 4736 sicut
2896 4684 3037 4737 tunc
3087 4682 3736 4754 praecepimus,acceptos
3798 4696 3799 4747 ξ

2128 4791 2243 4828 non
2266 4772 2503 4839 habent,
2519 4788 2622 4843 per
2642 4770 3020 4841 ﬁdejussorcs
3037 4770 3111 4825 ad
3133 4776 3396 4826 nostram
3414 4765 3733 4843 presentiam
3798 4776 3799 4851 ᾖ

372 4873 497 4928 quae
530 4858 800 4930 distringi
835 4859 1063 4929 possint
1095 4862 1158 4914 ut
1187 4860 1257 4914 ad
1296 4858 1535 4914 mallum
1571 4860 1825 4928 veniant,
1852 4870 1909 4919 et
1936 4864 2018 4920 ibi

370 4949 470 5000 aut
488 4962 553 4999 se
573 4944 930 5015 legaliter,ut
962 4947 1375 5018 praemisimus,
1391 4948 1771 5005 excondicant
1794 4953 1900 5018 "03,
1915 4956 2018 5008 aut
2127 4968 2256 5006 rum
2287 4948 2665 5005 comitatibus
2696 4950 2855 5014 sunt,
2882 4947 2940 5001 in
2970 4946 3179 5003 ﬁscum
3214 4948 3508 5020 recipiant.

367 5032 417 5089 si
450 5049 511 5087 se
532 5035 905 5090 exeondicere
931 5053 1043 5090 non
1080 5037 1390 5108 potuerint,
1411 5038 1565 5108 quod
1601 5039 1753 5094 male
1776 5040 2017 5097 fecerint
2193 5043 2247 5096 5.
2281 5039 2354 5094 Ut
2385 5036 2795 5109 unusquisque
2825 5052 3019 5091 comes
3048 5036 3110 5090 in
3140 5053 3248 5092 suo
3277 5037 3551 5093 comitatu
3581 5028 3732 5105 provi-
3798 5020 3799 5085 l

362 5120 629 5195 legaliter
673 5124 1006 5178 emendent.
1060 5124 1195 5180 Post
1243 5128 1557 5181 secundam
1612 5128 2012 5186 bannitionem
2122 5130 2274 5196 deat,
2300 5132 2363 5183 ut
2385 5126 2484 5198 qui
2516 5124 2854 5180 ﬁdelitatem
2879 5124 3047 5180 nobis
3068 5123 3260 5179 adhuc
3282 5125 3617 5197 promissam
3640 5134 3728 5174 non

359 5209 592 5268 comitis
614 5210 660 5266 si
691 5211 761 5266 ad
799 5210 1040 5265 mallum
1069 5229 1184 5266 non
1207 5214 1487 5279 venerint,
1513 5216 2011 5287 comprehendan-
2122 5219 2358 5282 habent,
2387 5214 2725 5269 ﬁdelitatem
2754 5213 2923 5269 nobis
2952 5212 3318 5284 promittant,
3342 5215 3490 5269 sicut
3516 5211 3575 5268 in
3602 5206 3728 5280 capi-
3798 5234 3799 5281 ξ

359 5311 458 5358 tur
486 5298 812 5357 secundum
842 5297 1146 5371 praefatum
1176 5301 1495 5372 capitulare
1526 5303 1658 5360 libri
1684 5307 1835 5362 tertii
1862 5310 2007 5380 capi.
2119 5307 2261 5363 tulis
2292 5304 2380 5360 avi
2414 5308 2471 5359 et
2500 5302 2685 5375 patris
2715 5301 2898 5357 nostri
2931 5301 3279 5358 continetur.

1702 5448 1938 5507 VAerE
1996 5449 2407 5511 LECTIONES.

422 5569 512 5609 ¹²⁶²
542 5587 593 5629 v.
628 5588 707 5628 m.
742 5568 939 5628 desunt
963 5568 1130 5627 Sz‘rm.
1213 5568 1300 5606 ¹²⁶³
1330 5569 1369 5627 i.
1404 5587 1453 5627 e.
1489 5581 1784 5636 excusent.
1865 5580 1946 5616 "10"
1982 5577 2416 5645 distribuimus,
2452 5571 2838 5647 instituimus.

2126 4862 2540 4934 perducantur,
2565 4863 2621 4914 ct
2643 4858 2840 4914 alodes
2862 4874 3009 4930 quos
3031 4858 3250 4915 habent
3267 4859 3526 4929 comites,
3549 4857 3604 4912 in
3623 4870 3736 4927 quo-
3798 4856 3799 4927 ᾖ
