3828 6204
63 362 172 419 749
1056 357 1543 420 FBANCOHL‘M
1591 359 1863 422 REGUM
1909 360 2431 422 CAPITULARIA
2446 404 2461 421 .
3344 367 3465 427 750

124 493 175 547 6.
209 490 282 548 Ut
306 489 1287 563 nnusquisquecomesincomitatu
1304 508 1410 546 suo
1427 507 1697 564 magnam
1731 494 1782 563 Α
1814 491 2069 565 generali
2128 492 2339 565 placito
2393 495 2591 547 nostro
2638 494 3043 549 conservanda
3086 495 3466 553 decreverunt

65 580 476 653 providentiam
503 579 1053 653 accipiat,utnullus
1080 580 1228 635 liber
1248 580 1491 635 homoin
1509 586 1708 636 nostro
1819 582 2269 638 discernendum
2290 586 2396 648 est,
2412 582 2482 637 de
2495 581 2652 654 quali
2676 581 2998 638 hereditate
3020 584 3334 640 auctoritas
3348 604 3463 642 non

66 686 227 744 regno
249 668 553 725 immorari
569 668 655 725 vel
671 668 1087 742 proprietatem
1103 669 1314 725 habere
1336 669 1710 742 permittatur
1817 672 1985 727 debet
2001 672 2237 744 requiri,
2254 672 2353 727 sed
2369 671 2478 744 legi
2488 670 2630 726 tima
2647 670 2938 727 hereditas
2952 673 3023 727 ab
3037 671 3232 746 aliquo
3253 692 3466 748 appro-

65 759 483 832 cujuscumque
512 756 688 814 homo
719 757 818 825 sit,
851 758 965 815 nisi
999 757 1337 814 ﬁdelitatem
1372 758 1539 814 nobis
1573 775 1703 831 pro-
1816 760 1963 816 bari.
1998 760 2341 817 Ostenditur
2367 759 2523 815 enim
2555 759 2613 814 in
2648 758 2730 816 eis
2762 759 3033 832 capitulis
3065 760 3165 816 ubi
3198 763 3269 819 de
3289 764 3466 820 rebus

65 847 294 902 miserit.
1814 848 2022 905 alienis
2043 848 2216 904 alicui
2241 865 2343 922 per
2364 848 2584 904 malum
2609 848 2908 921 ingenium
2932 847 3182 905 venditis
3201 849 3289 906 vel
3313 850 3467 908 datis

122 939 173 991 7.
203 937 269 991 Et
302 935 445 1008 quia
477 935 832 1003 audivimus,
868 937 1024 1009 quod
1071 935 1316 992 malefici
1351 934 1617 992 homines
1648 939 1705 991 et
1810 938 2093 1012 loquitur,
2117 954 2245 1011 quae
2263 937 2339 993 sit
2361 936 2676 1009 unicuique
2707 936 2969 1010 legitima
2998 937 3461 1009 liereditas,cum

63 1025 324 1083 sortiariae
344 1042 452 1098 per
473 1023 643 1097 plura
670 1024 798 1080 loca
826 1024 882 1079 in
918 1029 1120 1081 nostro
1152 1042 1329 1098 regno
1361 1024 1699 1098 insurgunt,
1810 1029 2025 1084 dicitur
2054 1027 2207 1083 inter
2236 1026 2350 1083 alia
2379 1044 2391 1081 :
2429 1049 2455 1075 ‹‹
2488 1025 2766 1082 Similiter
2794 1026 2866 1082 de
2895 1026 3173 1084 omnibus
3208 1027 3459 1099 justitiis

66 1131 295 1187 quorum
330 1112 779 1185 maleficiisjam
805 1113 974 1168 multi
998 1113 1264 1170 homines
1284 1113 1561 1170 infirmati
1590 1115 1695 1181 "5‘,
1809 1119 1877 1172 ad
1904 1135 2035 1173 eum
2062 1114 2781 1190 pertinentibusrationem
2797 1115 3036 1171 reddere
3049 1114 3454 1190 compellatur,

60 1184 110 1258 et
134 1203 321 1277 plures
374 1204 590 1258 mortui
643 1209 821 1271 sunt;
858 1202 1159 1274 quoniam,
1194 1204 1346 1258 sicut
1377 1204 1559 1258 sancti
1595 1203 1694 1259 Dei
1807 1184 2182 1279 excepta-sua
2209 1204 2472 1278 legitima
2501 1205 2982 1276 hereditate,qua2
3015 1205 3063 1259 ei
3098 1184 3203 1278 per
3227 1184 3458 1263 succes-

62 1293 310 1348 homines
340 1293 729 1364 scripserunt,
764 1292 917 1365 regis
949 1292 1340 1348 ministerium
1368 1292 1698 1365 est,impios
1807 1297 2029 1352 sionem
2050 1299 2359 1368 parentum
2384 1311 2623 1350 suorum
2650 1293 2910 1367 legitime
2939 1294 3167 1350 evenire
3193 1295 3451 1351 debuit.»

60 1382 119 1436 de
147 1387 295 1437 terra
327 1382 592 1453 perdere,
627 1378 925 1436 maleficos
953 1385 1009 1435 et
1039 1382 1325 1437 veneficos
1356 1397 1471 1436 non
1504 1381 1697 1437 sinere
1805 1386 1874 1441 Et
1898 1386 1970 1442 de
2000 1385 2109 1440 huc
2140 1383 2402 1456 legitima
2431 1384 2747 1439 hereditate
2779 1400 2893 1438 non
2925 1386 3014 1439 est
3037 1384 3354 1441 auctoritas
3368 1401 3454 1440 re-

58 1471 246 1538 vivere,
267 1487 543 1543 expresse
566 1470 1037 1543 przecipimus,ut
1067 1470 1476 1543 unusquisque
1499 1487 1695 1527 comes
1805 1474 2110 1547 quirenda.
2145 1473 2254 1528 Sed
2290 1472 2337 1528 si
2370 1470 2758 1544 interpellatio
2789 1470 2924 1527 inde
2965 1470 3158 1538 fuerit,
3190 1472 3454 1545 legitima

56 1559 107 1614 in
127 1576 224 1615 suo
240 1558 525 1614 comitatu
559 1576 841 1632 maguum
872 1559 1133 1614 studium
1165 1559 1458 1626 adhibeat,
1474 1558 1693 1614 uttales
1802 1563 2095 1620 hereditas
2117 1561 2513 1635 approbanda.
2533 1560 2680 1627 Quia
2704 1576 2837 1615 vero
2849 1560 2919 1615 de
2932 1559 3106 1615 rebus
3118 1576 3186 1615 ex
3199 1560 3337 1617 ﬁsco
3360 1578 3453 1617 re-

58 1647 460 1721 perquirantur
487 1652 546 1703 et
576 1647 1170 1720 comprehendantur.
1202 1648 1271 1702 Et
1302 1646 1350 1701 si
1381 1647 1508 1717 jam
1559 1647 1693 1703 inde
1802 1652 1896 1724 gio
1918 1655 1973 1707 et
1998 1652 2067 1707 de
2088 1651 2264 1707 rebus
2284 1637 2953 1721 ecclesiasticis,qu:eita
2966 1647 3097 1703 utin
3112 1649 3330 1705 eisdem
3356 1667 3450 1706 ca-

57 1737 396 1811 comprobati
433 1737 702 1803 masculi,
733 1738 817 1793 vel
848 1737 1238 1810 comprobatae
1272 1738 1497 1793 femina:
1530 1743 1689 1804 sunt,
1801 1740 2003 1814 pitulis
2027 1740 2277 1796 habetur
2305 1738 2586 1795 contineri
2621 1737 3021 1804 debent,sicut
3036 1755 3127 1795 res
3148 1738 3218 1793 ad
3241 1739 3448 1795 fiscum

58 1827 190 1927 sicut
208 1826 298 1926 lex
317 1831 374 1929 et
391 1827 633 1928 justitia
663 1826 1304 1929 docet,‘disp.erdantur.
1332 1827 1550 1929 Si'vero
1584 1845 1741 1929 no-B
1800 1829 2161 1929 dominicum
2193 1828 2549 1929 pertinentes
2578 1826 2859 1926 contineri
2890 1826 3100 1929 solent,
3131 1827 3451 1929 auctoritas

60 1916 239 1972 minati
254 1916 341 1972 vel
360 1916 974 1989 suspecti,etnecdum
999 1915 1133 1972 inde
1153 1915 1741 1988 comprobatisunt,"
1801 1923 1888 1973 est
1909 1917 2275 1989 requirenda,
2294 1932 2397 1989 per
2417 1932 2590 1988 quam
2614 1915 3020 1970 auctoritatem
3046 1915 3296 1987 quisque
3320 1915 3450 1971 illas

57 2004 130 2060 vel
148 2022 243 2077 per
262 2010 448 2063 testes
468 2021 701 2063 veraces
722 2006 857 2061 inde
888 2005 1253 2078 comprobari
1282 2022 1396 2060 non
1420 2010 1689 2077 possunt,
1799 2006 2130 2073 retineat,in
2144 2005 2288 2078 ipsis
2306 2003 2580 2077 capitulis
2594 2005 3048 2070 demonstratur,
3064 2020 3197 2059 cum
3212 2003 3446 2061 dicitur:

60 2094 140 2148 Dei
161 2094 383 2166 judicio
415 2094 862 2162 examinentur;
898 2098 955 2150 et
986 2095 1069 2151 sic
1101 2111 1205 2166 per
1225 2094 1369 2149 illud
1403 2094 1501 2149 Dei
1526 2095 1687 2165 judi-
1803 2096 2129 2167 Ubicumque
2156 2095 2601 2149 commutationes
2631 2101 2743 2149 tam
2789 2102 3024 2165 tempore
3069 2100 3253 2149 nostra
3279 2109 3446 2165 quam

60 2183 190 2238 cium
216 2188 317 2239 aut
344 2183 675 2241 liberentur
704 2188 806 2239 aut
833 2184 1314 2239 condemnentur.
1348 2183 1417 2238 Et
1446 2200 1562 2237 non
1595 2200 1686 2238 so-
1798 2192 2034 2256 tempore
2061 2185 2324 2253 genitoris
2355 2191 2408 2238 et
2430 2184 2524 2238 avi
2550 2184 2724 2238 nostri
2755 2183 2991 2252 legitime
3013 2189 3064 2238 et
3090 2183 3446 2238 rationabili-

58 2271 162 2327 lum
180 2272 517 2329 talesistius
538 2271 674 2329 mali
693 2278 981 2340 auctores,
1008 2273 1106 2327 sed
1130 2276 1187 2327 et
1208 2270 1423 2327 conscii
1449 2288 1513 2327 ac
1530 2289 1688 2327 com-
1798 2282 1880 2330 ter
1918 2281 2080 2346 atque
2110 2274 2270 2329 utiles
2300 2273 2540 2328 ecclesiis
2567 2273 2668 2327 Dei
2694 2270 2863 2344 factm
2888 2278 3035 2338 sunt,
3064 2279 3442 2343 permaneant.

58 2360 214 2432 plices
242 2361 506 2429 illorum,
537 2360 657 2417 sive
705 2360 1126 2426 masculorum,
1159 2362 1278 2416 sive
1307 2361 1684 2429 feminarum,
1800 2364 2130 2435 Ubicumque
2158 2378 2282 2418 vero
2312 2362 2536 2417 inutiles
2564 2369 2615 2417 et
2643 2360 2999 2417 incommoda:
3026 2368 3187 2433 atque
3218 2362 3448 2417 inratio-

60 2449 553 2523 disperdantur,ut
582 2467 700 2506 una
728 2467 861 2506 cum
893 2449 977 2507 eis
1009 2450 1254 2506 scientia
1281 2450 1689 2523 tantibmalide
1794 2453 2006 2508 nobiles
2033 2454 2199 2523 facta:
2228 2458 2375 2518 sunt,
2404 2449 2789 2518 dissolvantur,
2820 2456 2873 2506 et
2890 2451 3121 2521 recipiat
3147 2451 3443 2522 unusquis-

60 2542 192 2595 terra
220 2545 420 2596 nostra
452 2544 672 2612 pereat.
1796 2558 1899 2613 que
1924 2541 2064 2613 quod
2093 2540 2260 2596 dedit.
2297 2540 2398 2597 Ubi
2424 2555 2547 2594 vero
2576 2547 2792 2595 mortua
2820 2555 3017 2594 manus
3046 2539 3451 2610 interiacebat

116 2630 163 2682 8.
193 2629 354 2696 Quia,
387 2629 548 2685 sicut
575 2633 635 2684 et
664 2645 766 2701 per
815 2628 1136 2701 scripturas
1184 2632 1242 2684 et
1286 2644 1389 2699 per
1430 2626 1649 2683 auctori
1668 2658 1687 2668 ο
1794 2632 1911 2686 alia
1936 2631 2195 2704 qumlibet
2220 2646 2382 2684 causa
2412 2643 2538 2701 quae
2566 2628 3013 2684 rationabilisl'“
3033 2643 3147 2684 esse
3174 2627 3443 2696 videatur,

61 2720 211 2772 tatem
241 2723 296 2772 et
342 2735 453 2791 per
498 2718 784 2773 rationem
836 2718 1208 2774 manifestum
1258 2722 1369 2782 est,
1402 2716 1516 2771 duo
1549 2720 1688 2773 sunt
1793 2721 2015 2775 inventa
2061 2720 2257 2791 fuerit,
2288 2717 2581 2789 diligenter
2621 2716 2982 2782 describatur,
3013 2724 3066 2772 et
3091 2716 3162 2773 ad
3199 2723 3446 2772 nostram

62 2807 249 2876 quibus
278 2805 685 2880 principaliter
716 2807 973 2862 mundus
1003 2805 1095 2861 hic
1130 2806 1368 2878 regitur,
1403 2804 1564 2877 regia
1584 2821 1687 2876 po—
1792 2811 2045 2865 notitiam
2068 2811 2396 2881 perferatur.
2414 2807 2525 2862 Sed
2560 2814 2613 2862 et
2633 2806 2867 2876 justum
2892 2809 3070 2877 atque
3100 2804 3443 2865 rationabile

62 2897 215 2950 testas
237 2900 293 2951 et
322 2894 681 2968 pontificalis
722 2895 1061 2958 auctoritas,
1102 2900 1158 2949 et
1188 2894 1245 2949 in
1278 2894 1426 2950 libro
1456 2892 1683 2965 capitu-
1790 2898 2041 2961 videtur,
2074 2901 2140 2952 ut
2174 2897 2220 2951 si
2256 2900 2507 2952 rectores
2536 2893 2915 2951 ecclesiarum
2957 2892 3321 2967 negligenter
3349 2911 3442 2951 res

62 2978 221 3039 lorum
252 2984 340 3040 avi
375 2988 439 3041 et
482 2984 667 3056 patris
719 2983 902 3039 nostri
961 2985 1271 3055 conjuncte
1333 2982 1586 3055 ponitur,
1622 2985 1686 3036 ut
1794 3002 1941 3057 quas
1963 2987 2311 3058 acceperunt
2337 2984 2395 3039 in
2423 2983 2939 3040 commutationem
2971 2980 3368 3055 neglexerunt,
3384 2986 3441 3039 et

61 3086 135 3125 res
159 3076 206 3127 et
239 3072 536 3146 mancipia
565 3071 942 3129 ecclesiarum
976 3089 1041 3129 eo
1074 3073 1245 3129 modo
1275 3071 1686 3128 contineantur
1793 3070 3442 3143 commutantescommutatasexcoluerunt,noncompen-

61 3157 187 3215 sicut
213 3179 301 3218 res
333 3162 403 3217 ad
444 3162 651 3217 fiscum
703 3161 1061 3218 dominicum
1111 3161 1468 3234 pertinentes
1499 3160 1681 3215 conti-
1793 3169 1996 3221 sentur
2027 3162 2265 3219 excultae
2297 3166 2355 3218 et
2380 3160 2648 3234 neglecta:
2681 3159 3121 3233 mqualiterzsed
3139 3159 3439 3219 sicuttunc

63 3249 161 3303 neri
212 3250 418 3319 solent,
457 3250 620 3322 juste
677 3255 733 3307 et
796 3249 1216 3306 rationabiliter
1265 3251 1336 3306 de
1394 3250 1571 3305 rebus
1628 3253 1686 3304 et
1717 3234 1758 3300 (ἶ
1794 3254 2031 3309 fuerunt
2053 3250 2765 3325 compensenturquando
2787 3252 3161 3305 commutatae
3183 3249 3440 3305 fuerunt.

63 3337 338 3412 mancipiis
367 3357 500 3412 quae
522 3339 579 3394 in
614 3340 773 3412 regia
801 3344 858 3395 et
887 3340 946 3394 in
981 3338 1375 3395 ecclesiastica
1404 3337 1684 3393 vestitura
1794 3342 1863 3397 Et
1883 3342 1963 3397 ita
1983 3339 2378 3413 compensatio
2401 3339 2471 3395 ad
2506 3343 2764 3395 nostram
2797 3337 3065 3395 notitiam
3096 3337 3441 3411 perferatur,

65 3424 284 3496 fuerunt,
315 3428 692 3485 uniformiter
728 3434 787 3485 et
834 3446 950 3485 uno
1000 3429 1172 3484 modo
1229 3428 1548 3483 tenendum
1597 3430 1686 3481 est
1792 3435 1850 3486 et
1870 3434 2067 3486 nostro
2089 3447 2155 3485 ac
2179 3428 2441 3484 ﬁdelium
2475 3431 2809 3483 nostrorum
2834 3426 3298 3509 judicio,utrum
3322 3442 3446 3498 per-

66 3512 582 3588 (Bexsn.c.ult.).Ut
603 3518 755 3574 sicut
780 3533 1165 3590 quaecumque
1191 3534 1283 3572 res
1309 3521 1365 3571 et
1392 3515 1686 3588 mancipia
1794 3535 2031 3574 manere
2050 3535 2123 3574 an
2147 3516 2386 3574 dissolvi
2410 3517 2656 3573 debeant
2678 3516 2802 3572 istae
2833 3514 3442 3584 commutationes,de—

63 3599 111 3655 in
138 3604 280 3677 regia
307 3605 593 3662 vestitura
622 3606 710 3662 avi
739 3611 794 3662 et
824 3605 1008 3679 patris
1037 3605 1219 3661 nostri
1254 3608 1310 3659 et
1340 3608 1539 3661 nostra
1561 3604 1682 3659 fue—
1792 3611 2083 3664 cernatur.

66 3696 196 3759 runt,
225 3697 280 3750 et
326 3710 497 3750 nunc
534 3694 607 3750 ab
657 3693 788 3751 aliis
835 3695 1192 3760 detinentur,
1225 3694 1578 3749 demonstret

1950 3725 2185 3793 (Bauer).
2215 3723 2349 3779 Add.
2383 3740 2458 3790 IV,
2494 3721 2640 3794 105.)
2674 3721 2746 3777 Ut
2774 3722 2925 3778 sicut
2956 3721 3014 3777 in
3045 3720 3317 3793 capitulis
3351 3719 3440 3776 avi

66 3779 287 3887 {li‘a‘mer
332 3784 405 3883 fie
456 3783 616 3887 "3.3m
664 3784 948 3887 “Statum
996 3787 1173 3887 φίλει
1202 3787 1384 3855 patrm
1415 3786 1596 3887 nam“?
1630 3786 1687 3837 et
1792 3819 1850 3871 et
1877 3814 2061 3887 patris
2112 3812 2296 3869 nostri
2350 3811 2703 3877 continetur,
2735 3809 2903 3867 missi
2933 3810 3139 3878 nostri,
3172 3810 3271 3867 ubi
3305 3810 3442 3866 boni

66 3873 234 3926 nostra
261 3873 548 3938 exierunt,
581 3873 721 3945 quia
768 3872 964 3945 plures
1012 3872 1145 3927 inde
1179 3889 1280 3944 per
1310 3872 1683 3927 mendacium

67 3960 304 4026 quaedam
336 3961 739 4028 obtinuerunt,
757 3965 814 4017 et
830 3962 1070 4034 quidam
1105 3959 1273 4033 plura
1294 3978 1395 4032 per
1419 3961 1684 4016 fraudem

66 4044 310 4116 obtinent,
331 4051 413 4106 ita
444 4054 502 4106 et
531 4051 603 4105 de
634 4050 808 4107 rebus
841 4067 968 4123 qua:
1001 4050 1058 4105 in
1101 4049 1479 4106 ecclesiarum
1510 4050 1684 4106 vesti-

65 4137 171 4189 tura
192 4137 443 4208 fuerunt,
468 4139 624 4195 unde
645 4139 889 4213 quaestio
911 4138 1688 4211 fuerit,demonstretur,qua

66 4226 376 4282 auctoritate
408 4227 472 4282 in
504 4227 914 4300 proprietatem
946 4244 1046 4285 eas
1088 4227 1338 4300 quisque
1363 4226 1682 4284 obtineant.

68 4308 121 4364 Et
146 4315 409 4384 quoniam
457 4316 700 4388 quidam
733 4334 847 4372 non
878 4317 1291 4372 contradicunt
1322 4318 1476 4389 quod
1508 4334 1601 4373 res
1631 4321 1688 4372 et

70 4377 327 4475 mancipia
356 4377 493 4477 quae
519 4409 739 4474 tenent,
774 4406 831 4460 in
863 4406 1147 4462 vcstitura
1176 4377 1376 4461 nostra
1404 4404 1493 4461 vel
1526 4410 1686 4461 ante-
1808 4450 1823 4464 .
1870 4387 1953 4477 Ψ·
1988 4387 2152 4477 (cap:
2174 4384 2323 4454 10⁷⁸)
2336 4382 2641 4477 Ῡ⁰¹⁰¹ῖ¹⁰³
2669 4389 2733 4439 υί
2763 4382 3087 4477 “(Eundqu
3127 4377 3447 4477 θῨΡίίζυιῃθ

70 4502 333 4547 cessorum
365 4498 703 4550 nostrorum
735 4495 854 4551 sive
886 4494 1265 4552 ecclesiarum
1289 4494 1389 4550 Dei
1414 4512 1526 4551 non
1551 4496 1582 4550 fi

1937 4478 1971 4528 :t
2004 4473 2187 4545 patris
2217 4471 2797 4544 nostri,quicumque
2828 4471 2898 4526 de
2930 4468 3220 4525 scabineis
3249 4468 3449 4540 depre-

72 4582 318 4670 ἓεοίοβθίί
357 4587 553 4656 Patres
582 4582 817 4640 “1mm
850 4584 1163 4640 ωοτίθοίθε
1194 4584 1277 4640 eis
1308 4583 1367 4639 ίη
1398 4583 1685 4640 δθνεάίία·
1720 4605 1765 4670 D
1796 4561 3447 4670 ΡθὲῗῗῗἮἿῨΒἾἾΡὟῩῘῊΕῗῗῖἶῗῗῗ,ίῖτῖίῖίῗῖξαῖίξίῖίῗῗ

70 4666 165 4721 tem
185 4645 693 4740 dimiseruntjdeo
716 4690 831 4729 non
846 4673 1051 4730 volunt
1079 4673 1215 4729 inde
1237 4671 1417 4728 ullam
1442 4672 1691 4729 auctori-
1720 4645 1764 4670 υ
1798 4650 2017 4740 injuste
2037 4649 2361 4722 indicasse,
2396 4664 2502 4740 Ρθῐξ
2542 4648 2918 4740 “Elusa”?
2947 4645 3283 4740 missuéﬁd.
3302 4660 3450 4740 ptim‘

72 4756 221 4814 tatem
250 4732 575 4829 ostendere,
610 4762 710 4817 sed
760 4778 929 4819 suam
978 4761 1377 4818 hereditatem
1423 4762 1688 4834 probare,
1802 4739 2050 4834 semitm}
2084 4742 2354 4834 Ποδίτδω,
2377 4736 2590 4834 νθῐιὲειι·
2625 4737 2695 4834 εδ
2725 4732 3451 4834 φωηίβυῇδοθδδίηθίδβὼ

73 4848 244 4902 contra
271 4847 402 4905 illos
452 4822 667 4905 dicitur
712 4850 852 4922 quia
899 4837 1090 4923 potest
1126 4851 1249 4906 fieri
1282 4853 1348 4905 ut
1377 4822 1590 4923 aliquis
1621 4822 1693 4906 de
1801 4830 2122 4923 nuntiem")
2159 4845 2230 4884 ne
2258 4827 2392 4900 (Ιυίε
2421 4826 2596 4884 etiam
2621 4826 2853 4898 jUStum
2879 4824 3175 4897 ,ἱυάίοίυηὶ
3203 4822 3454 4879 vendere

74 4929 190 4988 ﬁsco
218 4937 367 5010 regio
382 4937 474 4993 vel
502 4939 574 4996 de
608 4921 783 4995 rebus
813 4921 1068 4996 ecclesia:
1102 4939 1322 5013 aliquid
1352 4921 1696 5012 proprindat
1801 4921 2141 4991 Ρνωευωδοῖυ

76 5024 159 5075 aut
183 5040 276 5095 per
304 5026 569 5083 fraudem
596 5027 875 5095 obtineat,
909 5032 965 5084 et
994 5032 1225 5085 mortuo
1256 5027 1356 5084 illo
1388 5027 1545 5084 ﬁlius
1564 5030 1694 5100 ejus
1872 5033 1961 5089 ll.
1994 5032 2147 5104 (Cap.
2182 5034 2331 5100 106.)
2361 5030 2648 5087 Volumus
2680 5036 2747 5086 ut
2776 5031 3102 5087 secundum
3133 5028 3455 5103 capitulare

77 5115 159 5164 aut
185 5111 295 5168 tilia
317 5113 452 5171 illas
482 5132 576 5171 res
606 5120 801 5173 tenere
833 5116 890 5172 in
939 5117 1319 5173 hereditatem
1368 5116 1524 5172 velit.
1559 5118 1693 5173 Pro-
1803 5120 1891 5177 avi
1923 5126 1977 5177 et
2008 5120 2192 5193 patris
2221 5119 2501 5187 nostri,in
2535 5120 2814 5175 comitatu
2847 5119 3006 5175 omni
3038 5118 3099 5174 hi
3129 5118 3231 5190 qui
3262 5117 3461 5175 melio-

78 5199 244 5265 pterea
272 5218 373 5274 per
399 5203 658 5276 capitula
687 5204 775 5260 avi
804 5207 862 5260 et
891 5204 1073 5278 patris
1106 5205 1308 5273 nostri,
1339 5222 1469 5278 quas
1490 5204 1701 5262 Franci
1804 5226 1898 5265 res
1914 5213 1971 5264 et
1988 5208 2308 5265 veraciores
2330 5207 2575 5264 inveniri
2605 5212 2873 5281 possunt,
2889 5207 3185 5282 eligantur
3207 5224 3242 5263 a
3262 5206 3463 5262 missis

81 5299 166 5355 pro
198 5287 313 5363 lege
343 5292 594 5348 tenenda
633 5292 1066 5365 judicaveruut,
1101 5298 1158 5350 et
1188 5293 1390 5351 fideles
1420 5295 1605 5350 nostri
1637 5295 1695 5351 in
1807 5297 2020 5354 nostris
2053 5298 2125 5353 ad
2159 5296 2600 5370 inquisitionem
2633 5296 2960 5354 faciendam
2976 5300 3034 5353 et
3056 5296 3137 5354 rei
3157 5295 3460 5353 veritatem

1793 3904 2052 3960 scabinei
2080 3920 2199 3958 non
2234 3905 2392 3967 sunt,
2411 3902 2591 3957 bonos
2624 3900 2929 3957 scabineos
2951 3900 3218 3969 mittant;
3242 3905 3301 3955 et
3323 3898 3445 3955 ubi-

1793 4008 2045 4065 cumque
2077 3991 2261 4048 malos
2292 3990 2594 4047 scabineos
2618 3990 2949 4062 inveniunt,
2982 3990 3240 4063 ejiciant,
3272 3993 3329 4045 et
3355 3993 3441 4045 to-

1793 4082 1911 4138 tius
1932 4082 2130 4155 populi
2154 4098 2445 4137 consensu
2461 4079 2521 4135 in
2538 4079 2732 4135 locum
2763 4096 2965 4136 eorum
2991 4080 3176 4135 bonos
3196 4079 3443 4152 eligant;

1794 4174 1851 4226 et
1878 4187 2014 4225 cum
2046 4169 2213 4226 electi
2245 4170 2483 4236 fuerint,
2509 4169 2710 4239 jurare
2739 4184 2837 4224 eos
2861 4168 3077 4224 faciant
3112 4170 3173 4223 ut
3198 4167 3449 4224 scienter

1795 4260 2013 4330 injuste
2046 4276 2160 4314 non
2187 4259 2474 4329 judicent.

1401 5500 1644 5559 VARLE
1685 5502 2101 5562 LECTIONES.

144 5642 222 5683 ³³⁸³
246 5645 535 5711 informati
572 5652 740 5714 Seu.
821 5652 909 5689 ‘9“
941 5652 1196 5714 rebellis.
1230 5653 1391 5714 Siau.
