3828 6204
348 374 461 442 751
1011 381 1347 443 APPEND.
1394 383 1495 442 AD
1539 381 1727 442 snac.
1775 378 1845 437 x.
1885 413 1958 421 —
1991 354 2491 439 MONUM'ENTA
2538 377 3093 447 DIPLOMATICA.
3643 370 3740 443 732

348 516 1175 588 discendam,etutadjutores
1197 515 1477 572 comitum
1508 514 1623 571 sint
1645 510 2000 585 adjustitias
2027 510 2082 578 Α
2114 526 2173 565 re
2205 509 2434 565 debent.
2470 510 2692 568 Domus
2750 528 2904 577 vero,
2963 511 3115 567 sicut
3161 511 3223 565 in
3273 509 3549 584 capitulis
3598 513 3679 567 avi
3702 500 3746 569 e1

345 600 664 665 faciendas.
952 668 955 675 ν
2112 598 2296 672 patris
2326 599 2510 656 nostri
2541 600 2893 666 continetur,
2927 616 2960 654 a
2989 598 3202 655 comite
3233 599 3293 654 in
3325 598 3452 655 loco
3490 602 3594 659 ubi
3620 602 3746 660 mal.

419 686 769 765 (Ausus.
806 710 883 762 Iv,
914 694 1028 766 26.)
1060 693 1350 750 Volumus
1383 699 1447 749 ut
1490 692 1821 750 secundum
1855 688 2007 762 capi—
2113 678 2239 743 lum
2288 691 2483 744 tenere
2530 687 2702 743 debet
2756 692 3154 754 construatur,
3198 692 3492 760 quatenus
3541 692 3748 762 propter

351 784 479 841 tula
506 776 595 841 avi
625 786 684 841 et
712 783 894 858 patris
925 782 1109 840 nostri
1141 786 1196 839 et
1227 787 1426 839 nostra
1475 780 1689 838 mallus
1721 796 1916 851 neque
1948 780 2008 834 in
2117 775 2369 833 calorem
2402 774 2541 832 solis
2562 780 2618 831 et
2649 774 2906 849 pluviam
2938 775 3176 848 publica
3205 776 3436 833 utilitas
3456 795 3576 834 non
3594 795 3753 833 rema-

359 870 606 931 ecclesia
634 887 823 944 neque
852 871 907 927 in
941 872 1283 946 porticibus,
1308 875 1407 927 aut
1439 871 1587 927 atrio
1620 868 2011 935 ecclesiae,ne-
2121 870 2272 921 neat.
2308 866 2535 921 Minora
2573 882 2705 921 vero
2754 863 2969 938 placita
3016 882 3237 931 comes,
3269 866 3392 921 sive
3422 866 3580 921 intra
3608 883 3748 922 suam

362 980 477 1037 que
506 963 565 1018 in
596 962 901 1018 mansione
931 959 1251 1035 presbyteri
1275 961 1447 1031 juxta
1469 957 1775 1015 ecclesiam
1804 957 2012 1013 habea-
2120 958 2489 1027 potestatem,
2522 952 2609 1009 vel
2644 953 2742 1009 ubi
2783 954 3095 1026 impetrare
3137 954 3417 1028 potuerit,
3445 962 3677 1026 excepto
3705 956 3750 1010 in

364 1042 644 1126 turzquia
672 1060 787 1107 non
818 1054 907 1107 est
932 1065 1164 1122 azquum
1198 1048 1357 1104 utibi
1387 1048 1656 1104 homines
1674 1048 1742 1102 ad
1766 1049 2011 1102 mortem
2123 1041 2386 1109 ecclesia,
2420 1046 2477 1097 et
2506 1041 3038 1115 porticibus,atque
3068 1044 3218 1099 atrio
3241 1042 3590 1109 ecclesiae,et
3619 1059 3752 1101 man-

357 1130 699 1215 judicentur
727 1143 784 1195 et
809 1138 1308 1195 dismembrentur
1338 1142 1393 1193 et
1422 1134 1809 1210 flagellentur,
1844 1134 1940 1189 ubi
1966 1134 2014 1189 si
2124 1131 2287 1189 sione
2316 1130 2659 1204 presbyteri,
2692 1130 2922 1197 habeat,
2954 1130 3105 1187 sicut
3143 1131 3201 1186 in
3235 1129 3460 1187 eisdem
3505 1132 3753 1204 capitulis

366 1224 750 1304 confugerint,
767 1229 1091 1286 secundum
1109 1227 1265 1285 aliud
1285 1226 1609 1301 capitulum
1629 1240 1831 1299 pacem
1844 1223 2019 1280 habe-
2126 1220 2473 1278 continetur.

1363 1376 1631 1435 KAROLI
1672 1376 1721 1433 ΙΙ
1759 1372 2188 1432 CONVENTUS
2224 1370 2788 1428 ATTINIACENSIS.

1805 1502 1927 1571 (An.
1961 1500 2084 1555 874.
2114 1499 2232 1555 Jul.
2270 1498 2343 1570 1.)

438 1635 522 1692 Ex
551 1632 698 1690 actis
718 1634 1038 1689 moventur;
1063 1632 1518 1710 ejusservatum
1550 1627 2072 1710 estepiscoponrum
2102 1621 2415 1678 consilium
2447 1622 2519 1676 de
2548 1619 2958 1676 reclamatione
2988 1621 3263 1695 .episcopi
3316 1623 3757 1695 Barcinoneusis,

372 1704 581 1764 Karolo
613 1704 733 1777 regi
764 1705 991 1770 datum,
1019 1707 1076 1758 et
1091 1697 1140 1759 'a
1161 1702 1472 1758 Sirmondo
1502 1697 1718 1772 publici
1743 1697 1898 1770 juris
1930 1697 2168 1752 factum.

372 1837 530 1891 Anno
567 1827 974 1886 incarnationis
1019 1827 1322 1883 Dominicze
1348 1825 1453 1879 874
1482 1825 1600 1881 haec
1628 1838 1753 1896 quae
1779 1838 2024 1894 sequun-
2054 1822 2101 1887 Β
2130 1819 2395 1874 nobiliter
2421 1826 2501 1874 est
2534 1816 2830 1888 decretum,
2858 1820 3110 1875 convenit
3136 1820 3266 1890 ﬁeri
3288 1822 3567 1893 portiones
3596 1842 3616 1877 :
3643 1838 3755 1896 qua-

444 1912 538 1960 tur
569 1901 813 1973 capitula
859 1899 1091 1973 domnus
1120 1914 1221 1955 rea:
1248 1898 1489 1954 Karolus
1522 1899 1580 1952 in
1609 1897 1881 1953 Atlint'aco
1908 1900 2022 1950 Ka-

447 1974 621 2032 lendis
645 1972 788 2030 Julii
806 1972 1018 2028 statuit.

447 2100 498 2154 1.
530 2095 853 2171 EpisCopus
913 2093 1360 2151 Barcinoneusis
1407 2095 1495 2130 ¹²⁶⁴¹
1545 2110 1607 2149 se
1664 2091 2020 2159 reclamavit,

373 2178 531 2259 quod
550 2179 770 2258 Tyrsus
794 2181 1098 2258 presbyter
1110 2182 1503 2239 (brdubensis
1525 2183 1581 2237 in
1608 2181 1852 2237 ecclesia
1871 2180 2027 2236 intra

373 2288 576 2331 muros
600 2272 789 2346 ipsius
817 2272 1067 2328 civitatis
1084 2270 1199 2327 sita
1215 2273 1459 2327 seorsim
1484 2275 1804 2328 conventus
1821 2283 2021 2343 agens,

372 2379 521 2438 pene
548 2356 698 2418 duas
726 2365 924 2434 partes
953 2376 1023 2415 ex
1069 2361 1298 2416 decima
1356 2360 1544 2433 ipsius
1603 2360 1856 2416 civitatis
1914 2358 2025 2413 sibi

374 2448 642 2522 usurpat,
655 2452 714 2505 et
742 2444 869 2504 sine
900 2448 1060 2503 illius
1089 2448 1325 2504 licentia
1356 2449 1570 2504 missas
1601 2454 1656 2504 et
1683 2447 2028 2520 baptisteria

373 2540 435 2595 in
467 2538 669 2595 eadem
701 2536 932 2592 civitate
969 2539 1273 2610 pmsumit
1319 2537 1630 2608 celebrare,
1664 2542 1721 2593 et
1748 2553 2024 2593 convoca-

376 2631 469 2683 tos
480 2626 556 2680 ab
568 2624 840 2697 episcopo
857 2625 929 2680 ad
943 2628 1188 2681 matrem
1213 2625 1538 2692 ecclesiam,
1558 2625 1732 2681 etiam
1746 2628 1804 2682 in
1819 2626 2027 2683 solem-

378 2713 667 2771 nitatibus
686 2713 920 2785 pascha!
947 2729 1015 2768 ac
1039 2714 1360 2769 nativitatis
1395 2714 1644 2780 Domini,
1676 2715 1747 2770 ad
1777 2732 1838 2771 se
1869 2732 2025 2771 revo-

379 2799 492 2870 cat,
528 2806 705 2875 atque
750 2806 1083 2875 contempto
1133 2802 1403 2876 episcopo
1433 2803 1519 2857 eis
1549 2803 2023 2859 communionem

380 2892 648 2965 largitur.
682 2888 843 2947 Unde
891 2906 1124 2946 sacrum
1156 2892 1451 2947 Nicenum
1491 2892 1802 2948 concilium
1837 2893 1976 2949 dicit
2006 2911 2021 2949 :

381 2980 715 3052 Quicumque
742 2988 939 3036 temere
971 2994 1038 3035 ac
1062 2981 1381 3052 periculose,
1415 2998 1589 3054 neque
1634 2984 1885 3038 timorem
1928 2985 2028 3039 Dei

371 3084 497 3144 prae
531 3071 704 3126 oculis
751 3070 1028 3134 habentes,
1059 3085 1159 3125 nec
1186 3078 1532 3139 agnoscentes
1559 3072 1908 3129 ecclesiarum
1938 3089 2024 3128 re-

371 3160 580 3232 gulam,
607 3154 891 3215 discedunt
926 3160 995 3213 ab
1037 3160 1262 3215 ecclesia
1314 3161 1622 3232 presbyteri
1664 3169 1764 3216 aut
1802 3161 2025 3217 diaconi

370 3249 454 3305 vel
481 3251 808 3321 quicumque
833 3247 935 3303 sub
964 3244 1155 3317 regula
1181 3264 1413 3320 prorsus
1439 3252 1703 3317 existunt,
1736 3252 1796 3305 hi
1822 3266 2023 3324 nequa-

370 3353 538 3410 quam
564 3338 759 3394 debent
793 3339 855 3392 in
900 3338 1072 3392 aliam
1118 3339 1404 3394 ecclesiam
1444 3340 1615 3411 recipi
1642 3357 1661 3394 :
1691 3340 1781 3396 sed
1809 3356 2023 3396 omnem

366 3430 744 3485 necessitatem
787 3422 1040 3483 convenit
1094 3427 1210 3482 illis
1256 3430 1466 3500 imponi
1492 3436 1554 3484 ut
1581 3428 1651 3483 ad
1680 3445 1809 3484 suas
1853 3445 2021 3501 paro-

372 3518 522 3574 chias
562 3512 928 3573 revertantur.
962 3516 1123 3587 Quod
1164 3518 1217 3571 si
1258 3533 1370 3572 non
1416 3520 1665 3590 fecerint,
1696 3526 1901 3591 oportet
1936 3535 2025 3575 eos

373 3609 753 3663 communione
779 3606 1012 3677 privari.
1029 3605 1145 3660 Hoc
1177 3606 1247 3660 de
1274 3607 1475 3678 ’I‘yrso,
1492 3607 1591 3679 qui
1616 3607 2026 3681 inregulariter

378 3712 413 3751 ο.
441 3711 550 3750 sua
578 3695 806 3750 civitate
853 3694 1145 3764 discessit,
1177 3695 1474 3751 decretum
1514 3700 1623 3753 est.
1656 3697 1923 3754 Ceterum
1955 3698 2025 3754 de

378 3783 509 3855 ipso
529 3787 585 3837 et
600 3783 675 3837 de
706 3781 840 3838 aliis
868 3783 1368 3854 contemptoribus
1392 3785 1816 3842 Antiochenum
1839 3786 2027 3842 conci-

379 3870 526 3927 lium
558 3871 699 3927 dicit
725 3887 739 3926 :
768 3871 832 3927 Si
856 3873 980 3942 quis
1003 3871 1283 3944 presbyter
1302 3881 1399 3928 aut
1426 3873 1687 3930 diaconus
1716 3878 2025 3949 episcopum

376 3961 664 4033 proprium
705 3967 1072 4028 contemnens,
1099 3976 1156 4015 se
1200 3961 1269 4015 ab
1314 3962 1539 4018 ecclesia
1565 3968 1941 4037 sequestravit,
1974 3975 2028 4023 et

376 4064 621 4106 seorsum
677 4047 935 4117 colligens
988 4048 1163 4104 altare
1216 4051 1522 4118 constituit,
1560 4061 1613 4107 et
1665 4057 2029 4111 commonenti

374 4139 622 4210 episcopo
651 4152 764 4192 non
798 4134 1158 4209 adquieverit,
1188 4154 1289 4193 nec
1332 4142 1639 4196 consentire
1684 4142 1766 4198 vel
1811 4144 2028 4201 obedire

374 4225 612 4282 voluerit
662 4226 828 4281 semel
882 4233 935 4281 et
984 4227 1181 4281 iterum
1234 4231 1567 4297 convocanti,
1600 4231 1691 4287 hic
1739 4231 2030 4290 damnetur

375 4314 705 4380 omnimodo,
754 4330 853 4370 nec
908 4315 1056 4370 ultra
1115 4316 1414 4372 remedium
1468 4328 1845 4392 consequatur,
1896 4326 2029 4394 quia

376 4418 538 4461 suam
566 4405 804 4476 recipere
830 4418 940 4459 non
965 4409 1144 4477 potest
1186 4403 1527 4477 dignitatem.
1567 4408 1725 4481 Quod
1765 4409 1817 4465 si
1862 4411 2029 4467 eccle-

376 4495 519 4551 siam
545 4494 871 4550 conturbare
898 4502 951 4549 et
975 4492 1274 4551 sollicitare
1297 4498 1561 4568 persistit,
1595 4505 1854 4570 tanquam
1884 4498 2028 4555 sedi-

2130 1924 2255 1963 rum
2288 1924 2401 1963 una
2438 1909 2510 1963 sit
2552 1907 2855 1979 pontiﬁcis,
2885 1908 3061 1963 altera
3106 1909 3457 1976 clericorum,
3483 1927 3755 1984 pauper-ua

2132 1999 2315 2063 tertia,
2347 2004 2545 2069 quarta
2600 1997 2836 2067 fabricis
2887 1994 3243 2069 applicanda.
3290 2000 3367 2055 De
3412 2001 3608 2071 quibus
3643 2002 3758 2057 τήν

2130 2084 2422 2141 sacerdotis
2454 2086 2704 2140 intererit
2732 2086 3004 2154 integram
3029 2088 3310 2142 ministris
3327 2079 3569 2146 ecclesia:
3595 2078 3755 2145 uicino-

2134 2183 2310 2230 ratam
2343 2173 2640 2246 dependere
2666 2176 3046 2245 quantitatem,
3076 2178 3160 2230 sic
3184 2175 3368 2232 clerus
3397 2167 3545 2234 ultra
3573 2178 3754 2248 delegs-

2134 2271 2247 2319 tam
2266 2264 2376 2319 sibi
2393 2278 2663 2317 summam
2683 2263 2831 2318 nihil
2854 2265 3148 2320 insolenter
3166 2269 3381 2322 noverit
3408 2268 3754 2340 expetendam.

2135 2355 2221 2407 Ea
2250 2367 2376 2406 vero
2404 2365 2534 2423 quae
2574 2352 2955 2410 ecclesiasticis
3002 2354 3253 2425 aediﬁciis
3311 2356 3593 2413 adtributa
3636 2366 3756 2423 sunt,

2135 2441 2264 2497 huic
2294 2442 2444 2513 operi
2471 2448 2735 2497 veractter
2766 2451 3059 2515 prorogata
3091 2443 3335 2500 locorum
3363 2446 3550 2503 doceat
3577 2450 3757 2504 instas

2133 2532 2277 2586 ratio
2308 2531 2601 2602 manifesta
2641 2538 2953 2587 sanctorum
2978 2551 2997 2586 :
3030 2534 3161 2605 quia
3202 2536 3363 2605 nefas
3401 2542 3499 2605 est,
3531 2537 3582 2591 si
3619 2538 3757 2592 sacris

2132 2620 2346 2677 sedibus
2371 2619 2640 2675 destitutis
2658 2621 2722 2674 in
2740 2620 2957 2675 lucrum
2983 2636 3146 2676 suum
3166 2625 3384 2694 praesul
3414 2623 3677 2697 impendia
3689 2626 3756 2680 his

2133 2709 2421 2776 designata
2475 2716 2767 2764 convertat.
2802 2709 2979 2781 Ipsam
3033 2711 3407 2769 nihilominus
3456 2715 3754 2786 adscriptam

2128 2796 2463 2870 pauperibus
2495 2799 2820 2868 portionem,
2852 2800 3101 2870 quamvis
3143 2800 3354 2858 divinis
3402 2805 3692 2861 rationibus
3713 2818 3754 2857 se

2132 2885 2467 2958 dispensasse
2492 2892 2900 2940 monstraturus
2939 2902 3054 2941 esse
3098 2880 3370 2955 videatur,
3400 2903 3600 2958 tamen,
3620 2892 3753 2963 jus-ta

2133 2975 2274 3047 quod
2317 2977 2583 3046 scriptum
2621 2981 2718 3039 est,
2750 2982 2812 3029 ut
2854 2975 3076 3031 videant
3121 2992 3285 3049 opera
3338 2970 3520 3036 vestra
3574 2982 3696 3036 bona
3716 2987 3755 3034 et

2130 3065 2435 3137 gloriﬁcent
2478 3071 2689 3135 patrem
2740 3071 2977 3119 vestrum
3028 3068 3127 3138 qui
3174 3069 3230 3122 in
3278 3069 3430 3124 cretis
3460 3076 3557 3139 est,
3585 3072 3753 3143 oportet

2131 3155 2299 3209 etiam
2324 3155 2590 3224 praesenti
2620 3153 2993 3223 testificatione
3016 3155 3339 3229 praedicari,
3363 3166 3417 3214 et
3436 3159 3592 3217 bona
3613 3162 3753 3231 fam:

2127 3244 2424 3315 prteconiis
2453 3258 2559 3297 non
2589 3244 2775 3296 taceri.
2811 3243 2881 3297 Et
2924 3240 3046 3299 haec
3094 3245 3334 3317 quidem
3386 3248 3459 3304 de
3506 3249 3754 3306 reditibus

2130 3330 2248 3387 illis
2269 3330 2665 3386 oblationibus
2684 3330 2943 3387 fidelium
2965 3333 3198 3390 decreta
3214 3340 3353 3391 sunt
3376 3354 3513 3411 qua:
3530 3336 3755 3411 speciali-

2130 3425 2220 3476 ter
2242 3421 2311 3475 ad
2336 3420 2640 3492 episcopos
2666 3418 3046 3478 ecclesiarum
3071 3422 3129 3477 in
3154 3416 3273 3480 illis
3302 3427 3637 3499 regionibus
3656 3444 3755 3499 per-

2132 3510 2342 3576 tinent,
2376 3526 2505 3581 que
2551 3525 2668 3565 non
2726 3509 3029 3567 abundant
3087 3513 3287 3586 rebus,
3318 3516 3425 3572 sed
3456 3520 3674 3573 tantum
3698 3515 3754 3570 de

2133 3598 2397 3654 fidelium
2448 3599 2695 3655 decimis
2724 3615 2791 3656 ac
2838 3600 2990 3657 votis
3031 3602 3387 3661 subsistunt.
3422 3605 3677 3663 Ceterum
3699 3604 3756 3660 de

2133 3688 2448 3744 rusticanis
2470 3688 2783 3761 parocbiis,
2806 3694 3093 3761 quantum
3114 3693 3430 3767 episcOpus
3446 3695 3507 3750 in
3528 3693 3755 3769 partibus

2134 3776 2507 3850 Septimaniaa
2567 3782 2741 3849 atque
2796 3777 3051 3835 Gallicis:
3088 3796 3123 3835 a
3160 3783 3521 3856 presbyteris
3564 3784 3754 3857 exigere

2136 3867 2360 3935 debeat,
2410 3866 2761 3923 Bracarense
2817 3867 3133 3927 concilium
3191 3871 3452 3944 capitulo
3512 3872 3753 3939 secundo,

2135 3960 2191 4011 et
2230 3954 2576 4011 Toletanum
2621 3955 2934 4013 concilium
2986 3958 3241 4032 capitulo
3289 3968 3503 4034 quarto
3552 3962 3752 4018 demon-

2136 4049 2344 4100 strant.
2380 4044 2460 4100 De
2490 4043 2584 4100 bis
2627 4049 2824 4102 autem
2875 4047 2976 4119 qui
3035 4053 3238 4105 contra
3294 4053 3688 4108 auctoritatem
3713 4051 3755 4103 et

2136 4132 2584 4190 Barcinonensis
2613 4134 2869 4207 episcopi
2900 4126 3259 4194 voluntatem
3283 4140 3537 4212 Tyrsum
3560 4138 3755 4214 presby-

2136 4228 2327 4280 terum
2346 4221 2404 4277 in
2421 4221 2668 4278 ecclesia
2699 4224 3031 4282 Barcinonm
3062 4225 3320 4284 civitatis
3349 4230 3621 4300 retinent,
3636 4225 3757 4299 capi-

2136 4311 2323 4368 tulere
2345 4313 2727 4385 augustorum
2744 4312 2942 4368 domui
2969 4315 3161 4370 Karoli
3174 4320 3233 4371 et
3246 4317 3381 4372 dom
3392 4317 3451 4373 ni
3464 4312 3755 4374 Hludowici

2138 4400 2397 4456 decernit
2429 4400 2538 4456 hoc
2571 4400 2863 4457 modo:De
2890 4404 2978 4458 his
3011 4405 3108 4477 qui
3124 4406 3246 4460 sine
3271 4421 3541 4463 consensu
3560 4402 3757 4480 episcopi

2136 4491 2476 4563 presbyteros
2515 4490 2575 4545 in
2619 4492 2861 4548 ecclesiis
2901 4496 3259 4564 constituunt,
3312 4498 3398 4552 vel
3442 4498 3510 4554 de
3554 4494 3757 4555 curialis

380 4586 551 4640 ti‘osus
587 4594 686 4655 per
726 4589 1017 4656 potestates
1044 4591 1257 4639 exteras
1287 4565 1646 4658 opprimatur.
1679 4565 1825 4643 ilinc
1855 4588 2027 4644 etiam
2061 4565 2108 4629 D
2137 4581 2386 4653 ejiciunl,
2422 4580 2503 4635 vel
2550 4580 2618 4635 ab
2665 4578 2909 4654 episcopo
2947 4584 3093 4640 vela
3122 4585 3360 4657 quolibet
3406 4589 3576 4643 misso
3615 4584 3756 4643 domi-

380 4670 583 4728 Africze
616 4668 921 4743 provincias
953 4687 1206 4728 canones
1235 4673 1632 4730 decreverunt.
1658 4675 1769 4731 Sed
1801 4680 1892 4731 tan

2244 4685 2262 4725 ν
2299 4668 2570 4725 admoniti
2591 4670 2809 4727 obedire
2834 4672 3138 4741 noluerint,
3168 4683 3232 4730 ut
3259 4677 3507 4731 bannum
3549 4683 3756 4732 nostra

2141 4758 2444 4814 rewadiare
2487 4767 2774 4828 cogantur,
2803 4768 2856 4816 et
2901 4777 3000 4833 per
3042 4762 3387 4835 ﬁdeju‘ssores
3425 4765 3497 4820 ad
3520 4764 3756 4839 palatium

2141 4855 2389 4903 nostrum
2416 4849 2602 4902 venire
2621 4848 2927 4918 jubeantur
2954 4869 2975 4906 .·
3000 4859 3054 4906 et
3099 4857 3226 4908 tunc
3268 4868 3370 4910 nos
3420 4851 3753 4914 decernamus.

2140 4943 2328 4990 utrum
2357 4934 2513 4991 nobis
2536 4936 2753 5007 placeat
2778 4946 2839 4993 ut
2865 4947 2964 4995 aut
2994 4941 3158 4995 illum
3187 4943 3434 4996 bannum
3459 4942 3754 5016 persultant.

2140 5032 2237 5079 aut
2250 5024 2422 5079 aliam
2452 5024 2850 5082 harmiscaram
2876 5022 3201 5087 sustineant.
3217 5029 3366 5094 Quia
3394 5048 3530 5088 vero
3553 5031 3754 5104 longum

2141 5117 2231 5168 est
2258 5113 2405 5169 istos
2438 5113 2507 5168 ad
2542 5116 2912 5186 praesentiam
2944 5117 3099 5191 regis
3129 5119 3442 5187 adducere,
3456 5120 3544 5177 vel
3574 5118 3755 5195 pericu-

2140 5196 2334 5258 losum
2367 5205 2455 5258 est
2484 5201 2719 5276 longius
2748 5221 2783 5260 a
2813 5202 3053 5261 marcba
3082 5222 3182 5264 eos
3213 5207 3525 5276 abducere,
3542 5206 3755 5266 domnus

2141 5307 2241 5347 rex
2261 5290 2699 5349 commendabit
2718 5310 2824 5349 suo
2846 5295 3173 5352 marchioni
3186 5296 3551 5369 qualitereos
3562 5292 3753 5354 distrin-

379 4760 491 4816 boc
513 4759 834 4833 capitulum
859 4761 930 4815 de
946 4760 1303 4817 Antiocheno
1325 4761 1568 4818 concilio
1590 4764 1856 4836 posuisse
1875 4781 1941 4820 su
1952 4765 2034 4820 ffi-

383 4849 517 4903 ciat.
543 4849 624 4904 De
644 4846 905 4904 basilicis
926 4854 1120 4905 autem
1147 4854 1202 4906 et
1224 4850 1467 4907 decimis
1498 4852 1645 4907 sacri
1671 4868 1921 4909 canones
1940 4854 2034 4910 de-

382 4940 783 5005 creverunt,ut
809 4953 1013 4992 omnes
1047 4938 1336 5006 basilicas,
1370 4958 1495 5013 qua:
1530 4958 1632 5013 per
1659 4941 1886 4998 diversa
1906 4941 2034 4999 loca

382 5022 731 5079 constructae
759 5030 917 5087 sunt,
953 5026 1038 5081 vel
1070 5029 1330 5099 quotidie
1361 5033 1802 5100 construuntur,
1823 5047 2030 5086 secun-

382 5110 524 5166 dum
556 5110 816 5183 priorum
849 5128 1136 5170 canonum
1163 5116 1424 5181 regulam
1445 5118 1501 5171 in
1524 5119 1652 5189 ejus
1672 5112 1951 5192 episcopi,
1970 5119 2030 5174 in

382 5199 563 5270 cujus
590 5199 879 5255 territorio
898 5201 1101 5272 positae
1122 5210 1263 5259 sunt
1285 5210 1569 5281 potestate
1599 5206 1945 5262 consistant.
1964 5208 2033 5262 Et

380 5290 626 5343 sanctus
656 5285 926 5343 Gelasius
954 5287 1013 5342 in
1047 5290 1296 5347 decretis
1325 5292 1449 5347 suis
1481 5310 1494 5348 :
1530 5295 1792 5363 Quatuor,
1814 5296 2028 5367 inquit,

382 5384 493 5433 tam
521 5375 587 5432 de
611 5374 791 5431 reditu
836 5392 1002 5448 quam
1050 5377 1111 5432 ie
1157 5380 1429 5436 oblatione
1454 5383 1722 5453 ﬁdelium,
1750 5392 1915 5455 prout
1935 5400 2030 5439 cu-
2141 5385 2241 5453 gat
2261 5384 2435 5452 atque
2466 5380 2734 5454 castiget.
2751 5382 2831 5438 De
2852 5383 3098 5440 decimis
3119 5402 3255 5442 vero
3276 5403 3406 5459 quae
3431 5387 3489 5442 in
3509 5384 3753 5460 potestate

372 5464 602 5538 juslibet
625 5464 871 5523 ecclesia
895 5466 1135 5539 facultas
1164 5467 1419 5537 admittit,
1451 5472 1598 5526 sicut
1624 5471 1830 5528 dudum
1860 5475 2032 5529 ratic-
2140 5475 2196 5525 et
2221 5469 2605 5542 dispositione
2634 5472 2888 5546 episcopi
2920 5489 3048 5529 esse
3078 5473 3315 5546 debent,
3335 5492 3485 5550 quas
3503 5475 3588 5533 illi
3613 5492 3646 5533 ι
3666 5485 3755 5531 ωι-

1739 5588 1979 5646 VARI/E
2020 5584 2438 5645 LECTIONES.

453 5661 542 5703 ³³⁸⁷
565 5665 795 5743 fortasse
825 5664 1168 5727 Frodoinus.
1204 5664 1488 5733 SIRMOND.
