3828 6204
24 412 141 474 757

26 636 320 710 subjectis
352 639 446 674 ¹³⁰⁶
472 637 746 710 plebibus
771 635 857 691 vel
899 635 1031 690 aliis
1069 634 1432 707 quibuslibet
1462 634 1605 690 locis
1635 634 1696 688 in

24 727 264 800 proprio
313 745 425 782 usu
458 727 652 792 abere,
695 743 766 780 ne
820 726 1075 796 majores
1124 723 1607 795 locuplectentur,
1639 727 1697 777 et

26 817 289 872 minores
311 816 412 872 tali
436 816 588 871 facto
610 814 981 887 pauperiores
1004 815 1166 870 factae
1189 813 1563 868 inveniantur
1583 813 1690 866 '30”.

26 905 237 961 Contra
267 922 455 979 agens
487 904 767 961 canonica
797 904 1144 959 auctoritate
1169 904 1258 938 ¹³¹⁰
1282 906 1579 958 coartatus
1602 902 1696 955 de-

28 993 219 1048 sistat.

94 1086 179 1138 18.
218 1084 467 1139 Femina
486 1100 620 1138 vero
646 1099 774 1155 quze
807 1082 1074 1137 habitum
1105 1081 1447 1153 religiosum
1481 1085 1582 1135 aut
1602 1097 1689 1135 ve-

24 1170 212 1225 lamen
237 1171 486 1227 obtentu
511 1172 593 1206 ¹³¹¹
620 1169 1023 1244 religiositatis
1066 1168 1558 1241 susceperit,cum
1592 1186 1688 1224 es-

26 1264 104 1313 set
134 1276 275 1315 vero
324 1264 589 1333 potentes
618 1259 772 1314 viros
819 1260 1040 1315 sociare
1099 1276 1214 1313 non
1272 1258 1690 1330 permittuntur

26 1350 127 1413 '3",
153 1353 245 1403 set
276 1348 573 1421 elegentes
602 1349 957 1404 monasterio
990 1347 1333 1419 regulariter
1363 1347 1556 1411 vivant
1585 1351 1687 1402 aut

26 1437 79 1491 in
109 1436 396 1493 domibus
446 1441 785 1509 susceptum
835 1437 1061 1491 abitum
1114 1436 1440 1492 observent.
1475 1436 1685 1490 Contra

26 1530 218 1582 autem
258 1530 462 1598 turpes
493 1526 760 1594 inventae,
796 1525 1167 1598 provideneia
1196 1524 1451 1596 episcopi
1484 1541 1681 1579 emen-

28 1614 210 1670 detur.

96 1704 180 1759 19.
215 1705 334 1760 Res
368 1704 605 1779 litigosa
635 1704 1014 1760 nullathenus
1062 1708 1251 1776 potest
1302 1704 1441 1758 dare
1494 1719 1680 1775 neque

24 1794 288 1859 vendere,
322 1798 643 1866 antequam
677 1794 991 1866 elitigetur.

1042 413 1136 474 Fit
1152 415 1188 473 Α
1204 410 1530 476 NCORUM
1582 411 1852 473 llEGUM
1898 412 1986 473 CA
2004 412 2449 474 PITULARIA.

92 551 178 603 17.
216 547 380 605 Nulli
432 546 839 621 episcOporum
886 545 1067 602 licead
1114 563 1207 602 res
1236 545 1569 601 immobiles
1618 544 1690 600 de
1722 548 1767 612 Α

3334 410 3479 515 738,

1874 549 1962 603 25.
1998 548 2056 604 Si
2091 548 2386 621 quispiam
2420 549 2653 603 invasor
2678 543 3112 619 comprobatus,
3147 544 3315 602 dicad
3348 562 3453 618 pro

1806 643 1969 709 parte
1994 638 2250 693 ecclesia:
2273 638 2461 710 egisse
2479 638 2585 703 “3‘,
2605 636 2678 692 de
2698 635 2920 709 privato
2946 635 3057 691 sibi
3081 651 3140 690 re
3165 635 3455 705 pertinen-

1803 730 1857 780 te
1885 728 1957 783 ab
1979 728 2106 800 ipso
2130 744 2352 801 suoque
2375 728 2543 783 crede
2565 726 2887 782 resolvatur
2913 722 3155 780 invasio.
3174 724 3451 781 Sacerdos

1804 817 1894 851 mss
1922 817 2174 890 denique
2205 834 2308 890 pro
2337 816 2436 872 tali
2469 816 2644 889 culpa
2674 832 2807 871 reus
2833 814 3230 887 perinventus,
3258 829 3294 867 ι
3325 828 3454 885 pro-

1802 906 1928 977 prio
1954 906 2041 941 ’³³⁸
2063 907 2339 962 canonice
2352 906 2653 978 judicetur
2670 905 2963 977 episcopo,
2981 907 3046 960 ut
3067 920 3181 959 non
3203 902 3453 958 ecclesia

1801 995 1889 1030 ¹³³⁷
1920 994 2029 1051 sibi
2062 996 2380 1052 commissa
2409 997 2695 1051 damnum
2727 994 3054 1051 sustinend.

1867 1086 1956 1139 26.
1983 1084 2044 1139 In
2091 1085 2273 1141 sacris
2313 1084 2635 1140 canonibus
2668 1084 2967 1156 prnﬂxum
2998 1086 3089 1138 est
3115 1086 3181 1137 ut
3210 1082 3450 1138 decima

1799 1173 2075 1243 1338justa
2103 1174 2356 1245 episcopi
2390 1172 2780 1245 disposicione
2820 1172 3272 1227 distribuantur.
3305 1170 3449 1238 Qui-

1796 1262 1931 1316 dam
1955 1267 2148 1317 autem
2183 1262 2450 1334 laici,qui
2473 1262 2557 1317 vel
2592 1263 2646 1317 in
2680 1261 2932 1335 propriis
2954 1260 3042 1316 vel
3069 1260 3125 1315 in
3150 1260 3449 1318 beneficiis

1795 1352 1920 1405 suis
1949 1352 2125 1406 abent
2155 1350 2447 1417 basilicas,
2472 1355 2808 1423 contempta
2827 1348 3079 1422 episcopi
3103 1348 3445 1422 disposicio-

1794 1457 1953 1505 nem,
1981 1458 2095 1495 non
2129 1442 2199 1495 ad
2233 1440 2537 1496 ecclesiam
2570 1440 2667 1495 ubi
2709 1439 3067 1512 baptismum
3092 1440 3184 1474 “3°
3212 1443 3270 1494 et
3299 1455 3445 1511 prm-

1792 1528 2141 1584 dicationem
2176 1546 2389 1585 manus
2418 1530 2862 1600 imposicionem
2890 1533 2949 1584 et
2972 1526 3088 1583 alia
3108 1529 3197 1564 ¹³⁴⁰
3226 1526 3444 1584 Christi

1793 1624 2159 1675 sacramenta
2188 1618 2517 1691 percipiunt
2548 1619 2656 1681 ιω,
2692 1617 2949 1674 decimas
2994 1634 3133 1673 suas
3162 1617 3307 1673 dant
3332 1617 3441 1683 ‘3",

1790 1708 1887 1763 sed
1924 1708 2174 1779 propriis
2199 1709 2286 1743 ¹³⁴³
2312 1707 2567 1762 basilicis
2590 1705 2676 1761 vel
2702 1706 2825 1763 suis
2847 1705 3072 1763 clericis
3098 1707 3186 1741 '3“
3210 1722 3313 1777 pro
3335 1722 3442 1761 suo

1788 1796 2021 1852 libitum
2055 1798 2350 1861 tribuunt;
2381 1797 2533 1868 quod
2559 1796 2946 1852 omnismodis
2971 1795 3179 1851 divinis
3209 1794 3354 1867 legis
3385 1798 3444 1850 et.

88 1885 175 1937 20.
208 1882 584 1954 Quicumque
640 1884 815 1938 homo
872 1882 1035 1939 alteri
1095 1882 1322 1937 debitor
1354 1883 1441 1916 ¹³¹³
1481 1882 1674 1949 fuerit,
1710 1919 1754 1982 Β
1787 1886 1970 1940 sacris
2018 1887 2343 1941 canonibus
2393 1890 2620 1941 constat
2679 1901 2807 1940 esse
2860 1884 3242 1940 contrarium.
3279 1884 3443 1940 Unde

27 1971 142 2043 ipso
191 1972 392 2028 debito
453 1988 667 2044 negare
722 1972 990 2038 voluerit,
1026 1976 1083 2027 et
1114 1976 1317 2044 postea
1373 1971 1674 2026 convictus

28 2061 205 2127 fuerit,
228 2060 429 2133 ipsum
460 2061 721 2117 debitum
755 2062 813 2116 in
845 2061 1087 2116 dubium
1124 2060 1447 2133 persolvad.

87 2152 172 2205 2t.
207 2150 500 2206 Similiter
529 2155 587 2206 et
618 2150 715 2205 ille
762 2150 934 2205 homo
966 2150 1063 2221 qui
1122 2166 1213 2204 res
1262 2148 1590 2204 vendiderit
1619 2153 1675 2203 et

31 2238 224 2294 exinde
255 2244 482 2294 cartam
517 2239 735 2306 fecerit,
761 2240 810 2294 si
844 2239 1042 2293 minus
1073 2238 1298 2294 dederit
1329 2256 1505 2309 quam
1546 2238 1674 2309 ipsa

29 2332 175 2382 certa
197 2328 488 2401 scriptum
515 2327 782 2394 fuerit,in
801 2329 977 2383 dubio
1003 2327 1053 2383 ei
1079 2328 1174 2400 qui
1205 2327 1494 2399 acceperit
1514 2327 1673 2382 resti-

32 2415 181 2470 tuad.

92 2507 159 2559 22
181 2506 288 2560 ¹³¹⁸.
313 2506 383 2561 Ut
419 2510 731 2579 postquam
766 2523 831 2561 oc
864 2505 1121 2578 capitulo
1156 2510 1354 2561 notare
1380 2507 1465 2541 ’³³⁵
1488 2506 1670 2576 jussi-

36 2609 154 2648 mus
175 2596 283 2661 ¹³¹⁶,
310 2601 367 2650 et
401 2613 502 2668 per
526 2612 768 2667 regnum
794 2597 880 2636 '3"
908 2600 1170 2650 nostrum
1198 2612 1446 2666 usquam
1471 2595 1541 2650 de
1571 2613 1671 2649 uo-

38 2684 430 2752 strajussione
454 2685 542 2719 ¹³¹⁸
563 2685 1045 2741 commendatum
1077 2684 1265 2750 fuerit,
1287 2688 1342 2739 et
1362 2683 1474 2739 alio
1501 2686 1672 2738 modo

38 2769 221 2828 fecerit
269 2773 380 2829 nisi
404 2775 495 2808 ³³³³
525 2774 678 2846 quod
731 2774 899 2829 nobis
932 2773 1021 2807 ¹³²⁰
1049 2780 1104 2828 et
1134 2773 1351 2828 nostris
1404 2772 1674 2829 fidelibus

42 2858 302 2929 placitum
334 2869 447 2925 est,
480 2862 838 2935 quicumque
870 2866 1064 2917 nostra
1089 2861 1357 2933 jussione
1380 2864 1464 2896 ¹³²¹
1490 2863 1547 2916 in
1580 2862 1673 2917 di-

43 2951 318 3018 spectione
347 2953 438 2985 ¹³²²
466 2951 713 3020 abuerit,
746 2952 1005 3006 bannum
1040 2956 1304 3005 nostrum
1331 2952 1418 2985 ¹³²³
1449 2968 1481 3006 a
1512 2957 1673 3023 parte

42 3042 223 3094 nostra
255 3046 589 3112 componat,
618 3047 673 3094 et
705 3045 905 3112 postea
952 3041 1076 3112 ipse
1107 3056 1242 3095 reus
1272 3041 1558 3111 apparead
1588 3042 1675 3074 ‘3"

43 3126 91 3179 in
119 3135 376 3185 sanctam
400 3130 490 3164 ¹³²⁵
519 3129 817 3195 sinodum,
848 3133 905 3185 et
942 3128 1267 3185 secundum
1298 3145 1550 3185 canones
1583 3145 1672 3201 lu-

43 3219 202 3271 cetur.

1786 1979 2037 2030 vestram
2072 1979 2439 2046 potestatem,
2466 1979 2531 2029 ut
2570 1991 2669 2029 eos
2700 1973 3024 2044 corrigatis,
3059 1972 3439 2044 exspetimus.

1855 2067 1943 2119 27.
1970 2066 2336 2137 Quamquam
2369 2062 2688 2120 sacerdotis
2728 2061 3130 2117 testimonium
3165 2060 3445 2116 credibile

1785 2152 2090 2221 habeatur,
2114 2157 2308 2208 tamen
2334 2153 2443 2224 ipsi
2479 2152 2535 2206 in
2568 2152 2934 2207 sccularibus
2955 2149 3203 2221 negotiis
3234 2166 3337 2221 pro
3363 2154 3444 2205 te-

1784 2242 2059 2298 stimonio
2090 2247 2191 2297 aut
2220 2241 2596 2297 conﬁciendis
2639 2241 3049 2296 instrumentis
3079 2255 3193 2294 non
3227 2254 3439 2307 rogen-

1782 2336 1897 2397 tur,
1930 2331 2067 2403 quia
2097 2348 2195 2386 eos
2227 2331 2283 2385 in
2316 2331 2531 2385 talibus
2564 2330 2737 2385 rebus
2767 2346 2894 2386 esse
2924 2346 3037 2383 non
3072 2329 3358 2383 convenit.

1853 2424 1942 2476 2R.
1976 2420 2030 2473 Si
2062 2424 2254 2475 autem
2289 2437 2461 2474 causa
2493 2423 2735 2475 eventus
2761 2418 2980 2491 aliquid
3017 2416 3309 2473 audierint
3333 2421 3437 2473 aut

1781 2509 2053 2576 viderint,
2080 2509 2175 2563 ubi
2206 2508 2381 2564 nullm
2411 2509 2629 2564 idonea:
2661 2506 2955 2563 seculares
2987 2523 3245 2578 personae
3275 2506 3429 2562 inve-

1783 2598 2042 2659 niantur.
2074 2616 2145 2653 ne
2176 2599 2388 2654 veritas
2419 2597 2741 2653 occultetur
2765 2601 2823 2651 et
2866 2595 3086 2651 malum
3118 2594 3175 2649 in
3212 2596 3429 2651 bonum

1784 2689 2121 2754 aestimetur,
2142 2689 2200 2743 in
2222 2688 2581 2760 providentia
2609 2685 2862 2758 episcopi
2897 2684 3113 2757 proprii
3141 2684 3238 2751 sit,
3265 2686 3348 2739 ita
3369 2688 3435 2739 ut

1782 2794 1977 2833 coram
2011 2794 2073 2833 se
2124 2782 2225 2832 aut
2274 2776 2739 2849 competentibus
2763 2774 3067 2845 judicibus
3118 2778 3222 2828 aut
3267 2772 3436 2829 aliter

1781 2867 2081 2923 veritatem
2116 2866 2431 2922 honoriﬁce
2463 2864 2687 2919 tollant.

1854 2957 1943 3009 29.
1973 2956 2118 3021 Quia
2167 2960 2303 3011 sunt
2333 2954 2391 3009 in
2426 2954 2721 3025 plerisque
2764 2952 2907 3008 locis
2937 2950 3240 3023 parricide
3265 2952 3353 2987 ¹³⁴⁶
3380 2956 3439 3007 et

1785 3043 1957 3100 ceteri
2001 3042 2329 3109 homicidae,
2355 3041 2441 3097 vel
2475 3041 2715 3114 reliquis
2747 3039 3095 3096 criminibus
3125 3038 3434 3111 implicati.

1786 3134 1884 3205 qui
1906 3132 2285 3205 penitentiam
2306 3131 2597 3204 publicam
2620 3146 2786 3201 agere
2800 3126 3311 3200 contemnunt,qui
3328 3127 3439 3183 uti-

1787 3239 1898 3294 que
1920 3223 1998 3276 rei
2022 3220 2266 3293 publieae
2291 3220 2645 3299 utilitatibus
2668 3218 2904 3274 inutiles
2926 3221 3094 3283 sunt;
3114 3233 3291 3289 super
3311 3215 3436 3289 qui-

101 3306 182 3360 23.
215 3306 457 3362 Constat
494 3307 651 3362 enim
684 3307 876 3362 omnis
906 3306 1080 3362 homo
1126 3308 1451 3375 observare,
1488 3311 1552 3362 ut
1581 3308 1674 3362 die
1705 3284 1747 3350 (ἶ
1788 3312 1897 3364 bus
1941 3327 2176 3365 necesse
2196 3311 2283 3346 "‘5
2325 3292 2433 3374 est,
2466 3313 2531 3364 ut
2562 3312 2751 3362 vestra
2789 3305 3071 3362 celsitudo
3120 3305 3434 3360 comitibus

45 3390 313 3451 dominico
344 3395 545 3451 nullus
575 3397 800 3451 audead
833 3395 1207 3469 operaciones
1240 3397 1327 3431 ¹³²⁶
1358 3397 1671 3451 mercacio-

47 3495 247 3553 aesque
273 3500 567 3556 peragere,
592 3490 797 3556 praeter
826 3483 882 3538 in
911 3484 1201 3539 cibalibus
1222 3485 1395 3540 rebus
1424 3502 1525 3557 pro
1550 3484 1671 3538 ita:-

49 3571 313 3639 rantibus,
335 3571 420 3626 ita
450 3577 517 3627 ut
545 3571 731 3627 vivere
764 3572 990 3644 possint
1012 3573 1120 3627 ’3”.
1146 3574 1212 3627 Et
1244 3573 1457 3628 debent
1487 3573 1675 3627 domi-

49 3656 159 3712 nico
187 3659 299 3716 die.
324 3661 649 3715 secundum
686 3660 1375 3733 possibilitatem,omnes
1401 3662 1469 3715 ad
1496 3662 1675 3717 eccle-

52 3745 177 3802 siam
208 3766 573 3820 concurrere,
592 3754 649 3805 et
678 3750 735 3804 in
770 3749 892 3804 sola
922 3748 1308 3821 omnipotenti
1338 3750 1435 3803 Dei
1465 3752 1679 3805 oracio-

53 3850 128 3899 ne,
147 3854 368 3905 vacare,
385 3844 450 3893 ut
470 3840 567 3910 qui
595 3838 915 3893 christiano
937 3837 1216 3892 vocabulo
1239 3843 1675 3911 nuncupantur,

56 3938 205 3993 opera
238 3944 509 4000 peragere
539 3927 863 3982 videantur.

109 4015 192 4070 24.
220 4021 293 4070 De
324 4016 681 4072 monasterio
703 4017 791 4053 ¹³²⁸
811 4016 897 4071 vel
928 4017 1179 4071 oratorio
1202 4018 1355 4089 quod
1383 4034 1416 4071 a
1447 4016 1680 4090 proprio

59 4099 270 4160 domino
299 4105 405 4160 soli
458 4105 793 4160 editicatum
826 4109 934 4167 est,
983 4122 1289 4161 monemus
1342 4111 1405 4160 ut
1427 4108 1515 4141 ¹³³⁹
1544 4124 1679 4161 con-

60 4192 322 4249 structum
356 4212 390 4249 a
420 4195 657 4250 domino
685 4196 774 4230 ¹³³⁰
804 4194 1189 4249 constructori
1220 4195 1399 4250 invito
1432 4213 1542 4250 non
1578 4213 1680 4249 au-

62 4276 283 4347 feratur;
316 4283 619 4354 liceadque
660 4281 760 4338 illo
810 4283 1131 4354 presbitero
1162 4284 1253 4337 cui
1301 4284 1550 4339 voluerit
1581 4302 1683 4356 pro

63 4381 203 4425 sacro
232 4372 420 4426 ot‘tieio
444 4404 509 4412 —
537 4371 639 4442 qui
674 4370 834 4425 illius
864 4372 1113 4428 diocesis
1137 4374 1195 4407 ¹³¹
1220 4378 1276 4427 et
1306 4374 1468 4429 bona:
1492 4380 1686 4429 aucto-

65 4453 232 4514 ritatis
271 4461 617 4516 dimissoriaa
648 4462 737 4496 ¹³³¹
759 4476 896 4517 cum
946 4478 1231 4517 consensu
1286 4462 1541 4535 episcopi
1594 4464 1684 4519 sui

67 4558 151 4600 nec
178 4548 365 4603 malus
406 4549 618 4605 existat
645 4582 710 4590 —
742 4551 1153 4606 commendare
1175 4552 1283 4618 ³³³³,
1318 4552 1397 4605 ita
1445 4557 1512 4607 ut
1561 4553 1686 4625 pla-

1783 3399 2413 3472 praecipiad,quatenus
2428 3396 2720 3469 episcopis
2736 3394 3093 3466 adiutorium
3114 3395 3201 3431 "‘7
3224 3395 3432 3457 ferent,

1784 3493 1849 3542 ut
1879 3506 1977 3544 eos
2007 3488 2302 3543 canonicze
2328 3485 2677 3559 pmnitentiaa
2700 3486 2946 3540 subdere
2966 3483 3209 3539 valeand
3237 3484 3346 3537 ⁸³⁸³.

1854 3580 1940 3633 30.
1957 3576 2307 3648 Dejusticiis
2332 3575 2708 3630 ecclesiarum
2737 3571 3273 3637 Dei,viduarum,et
3288 3570 3435 3626 ort'a-

1787 3683 2018 3727 norum,
2035 3665 2388 3738 pupillorum
2412 3665 2597 3727 '3‘°,ut
2618 3663 2676 3717 in
2700 3659 3206 3733 publicisjudiciis
3221 3676 3334 3714 non
3354 3657 3438 3713 di-

1789 3755 2116 3828 spiciantur
2140 3753 2483 3815 clamantes,
2512 3757 2597 3807 set
2619 3751 2930 3823 diligenter
2953 3748 3270 3805 audiantur
3292 3748 3397 3802 “5°.

1859 3846 1947 3900 31.
1983 3849 2058 3899 De
2088 3842 2411 3899 homicidas
2450 3846 2505 3896 et
2548 3840 2754 3896 ceteris
2814 3837 3289 3894 malefactoribus
3338 3834 3438 3908 qui

1788 3934 2016 4005 legibus
2039 3934 2124 3968 ³³⁵³
2150 3932 2364 3986 morire
2412 3931 2682 3993 debeant,
2707 3946 2879 3984 nemo
2911 3926 2995 3982 eis
3048 3928 3120 3982 ad
3167 3942 3438 3982 exsensa-

1789 4023 1954 4078 cione
1984 4023 2041 4076 in
2075 4021 2318 4076 ecclesia
2349 4037 2455 4074 sua
2496 4019 2735 4073 introire
2784 4016 3104 4088 permittat.
3128 4016 3186 4071 Si
3219 4016 3442 4086 absque

1790 4111 2087 4166 voluntate
2137 4110 2360 4181 patroni
2389 4110 2476 4144 ¹³⁵²
2518 4108 2734 4162 ibidem
2786 4105 3092 4167 introierit,
3127 4109 3268 4159 tunc
3318 4103 3443 4174 ipse

1794 4201 1962 4269 cujus
1986 4199 2229 4254 ecclesia
2254 4197 2446 4255 fuerit.
2468 4195 2695 4250 nullum
2719 4195 2935 4249 victum
2961 4210 3094 4247 eum
3119 4192 3313 4258 donet,
3338 4206 3443 4252 nec

1794 4288 1891 4344 alii
1924 4290 2061 4343 dare
2092 4286 2408 4358 permittat.

1864 4379 1951 4432 3‘2.
1983 4376 2054 4432 Ut
2083 4392 2256 4431 nemo
2291 4374 2711 4445 prmsumat’353
2736 4370 2977 4426 alterius
3006 4385 3237 4425 servum
3271 4366 3442 4422 mini-

1796 4471 1981 4523 strum
2003 4464 2259 4521 ecclesiae
2278 4462 2629 4515 constituere
2645 4459 2729 4514 vel
2752 4457 3109 4523 benedicere,
3125 4460 3442 4527 antequam

1797 4575 1831 4612 a
1859 4554 2096 4611 domino
2122 4553 2210 4588 ³³⁵⁸
2232 4568 2337 4605 suo
2368 4550 2633 4604 tradatur
2659 4548 2715 4602 in
2749 4563 2925 4601 manu
2959 4543 3251 4617 pontificis
3282 4543 3340 4598 in
3375 4542 3444 4597 li-

67 4631 162 4688 cita
182 4638 419 4706 justicia
446 4639 635 4710 ipsius
660 4638 916 4711 episcopi
941 4639 1276 4695 obedienter
1300 4643 1573 4699 sacerdos
1609 4663 1689 4700 re-
1721 4652 1765 4715 Ι)
1796 4648 2015 4702 bertate
2043 4643 2265 4708 integra
2301 4638 2731 4711 poi-sistendum
2764 4635 3041 4689 omnibus
3070 4633 3306 4700 diebus;
3340 4646 3448 4687 nec

1802 4736 1983 4809 possit
2008 4732 2282 4787 (luminis
2309 4735 2435 4802 post
2459 4726 2622 4783 illum
2643 4725 2793 4780 diem
2821 4723 3005 4779 ullum
3024 4720 3451 4778 dominacionis

2005 4973 2086 5007 1““
2120 4969 2417 5025 obtinente
2476 4963 2897 5036 religiiosilatis
2954 4981 3005 5036 ς.
3101 4963 3189 5036 Ψἕὲ
3238 4958 3453 5035 permi-

70 4722 269 4791 quirad.

1391 4854 1630 4915 VARle
1659 4859 2072 4918 LECTIONES.

131 4963 208 4998 ’³³³
237 4966 474 5037 sujectis
528 4983 577 5021 ο.
640 4968 770 5037 lim
800 4967 1128 5023 inveniatur
1182 4985 1228 5022 ε.
1336 4970 1424 5005 ¹³¹⁰
1454 4976 1796 5031 auctoritate
1850 4992 1899 5029 ο.

74 5032 246 5089 tantur
271 5032 319 5091 ινῖ
398 5038 486 5072 ¹³¹³
517 5036 710 5093 debito
742 5055 789 5093 c.

870 5039 956 5073 '3"
982 5039 1098 5111 cod.
1133 5041 1366 5095 Floreat.
1406 5043 1503 5111 fol.
1540 5045 1641 5099 104
1697 5047 1794 5101 hoc
1847 5053 2010 5105 caput
2064 5042 2277 5098 exhibet
2336 5041 2480 5093 inter
2536 5034 2676 5111 teges
2737 5036 2924 5091 [furati

3100 5034 3187 5069 ¹³¹⁵
3218 5038 3456 5089 anotare

78 5103 144 5194 ξι.
216 5108 297 5143 ¹³¹⁶
319 5109 590 5194 juximus
621 5125 668 5163 ε.
748 5110 834 5144 ¹³¹⁷
856 5110 1150 5194 jussimnus
1182 5116 1251 5194 ut_
1277 5103 1618 5185 peregrinus
1652 5123 1848 5173 noster
1876 5103 2158 5194 cuiquam
2187 5103 2676 5194 nostranjussiope
2698 5107 3145 5194 commep‘da‘tus
3181 5104 3352 5189 fuerit
3373 5104 3451 5159 Fl.

74 5187 191 5252 gn.
242 5186 504 5252 nostrum
556 5196 840 5251 susquam
872 5198 917 5235 c.
998 5182 1085 5217 ¹³¹³
1128 5182 1368 5252 juxione
1398 5182 1445 5238 σῖ

178 5266 229 5303 n.
277 5251 593 5321 dupliciter
646 5242 719 5306 ad
778 5258 1001 5322 partem
1062 5242 1321 5308 nostram
1357 5257 1439 5309 H.

178 5313 438 5394 ρφχίυίσ,
518 5323 608 5357 ⁸³³³
639 5313 992 5378 monesterio
1041 5341 1096 5378 v.
1146 5326 1396 5380 oretorio
1444 5344 1490 5382 ε.

79 5386 139 5441 tis
179 5386 471 5449 dimiseris
517 5411 566 5448 ε.

81 5471 133 5512 δα
156 5476 197 5514 ε.

82 5541 190 5604 licis
214 5567 257 5606 ε.

82 5611 367 5698 ᾖξναίωὰ
425 5642 474 5681 c.
553 5626 644 5661 ‘3‘”
674 5611 1006 5698 pupilorum
1066 5643 1112 5681 ε.

90 5686 162 5724 ¹¹¹⁸³
189 5700 560 5764 praasummat
586 5712 635 5752 c.
674 5686 692 5698 ⁸
714 5686 801 5731 “’3‘
832 5697 902 5751 ad
939 5696 997 5753 d.
1029 5713 1076 5751 ε.

646 5394 735 5428 1³³³
763 5396 1003 5449 comend
1014 5412 1110 5449 are
1155 5413 1202 5450 c.

1286 5397 1369 5430 '3‘”
1401 5398 1569 5468 egiscc
1600 5409 1647 5457 ὸ.

270 5465 354 5498 ¹³³³
382 5464 612 5519 decima
639 5481 686 5519 ι’.
766 5466 853 5499 m9
883 5465 1201 5520 batismum
1235 5484 1281 5522 ε.

1192 5629 1280 5662 ¹³⁵⁰
1311 5630 1583 5687 audiatur
1627 5648 1673 5686 ε.

1524 5187 1612 5221 ¹³¹⁹
1645 5188 1759 5243 nixi
1789 5206 1836 5242 (ν.

1520 5259 1608 5332 ’3?‘
1637 5260 1924 5332 apparead
1954 5277 2001 5312 ρ.

1570 5331 1657 5365 ¹³²⁹
1687 5331 1926 5386 moneru
1961 5347 2009 5383 c.

1726 5403 1812 5435 ’³³⁵
1842 5400 2080 5455 saccrdo
2112 5414 2159 5451 c.

1361 5469 1448 5503 ¹³⁸⁰
1479 5473 1549 5525 ad
1596 5474 1708 5527 alia
1738 5489 1785 5527 ε.

334 5555 425 5629 ¹Ϋ⁶⁴
451 5553 879 5629 itaeuwndayi,
930 5554 1097 5609 eodem
1142 5555 1227 5610 vel
1280 5558 1405 5613 suis
1454 5545 1555 5615 εἷ)Τὶ
1620 5562 1767 5629 legit.

1753 5632 1835 5665 ¹³⁵¹
1874 5630 2060 5685 leibus
2117 5645 2163 5683 ο.

2908 5179 2996 5213 ¹³²²
3024 5176 3357 5250 dispecione
3406 5192 3452 5231 ε.

2844 5251 2931 5323 ‘3?“
2962 5268 3033 5306 au
3043 5250 3387 5323 peraciones
3405 5263 3452 5301 ε.

2089 5328 2176 5361 W0
2207 5327 2274 5378 ad
2327 5324 2383 5377 d.
2425 5340 2473 5377 ο.
2553 5324 2636 5357 ml
2669 5322 2914 5379 diocessi
2945 5339 2992 5376 (ξ.
3044 5319 3159 5357 ’³³³³
3190 5319 3457 5376 octorita-

2240 5396 2326 5431 ¹³³⁶
2361 5395 2593 5466 propria
2620 5412 2665 5449 c.
2746 5395 2831 5429 “‘37
2864 5393 3105 5449 ecclesie
3131 5408 3198 5466 _s.
3244 5388 3458 5466 comis-

1864 5473 1946 5506 13“
1982 5469 2249 5541 perciuut
2281 5484 2325 5522 c.
2362 5456 2376 5466 ’
2406 5456 2493 5500 ¹³³δ
2524 5466 2662 5520 dent
2704 5483 2750 5520 ε.
2830 5467 2918 5499 ¹³⁴³
2951 5462 3213 5536 proprias
3244 5456 3457 5513 baxili-

1847 5561 1934 5594 '3‘5
1968 5556 2234 5627 paracide
2261 5572 2307 5611 c.
2389 5557 2475 5591 ¹³⁴⁶
2507 5571 2745 5610 necesse
2774 5571 2821 5609 ε.
2898 5554 2985 5627 ¹³¹ξ⁷
3016 5546 3458 5627 adju‘toriump.

2245 5628 2331 5662 ⁸³⁵³
2362 5629 2444 5683 ita
2498 5627 2692 5681 Muret.
2750 5625 3005 5688 correxit,
3064 5616 3178 5673 cod.
3242 5616 3459 5686 patuis.

1918 5179 2009 5222 ¹³²σ
2034 5184 2195 5237 vobis
2244 5200 2290 5237 ι’.
2372 5183 2454 5215 ¹³²¹
2494 5179 2734 5251 juxione
2781 5198 2829 5234 ι’.

2081 5256 2169 5289 ¹³²δ
2198 5258 2401 5308 sancta
2445 5252 2649 5305 sinodo
2682 5252 2765 5307 F1.
