3828 6204
355 362 475 439 759

1018 376 1353 439 APPEND.
1402 377 1501 437 AD
1548 375 1736 437 SIEG.
1784 376 1858 435 Χ.
1896 390 1969 419 -‘-
2001 373 2498 437 MONUMENTA
2544 370 3099 435 DIPLOMATICA.

3655 370 3761 431 760

346 514 453 585 jus
479 514 540 569 in
564 529 699 569 eum
726 528 1022 580 exercere;
1045 515 1284 578 ettunc,
1313 510 1466 567 sicut
1485 509 1705 566 domini
1733 514 1790 565 et
1808 508 2006 564 volun-
2033 509 2086 575 Α
2118 507 2165 563 si
2198 507 2414 562 alicubi
2458 507 2679 563 inventi
2732 506 2966 574 fuerint,
3002 524 3151 579 quos
3191 508 3389 579 patres
3416 504 3502 562 vel
3554 510 3756 561 matres

354 606 466 669 tas,
488 603 562 658 ad
587 602 676 639 ⁸³⁸⁵
704 618 939 657 sacrum
970 601 1236 656 ordinem
1268 600 1526 656 accedat.

425 692 514 748 33.
548 690 929 763 Ut'episcOpi,
963 690 1205 745 abbates
1234 693 1293 744 et
1315 689 1403 724 ¹³⁵⁶
1433 686 1738 761 presbiteri
1778 703 1872 742 res
1916 677 2009 742 ec-

357 779 555 836 slesize
582 779 693 834 sibi
731 779 1080 845 commissae,
1115 778 1266 832 inter
1308 780 1579 849 parentes
1606 780 1668 831 et
1716 774 2010 847 proximos

361 869 451 905 ⁸⁸⁸⁷
474 886 617 925 suos
638 884 753 923 non
783 867 1038 940 amplius
1060 882 1237 938 quam
1268 866 1550 921 canonica
1579 865 1805 920 sancxit
1831 864 2011 920 licen-

363 959 456 1015 cia
485 958 767 1027 dividant,
791 962 856 1012 ut
903 962 1154 1028 accepta:
1184 955 1337 1027 plebi
1367 954 1453 1010 vel
1484 955 1571 1011 eis
1619 953 1718 1026 qui
1749 964 1841 1009 res
1873 969 2013 1008 suas

364 1048 584 1105 ibidem
639 1048 907 1113 offerunt,
955 1062 1229 1101 murmur
1255 1044 1341 1100 vel
1389 1045 1682 1099 detraccio
1744 1043 2013 1098 auferan-

363 1142 480 1192 tur.

432 1228 524 1283 34.
556 1226 634 1283 Ut
656 1225 823 1281 liberi
872 1225 1098 1281 omines
1150 1223 1380 1279 nullum
1412 1221 1760 1295 opsequium
1791 1220 2016 1277 comiti-

364 1317 475 1371 bus
505 1315 741 1384 faciant,
774 1331 880 1371 nec
909 1312 1161 1379 vicariis,
1193 1329 1382 1385 neque
1431 1312 1490 1367 in
1541 1315 1708 1383 prato
1735 1326 1924 1382 neque
1953 1308 2014 1365 in

363 1421 554 1462 messe
583 1418 773 1477 neque
801 1404 861 1459 in
892 1408 1128 1460 aratura
1175 1406 1279 1458 aut
1321 1403 1379 1458 in
1411 1400 1602 1465 vinea,
1636 1404 1693 1456 et
1724 1415 2014 1472 quonges-

360 1500 489 1551 tum
520 1493 689 1550 illum
722 1493 811 1549 vel
856 1493 1140 1548 residium
1192 1508 1307 1548 non
1354 1490 1603 1559 solvant,
1630 1494 1868 1562 excepto
1898 1488 2013 1544 ari-

362 1582 807 1649 bann'atoi'ibus,
859 1580 945 1637 vel
996 1580 1296 1637 missatico
1342 1580 1444 1652 qui
1497 1578 1857 1651 lcgacionem
1906 1578 2017 1633 du-

364 1676 524 1728 cunt.

432 1764 528 1818 35.
555 1760 882 1817 Statuimus
903 1761 974 1817 de
1006 1760 1343 1833 presbiteris
1370 1764 1429 1815 et
1459 1758 1805 1815 diaconibus
1834 1756 2015 1813 eccle-

2118 601 2356 669 propter
2384 596 2739 652 tradicioues
2768 595 3005 652 illorum
3034 596 3311 652 exeredes
3342 594 3607 665 fecerint,
3634 594 3763 650 alio.

2119 702 2245 741 rum
2289 686 2513 742 scilicet
2559 684 2938 742 suasionibus
2970 685 3061 721 ²³⁷⁴
3090 689 3194 741 aut
3250 683 3643 756 peticionibus
3686 686 3757 739 vel
3808 686 3809 689 “

2120 774 2320 847 aliquo
2342 776 2431 810 ⁸³⁷⁵
2474 774 2728 847 ingenio,
2762 773 3002 830 omnino
3032 773 3307 833 uolumus
3358 778 3531 844 atque
3556 774 3646 807 137‘
3676 773 3758 827 de-

2121 864 2409 919 crevimus
2440 864 2737 919 emendari
2770 869 3056 935 quantum
3089 863 3161 918 ad
3196 878 3304 917 nos
3333 860 3425 917 vel
3454 862 3528 916 ad
3552 862 3641 897 m7
3674 879 3758 917 no-

2122 957 2306 1009 stram
2364 952 2613 1023 pertinet
2669 956 3017 1024 potestatem
3056 952 3230 1022 juxta
3280 951 3369 986 ¹³⁷⁸
3414 950 3759 1006 voluntatem

2123 1041 2222 1097 Dei
2268 1047 2325 1097 et
2371 1047 2630 1098 nostram
2660 1040 3042 1108 voluntatem,
3075 1044 3279 1097 sancta
3324 1039 3692 1096 amonicione
3715 1044 3760 1094 et

2123 1131 2614 1197 consideracione,
2650 1135 2715 1186 ut
2760 1130 2810 1186 si
2862 1132 3007 1186 forte
3056 1134 3219 1187 extra
3250 1129 3527 1186 'officium
3555 1130 3647 1164 ⁸³⁷³
3675 1146 3758 1184 ne-

2123 1223 2311 1275 strum
2361 1219 2574 1275 alicubi
2623 1218 2926 1275 inventum
2961 1218 3154 1285 fuerit,
3188 1234 3528 1274 ammonere
3581 1222 3763 1272 nostra

2123 1308 2443 1365 clemencia
2471 1309 2795 1364 audeamus
2817 1308 2908 1344 ’³⁸0
2938 1312 3005 1363 ut
3029 1308 3399 1364 emendetur.

2193 1416 2265 1471 39
2285 1416 2392 1469 ‘3".
2418 1415 2719 1471 Sancitum
2752 1418 2863 1480 est,
2885 1418 2950 1469 ut
2981 1413 3179 1469 nullus
3206 1412 3489 1485 quislibet
3507 1411 3759 1469 ecclesia-

2125 1505 2308 1561 sticus
2330 1506 2402 1560 ab
2434 1504 2527 1560 bis
2560 1503 2830 1577 personis
2860 1520 2952 1559 res
2975 1502 3254 1575 deinceps
3284 1502 3549 1574 accipere
3571 1519 3762 1574 praesu-

2127 1599 2526 1667 mat,quarum
2550 1593 2715 1649 liberi
2734 1596 2834 1648 aut
2858 1592 3167 1665 propinqui
3189 1590 3312 1646 haec
3336 1591 3667 1647 inconsulta
3683 1591 3763 1645 ob—

2122 1684 2338 1739 latione
2362 1700 2553 1739 rerum
2581 1681 2949 1755 propriarum
2977 1679 3316 1736 exberedari
3340 1683 3603 1752 possent.
3620 1680 3757 1744 Quod

2126 1772 2175 1828 si
2205 1771 2419 1845 aliquis
2450 1771 2722 1843 deinceps
2754 1770 2863 1826 hoc
2894 1770 3082 1825 facere
3121 1769 3452 1835 tentaverit,
3478 1785 3550 1824 ex
3580 1768 3688 1823 hac
3713 1784 3759 1822 re

365 1850 711 1907 siastico1m
732 1866 907 1906 onore
932 1849 1187 1922 privatis,
1204 1854 1270 1905 ut
1289 1849 1630 1921 redigantur
1647 1849 1735 1884 ¹³⁵⁹
1758 1847 2017 1920 peniten-

2204 1861 2453 1935 syuodali
2487 1865 2543 1915 et
2579 1858 2866 1932 imperiali
2902 1858 3194 1915 sententia
3225 1857 3585 1914 omnimodis
3617 1857 3759 1912 feria-

366 1939 488 2006 cias,
512 1939 666 1995 sicut
710 1955 963 1995 canones
1012 1939 1376 2011 pracipiunt.
1402 1939 1470 1994 Et
1499 1939 1547 1993 si
1577 1939 1886 2009 episcopus
1917 1940 2018 1991 aut
2048 1939 2090 1947 "
2128 1958 2243 2019 tur,
2267 1956 2325 2007 et
2356 1968 2448 2006 res
2480 1952 2549 2006 ad
2580 1950 2961 2005 θχδρι-ράείοε
2992 1950 3253 2004 redeant

366 2029 549 2085 abbas
572 2029 660 2065 ³³⁸⁸
681 2029 740 2083 in
772 2045 880 2084 sua
910 2028 1214 2101 parrochia
1258 2028 1488 2083 abuerit
1527 2027 1884 2082 monasteria
1906 2026 2014 2090 ‘3",

366 2118 443 2174 ibi
478 2118 815 2184 mittantur;
848 2121 988 2173 tunc
1016 2116 1325 2189 pracipiad
1348 2115 1458 2187 ipsi
1489 2116 1823 2188 episcopus,
1849 2119 1912 2169 ut
1936 2114 2017 2170 ibi

366 2206 513 2263 tales
534 2207 793 2263 incident
820 2207 1009 2277 ipsam
1042 2206 1268 2278 plebem
1295 2207 1384 2241 ³³⁸³
1413 2206 1568 2261 unde
1598 2204 1734 2267 sint,
1751 2209 1816 2259 ut
1845 2205 1891 2259 si
1928 2221 2019 2258 res

367 2296 602 2369 propria
632 2296 920 2359 abuerint,
944 2295 1237 2367 eligantur
1257 2295 1367 2350 sibi
1405 2294 1506 2349 tali
1539 2298 1783 2365 patrono
1815 2293 1912 2364 qui
1949 2293 2022 2347 de

368 2386 513 2458 ipsis
536 2386 710 2442 rebus
730 2385 946 2439 victum
970 2389 1029 2439 et
1045 2384 1461 2439 vestimentum
1489 2384 1575 2439 eis
1598 2382 1918 2449 ministret;
1942 2382 2023 2438 ita

368 2478 589 2540 tamen,
610 2477 678 2528 ut
707 2470 869 2528 nulla
889 2473 1103 2528 abeant
1129 2471 1364 2528 licentia
1383 2471 1630 2543 vagandi
1653 2472 1742 2506 ³³⁸³
1773 2475 1874 2526 aut
1904 2470 2025 2526 dis-

372 2562 666 2629 currendi,
699 2562 820 2617 sive
850 2578 954 2632 per
982 2560 1195 2633 placita
1235 2561 1356 2617 sive
1387 2562 1459 2616 ad
1492 2560 1777 2632 palatium
1800 2561 1891 2596 ‘3“
1918 2577 2025 2616 seu

376 2653 448 2709 ad
481 2652 641 2723 ipsas
662 2667 810 2722 quas
841 2650 1108 2721 proprias
1128 2654 1262 2706 ante
1283 2649 1552 2704 abuerint
1573 2650 1680 2717 ηδ’,
1700 2649 1827 2705 sine
1855 2648 2029 2705 licen-

378 2738 588 2797 cia’sui
623 2738 910 2812 episcopi;
943 2743 1001 2794 et
1030 2738 1087 2793 in
1119 2739 1322 2794 eodem
1346 2739 1434 2774 ‘3“
1462 2738 1586 2794 loco
1617 2739 1716 2793 ubi
1748 2738 2030 2795 constitu-

382 2834 511 2886 tum
543 2833 651 2895 est,
678 2845 785 2883 sua
808 2828 1138 2900 penitencia
1158 2826 1382 2901 jugiter
1400 2831 1626 2899 agatur.
1651 2828 1812 2894 Quod
1841 2826 1889 2883 si
1919 2827 2030 2883 hoc

386 2933 503 2974 non
533 2916 975 2983 conservaverit,
1008 2916 1264 2988 primum
1294 2916 1632 2972 verberibus
1662 2919 2027 2984 coerceatur;

386 3008 539 3080 quod
562 3008 650 3043 1³⁸⁷
678 3006 727 3062 si
758 3022 863 3061 nec
888 3006 973 3061 sic
996 3006 1082 3041 ¹³⁶⁸
1113 3022 1175 3061 se
1205 3005 1636 3078 castigaverint,
1666 3010 1807 3061 tunc
1838 3005 1897 3060 in
1930 3004 2033 3060 tali

383 3096 509 3153 loco
537 3096 861 3151 deducatur
890 3096 1000 3150 “‘9.
1036 3136 1049 3149 .
1084 3136 1097 3149 .
1135 3137 1148 3150 .

416 3186 419 3189 λ
454 3186 654 3241 36¹³⁷⁹.
688 3185 769 3240 De
795 3184 988 3240 viduis
1017 3188 1077 3240 et
1119 3182 1359 3256 pupillis
1404 3187 1461 3239 et
1507 3182 1750 3250 orfauis,
1772 3187 1829 3239 et
1860 3182 2033 3239 ccacis

384 3278 443 3330 et
470 3272 717 3337 claudis,
742 3272 1056 3330 tuicionem
1100 3277 1274 3345 atque
1321 3271 1766 3327 amminiculum
1819 3271 2030 3328 habere

384 3362 801 3435 imperciamus
819 3363 991 3434 juxta
1006 3361 1450 3434 possibilitatem
1475 3365 1737 3417 nostram
1756 3360 1841 3416 vel
1860 3360 2031 3428 vires,

383 3452 540 3510 sicut
565 3452 626 3508 in
659 3457 946 3525 pracepto
978 3450 1179 3507 domui
1211 3450 1366 3524 regis
1397 3450 1745 3507 continetur.

386 3571 394 3577 -
453 3543 544 3597 57.
570 3542 678 3597 ¹³⁷¹.
703 3540 1009 3607 Volumus,
1030 3545 1096 3596 ut
1145 3540 1340 3597 omnis
1386 3539 1692 3612 inquisitio
1740 3540 1809 3595 de
1860 3541 2037 3596 rebus

383 3629 796 3687 ecclesiasticis
843 3629 932 3686 vel
964 3630 1054 3665 ¹³⁷²
1083 3631 1155 3686 ad
1193 3631 1297 3701 jus
1327 3630 1453 3686 ﬁsci
1502 3629 1688 3686 nostri
1738 3630 2036 3702 pertinen-

382 3720 542 3776 tibus
572 3735 701 3790 qute
752 3719 1015 3775 facienda
1043 3723 1151 3784 est,
1183 3736 1299 3774 non
1344 3735 1447 3791 per
1481 3722 1660 3775 testes
1692 3719 1792 3791 qui
1825 3720 2036 3792 produ-

386 3807 460 3863 cti
502 3807 737 3874 fuerint,
772 3807 872 3862 sed
931 3806 1031 3879 qui
1095 3806 1152 3861 in
1210 3822 1277 3862 eo
1335 3808 1612 3863 comitatu
1676 3808 1947 3865 melieres
1977 3811 2036 3865 et

383 3894 708 3952 veraciores
753 3910 884 3951 esse
931 3900 1383 3969 cognoscuntur,
1424 3913 1527 3968 per
1572 3896 1806 3953 illorum
1864 3898 2034 3955 testi-

385 3982 653 4040 monium
701 3982 1003 4056 inquisitio
1033 3984 1154 4049 ﬁat,
1186 3988 1245 4040 et
1283 3984 1455 4054 juxta
1485 3986 1640 4057 quod
1690 3985 1770 4041 illi
1821 3987 2032 4043 testiﬁ-

383 4073 499 4129 cati
531 4071 770 4142 fuerint,
800 4072 889 4128 vel
938 4072 1347 4129 contineantur
1374 4073 1460 4129 vel
1512 4074 1848 4130 reddandur
1894 4076 2033 4147 ipsa;

383 4173 499 4219 1'68.

455 4253 546 4308 38.
580 4249 801 4307 Placuit
831 4250 999 4308 nobis
1043 4251 1113 4307 de
1162 4251 1382 4308 orfanis
1430 4256 1488 4309 et
1543 4253 1899 4326 pauperibus
1931 4254 2031 4327 qui

382 4338 576 4398 debite
606 4338 693 4397 vel
741 4339 1000 4397 indebite
1030 4340 1309 4397 dicuntur
1356 4342 1625 4399 amisisse
1656 4343 1748 4377 ¹³⁷³
1784 4343 2030 4399 credita-

381 4434 499 4489 tem
532 4431 759 4505 paterni
790 4429 879 4487 vel
911 4431 1159 4487 materni
1181 4429 1338 4503 juris
1380 4432 1452 4488 ad
1485 4448 1548 4488 se
1578 4432 2027 4505 pertinentibus,

2198 2061 2284 2114 40.
2308 2058 2364 2112 Si
2397 2056 2546 2112 liber
2575 2056 2750 2111 homo
2781 2055 2851 2111 de
2878 2055 3098 2110 furtum
3134 2058 3446 2111 accusatus
3470 2055 3562 2089 ¹³⁸²
3590 2054 3757 2117 fuerit,

2126 2152 2183 2203 et
2212 2164 2304 2202 res
2338 2145 2601 2219 proprias
2633 2145 2880 2211 abuerit,
2915 2144 2975 2199 in
3026 2142 3202 2199 malle
3236 2144 3294 2198 in
3331 2145 3421 2179 ’³⁸³
3470 2144 3760 2216 praesensin

2128 2234 2361 2291 comitis
2391 2253 2452 2290 se
2483 2233 2777 2290 arramiet.
2811 2231 2876 2287 Et
2922 2234 2970 2288 si
3014 2248 3104 2288 res
3154 2248 3265 2286 non
3300 2231 3551 2299 abuerit,
3583 2232 3757 2287 ﬁdem-

2121 2327 2357 2397 jussore
2388 2323 2584 2391 donet,
2618 2322 2717 2394 qui
2771 2338 2904 2379 eum
2956 2320 3233 2377 arramirc
3266 2321 3376 2388 ‘3“,
3412 2325 3469 2376 et
3512 2321 3570 2375 in
3604 2318 3760 2393 placi-

2132 2415 2274 2469 dum
2298 2414 2385 2447 ¹³⁸⁵
2415 2412 2648 2486 [adduci
2693 2410 2884 2466 faciat.
2917 2412 2986 2467 Et
3023 2409 3193 2466 liceat
3223 2410 3273 2465 ei
3309 2409 3501 2482 prima
3533 2409 3651 2465 vice
3680 2426 3764 2481 per

2133 2506 2569 2559 sacramentum
2621 2500 2706 2574 se]
2760 2499 3086 2555 secundum
3146 2497 3335 2570 legem
3394 2497 3685 2565 idoneare,
3722 2497 3759 2551 si

2134 2590 2406 2666 potuerit.
2441 2591 2510 2645 Et
2540 2589 2588 2645 si
2621 2587 2735 2643 alia
2764 2588 2888 2644 vice
2910 2586 3000 2623 ¹³⁸⁶
3029 2588 3146 2643 duo
3168 2587 3257 2622 ’³⁸⁷
3286 2585 3376 2642 vel
3408 2591 3525 2642 tres
3555 2604 3683 2642 eum
3707 2585 3763 2639 de

2136 2682 2288 2738 furto
2321 2677 2721 2735 accusaverint
2748 2677 2854 2744 ⁸³³⁸,
2881 2675 3062 2732 licead
3091 2677 3140 2732 ei
3168 2681 3372 2732 contra
3396 2693 3581 2731 unum
3605 2675 3689 2713 ’θ’
3711 2691 3764 2728 ex

2137 2769 2220 2827 eis
2251 2786 2384 2825 cum
2417 2772 2616 2823 secuto
2642 2773 2699 2822 et
2730 2768 2881 2822 fuste
2908 2767 2965 2821 in
2998 2782 3203 2837 camp)
3235 2766 3605 2821 contendam.
3626 2763 3760 2831 Quod

2139 2859 2189 2916 si
2229 2874 2430 2914 servus
2453 2857 2540 2891 ¹³⁹⁰
2570 2857 2641 2911 de
2699 2856 2849 2911 furto
2899 2858 3209 2910 accusatus
3269 2853 3466 2923 fuerit,
3515 2853 3763 2909 dominus

2139 2950 2267 3021 ejus
2299 2964 2401 3020 pro
2433 2962 2498 3002 eo
2529 2944 2819 3011 emendet,
2844 2948 2945 3000 aut
2971 2960 3104 2999 eum
3136 2958 3272 2999 cum
3304 2947 3667 2999 sacramenta
3692 2958 3763 2996 ex-

2140 3041 2323 3104 cuset,
2360 3034 2467 3091 nisi
2503 3033 2616 3090 tale
2648 3033 2870 3088 furtum
2907 3036 3303 3105 perpetratum
3336 3032 3517 3088 abead
3560 3034 3764 3103 propter

2142 3127 2296 3201 quod
2333 3126 2403 3181 ad
2436 3122 2790 3197 supplicium
2820 3122 2903 3157 ¹³⁹¹
2940 3120 3090 3177 tradi
3121 3119 3343 3177 debcad
3376 3120 3545 3191 (159).

2063 3253 2105 3319 C
2214 3235 2301 3290 41.
2329 3233 2625 3289 Statutum
2665 3234 2772 3297 est,
2808 3234 2873 3284 ut
2904 3227 3102 3284 nullus
3147 3227 3433 3284 canonica
3454 3229 3541 3263 ¹³⁹²
3570 3231 3758 3319 aut

2142 3323 2344 3399 gulare
2400 3318 2777 3377 institucione
2822 3319 2911 3353 ¹³⁹³
2968 3315 3345 3382 constitutus,
3406 3316 3653 3389 aliquem
3693 3312 3766 3348 ¹³⁹⁸

2143 3427 2483 3469 consecrare
2554 3412 2792 3481 propter
2861 3423 2954 3462 res
3032 3405 3448 3478 adipiscendae
3520 3406 3763 3474 deinceps

2145 3501 2497 3578 persuadeat
2522 3498 2629 3554 ³³⁸⁵.
2679 3496 2749 3551 Et
2797 3495 2894 3568 qui
2945 3494 3054 3550 hoc
3107 3495 3297 3549 facere
3348 3494 3664 3557 tentaverit,
3698 3490 3762 3546 si-

2146 3590 2373 3647 nodalis
2401 3587 2485 3643 vel
2520 3584 2806 3659 imperiali
2839 3582 3137 3640 aentencia
3181 3582 3374 3639 modis
3413 3583 3677 3639 omnibus
3703 3579 3763 3635 fe-

2145 3680 2391 3735 riantur.

2215 3787 2302 3841 42.
2337 3784 2397 3841 Si
2428 3784 2499 3839 de
2529 3798 2649 3837 una
2678 3797 2857 3837 causa
2899 3778 3096 3853 plures
3146 3778 3528 3845 fideiussores
3557 3778 3637 3813 ¹³⁹⁶
3662 3773 3758 3833 dati

2143 3874 2380 3941 fuerint,
2404 3870 2760 3928 eluunus1m
2788 3886 2860 3924 ex
2891 3867 3038 3940 ipsis
3061 3866 3513 3938 fidejussoribus
3535 3867 3615 3902 ¹³⁹⁸
3634 3880 3759 3920 mor-

2142 3969 2280 4020 tuus
2303 3961 2479 4017 luerit
2498 3961 2605 4017 ‘3”.
2625 3962 2686 4013 ut
2709 3957 2950 4031 proinde
2972 3972 3212 4011 causam
3236 3972 3409 4011 suam
3434 3972 3547 4011 non
3570 3953 3755 4028 perdat,

2143 4057 2232 4110 set
2261 4068 2364 4124 pro
2393 4067 2459 4105 eo
2491 4048 2591 4121 qui
2626 4049 2696 4103 de
2724 4046 2839 4101 illis
2865 4047 2956 4081 ¹⁴⁰⁰
2985 4045 3439 4116 ﬁdejussoribus
3460 4046 3543 4080 ⁸⁰¹¹
3573 4042 3668 4099 vivi
3688 4039 3759 4076 "°’

2143 4142 2302 4209 sunt,
2337 4138 2594 4197 solvatur
2622 4136 2774 4209 quod
2811 4133 3080 4208 promisit
3101 4134 3211 4187 “03.

2213 4250 2301 4304 43.
2334 4245 2638 4303 Sancitum
2666 4246 2755 4299 est
2798 4242 2868 4297 de
2908 4240 3061 4296 villis
3109 4238 3277 4295 novis
3325 4238 3588 4296 ecclesiis
3614 4237 3664 4292 in
3687 4232 3752 4287 eis

2142 4338 2366 4395 noviter
2410 4330 2765 4398 constitutis,
2799 4333 2864 4386 ut
2891 4329 3151 4386 decimas
3210 4329 3283 4385 de
3341 4328 3488 4400 ipsis
3540 4320 3749 4382 villisul

2139 4428 2378 4486 easdem
2404 4425 2494 4459 ιω*
2521 4420 2798 4478 ecclesias
2828 4419 3223 4475 conferantur.

1753 4563 1996 4620 VARUE
2032 4560 2331 4620 LECTION
2340 4559 2442 4614 ES.

453 4673 541 4708 ¹³³⁵
570 4688 676 4728 ac.

782 4672 869 4708 ¹³³⁶
898 4675 955 4728 et
1010 4672 1211 4727 abstes
1257 4687 1331 4743 σε
1410 4672 1496 4707 ¹³⁵⁷
1530 4671 1817 4743 prosimos
1845 4688 1892 4726 ο.

1998 4670 2086 4706 ³³⁵⁸
2116 4665 2543 4725 ecclesiasticos
2571 4680 2617 4718 ο.

2724 4661 2813 4695 ¹³⁵⁰
2843 4658 3179 4714 redicantur
3205 4674 3250 4714 c.
3363 4657 3458 4692 ‘3“
3487 4656 3620 4712 abas
3649 4694 3659 4705 .
3694 4692 3705 4704 .
3737 4687 3748 4700 ε

381 4741 656 4815 parrobia
683 4760 729 4799 ο.
808 4744 892 4779 ¹³⁶¹
927 4743 1280 4799 monasteria
1320 4742 1356 4798 i.
1392 4716 1619 4798 mititfur
1646 4759 1693 4798 ο.
1772 4744 1861 4778 ¹³⁶²
1887 4741 2032 4799 tales
2079 4746 2240 4796 atent
2288 4745 2354 4796 ut
2401 4736 2530 4844 ipsa
2577 4733 2746 4807 plebe
2774 4747 2822 4786 ο.
2899 4730 2989 4814 ίῆθδ
3018 4729 3261 4784 vacandi
3307 4745 3363 4783 a.
3399 4716 3752 4803 disscurrcrtdi

385 4831 411 4844 η
506 4815 596 4844 asas
624 4831 651 4844 ..
688 4814 908 4844 ...ιιηηςη
943 4832 968 4844 ,.
1067 4815 1153 4844 mas
1185 4814 1407 4844 ..L.......:4
1443 4831 1468 4844 ι.
1566 4814 1653 4844 mea
1683 4815 1882 4844 mni...“
1918 4831 1943 4844 η
2040 4814 2127 4844 i367
2160 4829 2224 4844 ιη.
2257 4827 2283 4844 η
2382 4811 2395 4843 ι
2449 4810 2468 4843 s
2499 4806 2545 4844 ας
2593 4823 2622 4844 ιι
2720 4805 2810 4839 1369
2839 4803 3053 4844 mhmm
3093 4799 3401 4844 υιηυὶρηιιη
3439 4807 3565 4844 sunt
3588 4813 3649 4844 pm
3672 4794 3750 4844 Im.

506 4815 596 4850 ‘3“
624 4831 658 4870 a
688 4814 910 4887 palacio
939 4832 987 4870 ι’.
1066 4814 1412 4887 ¹³⁶ξίιώυθνίι
1439 4831 1485 4869 c.
1532 4886 1537 4887 γ
1566 4814 1653 4849 ¹⁸⁶⁶
1683 4815 1883 4887 eadem
1914 4831 1961 4869 ο.
2008 4886 2011 4887 ν
2040 4814 2127 4887 ¹³⁸ξ¹
2159 4829 2225 4887 ce
2254 4827 2302 4867 ο.
2382 4811 2395 4843 ³

499 4901 635 4957 pag.
897 4886 984 4921 mo
1015 4888 1075 4941 in
1135 4886 1190 4941 ν.
1241 4887 1333 4942 νη.
1395 4887 1457 4940 s.
1518 4886 1660 4941 inter
1710 4885 2013 4941 Illudowici
2067 4885 2135 4941 ιι.
2197 4885 2340 4951 leges
2391 4896 2511 4950 cap.
2543 4881 2597 4932 2.
2611 4878 2693 4957 λῃ
2730 4873 3051 4957 tamtam
3107 4873 3153 4927 ιι

2449 4810 2468 4843 ³
2499 4806 2549 4861 si
2581 4794 2640 4860 ³ο.
2720 4805 2810 4839 ¹³⁶⁹
2839 4803 3055 4873 reliqua
3092 4799 3401 4927 supplenda
3439 4807 3570 4881 sunt
3588 4813 3649 4853 at
3672 4794 3750 4847 lin.

2449 4896 2511 4938 ιι).
2543 4881 2597 4932 2.
2634 4878 2693 4931 in
2748 4873 3051 4930 Lombarda
3107 4873 3389 4928 Hothano
3447 4870 3749 4938 adsignati”.

384 4954 468 4990 m'
499 4943 651 5028 ἶνίν.
688 4956 782 5011 Vn.
829 4957 888 5012 E.
949 4959 1095 5013 inter
1147 4957 1447 5013 Hludowici
1507 4960 1577 5012 II.
1606 4956 1746 5026 leges
1793 4957 1999 5028 cap.6.
2030 4943 2283 5028 Desumtzt
2342 4959 2420 5008 est
2456 4943 2923 5028 'es__Hludotvicz:_
2960 4945 3003 4999 1.
3036 4959 3152 5015 cap.
3194 4943 3574 5028 menactieasi
3615 4948 3753 5028 ξξιρξα

384 5030 511 5097 pag.
540 5025 643 5081 354
673 5043 791 5097 cap.
821 5030 855 5082 2
981 5029 1070 5062 ¹³⁷²
1099 5044 1147 5082 e.
1180 5046 1234 5082 v.
1264 5028 1459 5084 desunt
1497 5030 1555 5082 in
1583 5025 1701 5099 cap.
1736 5045 1788 5082 α.
1821 5025 1945 5083 829.

2041 5028 2130 5063 ¹³⁷³
2159 5025 2342 5082 amise
2373 5039 2419 5078 c.

2518 5021 2606 5055 ‘37‘
2636 5016 3021 5073 suaxionibus
3052 5008 3112 5070 cf
3196 5014 3285 5050 “7‘
3317 5014 3466 5068 alico
3498 5008 3691 5082 injenio
3711 5018 3747 5057 ε.

384 5084 481 5133 ίδτῖ
504 5113 593 5168 sq.
625 5113 672 5152 ο.
738 5084 835 5133 ’⁸³⁷⁷
866 5116 899 5153 a
928 5116 976 5152 c.
1055 5100 1142 5133 ¹³⁷⁸
1167 5101 1331 5168 justa
1357 5117 1404 5154 c.
1484 5100 1572 5135 ¹³⁷⁹
1601 5084 1796 5155 sistra
1842 5098 2098 5154 officium
2130 5115 2177 5152 ε.
2258 5098 2346 5131 ¹³⁸⁰
2377 5095 2658 5148 abeamus
2688 5089 2898 5168 (amm'
2930 5105 2980 5143 v.
3030 5102 3199 5157 supra
3248 5084 3630 5168 ῌέξξάοωὶεξλ.
3657 5090 3747 5168 αξξ)-

373 5183 434 5226 ἀ.
467 5153 591 5224 817⁵.
622 5185 670 5223 c.
701 5169 736 5221 7
764 5169 915 5225 adest
958 5178 1009 5225 et
1057 5173 1116 5225 in
1167 5153 1222 5225 θ.
1253 5153 1354 5227 'Vn.
1383 5153 1434 5227 et
1483 5172 1589 5226 Est.
1610 5153 1768 5226 tuter
1798 5153 2094 5226 Hludmici
2120 5170 2189 5235 ΙΙ,
2233 5169 2381 5239 teges
2424 5181 2552 5239 gap.
2583 5165 2637 5217 5.
2717 5160 2806 5239 ‘f‘?’
2837 5153 3111 5239 causatus
3140 5174 3188 5212 ο.
3269 5158 3358 5192 i388
3386 5154 3614 5239 δέεαι
3636 5153 3747 5239 arti.

376 5240 529 5296 'mire
559 5256 606 5295 ο.
712 5239 799 5275 ³³⁸⁸
827 5241 944 5296 haec
970 5240 1162 5295 desunt
1194 5243 1254 5296 in
1281 5258 1328 5296 ο.
1426 5243 1511 5277 ¹⁸⁸⁶
1542 5242 1786 5297 vimdice
1813 5258 1860 5297 c.

380 5310 464 5348 ma
500 5328 556 5384 ρ,

378 5387 691 5457 persuadet
718 5399 766 5438 c.

893 5383 960 5417 ³⁸⁸
992 5383 1334 5454 ﬁdejusores
1375 5401 1422 5439 ο.
1530 5386 1616 5419 ¹³⁹⁷
1648 5402 1768 5439 unu
1817 5400 1864 5440 ο.

1958 5242 2044 5276 1387

712 5241 799 5275 ⁸³⁸⁸
827 5241 944 5296 haec
970 5241 1162 5295 desunt
1194 5243 1254 5296 in
1281 5258 1328 5296 ο.
1426 5243 1511 5277 ¹⁸⁸⁶
1542 5242 1786 5297 vimdice
1813 5258 1860 5297 c.
1958 5242 2044 5276 ¹³⁸⁷
2076 5241 2224 5295 duos
2252 5256 2298 5293 ε.
2396 5241 2484 5271 ¹³⁸⁸
2515 5241 2777 5290 acusavit
2804 5248 2850 5287 ο.
2959 5241 3048 5265 ηδ’
3082 5245 3237 5283 unus
3267 5243 3317 5283 c.
3432 5241 3522 5262 ὀυν
3545 5241 3687 5281 servo
3708 5241 3744 5270 ς.

638 5352 649 5365 .
683 5328 717 5366 a
758 5309 1110 5417 supplicium
1140 5328 1186 5365 ε.
1265 5313 1353 5347 ¹³⁹²
1381 5313 1703 5369 caunonica
1733 5329 1777 5369 c.
1857 5312 1945 5349 ¹³⁰³
1977 5311 2310 5367 istitucionc
2337 5325 2383 5364 σ.
2463 5308 2553 5343 ¹³⁹⁴
2584 5302 2793 5376 aliquit
2838 5318 3011 5357 cause
3033 5317 3089 5383 ρ.
3169 5299 3261 5382 mf
3291 5296 3685 5377 adibiscendss
3704 5286 3745 5339 ἀι

638 5387 689 5417 αὖ
720 5399 748 5417 Λ
893 5383 960 5417 3”
993 5383 1332 5417 ΩᾹοῖηαηηοα
1378 5401 1405 5417 n
1530 5386 1616 5417 1397
1648 5402 1766 5417 nn“
1820 5400 1847 5417 Α
1973 5386 2059 5417 1398
2093 5379 2508 5417 ηΑοῖηαΛπῖιῒηα
2558 5394 2587 5417 1'
2712 5374 2802 5411 1³99
2833 5377 3044 5417 mnrhn
3109 5371 3329 5417 fnnrml.
3355 5387 3401 5417 η-
3509 5370 3597 5404 ίδω
3620 5364 3689 5417 1111
3710 5373 3744 5411 ί·

1973 5386 2059 5419 m”
2076 5379 2509 5455 lidejusoribus
2558 5394 2605 5432 ο.

2396 5228 2777 5290 ¹³⁸⁸ἀουεεινίῐ
2804 5248 2850 5287 c.
2959 5230 3048 5265 ¹⁸³⁹
3082 5245 3237 5283 unus
3267 5243 3317 5283 c.
3431 5228 3522 5262 “'0
3545 5237 3687 5281 servo
3708 5232 3744 5290 ς.

2712 5374 2802 5411 ¹³⁹⁰
2833 5372 3048 5428 mortui
3108 5370 3329 5427 fuerint
3355 5387 3401 5426 ο.
3509 5370 3597 5404 “0°
3620 5363 3744 5420 illic.

453 5457 536 5492 “0'
571 5454 986 5528 ﬁdejusoribus
1016 5471 1063 5509 c.
1102 5451 1119 5454 ⁷
1144 5455 1231 5489 ¹⁴⁰²
1258 5454 1298 5510 f.
1334 5455 1434 5528 qui
1453 5455 1566 5511 vivi
1596 5473 1643 5511 ι’.
1721 5456 1810 5491 ¹⁴⁰³
1841 5454 2084 5528 promisi
2115 5471 2163 5510 c.
2200 5451 2218 5455 θ
2243 5454 2331 5487 “0‘
2360 5451 2561 5508 eadem
2593 5465 2643 5503 c.

1966 5578 2201 5636 NOTAE.

453 5678 600 5748 (159)
631 5678 748 5735 Hoc
778 5677 903 5736 loco
933 5678 1110 5735 codex
1142 5680 1317 5749 caput
1345 5677 1415 5732 39
1444 5675 1653 5733 iterum
1686 5676 1882 5744 habet,
1913 5675 2156 5733 mutatis
2187 5673 2353 5730 initio
2381 5670 2623 5729 vocibus
2652 5668 2939 5725 Sancitum
2966 5672 3045 5723 est
3074 5673 3135 5720 ut
3165 5664 3225 5720 in
3255 5663 3559 5721 Statuimus
3584 5666 3654 5725 ut,
3674 5661 3743 5711 ατ.
