3828 6204
48 313 149 369 ¹Π3

48 441 159 496 chia
186 441 335 503 sunt,
358 437 429 493 de
459 434 810 509 presbyteris
835 435 1160 491 secundum
1184 434 1654 509 possibilitatem.
1685 436 1736 501 Α

1013 301 1499 365 FRANCORUM
1548 303 1817 364 REGIUM
1862 300 2414 364 CAPITULARIA.

3294 304 3416 361 7'14

1770 439 2031 505 pergent,
2066 448 2242 506 quam
2274 436 2331 487 et
2360 432 2477 487 illis
2518 433 2616 505 qui
2666 435 3074 501 remanserint,
3106 434 3416 507 episcopus

50 529 277 602 quinque
306 525 539 592 solidos,
565 525 653 581 vel
683 529 955 597 quatuor,
986 524 1075 581 vel
1107 530 1246 591 tres,
1278 524 1366 580 vel
1396 522 1657 590 duos,vel
1767 522 1825 577 in
1860 524 2030 593 cujus
2060 521 2337 594 parochia
2364 522 2692 578 consistunt
2723 523 3044 577 secundum
3074 523 3416 595 prmdietum

49 634 206 673 unum
235 615 504 671 solidum.
534 616 580 670 Α
611 630 726 688 quo
757 612 1377 686 plurimum,quinque
1406 613 1655 681 solidos;

1769 612 2009 668 modum
2040 612 2370 682 conjectum
2410 609 2679 683 accipiat.
2712 611 2792 666 De
2822 609 3283 682 negotiatoribus
3314 629 3417 667 au-

51 724 80 761 a
95 721 194 778 quo
214 702 538 769 minimum,
559 707 815 774 quatuor
835 700 1126 759 denarios.
1148 702 1226 757 De
1246 700 1509 757 ecclesiis
1525 716 1659 756 vero
1767 705 1907 769 tem,
1936 700 2025 756 vel
2050 700 2149 773 qui
2182 699 2241 754 in
2275 699 2610 756 civitatibus
2632 703 3032 763 commonent,
3048 700 3216 770 juxta
3236 701 3421 772 possi-

52 790 381 866 imperatoris
409 795 467 846 et
496 790 883 863 imperatricis
905 795 963 847 et
990 791 1273 847 comitum
1299 808 1366 846 ac
1384 788 1658 847 vassallo-

1769 788 2405 857 bilitatem,3ecundum
2431 789 2585 861 quod
2610 788 2923 845 habuerint
2936 788 3006 843 de
3022 787 3417 859 facultatibus,

54 898 160 938 rum
190 879 592 953 imperialium,
621 885 742 936 tam
772 880 845 937 de
870 878 986 935 illis
1016 880 1113 952 qui
1142 896 1279 935 cum
1308 878 1659 952 imperatore
1767 879 2065 950 conjectus
2092 877 2377 951 exigatur.

740 987 1010 1044 KAROLI
1049 987 1097 1080 Il
1136 985 2095 1080 IMPERATDRIEPO'NVEFIT‘US
2133 985 2687 1043 CARISIACENSIS.

1426 1066 1547 1138 (An.
1580 1068 1705 1120 877.
1737 1067 1864 1122 Jun.
1900 1066 2011 1135 lli.)

110 1155 348 1229 Capitula
376 1156 839 1229 abimperatore
878 1157 1173 1229 proposita
1224 1160 1280 1211 et
1322 1159 1638 1229 conventus
1696 1171 1981 1229 responsa
2022 1153 2418 1229 Sirmondoet
2449 1152 2687 1229 Balneio
2716 1155 3135 1226 prmeuntibus,
3169 1155 3423 1228 capitula

54 1225 232 1284 deinde
257 1225 626 1301 promulgata
652 1244 783 1284 cum
816 1225 1013 1284 codice
1044 1228 1182 1284 bibl.
1218 1229 1387 1299 regis:
1423 1226 1765 1283 Parisiensis
1794 1225 1856 1282 ὴ.
1889 1228 2048 1295 4761,
2082 1244 2130 1282 s.
2162 1244 2220 1292 x,
2251 1226 2463 1281 collata
2489 1225 2851 1298 evulgamus.

111 1327 223 1385 Haec
266 1326 519 1398 capitula
563 1326 885 1382 constituta
930 1331 1069 1382 sunt
1107 1344 1139 1381 a
1171 1328 1386 1383 domno
1439 1325 1661 1393 Karolo,

55 1414 799 1488 gloriosoimperatnre,cum
824 1431 1111 1470 consensu
1137 1415 1397 1471 fidelium
1421 1432 1663 1470 suorum

56 1503 184 1575 apud
208 1503 555 1560 Carisiacum
578 1521 732 1560 anno
761 1503 1183 1561 incarnationis
1211 1504 1516 1559 dominicae
1536 1505 1665 1569 877,

58 1594 341 1665 regni-vero
369 1592 560 1665 ipsius
592 1592 683 1661 37,
718 1592 947 1665 imperii
980 1597 1175 1649 autem
1205 1595 1259 1661 2,
1293 1610 1431 1648 xvm
1457 1590 1664 1647 Kalen-

58 1683 141 1736 das
158 1679 349 1747 Julias,
367 1680 684 1737 indictione
704 1698 740 1736 x
761 1698 775 1749 ;
798 1680 871 1736 de
891 1680 1107 1752 quibus
1137 1680 1405 1753 quaedam
1433 1680 1559 1753 ipse
1575 1680 1669 1736 de-

60 1767 231 1837 finivit,
244 1774 299 1827 et
322 1769 392 1825 de
415 1769 776 1841 quibusdam
807 1786 841 1825 a
868 1768 994 1825 suis
1026 1768 1296 1826 fidelibus
1328 1769 1665 1841 responderi
1700 1758 1742 1822 Β

56 1858 221 1929 jussit.

116 1961 355 2002 CAPITULA
392 1962 707 2004 PROPOSITA
746 1964 869 2003 CUM
907 1964 1210 2005 RESPONSIB
1247 1963 1597 2005 CONVENTUS.

120 2036 158 2089 i.
189 2035 261 2091 De
288 2035 506 2093 honore
526 2040 586 2092 et
613 2036 772 2092 cultu
804 2036 901 2091 Dei
936 2041 1110 2108 atque
1136 2041 1472 2092 sanctarum
1498 2036 1674 2093 eccle-

66 2124 268 2187 siarum,
292 2141 419 2197 qua:
438 2131 676 2181 auctore
704 2125 821 2181 Deo
851 2125 961 2181 sub
993 2125 1212 2181 ditione
1242 2130 1298 2180 et
1318 2126 1564 2180 tuitione
1583 2143 1669 2182 re-

63 2212 263 2283 giminis
276 2212 457 2270 nostri
471 2213 826 2282 consistunt,
841 2213 1088 2270 Domino
1110 2214 1401 2269 mediante
1413 2213 1671 2269 decerni-

66 2316 189 2365 mus,
217 2308 268 2357 et
296 2303 445 2358 sicut
473 2307 738 2375 tempore
788 2303 966 2358 beate
1015 2304 1430 2359 recordationis
1469 2304 1669 2360 do'mni

64 2393 106 2444 et
128 2391 379 2462 genitoris
410 2392 595 2446 nostri
627 2391 867 2446 excultas
897 2398 954 2447 et
984 2392 1280 2447 honoratir
1301 2399 1476 2464 atque
1497 2394 1671 2447 rebus

64 2477 311 2549 ampliata:
340 2480 598 2547 fuerunt,
614 2486 672 2535 et
702 2498 878 2553 quaen
899 2485 1098 2537 nostra
1128 2480 1472 2537 liberalitate
1488 2481 1669 2538 hono-

66 2571 172 2620 rate
191 2572 350 2639 atque
374 2568 571 2624 ditatis
594 2574 752 2635 sunt,
768 2569 839 2623 de
862 2573 1051 2624 cetero
1074 2570 1184 2624 sub
1218 2569 1548 2642 integritate
1580 2571 1670 2625 sui

68 2661 323 2712 serventur
346 2675 359 2723 ;
387 2663 443 2713 et
463 2659 798 2713 sacerdotes
822 2674 887 2712 ac
909 2658 1056 2715 servi
1082 2657 1180 2713 Dei
1202 2657 1459 2731 vigorem
1490 2658 1672 2715 eccle-

69 2742 325 2800 siasticum
345 2750 402 2801 et
431 2746 632 2801 debita
661 2746 961 2818 privilegia
982 2747 1152 2816 juxta
1183 2747 1554 2805 reverendam
1576 2764 1674 2803 au-

68 2832 179 2885 cieri
187 2837 345 2889 tatem
358 2834 683 2903 obtineant;
698 2839 755 2889 et
766 2833 986 2890 eisdem
999 2834 1337 2908 principalis
1354 2841 1608 2908 potestas
1618 2839 1676 2891 et

72 2918 361 2979 inlustrium
388 2923 650 2978 virorum
682 2923 1022 2991 strenuitas,
1048 2940 1149 2979 seu
1186 2923 1266 2981 rei
1296 2924 1541 2997 publieae
1571 2926 1673 2981 ad-

72 3008 470 3077 ministratores,
505 3016 574 3067 ut
617 3028 790 3068 suum
841 3011 1232 3068 ministerium
1282 3019 1678 3086 competenter

1774 1328 1853 1381 rtt
1881 1329 1937 1379 ct
1966 1329 2221 1379 vestrum
2275 1340 2444 1395 posse
2493 1324 2767 1390 extiterit,
2801 1328 2858 1378 et
2886 1316 3182 1395 quomodo
3214 1342 3320 1380 nos
3352 1325 3425 1380 de

1776 1413 1894 1468 filio
1928 1418 2125 1469 nostro
2153 1417 2209 1468 et
2237 1413 2308 1467 de
2338 1412 2501 1467 vobis
2526 1412 2717 1467 securi
2748 1429 2878 1468 esse
2906 1413 3224 1485 possimus,
3239 1418 3296 1470 et
3323 1430 3425 1470 vos

1774 1503 1846 1558 de
1869 1502 1987 1557 filio
2017 1507 2217 1557 nostro
2247 1501 2437 1558 securi
2469 1516 2598 1557 esse
2629 1501 2891 1573 possitis,
2906 1506 2964 1557 et
2981 1501 3107 1575 ipse
3136 1503 3209 1558 de
3239 1504 3423 1573 vobis,

1776 1596 1835 1646 et
1866 1595 1933 1646 ut
1958 1608 2060 1646 vos
2091 1591 2161 1646 ad
2194 1589 2441 1646 invicem
2475 1590 2707 1646 credere
2737 1589 2996 1663 possitis.

1850 1681 1963 1736 ΒΡ.
1996 1680 2076 1736 De
2108 1679 2415 1751 quarto,in
2437 1695 2553 1751 quo
2574 1678 2857 1751 scriptum
2889 1683 2998 1747 est,
3013 1681 3308 1752 quomodo
3325 1698 3428 1739 vos

1772 1771 1844 1825 de
1877 1768 1996 1836 filio
2036 1773 2229 1825 vestro
2274 1767 2466 1826 securi
2512 1784 2642 1826 esse
2688 1768 2949 1842 possitis,
2981 1771 3426 1843 respondemus,

1781 1859 1939 1931 quia,
1974 1858 2090 1914 Deo
2120 1857 2360 1931 gratias,
2390 1875 2493 1914 vos
2530 1859 2779 1914 eundem
2834 1857 3024 1915 filium
3082 1863 3341 1916 vestrum
3373 1865 3431 1916 et

1779 1948 2104 2021 generastis
2141 1952 2198 2003 et
2238 1947 2535 2012 nutristis,
2568 1951 2625 2003 et
2667 1947 2781 2003 sub
2829 1948 3190 2004 nutrimento
3239 1953 3430 2005 vestro

1784 2042 1935 2092 Deus
1964 2035 2033 2091 ad
2067 2035 2217 2090 hanc
2249 2039 2474 2090 aetatem
2506 2033 2670 2090 illum
2700 2035 3006 2108 perduxit;
3041 2039 3098 2091 et
3125 2052 3295 2092 nemo
3327 2053 3428 2092 no-

1780 2131 1971 2181 strum
2003 2123 2166 2180 illum
2200 2122 2457 2196 amplius
2488 2122 2711 2179 salvere
2746 2127 2954 2195 potest,
2987 2124 3071 2180 vel
3105 2124 3295 2192 debet,
3330 2129 3431 2180 aut

1780 2214 1952 2286 sapit,
1987 2231 2161 2286 quam
2196 2230 2319 2275 vos,
2349 2216 2406 2268 et
2450 2213 2507 2268 in
2542 2217 2731 2267 veslro
2761 2212 3004 2269 consilio
3031 2217 3089 2268 et
3118 2213 3333 2269 auxilio
3364 2231 3430 2270 ac

1780 2303 2162 2376 dispositione
2204 2301 2364 2357 illius
2417 2301 2658 2357 salvatio
2700 2306 2759 2357 et
2787 2302 2976 2358 honor
3003 2307 3130 2375 post
3157 2303 3341 2359 Deum
3374 2308 3431 2359 et

1780 2397 2015 2449 sanctos
2036 2392 2164 2462 ejus
2185 2390 2472 2451 consistit.
2495 2391 2561 2446 Et
2581 2389 2834 2463 qualiter
2851 2391 2924 2446 ad
2952 2390 3052 2447 Dei
3072 2391 3428 2450 voluntatem

1780 2486 1836 2536 et
1865 2485 2079 2536 sanctas
2108 2479 2364 2535 ecclesiae
2395 2483 2451 2535 et
2481 2480 2641 2552 regni
2672 2479 2846 2535 vestri
2893 2474 3219 2537 utilitatem.
3240 2482 3430 2537 securi

1781 2570 1851 2624 de.
1884 2568 1982 2624 illo
2011 2586 2140 2624 esse
2173 2568 2431 2641 possitis,
2466 2569 2526 2623 in
2557 2572 2750 2624 vestra
2797 2568 3182 2640 dispositione
3210 2575 3428 2628 manet.

1782 2659 1848 2714 Et
1878 2659 1947 2713 de
1979 2658 2086 2713 hoc
2116 2658 2273 2730 quod
2304 2657 2384 2712 ibi
2415 2656 2702 2729 scriptum
2727 2659 2834 2725 est,
2853 2658 3149 2730 quomodo
3172 2658 3241 2713 de
3263 2659 3432 2715 nobis

1782 2747 1971 2804 securi
1995 2763 2122 2803 esse
2144 2746 2405 2819 possitis,
2428 2745 2682 2818 qualiter
2701 2746 3032 2818 usquedum
3048 2746 3163 2803 Deo
3178 2748 3431 2805 donante

1782 2837 1895 2892 hue.
1918 2835 2308 2903 revertamini,
2334 2838 2449 2891 uta
2469 2833 2631 2891 nullo
2652 2850 2898 2908 regnum
2927 2838 3187 2892 vestrum
3210 2837 3434 2911 inquie-

1782 2924 1889 2980 tari
1924 2925 2427 2997 possiﬁquantum
2461 2924 2615 2979 Deus
2644 2940 2751 2979 nos
2773 2925 2980 2995 juvare
2998 2923 3248 2981 voluerit
3263 2931 3321 2982 et
3337 2944 3435 2983 no-

1786 3019 1971 3070 strum
1997 3030 2166 3086 posse
2191 3012 2447 3067 extiterit
2480 3028 2493 3067 :
2526 3012 2970 3083 respondemus,
3003 3014 3144 3084 quia
3168 3019 3309 3070 sunt
3338 3032 3432 3071 sa-

72 3098 236 3167 exequi
261 3099 502 3163 valeant,
536 3101 597 3189 in
631 3100 907 3156 omnibus
932 3188 937 3189 γ
962 3100 1389 3157 rationabiliter
1425 3106 1483 3158 et
1515 3104 1675 3172 juste
1708 3122 1749 3189 ρ
1785 3106 2083 3160 cramenta
2113 3119 2239 3174 quis
2269 3100 2433 3156 vobis
2467 3100 2731 3169 fecimus,
2750 3104 2809 3156 et
2834 3104 2925 3156 est
2948 3102 3232 3173 professio
3253 3120 3431 3175 quam

72 3193 390 3244 concurrant.
410 3189 480 3245 Et
511 3188 673 3245 filius
702 3193 901 3245 noster
926 3188 1048 3244 hinc
1079 3190 1478 3262 suprascripta
1507 3191 1673 3247 simi-

74 3268 176 3326 liter
198 3274 303 3332 Deo
322 3278 567 3347 iuvante
597 3282 918 3333 conservet.

128 3360 296 3420 RESP.
329 3366 588 3422 Primum
636 3364 982 3438 capitulum,
1017 3366 1169 3422 sicut
1197 3367 1314 3423 Deo
1347 3366 1672 3440 inspirante

72 3447 378 3522 decrevistis,
410 3471 619 3511 omnes
667 3453 1091 3511 conlaudamus
1119 3459 1176 3511 et
1204 3471 1545 3513 conservare
1573 3473 1672 3512 vo-

71 3534 248 3596 lumus.

122 3628 164 3679 2.
198 3628 257 3684 Ut
285 3631 705 3688 monasterium
730 3648 761 3687 a
783 3632 952 3687 nobis
981 3631 1336 3703 Compendio
1363 3633 1420 3689 in
1454 3634 1672 3691 honore

72 3720 244 3771 sancta:
286 3719 376 3774 Dei
426 3720 730 3789 genitricis
782 3721 975 3776 Mariae
1033 3726 1457 3790 constructum,
1490 3740 1523 3777 a
1552 3722 1672 3779 filio

71 3810 231 3861 nostro
259 3814 310 3861 et
338 3808 612 3865 fidelibus
662 3809 878 3865 nostris
912 3826 978 3864 eo
1009 3814 1207 3866 tenore
1239 3827 1355 3883 quo
1388 3810 1672 3883 coepimus

72 3886 360 3959 honoretur,
391 3902 448 3953 et
478 3895 851 3969 privilegium
885 3913 918 3952 a
944 3898 1160 3953 domno
1192 3915 1342 3971 papa
1371 3904 1427 3954 et
1447 3901 1522 3955 ab
1542 3917 1670 3957 om-

73 3976 211 4036 nibus
229 3984 504 4057 episcopis
522 3986 958 4053 confirmatum,
972 3986 1276 4059 imperiale
1295 3988 1469 4045 etiam
1483 3990 1672 4047 decre-

74 4067 188 4131 tum,
218 4083 282 4125 an
310 4075 585 4130 omnibus
613 4074 882 4129 fidelibus
913 4091 1016 4145 pro
1049 4075 1146 4131 Dei
1175 4080 1232 4131 et
1255 4082 1454 4133 nostro
1474 4095 1671 4135 amore

73 4154 443 4227 benignissime
473 4170 653 4235 atque
683 4162 1095 4219 inviolabiliter
1124 4171 1517 4234 conservetur,
1551 4172 1608 4222 et
1637 4185 1672 4223 a

72 4240 165 4299 ﬁlio
191 4253 372 4307 nostro
400 4252 688 4308 firmetur.

126 4332 216 4390 ΗΡ.
246 4337 319 4393 De
347 4341 604 4396 secundo
630 4340 901 4396 similiter
928 4343 1373 4414 respondemus.

125 4422 169 4475 3.
197 4423 262 4480 Ut
286 4427 428 4484 tales
456 4447 488 4485 a
519 4429 686 4485 vobis
713 4429 1024 4503 eligantur,
1040 4432 1295 4502 exceptis
1316 4432 1432 4487 illis
1455 4433 1671 4505 quibus

72 4516 499 4575 commendatum
532 4518 840 4587 habemus,
873 4536 1123 4591 quorum
1158 4520 1397 4593 speciali
1429 4522 1672 4579 consilio
1701 4493 1749 4556 Β

73 4599 115 4649 εἰ
137 4601 397 4672 udjutorio
419 4607 478 4662 in
511 4608 783 4680 praesenti
813 4607 1020 4666 itinere
1048 4614 1306 4667 utamur.

128 4686 220 4745 ΒΡ.
250 4692 325 4750 De
354 4696 523 4760 tertio
568 4713 690 4764 vos,
725 4696 878 4753 sicut
922 4698 1136 4754 melius
1184 4699 1300 4756 Deo
1346 4700 1673 4773 inspirante

74 4772 280 4848 vidistis,
308 4785 466 4856 regni
496 4786 673 4842 vestri
705 4785 1104 4842 defensionem
1135 4792 1310 4861 atque
1340 4772 1671 4860 tuitionem,

74 4864 116 4914 et
139 4864 226 4921 filii
251 4873 416 4928 vestri
445 4875 773 4931 custodiam
806 4892 910 4948 per
938 4876 1139 4933 fideles
1167 4881 1410 4947 vestros,
1427 4883 1546 4936 tam
1571 4896 1674 4952 per

74 4952 354 5042 βρίξθοροε,
366 4978 543 5035 quam
573 4964 813 5021 abbates
843 4969 901 5020 et
924 4965 1555 5042 comites,dispositum
1574 4968 1673 5025 ha-

74 5034 211 5129 betis,
237 5051 289 5102 et
314 5034 704 5108 necessarium
736 5069 866 5109 esse
894 5034 1325 5128 cognoscimus.
1341 5056 1534 5129 Ipsam
1557 5057 1674 5114 dis-

75 5128 374 5215 positionem
406 5157 511 5196 nos
540 5141 903 5199 disordinare
932 5159 1046 5199 non
1079 5128 1417 5215 possumus,
1442 5162 1547 5201 nec
1576 5147 1675 5201 de-

74 5209 273 5281 bemus:
289 5230 343 5281 et
357 5228 605 5298 qualiter
619 5229 781 5286 illam
799 5229 1013 5287 melius
1028 5209 1338 5303 disponere
1350 5209 1668 5306 possimus,

75 5314 166 5360 non
191 5312 456 5383 sapimus.

129 5393 173 5449 4ο
200 5398 480 5463 Quomodo
512 5407 699 5481 securi
729 5425 858 5465 esse
887 5408 1207 5481 possimus,
1227 5427 1535 5485 quousque
1556 5413 1671 5468 Deo

76 5476 288 5572 donante
306 5490 415 5548 huc
436 5502 851 5565 revertamur,a
864 5498 1025 5554 nullo
1040 5515 1285 5572 regnum
1309 5506 1573 5557 nostrum
1591 5501 1673 5556 in-

77 5570 286 5671 (ιυίθιᾳτί
315 5598 497 5657 posse,
530 5592 814 5667 quantum
845 5588 1001 5649 Deus
1029 5570 1131 5649 vos
1162 5589 1436 5667 adjuvare
1471 5590 1671 5650 volue-

1785 3191 2021 3249 vobiset
2051 3190 2243 3248 clerici
2275 3196 2331 3247 et
2359 3189 2490 3245 laici
2520 3189 2579 3245 in
2611 3188 2899 3245 Carisiaco
2934 3189 3177 3246 fecimus
3206 3195 3264 3248 et
3292 3192 3433 3248 sub-

1783 3281 2152 3354 scripsimus,
2186 3285 2243 3335 et
2272 3285 2362 3335 est
2390 3278 2732 3350 perdonatio
2781 3294 2955 3350 quam
2988 3279 3309 3337 dominatio
3336 3298 3433 3338 ve-

1783 3375 1906 3426 stra
1936 3370 2107 3425 nobis
2137 3367 2409 3424 fidelibus
2439 3367 2650 3423 vestris
2669 3371 2722 3421 et
2746 3367 3086 3438 perdonavit
3105 3374 3163 3423 et
3184 3370 3435 3425 subscri-

1783 3460 1983 3533 psit,et
2009 3462 2098 3513 est
2135 3456 2420 3529 professio
2466 3460 2523 3511 et
2559 3459 2991 3511 sacramentum
3024 3472 3152 3528 quae
3181 3457 3239 3513 in
3272 3458 3433 3514 Gun-

1784 3547 1926 3603 dulfi
1958 3547 2095 3602 villa
2124 3563 2227 3618 pro
2259 3545 2423 3600 novis
2454 3544 2652 3600 causis
2681 3545 3120 3617 emergentibus
3148 3562 3217 3601 ex
3248 3552 3434 3604 morte

1785 3635 2067 3694 lllotharii
2096 3640 2155 3691 et
2183 3632 2484 3690 missatico
2512 3632 2715 3689 domui
2739 3633 3040 3706 apostolici
3068 3634 3345 3692 Hadriani
3375 3641 3434 3692 et

1784 3724 2083 3782 missatico
2114 3722 2443 3780 Hludowici
2474 3721 2704 3794 nepotis
2731 3723 2907 3779 vestri
2955 3724 3119 3780 vobis
3164 3725 3430 3782 fecimus.

1782 3815 1883 3871 Est
1896 3813 2074 3871 etiam
2096 3810 2380 3886 professio
2409 3828 2585 3883 quam
2617 3812 2815 3867 Remis
2845 3816 2903 3866 et
2928 3813 3000 3867 de
3029 3816 3223 3868 vestra
3252 3813 3434 3870 fideli-

1780 3907 1900 3960 tate
1928 3907 1983 3959 et
2012 3903 2084 3959 de
2111 3900 2284 3957 vestri
2316 3900 2478 3974 regni
2509 3899 2889 3972 dispositione
2917 3917 2983 3956 ac
3013 3900 3350 3959 defensione
3377 3907 3436 3959 et

1781 3994 1853 4048 de
1875 4009 2053 4048 uxore
2071 3994 2266 4047 vestra
2293 3994 2350 4046 et
2378 3990 2449 4045 de
2480 3989 2599 4045 filio
2626 3994 2819 4046 vestro
2852 4006 3025 4062 quem
3059 3990 3369 4060 habetis,et
3382 3992 3432 4048 si

1781 4082 1934 4138 Deus
1958 4080 2151 4137 adhuc
2181 4079 2356 4135 etiam
2387 4078 2633 4135 alterum
2660 4078 2904 4144 dederit,
2919 4079 3163 4151 professi
3189 4081 3429 4136 fuimus.

1780 4170 1918 4234 Quae
1960 4168 2159 4224 omnia
2204 4168 2487 4223 hactenus
2535 4166 3007 4223 conscrvavimus
3038 4171 3095 4222 et
3125 4184 3430 4224 conserva-

1780 4274 1934 4325 mus,
1961 4261 2017 4312 et
2043 4257 2355 4328 adjuvante
2384 4255 2502 4310 Deo
2532 4270 2722 4327 usque
2754 4254 2826 4311 ad
2857 4256 3030 4311 finem
3058 4255 3185 4310 vitae
3218 4260 3430 4311 nostris

1781 4360 2120 4401 conservare
2161 4343 2453 4400 volumus.
2488 4343 2651 4399 Unde
2682 4360 2786 4416 pro
2815 4347 2971 4399 certo
3003 4360 3109 4399 nos
3152 4343 3434 4400 veraciter

1780 4434 2014 4490 credere
2042 4431 2304 4505 potestis.
2325 4430 2385 4487 Si
2415 4436 2609 4487 autem
2644 4430 2859 4503 aliquis
2889 4448 2923 4487 a
2952 4430 3207 4503 prmfatis
3237 4448 3431 4488 sacra-

1780 4521 1994 4579 mentis
2024 4519 2111 4576 vel
2153 4518 2616 4592 professionibus
2662 4518 2929 4588 deviavit,
2963 4519 3073 4575 hoc
3104 4520 3429 4578 secundum

1780 4611 2065 4668 rationem
2123 4613 2181 4665 et
2235 4607 2641 4665 auctoritatem
2701 4611 2876 4680 atque
2940 4609 3430 4666 consuetudinem

1778 4700 2051 4756 emendet
2080 4702 2138 4753 et
2167 4698 2238 4753 de
2269 4700 2458 4753 cetero
2504 4701 2820 4753 conservet.
2858 4695 2918 4752 Si
2947 4700 3143 4753 autem
3179 4696 3314 4753 talis
3342 4702 3433 4754 est
3500 4726 3507 4729 τ

1779 4789 1849 4845 de
1868 4787 2078 4845 vestris
2100 4784 2371 4842 fidelibus
2393 4784 2492 4858 qui
2515 4784 2624 4841 has
2644 4784 3039 4858 professiones
3060 4801 3175 4841 non
3202 4784 3354 4854 fecit,
3380 4784 3431 4842 si

1779 4893 2017 4934 necesse
2046 4876 2221 4935 fuerit
2251 4874 2444 4941 faciat,
2468 4877 2525 4930 et
2544 4874 2615 4930 de
2636 4877 2829 4930 cetero
2859 4877 3177 4931 conservet.
3208 4873 3431 4932 Fideles

1778 4966 1955 5022 etiam
1986 4963 2160 5020 vestri
2183 4966 2316 5034 post
2340 4966 2584 5019 mortem
2618 4961 2817 5018 fratris
2844 4962 3021 5018 vestri
3039 4963 3111 5019 ad
3126 4979 3230 5020 vos
3256 4980 3428 5021 vene-

1780 5058 1934 5110 runt.
1958 5051 2138 5118 Quale
2166 5053 2600 5106 sacramentum
2631 5050 2798 5107 vobis
2827 5050 3109 5121 fecerunt,
3123 5068 3226 5109 vos
3243 5053 3427 5111 scitis.

1777 5144 1885 5209 Qui
1903 5146 2098 5198 autem
2117 5140 2189 5195 de
2212 5137 2328 5194 illis
2356 5137 2501 5193 illud
2535 5144 2965 5196 sacramentum
2997 5140 3281 5199 hactenus
3298 5159 3430 5199 con-

1779 5230 2047 5297 servavit,
2079 5228 2152 5284 de
2198 5231 2388 5283 cetero
2436 5233 2756 5284 conservet.
2789 5229 2858 5284 Et
2889 5229 2939 5285 si
2980 5224 3195 5303 aliquis
3225 5231 3300 5286 ab
3327 5230 3430 5286 illo

1777 5320 2143 5377 sacramento
2164 5313 2433 5382 deviavit,
2457 5316 2781 5372 secundum
2808 5317 3094 5374 rationem
3110 5323 3168 5374 et
3182 5318 3430 5375 auctori-

1776 5414 1956 5465 tatem
1986 5410 2162 5477 atque
2200 5404 2685 5461 consuetudinem
2717 5404 2827 5461 hoc
2857 5407 3146 5473 emendet,
3178 5409 3235 5461 et
3264 5404 3426 5461 dein-

1777 5515 1913 5570 ceps
1943 5496 2259 5551 conservet.
2291 5492 2370 5548 De
2402 5492 2510 5548 hoc
2536 5494 2691 5567 quod
2735 5492 2951 5550 ibidem
3001 5493 3283 5565 scriptum
3317 5498 3427 5561 est,

1781 5585 2034 5666 qualiter
2078 5599 2187 5642 nos
2234 5582 2425 5643 securi
2457 5582 2529 5641 de
2558 5581 2679 5642 filio
2725 5585 2918 5642 vestro
2949 5597 3077 5641 esse
3105 5579 3427 5658 possimus,
