3844 6200
400 305 518 364 775

1059 298 1394 360 APPEND.
1442 299 1546 358 AD
1594 295 1785 358 S/EC.
1834 285 1909 354 X.
1943 327 2017 337 —
2050 291 2550 355 MONUMENTA
2595 293 3144 356 DlPLOMA'l‘lCA.
3699 295 3792 354 77L-

401 435 845 508 resyondemus,
881 432 1017 504 quia
1060 430 1131 486 de
1173 429 1288 485 ﬁlio
1332 433 1542 498 vestro,
1578 444 1752 500 quem
1797 443 1898 498 per
1947 425 2041 482 Dei
2073 425 2129 490 Α
2159 426 2318 481 vobis
2349 425 2585 498 aliquod
2610 425 3094 498 impedimentum
3125 426 3311 483 facere
3340 423 3614 489 voluerit,
3641 426 3699 479 in
3727 443 3794 481 ve-

401 524 648 598 gratiam
680 527 736 578 et
764 525 1016 577 vestram
1063 517 1506 591 dispositionem
1561 519 1822 571 futurum
1856 515 2046 571 senio-

400 631 520 670 rem
556 617 688 686 post
735 628 835 666 vos
883 610 1094 665 habere
1133 607 1419 672 volumus,
1455 605 1676 661 nullam
1708 604 2046 660 ﬁrmitatem

400 703 575 758 aliam
599 701 938 774 quaerimus,
963 697 1076 753 nisi
1101 697 1210 752 hoc
1232 697 1386 768 quod
1411 712 1510 751 vos
1535 695 1591 749 in
1614 693 1921 766 capitulari
1953 709 2045 747 ve-

399 797 522 847 stro
549 788 842 847 statuistis
857 792 916 843 et
930 786 1286 853 decrevistis,
1311 783 1482 840 nobis
1514 783 1828 855 unicuique
1849 783 1908 837 in
1941 799 2047 838 suo

401 880 603 937 ordine
636 883 692 934 et
745 894 993 951 persona
1039 879 1356 931 conservet.
1391 874 1472 929 De
1503 873 1612 928 hoc
1643 873 1799 944 quod
1829 872 2045 927 ibidem

402 969 686 1040 scriptum
720 972 827 1034 est,
862 964 1112 1038 qualiter
1157 964 1284 1036 ipse
1331 963 1400 1018 de
1448 962 1616 1019 nobis
1649 978 1891 1018 securus
1921 977 2048 1017 esse

402 1057 603 1130 possit,
619 1053 1230 1128 respondemus,quod
1261 1057 1316 1106 et
1349 1051 1545 1107 Remis
1577 1052 1720 1122 (160)
1756 1050 2052 1122 respondi-

401 1163 555 1210 mus,
589 1143 727 1217 quia
753 1143 807 1199 si
838 1143 990 1198 Deus
1021 1146 1079 1198 et
1107 1159 1206 1198 vos
1257 1139 1425 1196 illum
1474 1141 1533 1195 in
1575 1140 1735 1210 regni
1769 1139 2050 1210 regimine

401 1231 880 1297 sublimaveritis,
906 1236 964 1286 et
993 1231 1050 1285 in
1099 1235 1263 1303 parte
1317 1230 1696 1285 denominata
1745 1228 1911 1282 illum
1947 1229 2051 1283 de--

401 1321 789 1396 signaveritis,
824 1321 908 1376 sic
939 1321 988 1375 ei
1024 1319 1224 1375 ﬁdeles
1271 1335 1399 1374 esse
1448 1318 1720 1390 cupimus
1765 1317 1917 1373 sicut
1950 1332 2054 1389 per

399 1417 623 1467 rectum
655 1426 783 1466 esse
803 1408 1018 1465 seniori
1050 1409 1354 1463 debemus.
1376 1407 1455 1462 De
1481 1407 1588 1461 hoc
1615 1407 1769 1478 quod
1795 1406 1874 1460 ibi
1902 1407 2049 1462 scri-

399 1507 565 1573 ptum
597 1503 778 1566 est,et
800 1497 967 1552 nobis
1003 1497 1190 1551 vcibis
1221 1496 1552 1558 dixistis,ut
1574 1497 1642 1550 ad
1679 1495 1919 1550 invicem
1944 1511 2048 1549 nos

399 1587 632 1646 credere
660 1587 979 1659 possimus,
1017 1585 1204 1641 verbis
1238 1584 1484 1639 ﬁdeliter
1531 1601 1636 1638 nos
1681 1585 2047 1639 conﬁrmavi-

400 1696 556 1746 mus,
583 1681 645 1732 ut
665 1677 736 1732 ad
765 1675 866 1732 Dei
889 1674 1247 1729 voluntatem
1274 1678 1331 1728 et
1359 1677 1608 1728 vestram
1631 1671 1970 1727 ﬁdelitatem
1995 1676 2052 1727 et

2157 521 2278 572 stra
2308 517 2690 588 dispositione
2720 517 2829 571 erit
2859 517 2959 588 qui
2992 516 3049 570 in
3084 516 3195 571 isto
3226 532 3406 587 regno
3445 521 3790 574 remaneant,

2155 605 2241 661 vel
2274 606 2374 677 qui
2408 611 2536 678 post
2564 622 2668 660 vos
2696 604 2755 660 in
2787 610 3044 660 vestrum
3078 605 3436 674 adiutorium
3469 611 3737 676 pergant.

2227 697 2280 749 8.
2315 695 2371 751 Si
2397 701 2710 767 antequam
2743 695 3075 763 redeamus,
3094 693 3273 766 aliqui
3303 694 3555 748 honores
3577 693 3790 748 interim

2157 785 2341 856 aperti
2378 786 2614 849 fuerint,
2648 784 3139 840 considerandum
3173 782 3312 854 quid
3343 783 3550 837 exinde
3584 787 3791 852 agatur.

2231 874 2341 930 ΒΡ.
2374 873 2433 928 Si
2466 878 2804 946 antequam,
2840 873 3087 944 juvante
3118 871 3383 937 Domino,
3418 872 3791 938 revertamiui,

2158 961 2373 1035 aliquis
2404 963 2881 1035 archiepiscopus
2909 962 3223 1018 defunctus
3247 961 3442 1026 fuerit,
3456 959 3690 1015 vicinus
3703 961 3792 1031 rpi-

2159 1069 2373 1124 scopus
2407 1051 2592 1124 ipsius
2621 1051 2918 1107 dioceseos
2949 1067 3083 1106 cum
3114 1051 3324 1106 comite
3373 1050 3563 1121 ipsam
3621 1049 3791 1104 sedem

2160 1141 2469 1214 prevideat
2502 1157 2688 1212 usque
2703 1141 2846 1196 dum
2868 1140 3062 1198 obitus
3085 1133 3274 1212 ipsius
3299 1137 3720 1210 archiepiseqii
3737 1141 3788 1192 ad

2159 1236 2410 1286 vestram
2436 1231 2701 1287 notitiam
2736 1229 3124 1302 perveniat.Si
3151 1227 3367 1300 aliquis
3396 1227 3710 1299 episcopus
3733 1227 3795 1281 in-

2160 1320 2330 1376 terim
2361 1320 2592 1384 obierit,
2626 1319 3098 1392 archiepiscopus
3129 1318 3240 1390 ipsi
3295 1315 3421 1373 sedi
3451 1317 3790 1372 visitatorem

2160 1410 2485 1466 secundum
2517 1424 2714 1465 sacros
2741 1425 2995 1464 canones
3020 1409 3279 1479 deputet,
3301 1408 3401 1478 qui
3428 1422 3545 1462 una
3567 1421 3702 1460 cum
3721 1421 3793 1458 ce

2160 1499 2306 1554 mite
2323 1500 2510 1572 ipsam
2532 1497 2950 1560 ecclesiam,ne
2974 1497 3280 1569 praedetur.
3305 1495 3604 1551 custodiat
3629 1512 3790 1565 usque

2160 1588 2300 1642 dum
2320 1588 2506 1659 ipsius
2523 1587 2779 1660 episcopi
2807 1586 3004 1642 obitus
3030 1586 3102 1640 ad
3129 1590 3380 1640 vestram
3404 1584 3672 1640 notitiam
3689 1599 3792 1654 per-

2156 1677 2369 1732 veniat.
2403 1677 2461 1732 Si
2487 1676 2668 1732 ahbas
2699 1675 2784 1730 vel
2818 1675 3114 1730 abbatissa
3147 1673 3380 1734 obterit.
3412 1674 3718 1747 episcopus
3741 1673 3785 1726 in

397 1769 680 1824 honorem
712 1769 769 1820 et
800 1767 1013 1819 sancta!
1041 1762 1298 1818 ecclesiis
1328 1778 1394 1817 ac
1425 1762 1586 1834 regni
1617 1762 1791 1816 vestri
1822 1760 2046 1816 utilita-
2081 1797 2126 1860 Β
2158 1767 2328 1838 cujus
2359 1766 2634 1838 parochia
2665 1764 3084 1820 monasterium
3117 1763 3262 1818 illud
3293 1769 3541 1829 est,una
3557 1779 3690 1818 cum
3717 1778 3785 1816 eo.

398 1861 515 1912 tem
549 1871 615 1911 ac
646 1852 908 1909 ﬁdelium
954 1856 1278 1907 vsstrorum
1319 1850 1747 1906 salvameatum
1779 1851 1895 1906 Deo
1928 1866 2048 1906 me-

398 1945 596 2001 diante
639 1941 881 1998 adunati
925 1941 1135 2009 simus,
1171 1943 1456 2012 quantum
1505 1938 1915 2010 unusquisque
1945 1956 2048 1995 no-

399 2040 584 2090 strum
610 2033 665 2087 in
697 2049 802 2087 suo
825 2031 1029 2086 ordine
1049 2035 1107 2085 et
1129 2045 1376 2102 persona
1391 2046 1492 2101 per
1514 2028 1614 2083 Dei
1637 2027 1885 2100 gratiam
1901 2028 2049 2083 scire

396 2130 453 2180 et
483 2139 652 2195 posse
702 2120 991 2188 habuerit,
1025 2123 1087 2173 ut
1120 2119 1191 2174 ad
1233 2117 1480 2172 invicem
1515 2134 1620 2172 nos
1651 2117 1959 2172 credamus
1991 2121 2049 2171 et

399 2219 604 2269 mutuo
629 2211 997 2280 adjuvemus.

466 2304 520 2357 5.
554 2301 625 2356 Ut
655 2317 722 2354 ea
751 2315 876 2370 quae
909 2314 1012 2369 per
1043 2295 1328 2368 largitatis
1361 2300 1570 2350 nostra!
1599 2299 1886 2367 praecepta
1911 2293 2048 2350 dile-

393 2397 498 2449 ctae
523 2387 757 2460 conjugi
777 2390 988 2441 nostra:
1006 2385 1065 2440 in
1081 2385 1382 2456 preprium
1397 2384 1610 2440 habere
1621 2384 2044 2450 concessimus,

396 2480 553 2537 ﬁlius
585 2481 780 2532 noster
803 2479 937 2530 ante
961 2491 1065 2528 nos
1095 2473 1436 2539 conﬁrmet;
1464 2477 1518 2528 et
1539 2490 1606 2528 ex
1627 2473 1902 2528 omnibus
1919 2489 2044 2544 quae

395 2569 480 2626 illi
505 2570 638 2639 jure
687 2563 1057 2620 beneﬁciario
1112 2561 1511 2618 concessimus
1539 2563 1658 2617 sive
1688 2561 2014 2616 concesseri

397 2655 617 2727 mus,si
643 2653 838 2709 obitus
868 2658 1068 2707 noster
1095 2651 1350 2705 evenerit
1374 2656 1430 2706 et
1459 2649 1558 2705 illa
1589 2667 1696 2704 nos
1723 2651 2049 2722 supervixe-

396 2749 495 2813 rit,
530 2741 823 2816 quomodo
854 2740 1043 2796 securi
1077 2756 1305 2805 sumus,
1339 2739 1618 2811 quatinus
1651 2738 1809 2794 illam
1840 2743 1897 2794 et
1939 2756 2048 2794 sua

396 2833 596 2892 omnia
618 2831 777 2887 ﬁlius
797 2834 998 2885 noster
1016 2833 1074 2884 et
1089 2827 1292 2884 ﬁdeles
1309 2828 1490 2883 nostri
1515 2828 1802 2900 condigne
1829 2827 2047 2884 honore

395 2925 671 2982 studeant
701 2935 1059 2976 conservare.

470 3014 582 3070 ΗΡ.
617 3012 696 3067 De
725 3008 932 3082 quinto
960 3005 1234 3081 capitulo,
1267 3007 1323 3062 in
1377 3023 1491 3080 quo
1541 3006 1824 3080 scriptum
1857 3012 1946 3063 est
1976 3007 2045 3064 de

394 3103 619 3160 dilecta:
653 3098 920 3170 conjugis
967 3102 1168 3153 vestrae
1218 3097 1468 3152 dominae
1502 3102 1709 3153 nostra:
1742 3096 1960 3153 honore
1990 3102 2047 3152 et

2159 1855 2296 1910 mite
2321 1854 2461 1910 illud
2488 1854 2909 1910 monasterium
2932 1852 3221 1909 custodiat
3246 1869 3441 1924 usque
3461 1852 3603 1907 dum
3624 1857 3781 1906 vestra

2148 1944 2342 2017 jussio
2373 1945 2509 2000 inde
2544 1945 2664 2000 ﬁat.

2228 2036 2282 2088 9.
2317 2034 2376 2089 Si
2415 2049 2611 2089 comes
2664 2032 2889 2097 obierit,
2923 2033 3092 2103 cujus
3145 2031 3302 2086 ﬁlius
3353 2030 3659 2087 nobiscum
3702 2030 3779 2090 sit.

2158 2123 2317 2178 ﬁlius
2348 2127 2545 2178 noster
2573 2139 2706 2177 cum
2762 2122 2969 2176 ceteris
3018 2121 3294 2175 ﬁdelibus
3335 2120 3559 2174 nostris
3585 2119 3780 2174 ordinet

2157 2212 2226 2267 de
2259 2212 2351 2267 his
2382 2211 2483 2284 qui
2515 2211 2594 2266 illi
2631 2211 2763 2284 plus
2794 2211 3113 2267 familiares
3134 2216 3186 2264 et
3220 2210 3664 2283 propinquiores
3685 2209 3779 2262 foe

2157 2302 2292 2367 rint,
2328 2301 2594 2373 quicum
2638 2300 3124 2356 ministerialibus
3169 2299 3363 2371 ipsius
3414 2300 3716 2354 comitatus
3737 2303 3780 2351 et

2155 2390 2427 2462 episcopo
2458 2391 2651 2462 ipsum
2683 2390 3026 2445 comitatum
3077 2388 3394 2462 praevideat
3442 2405 3630 2459 usque
3665 2387 3778 2441 dum

2157 2481 2326 2535 nobis
2358 2480 2743 2535 renuntietur.
2776 2479 2837 2534 Si
2885 2484 3079 2534 autem
3137 2477 3323 2532 ﬁlium
3369 2476 3673 2549 parvulum
3699 2476 3779 2528 ha-

2155 2570 2568 2631 huerit,isdem
2593 2585 2725 2624 cum
2761 2566 3248 2623 ministerialibus
3278 2567 3468 2638 ipsius
3497 2567 3780 2622 comitatus

2155 2663 2211 2714 et
2241 2659 2510 2730 episcopo
2540 2659 2599 2712 in
2633 2659 2804 2727 cujus
2837 2657 3114 2729 parochia
3143 2656 3414 2712 consistit
3447 2656 3692 2710 eundem
3707 2671 3781 2708 co-

2154 2747 2424 2803 mitatum
2457 2746 2765 2818 praevideat
2787 2747 2970 2802 donec
3000 2747 3069 2801 ad
3102 2749 3362 2800 nostram
3397 2744 3665 2800 notitiam
3687 2759 3781 2814 per

2152 2837 2363 2892 veniat.
2401 2836 2461 2892 Si
2491 2851 2624 2892 vero
2676 2835 2862 2890 ﬁlium
2915 2851 3028 2889 non
3077 2833 3371 2898 habuerit,
3407 2833 3572 2888 ﬁlius
3613 2836 3779 2888 noster

2153 2942 2287 2981 cum
2319 2925 2525 2981 ceteris
2557 2923 2826 2980 ﬁdelibus
2873 2924 3091 2980 nostris
3132 2923 3365 2979 ordinet
3394 2922 3495 2995 qui
3527 2938 3662 2978 cum
3691 2920 3780 2974 mi-

2153 3013 2553 3071 nisterialibus
2602 3013 2791 3086 ipsius
2837 3012 3152 3069 comitatus
3191 3016 3247 3067 et
3291 3011 3569 3084 episcopo
3613 3011 3773 3082 ipsum

2153 3103 2494 3160 comitatum
2527 3103 2837 3176 przsvideat
2865 3103 3048 3159 donec
3071 3101 3263 3174 jussio
3286 3105 3487 3157 nostra
3517 3100 3654 3156 inde
3682 3101 3774 3153 ﬁat.

395 3191 778 3255 Βαὶνιιωθηῒο,
805 3193 864 3243 et
888 3188 922 3242 ἀ
944 3205 959 3240 ³
983 3187 1420 3242 conservatione
1444 3203 1644 3241 carum
1681 3202 1874 3241 rerum
1897 3202 2044 3258 quas
2075 3165 2116 3231 Ε
2152 3194 2221 3248 Et
2251 3209 2356 3265 pro
2386 3191 2494 3248 hoc
2524 3191 2722 3247 nullus
2753 3191 3060 3256 irascatur,
3075 3191 3123 3246 si
3157 3190 3427 3245 eumdem
3461 3189 3773 3244 comitatum

393 3281 479 3336 illi
507 3278 753 3335 dedistis
777 3275 865 3332 vel
897 3275 1193 3342 dederitis,
1217 3281 1274 3330 et
1305 3275 1376 3331 de
1405 3276 1848 3331 conﬁrmatione
1869 3292 1903 3329 a
1927 3275 2044 3331 ﬁlio

393 3374 584 3427 vestro
613 3367 818 3423 exinde
850 3365 1134 3430 facienda,
1166 3368 1222 3419 et
1244 3363 1400 3420 ﬁlius
1428 3369 1619 3420 vester
1643 3365 1712 3419 ad
1738 3364 1844 3419 hoc
1876 3380 2044 3435 para-

392 3464 491 3516 tus
519 3461 609 3516 est
637 3457 792 3514 sicut
812 3454 1055 3526 jubetis,
1085 3459 1143 3510 et
1173 3471 1300 3520 nos,
1335 3459 1623 3525 quantum
1657 3453 1963 3510 scierimus
1989 3458 2046 3509 et

393 3547 784 3624 potuerimus.
819 3545 889 3600 ad
922 3543 1029 3599 hoc
1058 3543 1245 3614 parati
1275 3542 1518 3598 erimus.

463 3639 518 3693 6.
551 3637 631 3692 De
660 3635 894 3690 ﬁliabus
924 3631 1160 3698 nostris,
1177 3648 1308 3686 cum
1334 3648 1450 3703 quo
1471 3631 1689 3687 honore
1720 3632 2042 3687 secundum

394 3725 497 3783 Dei
523 3724 910 3785 voluntatem,
943 3725 998 3776 et
1030 3720 1186 3792 quali
1223 3718 1583 3776 salvamento
1623 3725 1724 3776 aut
1755 3721 2044 3791 adjutorio

393 3813 713 3870 consistere
734 3811 1001 3865 debeant.
1025 3809 1188 3872 Quod
1215 3808 1390 3864 etiam
1420 3808 1669 3880 parvula.-
1688 3816 1896 3865 nostrw
1915 3809 2044 3864 ﬁlia:

395 3903 600 3958 datum
630 3899 916 3956 habemus
937 3902 1039 3952 aut
1057 3896 1332 3967 deinceps
1363 3897 1718 3964 dederimus,
1733 3915 1867 3954 cum
1884 3898 2044 3970 quali

395 3989 708 4047 securitate
751 3991 946 4042 tenere
995 3985 1198 4056 possit.
1233 3987 1300 4040 Et
1328 3985 1377 4040 si
1412 3985 1564 4041 Deus
1593 4003 1720 4040 eam
1754 3988 1826 4042 ad
1860 3989 2044 4058 perfe-

396 4084 550 4136 ctam
596 4082 828 4134 tetutem
885 4075 1080 4130 venire
1139 4074 1462 4140 donaverit,
1495 4075 1552 4128 in
1585 4074 1790 4131 matris
1821 4093 1938 4131 suis
1971 4077 2048 4131 sit

396 4172 705 4242 potestate,
739 4170 795 4221 et
827 4181 862 4220 a
889 4161 1051 4219 nullo
1091 4167 1293 4218 contra
1339 4163 1526 4234 ipsius
1570 4162 1928 4220 voluntatem
1958 4165 2045 4221 vel

396 4257 606 4314 marito
640 4249 1053 4320 tribuatur,vel
1077 4269 1311 4307 sacrum
1335 4251 1385 4307 ei
1409 4249 1670 4308 velamen
1688 4251 2042 4326 imponatur.

468 4347 578 4403 ΗΡ.
613 4343 893 4401 Similiter
921 4346 978 4398 et
1014 4342 1086 4397 de
1138 4340 1373 4397 ﬁliabus
1425 4341 1653 4408 vestris,
1687 4346 1740 4397 et
1770 4343 1945 4398 etiam
1975 4342 2047 4398 de

394 4436 636 4511 parvula
663 4434 786 4490 ﬁlia
812 4439 1024 4498 vestra,
1047 4432 1198 4486 sicut
1214 4431 1274 4486 ia
1292 4429 1547 4503 capitulo
1578 4436 1768 4487 vestro
1792 4430 2047 4487 contine-

2153 3281 2318 3337 alteri
2349 3281 2442 3336 cui
2477 3281 2645 3336 nobis
2671 3279 2958 3353 placuerit
2986 3278 3320 3335 dederimus
3368 3295 3552 3350 quam
3595 3276 3669 3332 illi
3697 3274 3772 3346 qui

2153 3387 2288 3426 eum
2346 3370 2634 3426 hactenus
2689 3368 2972 3441 praevidit.
3005 3367 3288 3424 Similiter
3332 3373 3390 3422 et
3429 3367 3501 3422 de
3541 3363 3774 3422 vassallis

2154 3459 2371 3516 nostris
2400 3458 2732 3514 faciendum
2766 3461 2872 3513 est.
2908 3457 2978 3512 Et
3005 3456 3278 3512 volumus
3309 3460 3487 3527 atque
3535 3468 3774 3527 expresse

2145 3549 2448 3621 juhemus,
2473 3553 2537 3603 ut
2560 3552 2680 3603 tam
2707 3547 2963 3620 episcopi
2984 3563 3161 3618 quam
3184 3547 3518 3608 abbates,et
3540 3544 3772 3600 comites.

2155 3655 2255 3694 seu
2285 3637 2459 3692 etiam
2493 3637 2666 3692 ceteri
2718 3633 2919 3692 ﬁdeles
2957 3635 3167 3701 nostri,
3199 3633 3542 3689 hominibus
3577 3633 3691 3688 suis
3717 3631 3774 3684 si-

2154 3725 2371 3782 militer
2421 3741 2761 3782 conservare
2812 3725 3124 3788 studeant;
3157 3727 3213 3778 et
3245 3726 3364 3777 tam
3406 3723 3477 3778 de
3505 3723 3771 3794 episcopa-

2153 3815 2311 3872 tibus
2334 3831 2513 3886 quam
2531 3817 2587 3869 et
2608 3814 2677 3868 de
2696 3813 2946 3868 abhatiis
2965 3813 3192 3868 vicinus
3210 3813 3522 3884 episcopus
3539 3817 3598 3866 et
3616 3823 3771 3866 comes

2155 3904 2526 3977 praevideant,
2560 3920 2632 3958 ne
2663 3902 2876 3974 aliquis
2909 3918 3000 3957 res
3053 3899 3480 3957 ecclesiasticas
3508 3899 3598 3954 vel
3629 3895 3771 3954 facul-

2156 3998 2302 4048 tates
2351 3992 2609 4064 diripiat,
2645 3997 2714 4047 et'
2752 3990 2950 4046 nullus
2997 3991 3068 4045 ad
3119 4006 3319 4045 eorum
3378 3989 3768 4060 eleemosynam

2155 4082 2480 4138 faciendam
2525 4080 2824 4152 impediat.
2857 4079 3019 4144 Quod
3052 4078 3099 4134 si
3135 4077 3595 4151 praesumpserit,
3628 4082 3677 4132 et
3701 4089 3769 4126 se-

2155 4171 2415 4226 cundum
2441 4169 2597 4240 leges
2619 4168 2908 4224 humanas
2925 4168 3033 4223 hoc
3055 4171 3387 4238 componat,
3404 4171 3462 4221 et
3482 4164 3767 4221 secundum

2154 4259 2312 4332 leges
2342 4257 2765 4314 ecclesiasticas
2796 4257 2929 4312 inde
2963 4256 3216 4312 ecclesia:
3251 4273 3430 4328 quam
3458 4254 3610 4310 laesit
3635 4252 3767 4309 satis-

2154 4347 2348 4413 faciat,
2370 4352 2428 4402 et
2460 4351 2719 4402 nostram
2752 4345 3175 4401 harmiscaram
3209 4343 3534 4401 secundum
3569 4343 3763 4398 modum

2155 4435 2338 4508 culpa
2371 4440 2426 4491 et
2452 4440 2518 4490 ut
2547 4435 2715 4491 nobis
2747 4433 3033 4507 placuerit
3064 4433 3374 4489 sustineat.

392 4532 510 4593 tur,
544 4531 602 4581 et
632 4525 789 4580 ﬁlius
841 4525 1034 4578 vester
1082 4526 1321 4593 paratus
1373 4523 1463 4576 est
1492 4536 1854 4587 conservare,
1889 4525 1947 4575 et
1973 4520 2045 4575 ad
2079 4534 2123 4598 ι)
2226 4525 2336 4580 RP.
2387 4524 2588 4579 Cetera
2662 4523 2921 4595 capitula
2993 4521 3375 4594 responsione
3448 4538 3562 4576 non
3621 4519 3762 4590 egent.

393 4616 503 4672 hoc
535 4613 1021 4676 conservandum,
1057 4615 1343 4682 quantum
1376 4609 1686 4665 scierimus
1716 4614 1771 4664 et
1795 4609 2046 4682 potueri-

394 4720 550 4772 mus,
577 4703 940 4775 adjutorium
973 4699 1402 4773 praestabimus.

461 4796 514 4848 7.
553 4792 631 4848 De
661 4789 1006 4848 ordinandis
1034 4788 1239 4854 scaris,
1275 4793 1333 4843 et
1363 4788 1411 4842 si
1443 4791 1682 4859 nepotes
1713 4787 1918 4851 nostri,
1952 4787 2043 4843 sui

394 4881 576 4954 patris
609 4879 906 4935 imitantes
935 4877 1198 4950 vestigia,
1230 4883 1434 4932 contra
1467 4893 1593 4942 nos,
1623 4881 1724 4931 aut
1753 4876 1810 4930 in
1841 4876 2046 4932 itinere

394 4973 497 5026 aut
516 4974 830 5040 postquam
855 4969 926 5022 ad
954 4967 1304 5039 dispositum
1337 4966 1529 5021 locum
1563 4965 1678 5020 Deo
1708 4965 1854 5020 duce
1885 4981 2047 5020 vene-

394 5057 602 5125 rimus,
634 5055 858 5126 aliquid
889 5055 1058 5110 nobis
1089 5054 1228 5109 mali
1261 5058 1362 5110 aut
1389 5067 1567 5126 regno
1597 5057 1795 5108 nostro
1828 5053 2047 5108 machi-

394 5145 520 5202 nari
552 5143 858 5211 voluerint,
891 5144 1184 5215 quomodo
1211 5143 1348 5210 illis,
1377 5143 1492 5200 Deo
1531 5143 1793 5214 juvante,
1829 5141 2045 5215 plenis-

393 5233 543 5292 sime
572 5231 902 5287 resistatur.

465 5322 576 5379 ΒΡ.
611 5321 691 5377 De
717 5320 903 5375 sacris
931 5320 1294 5385 ordinandis,
1326 5324 1382 5375 et
1407 5321 1479 5376 de
1509 5320 1822 5392 adjutorio,
1859 5320 1910 5375 si
1941 5318 2046 5375 ali-

393 5411 528 5488 quis
561 5410 633 5466 de
662 5407 972 5480 nepotibus
1002 5407 1210 5463 vestris
1231 5412 1334 5463 aut
1357 5407 1510 5464 inter
1526 5409 1648 5463 vias
1669 5413 1770 5465 aut
1795 5407 1855 5463 in
1884 5407 2050 5464 italia

2153 4613 2431 4684 quoniam
2453 4629 2487 4666 a
2507 4616 2698 4666 vestra
2711 4609 2997 4684 sapientia
3012 4615 3152 4665 sunt
3169 4609 3453 4682 disposita
3469 4613 3527 4664 et
3539 4605 3762 4663 difﬁnita.

2226 4703 2312 4757 10.
2346 4701 2405 4756 Si
2437 4700 2651 4772 aliquis
2682 4717 2751 4755 ex
2800 4699 3073 4755 ﬁdelibus
3124 4698 3339 4755 nostris
3397 4703 3530 4771 post
3584 4695 3762 4753 obitum

2156 4794 2444 4854 nostrum,
2479 4787 2579 4845 Dei
2608 4793 2665 4844 et
2695 4793 2896 4844 nostro
2929 4805 3126 4844 amore
3171 4792 3582 4860 compunctus,
3615 4779 3765 4842 secnlo

2155 4878 2493 4934 renuntiare
2539 4877 2808 4942 voluerit,
2841 4882 2897 4934 et
2945 4876 3152 4932 ﬂlium‘
3189 4875 3277 4932 vel
3333 4876 3512 4932 talem
3574 4871 3761 4948 propin-

2155 4985 2337 5040 quum
2388 4966 2658 5022 habuerit
2705 4967 2806 5038 qui
2865 4966 2946 5022 rei
2999 4965 3244 5038 publica:
3287 4965 3565 5038 prodesse
3601 4961 3762 5018 valeat.-

2156 5072 2298 5113 suos
2331 5055 2604 5121 honores,
2636 5061 2812 5128 prout
2842 5055 3055 5111 melius
3086 5053 3358 5120 voluerit,
3386 5053 3439 5109 ei
3469 5053 3650 5109 valeat
3676 5047 3761 5121 pla-

2156 5145 2354 5201 citare.
2387 5143 2456 5198 Et
2486 5143 2534 5198 si
2566 5144 2626 5198 in
2677 5144 2841 5200 alode
2891 5160 2997 5199 suo
3046 5143 3242 5214 quiete
3297 5141 3492 5198 vivere
3548 5133 3761 5196 voluerit.

2157 5232 2356 5288 nullus
2386 5231 2436 5287 ei
2467 5231 2705 5304 aliquod
2733 5231 3224 5304 impedimentum
3252 5229 3448 5286 facere
3474 5225 3758 5304 praesumat,

2157 5338 2347 5393 neque
2369 5320 2524 5376 aliud
2547 5320 2768 5392 aliquid
2785 5321 2856 5376 ab
2874 5337 2940 5376 eo
2959 5317 3431 5391 requiratur,nisi
3445 5310 3759 5376 solummodo

2161 5414 2224 5466 ut
2250 5410 2322 5465 ad
2358 5408 2555 5481 patrie
2585 5407 2984 5465 defensionem
3019 5411 3240 5480 pergat.

1980 5514 2212 5573 NOTJ‘E.

465 5610 610 5683 (t60)
645 5607 750 5683 Ubi
787 5606 1096 5683 H_i_ncmaro
1129 5608 1274 5683 teste
1307 5603 1362 5658 in
1394 5606 1700 5683 przesentia
1721 5622 2026 5683 procerum
2061 5606 2246 5683 regni,
2279 5603 2806 5683 exceptisﬁugone
2838 5603 3044 5683 abbate
3073 5607 3130 5683 et
3155 5602 3453 5664 Bernardo
3485 5603 3677 5663 comite
3691 5599 3755 5653 AP

395 5674 685 5752 vernensi,
719 5679 790 5739 de
822 5677 1153 5738 Hludowici
1187 5674 1556 5734 successione
1587 5675 1645 5731 in
1680 5674 1856 5753 regno
1888 5681 2022 5752 post
2052 5674 2236 5756 patris
2266 5674 2493 5736 obitum
2525 5674 2878 5755 dispositum
2909 5675 3038 5735 fuit.
3073 5674 3366 5737 Stantem).
