3844 6200
88 363 191 424 781

1066 360 1550 423 FRANCOIIUM
1601 361 1871 422 REGUM
1917 348 2472 424 CAPITULARIA.

3354 365 3476 426 782

86 484 590 550 Deietnostrorum
614 490 870 546 ﬁdelium
897 508 998 567 pro
1012 492 1427 563 suprascriptis
1444 490 1708 547 causisin
1741 493 1794 559 Α
1825 492 2032 558 cuerit,
2065 492 2404 549 dederimus
2433 509 2610 564 quam
2644 492 2726 548 illi
2759 493 2859 565 qui
2888 510 3021 549 eum
3053 498 3294 551 eatenus
3326 513 3469 568 prie-

84 581 311 638 diversis
341 580 574 653 placitis
604 580 819 636 nostris
850 582 1244 636 conservanda
1289 581 1625 648 statuimus,
1660 586 1716 636 et
1823 580 2284 637 vidit.Similiter
2305 586 2361 636 et
2381 582 2452 637 de
2476 582 2720 638 vassalis
2760 583 2975 637 nostris
2998 583 3326 639 faciendum
3357 592 3467 642 est.

86 687 302 727 manere
332 669 673 725 inconvulsa
701 668 1094 740 decernimus,
1128 668 1400 725 similiter
1444 675 1501 725 et
1531 687 1565 726 a
1596 669 1714 726 ﬁlio

85 765 263 816 nostro
291 758 636 814 inconvulsa
668 757 995 814 conservari
1044 757 1316 814 volumus
1365 763 1421 814 et
1469 759 1713 815 manda-

84 866 201 905 mus
223 850 326 903 “35.

142 940 190 993 3.
220 937 277 993 Si
308 952 508 993 comes
540 937 610 993 de
632 936 744 993 isto
774 953 954 1010 regno
986 936 1195 992 obierit
1224 937 1395 1008 cujus
1422 936 1578 992 ﬁlius
1608 954 1710 992 no-

83 1027 286 1083 biscum
309 1026 573 1092 sit,ﬁlius
596 1030 795 1082 noster
815 1042 951 1081 cum
973 1025 1180 1081 ceteris
1200 1025 1473 1082 ﬁdelibus
1494 1027 1713 1082 nostris

84 1117 289 1171 ordinet
317 1115 389 1171 de
418 1115 516 1171 his
546 1115 645 1187 qui
667 1115 857 1171 eidem
877 1114 1076 1170 comiti
1094 1113 1229 1186 plus
1248 1114 1566 1171 familiares
1585 1132 1712 1186 pro-

84 1205 396 1277 pinquiores
429 1206 688 1269 fuerunt,
716 1204 974 1275 quicum
1006 1202 1493 1259 ministerialibus
1522 1202 1711 1276 ipsius

82 1294 454 1361 comitatus,et
484 1309 619 1348 cum
651 1292 925 1364 episeopo
954 1292 1012 1347 in
1045 1294 1215 1364 cujus
1245 1292 1520 1364 parochia
1536 1292 1712 1347 fuerit

82 1383 189 1453 ipse
215 1381 751 1453 comitatus,ipsum
773 1382 1116 1436 comitatum
1140 1381 1709 1452 praivideant,usque

83 1471 201 1527 dum
233 1470 397 1525 nobis
430 1469 822 1537 renuntietur,
860 1475 921 1524 ut
952 1469 1139 1525 ﬁlium
1172 1469 1331 1524 illius
1370 1471 1469 1541 qui
1512 1469 1706 1525 nobis-

83 1575 194 1614 cum
224 1558 349 1623 erit,
380 1560 453 1614 de
484 1558 808 1613 honoribus
833 1558 991 1613 illius
1020 1558 1396 1613 honoremus.
1414 1557 1473 1613 Si
1512 1564 1707 1614 autem

82 1648 245 1703 ﬁlium
275 1646 587 1720 parvulum
613 1646 1096 1712 habuerit,isdem
1122 1645 1278 1701 ﬁlius
1298 1647 1426 1718 ejus
1447 1663 1581 1701 cum
1605 1646 1708 1701 mi-

84 1735 456 1791 nisterialibus
488 1735 681 1808 ipsius
709 1735 1023 1791 comitatus
1052 1739 1110 1790 et
1156 1752 1289 1790 cum
1335 1735 1608 1807 episcopo
1646 1736 1704 1790 in

84 1824 227 1894 cujus
255 1823 537 1895 parochia
565 1823 1109 1893 consistil,eundem
1140 1824 1480 1878 comitatum
1514 1824 1707 1896 praevi-

85 1912 251 1975 deant.
282 1913 465 1967 donec
521 1911 719 1967 obitus
766 1911 987 1984 praefati
1032 1912 1269 1967 comitis
1318 1912 1390 1966 ad
1438 1912 1706 1968 notitiam

85 2005 315 2057 nostram
334 1988 671 2073 perveniat,
700 2004 758 2056 et
784 1999 910 2071 ipse
935 1998 1093 2055 ﬁlius
1123 2001 1251 2070 ejus
1296 2017 1397 2072 per
1442 2005 1706 2056 nostram

85 2090 492 2145 concessionem
515 2089 589 2143 de
612 2087 771 2144 illius
792 2088 1115 2144 honoribus
1134 2088 1473 2144 honoretur.
1495 2089 1554 2144 Si
1573 2107 1705 2145 vero

86 2177 244 2233 filium
275 2195 389 2233 non
412 2177 710 2243 habuerit,
744 2176 901 2233 ﬁlius
929 2180 1126 2232 noster
1156 2193 1290 2232 cum
1321 2177 1529 2233 ceteris
1560 2177 1704 2234 ﬁde-

85 2265 217 2321 libus
237 2265 450 2322 nostris
470 2264 830 2337 ordinet,qui
856 2282 991 2320 cum
1014 2265 1497 2322 ministerialibus
1518 2265 1706 2338 ipsius

85 2356 368 2410 comitatus
397 2357 455 2410 et
484 2371 623 2409 cum
653 2353 924 2425 episcopo
956 2354 1188 2427 proprio
1220 2354 1412 2427 ipsum
1459 2355 1704 2411 comita-

86 2447 189 2496 tum
219 2443 741 2514 praevideat,donec
761 2442 955 2512 jussio
985 2448 1186 2499 nostra
1206 2443 1342 2499 inde
1362 2444 1483 2499 ﬁat.
1499 2446 1577 2499 Ex
1602 2462 1704 2517 pro

84 2528 175 2585 hoc
202 2530 291 2586 ille
320 2548 434 2586 non
469 2531 764 2586 irascatur
790 2530 889 2601 qui
921 2529 1084 2585 illum
1116 2531 1462 2587 comitatum
1503 2533 1703 2605 praevi-

86 2618 229 2685 derit,
255 2620 301 2675 si
333 2620 589 2675 eundem
621 2617 967 2674 comitatum
1011 2618 1194 2687 alteri,
1226 2620 1319 2675 cui
1370 2621 1538 2677 nobis
1580 2621 1702 2694 pla-

1825 669 1892 725 Et
1936 669 2210 726 volumus
2269 675 2445 742 atque
2494 669 2889 743 praecipimus,
2918 675 2984 727 ut
3040 676 3159 726 tam
3212 671 3468 745 episcopi

1823 775 2001 830 quam
2033 759 2274 815 abbates
2304 763 2361 815 et
2391 759 2634 816 comites
2682 777 2785 816 seu
2835 760 3013 816 etiam
3063 759 3237 817 ceteri
3267 761 3470 819 ﬁdeles

1823 848 2007 903 nostri
2048 848 2162 923 hoc
2211 864 2350 921 erga
2394 848 2664 905 homines
2713 865 2853 905 suos
2899 849 3180 905 studeant
3236 865 3467 906 conser-

1819 953 1972 992 vare.

1892 1027 1945 1082 4.
1979 1024 2264 1082 Volumus
2294 1027 2471 1082 etiam
2505 1031 2560 1082 et
2592 1043 2864 1099 expresse
2884 1026 3280 1100 praecipimus,
3312 1026 3468 1098 quod

1820 1113 1869 1169 si
1891 1113 2107 1187 aliquis
2136 1114 2444 1188 episcopus
2474 1114 2562 1171 vel
2593 1116 2776 1172 abbas
2795 1121 2899 1172 aut
2928 1114 3349 1184 abbatissa,vel
3380 1132 3471 1171 co-

1820 1219 1944 1257 mes
1974 1207 2075 1257 aut
2101 1201 2392 1259 vassallus
2421 1210 2618 1259 noster
2646 1203 2874 1271 obierit,
2899 1203 3098 1260 nullus
3142 1221 3233 1261 res
3282 1202 3466 1260 eccle-

1819 1290 2087 1347 ciasticas
2118 1296 2219 1347 aut
2248 1292 2551 1347 facultates
2581 1291 2928 1365 diripiat,vel
2949 1293 3182 1349 comitis
3201 1296 3303 1347 aut
3331 1307 3465 1348 vas-

1818 1379 1947 1435 salli
1981 1382 2161 1436 nostri
2195 1386 2288 1436 aul
2328 1381 2578 1452 alicujus
2607 1382 2866 1437 defuncti
2900 1400 2992 1438 res
3020 1386 3123 1437 aut
3161 1381 3465 1437 facultates

1817 1469 2088 1525 invadere
2120 1469 2205 1525 vel
2237 1486 2521 1541 usurpare
2553 1475 2889 1542 praesumat,
2920 1470 3009 1527 vel
3056 1470 3334 1527 uxoribus
3363 1460 3463 1525 de4

1816 1559 2148 1614 functorum
2198 1558 2478 1614 laicorum
2510 1574 2577 1613 ac
2608 1558 2745 1613 ﬁliis
2774 1576 3208 1631 quamcumque
3247 1558 3462 1614 violen-

1816 1646 1958 1701 tiam
1991 1646 2221 1714 inferat,
2240 1652 2298 1701 et
2327 1645 2523 1703 nullus
2552 1647 2625 1702 ad
2654 1645 2890 1701 illorum
2914 1645 3344 1718 eleemosyuam
3378 1645 3461 1700 fa-

1816 1734 2081 1791 ciendam
2115 1735 2603 1808 eleemosynarios
2636 1752 2836 1791 eorum
2870 1734 3168 1808 impediat.
3201 1734 3363 1801 Quod
3411 1733 3463 1790 si

1816 1824 2031 1896 aliquis
2064 1823 2585 1896 praasumpserit,et
2605 1825 2930 1880 secundum
2951 1823 3109 1896 leges
3131 1823 3461 1879 mundanas

1816 1913 1924 1969 hoc
1951 1930 2085 1968 cum
2111 1913 2303 1968 banno
2326 1916 2522 1968 nostro
2546 1917 2941 1983 componat,et
2958 1912 3280 1968 secundum
3304 1911 3462 1985 leges

1815 2001 2238 2057 ecclesiasticas
2269 2002 2401 2056 inde
2430 2000 2688 2057 ecclesiae
2717 2019 2893 2073 quam
2926 1999 3075 2056 laesit
3116 2000 3458 2058 satisfaciat.

1814 2094 2064 2161 Insuper
2093 2095 2353 2145 nostram
2383 2089 2827 2157 harmiscaram,
2862 2090 3186 2149 secundum
3219 2089 3461 2145 modum

1815 2177 2021 2250 culpae,
2054 2183 2110 2234 et
2141 2183 2203 2234 ut
2232 2179 2401 2234 nobis
2432 2177 2736 2250 placuerit,
2763 2178 3070 2234 sustineat.

1883 2269 2010 2324 Post
2054 2268 2173 2324 haec
2223 2267 2358 2324 lecta
2403 2269 2665 2340 capitula,
2700 2267 2844 2323 dedit
2887 2268 3139 2323 omnibus
3181 2268 3463 2325 licentiam

1811 2373 1936 2412 cum
1963 2358 2064 2412 Dei
2090 2358 2272 2425 gratia
2292 2364 2342 2412 et
2368 2373 2471 2412 sua
2490 2356 2754 2412 redeundi
2771 2356 2842 2411 ad
2857 2358 3106 2428 propria,
3120 2359 3360 2429 exceptis
3374 2357 3462 2413 his

1813 2461 1944 2517 quos
1973 2446 2285 2517 specialiter
2307 2462 2408 2517 pro
2453 2447 2782 2517 specialibus
2824 2448 3006 2501 causis
3051 2444 3462 2501 considerandis

1811 2535 1896 2589 vel
1922 2551 2022 2606 pro
2051 2534 2195 2590 dona
2224 2534 2508 2591 liberanda
2538 2551 2720 2590 secum
2764 2535 3070 2606 aliquantis
3115 2534 3304 2591 diebus
3338 2551 3458 2590 ma-

1810 2639 1939 2679 nere
1964 2625 2242 2696 prwwpit.

1071 2850 1479 2910 IILUDOWICI
1517 2852 1586 2920 II,
1631 2853 1892 2910 KAROLI
1931 2855 1992 2911 Ρ.
2034 2854 2463 2911 CORONATIO.

1354 3021 1477 3091 (An.
1508 3025 1634 3078 877.
1666 3024 1795 3080 Nov.
1828 3025 1917 3092 30,
1951 3025 2070 3081 Dec.
2104 3024 2182 3095 8.)

144 3189 441 3272 Sequentia
472 3194 715 3272 excepto
746 3189 879 3272 ipso
905 3189 1623 3272 coronationisﬂrdinein
1658 3192 1952 3272 Hincmari
1987 3192 2305 3272 annalibus
2353 3193 2913 3272 habenturtpetitio
2960 3192 3365 3272 episcoporum
3412 3196 3468 3272 et

87 3261 364 3336 promissio
396 3263 555 3336 regis
588 3261 646 3316 in
678 3261 804 3317 cod.
842 3261 1152 3317 Parisiensi
1184 3279 1243 3317 n.
1268 3263 1401 3317 4761
1440 3267 1658 3331 exstat;
1694 3264 1957 3320 ordinem
1990 3265 2339 3320 Sirmondus
2369 3282 2436 3321 ex
2466 3265 2663 3320 codice
2694 3261 2752 3320 S.
2787 3261 3079 3321 Laurentii
3134 3261 3470 3320 IIeodiensis

87 3331 257 3389 edidit.

485 3528 723 3567 COMHEN
732 3527 891 3567 DATlO
932 3528 1242 3567 PROCERUM
1251 3553 1264 3566 .

82 3604 455 3664 Commendatio
487 3609 749 3676 Ansegisi
775 3610 1013 3735 episcqfi
1039 3616 1089 3663 et
1136 3610 1376 3664 aliorum
1422 3611 1691 3681 episcopo-

139 3691 247 3731 rum
296 3683 391 3735 aui
446 3680 749 3735 adfuerunt
825 3698 933 3735 anu
1029 3681 1434 3735 Comuendium.
1484 3680 1691 3735 ouaudc

139 3683 391 3752 tumqui
446 3680 749 3752 adfuerunt
802 3680 970 3752 apud
1029 3680 1701 3752 Compendium,’quaudo

138 3748 528 3831 oenedi'rerunt'
561 3748 936 3807 Hludowicu-m
981 3748 1167 3822 ﬁliuni
1218 3752 1414 3807 Karoli
1463 3748 1698 3825 iinpera-

137 3826 269 3874 toris.

138 3932 214 3990 Me
242 3953 305 3993 ac
355 3937 667 3994 ecclesiam
716 3938 861 3993 mihi
916 3939 1294 3995 commissam
1343 3938 1507 3994 vobis
1537 3954 1697 3994 com-

84 4022 261 4078 mendo
273 4026 341 4080 ad
363 4025 625 4083 debitam
643 4025 828 4099 legem
850 4030 907 4083 et
918 4027 1067 4098 justi
1079 4028 1221 4083 tiam
1237 4027 1698 4083 conservandam

84 4113 127 4160 et
166 4109 549 4172 defensionem
605 4115 1010 4184 exhibendam,
1047 4116 1201 4171 sicut
1251 4133 1349 4171 rex
1394 4116 1699 4189 episcopos

83 4196 302 4337 Ecclesiae
331 4220 451 4259 sua:
473 4205 642 4276 justo
664 4204 890 4276 judicio
943 4221 1284 4261 conservare
1331 4210 1389 4261 et
1431 4204 1701 4261 exhibere

114 4285 242 4337 abet-

114 4285 242 4344 ebet.

590 4393 864 4463 Professio
895 4393 1156 4463 ipsorum.

139 4482 239 4557 Ego
268 4486 361 4543 ille
391 4488 520 4561 ipse
555 4488 639 4545 sic
671 4490 1051 4562 proﬁteor,de
1073 4490 1185 4546 ista
1216 4490 1311 4546 die
1341 4494 1398 4545 et
1426 4489 1700 4561 deinceps

84 4565 161 4624 isti
186 4575 389 4631 seniori
419 4582 477 4633 et
507 4576 630 4649 regi
662 4594 790 4634 meo
820 4577 1168 4635 Hludowico
1212 4577 1405 4633 Karoli
1453 4583 1508 4633 et
1557 4578 1700 4633 Her--

86 4664 379 4722 mentrudis
402 4665 545 4733 ﬁlio,
578 4667 904 4722 secundum
937 4683 1133 4723 meum
1184 4667 1334 4723 scire
1362 4670 1421 4721 et
1450 4682 1619 4738 posse
1645 4670 1702 4721 et

84 4759 253 4805 meum
300 4754 715 4820 ministerium,
748 4754 963 4811 auxilio
1012 4761 1069 4810 et
1117 4754 1361 4811 consilio
1410 4754 1598 4810 ﬁdelis
1645 4759 1702 4810 et

86 4832 287 4903 adjutor
313 4859 429 4911 ero,
464 4843 622 4899 sicut
649 4842 958 4916 episcopus
989 4848 1142 4899 recte
1172 4842 1386 4900 seniori
1416 4860 1522 4899 suo
1544 4842 1699 4898 debi-

85 4922 160 4976 tor
182 4931 284 4996 est,
308 4929 367 4984 in
400 4948 532 4987 mea
562 4932 677 4988 ﬁde
704 4937 762 4989 et
791 4921 919 4989 meo
950 4932 1295 4989 sacerdotio.

141 5013 216 5068 Ad
245 5018 701 5092 suprascriptam
728 5037 865 5077 vero
902 5021 1312 5094 episcoporum
1362 5020 1700 5093 petitionem

88 5094 188 5155 hac
217 5120 337 5176 quae
362 5113 697 5182 sequuntur
724 5126 824 5167 rex
852 5109 1234 5166 Hludowicus
1266 5109 1566 5183 professus
1612 5114 1723 5165 est.

87 5187 430 5266 episcopis,et
460 5198 634 5254 istam
659 5198 849 5271 ipsam
882 5198 1321 5272 perdonationis
1349 5199 1699 5272 scripturam

87 5288 239 5422 man:
268 5298 373 5339 sua
398 5285 482 5342 eis
512 5286 674 5343 dedit
702 5286 762 5342 in
790 5287 1147 5360 Compendio
1177 5305 1218 5343 ιι
1266 5286 1560 5344 Kalendas
1600 5288 1702 5345 De-

89 5376 195 5421 cem
237 5370 299 5422 ri.

89 5370 299 5425 cembri.

2228 3514 2528 3569 Promissio
2556 3512 2867 3570 Hludowici
2894 3513 3058 3585 regis.

1882 3637 2001 3708 Ego
2036 3636 2867 3703 Hludowicus,miserieordia
2898 3636 3131 3692 Domini
3155 3635 3253 3692 Dei
3286 3636 3469 3691 nostri

1810 3730 1868 3781 et
1896 3725 2175 3781 electione
2215 3726 2414 3799 populi
2451 3743 2548 3782 rex
2591 3726 2967 3794 constitutus,
2997 3725 3299 3797 promitto,
3323 3729 3470 3780 teste

1809 3814 2056 3871 ecclesia
2085 3815 2209 3885 Dei,
2236 3814 2511 3871 omnibus
2541 3813 2869 3882 ordinibus,
2891 3814 3297 3887 episcoporum
3318 3814 3471 3870 vide-

1809 3902 1964 3969 licet,
1980 3905 2813 3971 sacerdotum,canonieorum,
2837 3903 3468 3976 monachorum,atque

1811 3991 2369 4059 sanctimonialium,
2402 3991 2637 4065 regulas
2658 4009 2693 4047 a
2723 3993 2989 4064 patribus
3020 3991 3382 4064 conscriptas
3409 3995 3467 4047 et

1811 4081 2146 4153 apostolicis
2167 4080 2640 4137 attestationibus
2664 4082 2964 4137 roboratas
2985 4098 3053 4136 ex
3075 4081 3184 4137 hoc
3210 4081 3269 4135 in
3311 4081 3466 4136 futu-

1810 4186 1940 4225 rum
1961 4174 2194 4242 tempus
2214 4187 2307 4226 me
2328 4169 2447 4225 illis
2461 4188 2527 4226 ex
2550 4170 2775 4243 integro
2789 4168 3471 4225 servaturum.Polliceor

1811 4257 1985 4312 etiam
2022 4275 2115 4313 me
2145 4263 2514 4313 servaturum
2560 4258 2719 4329 leges
2747 4263 2803 4312 et
2830 4261 3051 4313 statuta
3100 4255 3317 4328 populo
3365 4254 3466 4327 qui

1812 4345 1956 4400 mihi
1983 4346 2053 4400 ad
2088 4347 2407 4417 regendum
2461 4344 2862 4400 misericordia
2910 4344 3010 4399 Dei
3057 4343 3462 4410 committitur,

1810 4450 1913 4505 per
1943 4450 2254 4489 commune
2277 4432 2587 4490 consilium
2611 4431 2875 4489 ﬁdelium
2900 4436 3468 4497 nostrorum,secun-

1812 4524 1952 4578 dum
1987 4524 2142 4594 quod
2176 4522 2634 4595 praedecessores
2660 4520 2771 4576 mei
2804 4521 3186 4592 imperatores
3211 4522 3269 4575 et
3298 4535 3463 4592 reges

1810 4611 1992 4683 gestis
2023 4612 2482 4676 inseruerunt,et
2510 4608 2751 4665 omnino
2781 4606 3193 4663 inviolabiliter
3209 4607 3464 4663 tenenda

1810 4705 1867 4757 et
1914 4700 2278 4756 observanda
2324 4699 2722 4754 decreverunt.
2756 4697 2872 4769 Ego
2929 4694 3110 4768 igitur
3168 4686 3464 4751 Hludowi-

1810 4807 1915 4846 cus
1970 4788 2336 4845 rectitudinis
2393 4792 2451 4843 et
2489 4786 2733 4857 justitiae
2782 4801 3000 4853 amore,
3033 4783 3185 4839 hanc
3224 4789 3460 4856 sponta-

1733 4882 1779 4946 D
1811 4896 1980 4934 neam
2014 4878 2465 4951 promissionem
2498 4892 2687 4931 meam
2713 4874 3197 4946 relegens,manu
3227 4873 3463 4946 propria

1813 4967 2058 5023 ﬁrmavi.

2465 5097 2805 5137 CORONATIO.

1817 5200 1959 5257 Ordo
2010 5199 2248 5272 qualiter
2287 5196 2642 5254 Hludowicus
2696 5212 2817 5265 rex,
2866 5213 3012 5254 anno
3070 5198 3469 5255 incarnationis

1882 5288 2181 5344 dominicae
2234 5288 2339 5341 877
2350 5330 2364 5348 .
2412 5303 2467 5342 v1
2524 5284 2651 5341 Idus
2704 5285 3022 5353 decembris,
3052 5287 3121 5342 ab
3176 5286 3470 5341 Hincmaro

1889 5378 2291 5449 archiepiscopo
2318 5377 2429 5448 fuit
2455 5383 2743 5433 coronatus
2773 5377 2834 5433 in
2865 5373 3197 5442 Compendio
3220 5373 3470 5448 palatio;

1412 5547 1663 5605 VARI/ﬁ
1699 5545 2113 5605 LECTIONES.

150 5630 228 5671 ¹⁴⁸⁶
253 5639 456 5717 reliqua
481 5643 675 5704 desunt
704 5646 834 5704 4761

3024 5742 3629 6092 ,.
