3844 6200
351 341 475 399 183:

1005 338 1339 399 APPEND.
1387 341 1490 398 AD
1538 339 1724 398 SlEC.
1773 338 1843 397 X.
1875 372 1951 379 ——
1985 336 2490 398 MUNUMENI‘A
2536 335 3094 397 DlPLOMATlCA.

3629 334 3722 399 73k

418 472 643 552 quando
669 480 721 552 et
750 470 870 527 haec
914 484 1039 552 qua;
1083 478 1387 552 sequuntur
1414 472 1500 552 .ab
1538 470 1798 552 episcopis
1828 470 1997 541 petita
2025 470 2081 537 Α
2109 467 2472 524 consortium
2495 467 2552 522 in
2576 466 2794 523 caelesti
2817 482 2994 539 regno
3009 464 3721 538 perveniat.Per~dominun

413 550 547 607 sunt
573 542 719 615 apud
749 559 949 611 regem,
981 550 1032 598 et
1058 543 1127 597 ab
1156 558 1215 597 eo
1242 543 1510 613 promissa
1541 543 1824 613 episcopis.

419 650 636 705 Petittio
665 650 1060 720 episcoporum.
1076 649 1125 702 A
1147 647 1314 702 vobis
1337 646 1645 719 perdonari
1676 645 1846 702 nobis
1862 645 2003 718 peti-

350 754 512 804 mus,
541 742 609 793 ut
637 737 953 808 unicuique
983 737 1055 791 de
1086 736 1255 791 nobis
1286 740 1344 791 et
1373 735 1632 791 ecclesiis
1654 736 1822 791 nobis
1842 752 2000 790 com—

349 826 905 893 missiasecundum
935 824 1193 898 primum
1224 824 1545 896 capitulum
1572 824 1726 895 quod
1760 822 2004 878 novissi-

350 931 445 971 me
476 915 535 970 in
566 913 856 970 Carisiaco
880 914 1134 969 domnus
1155 912 1473 984 imperator
1494 919 1658 985 pater
1678 917 1865 968 vester
1885 929 1919 966 a
1939 927 2003 968 se

348 1006 408 1058 et
420 1020 457 1059 a
472 1002 638 1061 vobis
655 1006 1049 1069 servaturum,
1064 1001 1567 1056 consentientibus
1589 1000 1860 1056 ﬁdelibus
1879 998 2002 1055 suis

348 1108 416 1147 ac
444 1091 657 1148 vestris
702 1095 880 1162 atque
931 1089 1260 1162 apostolicae
1310 1091 1468 1146 sedis
1518 1089 1749 1162 legatis,
1780 1089 2005 1161 legente

347 1178 661 1247 Gauxleno,
693 1179 1080 1247 denuntiavit,
1130 1178 1478 1235 canonicum
1530 1178 1898 1251 privilegium
1946 1181 2005 1233 et

348 1268 604 1325 debitam
630 1268 818 1341 legem
840 1272 1015 1340 atque
1027 1268 1321 1339 justitiam
1347 1266 1781 1333 conservetis,et
1803 1267 2002 1323 defen-

349 1355 574 1413 sionem
596 1356 1105 1423 exbibeatis,sicut
1128 1373 1225 1412 rex
1254 1355 1314 1410 in
1346 1373 1453 1411 suo
1485 1372 1664 1427 regno
1686 1355 2004 1426 unicuique

350 1445 620 1519 episcopo
676 1450 734 1502 et
790 1444 1050 1501 ecclesia:
1104 1445 1216 1500 sibi
1268 1444 1596 1500 commissae
1644 1461 1748 1517 per
1779 1449 2001 1500 rectum

351 1535 623 1592 exhibere
647 1536 841 1591 debet.

421 1626 722 1681 Promissio
748 1626 925 1693 regia.
958 1623 1239 1679 Promitto
1268 1627 1325 1679 et
1349 1625 1604 1695 pcrdono
1648 1622 1831 1689 vobis,
1865 1622 2005 1695 quia

353 1713 672 1785 unicuique
702 1713 775 1768 do
803 1712 967 1768 vobis
1014 1717 1072 1767 et
1123 1712 1385 1768 ecclesiis
1434 1712 1597 1768 vobis
1645 1710 2000 1779 commissis,

354 1802 680 1859 secundum
710 1802 967 1873 primum
999 1801 1322 1873 capitulum
1374 1802 1527 1873 quod
1580 1801 1898 1857 novissime
1942 1801 1999 1855 in

352 1891 641 1948 Carisiaco
673 1892 926 1946 domnus
966 1890 1282 1962 imperator
1325 1895 1488 1962 pater
1534 1908 1701 1946 meus
1732 1908 1766 1944 a
1795 1908 1856 1946 se
1886 1896 1943 1945 et
1971 1909 2005 1946 a

353 1998 447 2037 me
476 1984 863 2047 servaturum,
896 1980 1397 2035 consentientibus
1430 1978 1702 2035 ﬁdelibus
1735 1979 1894 2035 illius
1938 1996 2004 2035 ac

350 2069 573 2126 nostris
598 2073 773 2141 atque
801 2068 1131 2141 apostolica:
1163 2069 1319 2124 sedis
1346 2068 1819 2141 legatis,lcgente
1851 2069 2003 2124 Gau-

349 2159 535 2227 zleno,
569 2157 951 2225 denuntiavit,
983 2158 1329 2213 canonicum
1365 2156 1729 2230 privilegium
1762 2163 1820 2213 ct
1850 2158 2006 2213 debi-

352 2252 472 2303 tam
505 2248 693 2319 legem
742 2251 918 2318 atque
959 2246 1254 2317 justitiam
1306 2247 1680 2313 conservabo,
1716 2254 1771 2302 et
1803 2247 2004 2301 defen-

352 2337 604 2405 sinnem,
631 2340 918 2408 quantum
954 2340 1218 2408 potuero,
1238 2337 1305 2390 ad
1307 2337 1549 2406 juvante
1576 2335 2005 2406 Domino,exhi-

354 2426 524 2492 bebo,
555 2424 708 2480 sicut
736 2440 838 2478 rex
891 2423 949 2477 in
998 2441 1104 2479 suo
1155 2440 1333 2496 regno
1383 2424 1700 2495 unicuique
1731 2424 2003 2496 episcopo

354 2519 415 2570 et
459 2513 715 2569 ecclesiae
762 2512 873 2567 sibi
921 2511 1246 2567 commissae
1306 2530 1409 2585 per
1456 2518 1676 2569 rectum
1736 2513 2004 2569 exhibere

355 2603 548 2657 debet.

511 2693 629 2745 Hoc
657 2697 736 2745 est
761 2690 1068 2760 capitulum
1098 2690 1239 2761 quod
1269 2689 1358 2744 hic
1386 2699 1856 2746 commemoratur.

426 2779 506 2834 De
536 2778 753 2834 honore
777 2795 1010 2851 quoque
1040 2781 1097 2834 et
1126 2778 1307 2847 cultu,
1341 2779 1462 2834 vide
1488 2796 1656 2851 supra
1686 2780 1785 2835 col.
1807 2780 1916 2835 775
1953 2787 2006 2835 et

351 2869 460 2922 780
488 2884 657 2940 usque
686 2871 1005 2923 conservet.

426 2956 828 3013 Benedictiones
842 2974 1007 3029 super
1026 2956 1399 3013 Hludowicum
1421 2974 1601 3026 regem
1614 2959 1798 3030 factae
1823 2959 2002 3027 Deus,

352 3045 450 3119 qui
480 3046 711 3119 populis
742 3046 859 3102 tuis
890 3045 1103 3102 virtute
1142 3044 1400 3101 consulis
1433 3051 1491 3102 et
1511 3064 1709 3102 amore
1732 3047 2001 3103 domina-

350 3136 452 3204 ris,
477 3134 716 3199 dahuic
739 3134 958 3191 famulo
989 3139 1089 3191 tuo
1123 3135 1398 3207 spiritum
1430 3135 1729 3208 sapientiae
1753 3153 1887 3191 cum
1911 3152 2000 3193 re-

2110 562 2380 615 nostrum
2409 557 2613 613 Jesum
2643 557 2944 613 Christum
2976 554 3165 613 ﬁlium
3197 558 3390 623 tuum,
3415 554 3517 626 qui
3547 563 3721 611 unctus

2109 651 2200 703 est
2227 646 2354 703 oleo
2383 645 2597 702 laetitia:
2632 663 2746 719 prae
2773 644 3146 703 consortibus
3176 644 3386 711 suis,et
3402 643 3722 701 virtutemn-

2110 736 2194 791 cis
2227 740 2541 808 potestates
2586 735 2775 790 aerias
2824 733 3154 800 debellavit,
3180 738 3403 791 tartara
3451 734 3718 799 destruxit,

2109 841 2477 896 regnumque
2533 823 2752 879 diaboli
2804 822 3120 896 superavit,
3154 827 3213 877 et
3239 823 3314 877 ad
3358 820 3536 881 caelos
3577 822 3723 877 victe:
3802 820 3803 881 1

2111 913 2393 969 ascendit.
2430 916 2493 969 ln
2525 915 2696 985 cujus
2725 930 2906 969 manu
2947 913 3190 969 victorias
3232 911 3450 981 omnis,
3482 911 3653 984 gloria
3680 920 3721 966 et

2112 1007 2367 1076 potestas
2395 1003 2746 1069 consistunt,
2780 1008 2839 1059 et
2870 1008 3062 1059 tecum
3088 1001 3229 1059 vivit
3256 1006 3316 1058 et
3362 1007 3568 1074 regnat
3604 1004 3725 1055 Deus
3802 1006 3803 1071 ξ

2110 1091 2171 1146 in
2206 1091 2426 1147 unitate
2441 1092 2706 1161 ejusdem
2730 1089 2983 1163 Spiritus
3013 1090 3199 1147 sancti
3220 1106 3326 1161 per
3343 1090 3545 1146 omnia
3566 1088 3725 1145 secula

2111 1178 2465 1237 seculorum.
2495 1181 2702 1236 Amen.

2182 1270 2466 1341 Impositis
2493 1284 2728 1326 eorm.
2757 1268 3006 1327 Coronet
3026 1272 3082 1322 te
3107 1266 3397 1325 Dominus
3418 1266 3729 1337 comnaglo-
3802 1290 3803 1295 π

2111 1357 2208 1413 riae
2239 1364 2417 1430 atque
2434 1357 2680 1428 justitite
2711 1358 2929 1413 honore
2959 1362 3016 1413 et
3060 1373 3232 1428 opere
3280 1355 3652 1419 fortitudinis;
3680 1360 3726 1408 ut
3802 1344 3803 1403 ξ

2112 1464 2218 1519 per
2245 1447 2507 1502 ofﬁcium
2558 1451 2769 1503 nostrae
2801 1444 3246 1513 benedictionis,
3279 1462 3418 1504 cum
3470 1445 3583 1500 ﬁde
3603 1448 3728 1501 recte

2111 1540 2168 1591 et
2197 1535 2510 1608 multiplici
2540 1536 2829 1591 bonorum
2858 1550 3105 1607 operum
3136 1534 3353 1599 fructu,
3386 1533 3463 1590 ad
3493 1547 3729 1591 coronam

2112 1625 2413 1698 pervenias
2447 1624 2621 1697 regni.
2645 1623 2930 1696 perpetui,
2964 1623 3091 1696 ipso
3139 1622 3429 1694 largiente
3474 1622 3639 1697 cujus
3659 1637 3726 1677 Ie-

2111 1730 2295 1786 gnum
2324 1717 2380 1769 et
2410 1713 2720 1786 imperium
2752 1716 3058 1786 permanet
3088 1712 3148 1768 in
3179 1711 3379 1768 swula
3410 1710 3723 1769 seculorum.

2112 1805 2315 1859 Amen.

2185 1894 2393 1965 Sceptri
2423 1893 2666 1948 traditio.
2689 1892 2897 1963 Accipe
2930 1889 3433 1963 sceptrum,regiaa
3465 1888 3723 1963 potestatis

2112 1982 2362 2054 insigne,
2395 1981 2617 2053 virgam
2666 1980 2887 2035 scilicet
2917 1985 3139 2035 rectam
3166 1979 3351 2051 regni,
3388 1979 3607 2051 virgam
3642 1977 3725 2031 vir-

2114 2072 2257 2125 tutis
2288 2088 2300 2125 :
2336 2087 2453 2142 qua
2474 2076 2528 2125 te
2559 2069 2755 2140 ipsum
2778 2069 2926 2124 bene
2952 2073 3417 2140 regas,sancuun
3436 2067 3729 2128 ecclesiam,

2113 2158 2395 2232 populum
2429 2157 2697 2213 videlicet
2724 2157 3110 2214 christianum
3155 2157 3260 2213 tibi
3284 2173 3323 2212 a
3351 2162 3469 2215 Deo
3497 2154 3724 2212 commis-

2114 2266 2268 2315 sum,
2304 2247 2462 2320 regia
2517 2247 2729 2302 virtute
2776 2247 2849 2302 ab
2898 2245 3185 2319 improbis
3224 2245 3531 2310 deﬁndas,
3559 2256 3731 2316 plum

2113 2337 2389 2410 corrigas,
2411 2341 2598 2391 rectos
2643 2341 2707 2391 ut
2736 2337 2889 2391 viam
2921 2340 3140 2391 rectam
3170 2339 3371 2390 tenere
3400 2334 3620 2407 possint
3648 2337 3731 2386 tuo

2104 2427 2408 2498 juvamine
2439 2424 2659 2498 dirigas
2694 2442 2708 2480 :
2744 2431 3039 2496 quatenus
3057 2423 3130 2479 de
3159 2422 3472 2496 temporali
3494 2420 3736 2494 legend:

2113 2519 2393 2570 aeternum
2426 2529 2673 2584 regnum
2714 2512 3039 2585 pervenias,
3068 2511 3199 2583 ipso
3228 2512 3555 2583 adiuvante:
3590 2509 3735 2578 (κύω

2112 2619 2359 2675 regnum
2391 2607 2448 2658 et
2478 2602 2789 2674 imperium
2822 2600 2951 2656 sine
2991 2601 3105 2656 ﬁne
3135 2604 3447 2672 permanet.
3479 2600 3539 2654 in
3566 2595 3737 2657 secula-

2112 2692 2464 2747 seculorum.
2490 2697 2698 2746 Amen.

2180 2781 2605 2836 Benedictiorws.
2657 2778 2942 2834 Dominus
3000 2782 3153 2834 Deus
3210 2776 3597 2850 omnipotens,
3647 2772 3725 2845 qni

2110 2870 2257 2925 dixit
2286 2870 2358 2925 ad
2391 2869 2626 2940 Moysen
2660 2884 2889 2923 servum
2932 2884 3130 2932 suum,
3162 2864 3405 2938 loquere
3451 2866 3524 2920 ad
3570 2866 3727 2919 Aaron

2112 2960 2347 3015 fratrem
2377 2960 2636 3025 tuum,et
2665 2956 2737 3011 ad
2770 2955 2921 3010 ﬁlios
2952 2957 3080 3026 ejus
3110 2954 3335 3021 dicens,
3352 2953 3438 3009 sic
3468 2950 3728 3008 benedice-

2110 3049 2186 3105 tis
2221 3046 2432 3121 populo
2463 3062 2614 3113 meo,
2635 3049 2691 3101 ct
2720 3060 2825 3117 ego
2848 3043 3190 3099 benedicam
3210 3041 3284 3110 ei,
3311 3041 3611 3098 benedicat
3629 3037 3726 3101 tibi,

2112 3142 2169 3194 et
2198 3135 2492 3192 custodiat
2520 3139 2597 3189 te.
2628 3135 2832 3189 Amen.

350 3223 571 3297 gimine
600 3223 1048 3297 disciplinm;ut
1097 3224 1201 3279 tibi
1252 3228 1373 3279 toto
1422 3225 1593 3280 corde
1642 3225 1904 3293 devotus,
1936 3225 1997 3280 in
2028 3211 2069 3279 C
2177 3224 2474 3281 Illuminet
2519 3222 2727 3279 faciem
2778 3238 2949 3278 suam
2998 3236 3175 3294 super
3204 3222 3280 3288 te,
3311 3223 3372 3276 et
3422 3218 3729 3276 misereatur

352 3311 513 3385 regni
537 3312 820 3385 regimine
843 3316 1077 3368 maneat
1105 3329 1336 3384 semper
1357 3312 1852 3385 idoneus,tuoque
1877 3330 2000 3368 mu-

351 3417 487 3458 nere
506 3401 689 3473 ipsius
707 3401 1075 3474 temporibus
1098 3402 1381 3458 securitas
1398 3401 1667 3457 Ecclesize
1690 3402 1997 3475 dirigatur,

352 3493 409 3545 et
437 3489 497 3546 in
537 3490 959 3563 tranquillitate
1003 3490 1228 3548 devotio
1270 3489 1591 3546 christiana
1636 3495 1997 3563 permaneat.

354 3579 460 3636 Per
489 3578 824 3636 Dominum.

417 3670 580 3725 Sacri
607 3669 714 3724 olei
742 3670 967 3741 infusio.
1002 3667 1386 3741 Omnipotens
1429 3669 1785 3741 sempiterno
1820 3668 1995 3736 Deus,

2206 3359 2218 3371 .
2248 3331 2454 3371 amen.

2206 3359 2218 3371 .
2396 3331 2454 3370 n.

2110 3317 2487 3461 tuhoigleitat
2510 3401 2738 3459 vultum
2771 3416 2948 3456 suum
2978 3398 3052 3454 ad
3084 3402 3158 3465 te,
3189 3400 3248 3453 et
3277 3398 3456 3453 donet
3502 3394 3601 3452 tibi
3642 3409 3725 3466 pa-

2109 3495 2473 3639 warm:
2483 3533 2787 3636 dexteram
2823 3594 2942 3635 suae
2964 3573 3481 3640 benedictionis,et
3502 3569 3737 3629 etiamid»

2108 3690 2285 3745 super
2313 3675 2371 3727 te
2418 3670 2637 3725 donum
2688 3684 2808 3722 suae
2857 3663 3311 3739 propitiationis,
3338 3668 3398 3718 et
3440 3658 3725 3718 circumdet

2107 3766 2163 3817 te
2214 3759 2361 3816 felici
2398 3775 2566 3814 muro
2613 3755 2892 3812 custodiae
2943 3770 3062 3809 sum
3114 3752 3511 3825 protectionis,
3542 3750 3721 3805 sancta:

346 3760 572 3813 creator
601 3758 657 3810 et
686 3756 1043 3828 gubernator
1064 3755 1189 3810 caeli
1222 3760 1278 3812 et
1306 3760 1492 3824 terrae,
1527 3758 1793 3814 conditor
1807 3762 1863 3813 et
1883 3758 1998 3813 dis-

343 3842 567 3916 positor
595 3842 936 3915 angelorum
961 3847 1016 3898 et
1038 3843 1476 3916 hominum,qui
1496 3845 1789 3901 Abraham
1812 3847 1999 3901 famu-

340 3931 466 3987 lum
496 3935 666 3989 tuum
694 3931 764 3986 de
796 3930 1064 3987 hostibus
1094 3931 1457 4003 triumphare
1487 3932 1696 4002 fecisti,
1727 3934 1908 4007 Moysi
1940 3939 1997 3991 et

341 4020 522 4077 Josue
537 4019 749 4092 populo
770 4024 868 4075 tuo
890 4017 1144 4092 praelatis
1168 4019 1555 4092 multiplicem
1572 4022 1873 4079 victoriam
1897 4024 1993 4080 tri-

342 4108 547 4176 buisti,
567 4107 850 4165 humilem
881 4125 1117 4181 quoque
1146 4108 1327 4164 David
1358 4126 1605 4180 puerum
1638 4114 1807 4166 tuum
1831 4112 1991 4186 regni

341 4196 575 4270 fastigio
594 4196 1209 4270 sublimasti,eumque
1231 4199 1301 4252 de
1323 4215 1420 4254 ore
1442 4198 1626 4254 leonis
1649 4203 1703 4254 et
1724 4201 1794 4256 de
1812 4219 1991 4258 manu

2108 3851 2300 3906 Maria:
2331 3854 2389 3904 et
2419 3846 2685 3903 omnium
2717 3848 3057 3901 sanctorum
3089 3841 3582 3897 intercedentibus
3625 3850 3719 3890 meo

2104 3938 2251 3994 ritis.
2284 3939 2488 3993 Amen.

2174 4026 2480 4100 Indulgeat
2510 4024 2616 4080 tibi
2648 4022 2805 4078 mala
2832 4019 3034 4078 omnia
3076 4036 3203 4091 quae
3256 4016 3521 4091 gessisti,
3548 4019 3600 4070 et
3637 4009 3725 4067 td:-

2102 4120 2245 4173 buat
2273 4116 2378 4171 tibi
2409 4113 2659 4188 gratiam
2686 4116 2741 4167 et
2764 4107 3229 4166 misericordiam
3252 4123 3435 4178 quam
3458 4100 3725 4161 humiliter

2101 4208 2173 4263 ab
2231 4223 2297 4261 eo
2355 4202 2645 4276 deposcis,
2688 4199 3012 4270 liberetque
3058 4200 3115 4252 te
3173 4196 3247 4250 ab
3306 4189 3718 4276 adversitatibm

2100 4294 2326 4352 cunctis
2357 4297 2414 4349 et
2434 4275 2717 4348 omnibus
2746 4287 3071 4344 visibilium
3101 4283 3484 4339 inimicorum
3504 4275 3725 4337 insidii‘u

2098 4387 2303 4440 Amen.

2171 4468 2513 4543 Multiplicei
2572 4466 2631 4524 in
2680 4471 2737 4523 te
2785 4465 3013 4538 copiam
3057 4479 3177 4523 suae
3222 4457 3651 4523 benedictionis,
3674 4453 3717 4507 et

2096 4562 2403 4618 conﬁrmet
2432 4557 2487 4612 in
2522 4572 2622 4627 spe
2654 4554 2816 4626 regni
2848 4551 3121 4609 cmlestis.
3148 4552 3358 4607 Amen.
3720 4599 3724 4603 .

2165 4652 2345 4706 Actus
2372 4652 2507 4703 tuos
2536 4644 2808 4715 corrigat,
2839 4642 3025 4697 vitam,
3045 4638 3338 4702 emendet,
3369 4652 3569 4703 mores
3586 4646 3714 4688 com-

2096 4742 2292 4812 ponat,
2325 4740 2384 4792 et
2409 4740 2467 4791 te
2496 4734 2569 4789 ad
2599 4731 2854 4788 ccelestis
2874 4727 3139 4802 paradisi
3191 4724 3577 4782 hereditatem
3611 4733 3715 4792 pet-

339 4286 538 4345 bestiae
570 4291 745 4359 atque
772 4285 968 4356 Goliae,
1001 4287 1102 4342 sed
1136 4291 1193 4341 et
1223 4286 1292 4341 de
1323 4286 1515 4359 gladio
1562 4287 1817 4361 maligno
1851 4290 1989 4346 Saul

337 4379 396 4432 et
423 4376 688 4435 omnium
722 4375 1096 4432 inimicorum
1136 4376 1265 4446 ejus
1310 4374 1592 4445 liberasti,
1623 4382 1679 4433 et
1723 4378 1989 4435 Salomo-

338 4482 473 4524 nem
503 4464 797 4539 sapientia:
828 4465 1107 4538 pacisque
1139 4464 1421 4521 ineﬁ‘abili
1474 4483 1715 4523 munere
1764 4466 1985 4536 ditasti,

336 4554 1043 4629 respice,quzesumus,ad
1076 4569 1275 4627 preces
1305 4552 1655 4611 humilitatis
1687 4559 1990 4624 nostrae,et
2016 4580 2064 4645 Ι)

334 4643 491 4701 hunc
511 4644 798 4701 famulum
817 4649 983 4701 tuum
997 4642 1311 4699 virtutibus
1330 4642 1546 4715 quibus
1568 4645 1837 4716 praefatos
1855 4646 1990 4701 ﬁde-

333 4731 418 4790 les
447 4737 579 4791 tuos
600 4732 907 4799 decorasti,
940 4731 1250 4806 multiplici
1291 4732 1530 4788 honoris
1563 4734 1983 4804 benedictione,

332 4822 673 4889 condecore,
704 4826 761 4877 et
787 4822 848 4877 in
879 4821 1044 4895 regni
1077 4821 1358 4894 regimine
1390 4820 1721 4877 sublimiter
1744 4822 1981 4893 colloca,
2095 4829 2288 4884 ducat.
2321 4828 2528 4881 Amen.

332 4914 392 4966 et
420 4909 545 4964 oleo
576 4911 773 4982 gratiae
796 4911 1050 4983 Spiritus
1071 4910 1259 4967 sancti
1288 4909 1373 4965 tui
1404 4912 1843 4984 perunge,unde
1874 4929 1983 4968 un-
2162 4914 2407 4986 Talique
2435 4908 2757 4967 intentione
2781 4905 2992 4979 repleri
3023 4903 3216 4963 valeas
3241 4920 3375 4975 quae
3421 4902 3489 4959 ei.
3523 4902 3579 4956 in
3606 4912 3713 4971 per-

330 4996 501 5053 xistis
531 4999 880 5065 sacerdotes,
915 5016 1098 5072 reges,
1132 4999 1539 5072 prophetas,ct
1572 5001 1981 5073 martyres,qui
2093 5008 2336 5078 petuum
2367 5000 2610 5073 placeat.
2646 5000 2847 5053 Amen.

336 5102 441 5160 per
472 5085 645 5142 ﬁdem
676 5086 937 5142 vicerunt
966 5093 1227 5160 regna,ct
1258 5087 1476 5160 operati
1510 5092 1649 5143 sunt
1660 5088 1978 5160 justitiam,
2159 5091 2411 5165 Angelos
2440 5105 2579 5144 suos
2602 5088 2786 5143 bonos
2818 5100 3051 5156 semper
3080 5087 3145 5140 et
3158 5079 3711 5165 ubique,quitapw'

332 5174 737 5248 atqueadepti
767 5179 907 5231 sunt
949 5176 1386 5248 promissiones.
1424 5177 1605 5248 Cujus
1651 5178 1980 5236 sacratissi-
2088 5182 2317 5247 cedant,
2340 5177 2712 5243 comitentur,
2743 5178 2802 5231 et
2831 5170 3384 5244 subsequantur,ad
3419 5164 3710 5227 custodiam

330 5281 429 5322 ma
457 5264 654 5320 unctio
686 5280 864 5337 super
889 5270 1064 5336 caput
1095 5266 1226 5336 ejus
1256 5266 1492 5334 deﬂuat,
1519 5271 1694 5339 atque
1722 5268 1795 5323 ad
1828 5267 1977 5324 inte-
2086 5272 2172 5327 tui
2205 5272 2414 5343 ponat;
2446 5271 2503 5323 et
2530 5282 2566 5321 a
2594 5266 2850 5337 peccato,
2881 5277 2985 5318 seu
3018 5259 3234 5334 gladio,
3267 5263 3327 5314 et
3357 5257 3435 5314 ab
3480 5252 3709 5313 omnium

328 5355 486 5412 riora
512 5354 641 5427 ejus
670 5352 1005 5421 descendat,
1041 5358 1097 5408 et
1127 5354 1320 5411 cordis
1350 5354 1510 5411 illius
1558 5356 1765 5413 intimo
1809 5373 1978 5429 pene-
2085 5358 2414 5432 periculum
2472 5352 2812 5411 discrimine
2869 5352 2941 5406 de
3015 5366 3124 5405 sua
3189 5346 3459 5420 potentia
3514 5343 3707 5400 liberet

325 5449 460 5512 tret,
483 5449 541 5502 et
568 5441 1079 5518 promissionibus,
1114 5459 1261 5514 quas
1305 5441 1499 5514 adepti
1545 5448 1684 5499 sunt
1711 5444 1975 5503 victorio-
2062 5452 2291 5505 ‘Amen.

325 5534 543 5593 sissimi
566 5532 945 5608 reges,gratia
975 5535 1078 5587 tua
1098 5532 1312 5604 dignus
1342 5531 1657 5600 efﬁciatur;
1684 5539 1977 5606 quatenus
2154 5536 2428 5593 Inimicos
2459 5538 2592 5590 tuos
2623 5532 2695 5588 ad
2729 5529 2888 5603 pacis
2920 5526 3296 5598 caritatisque
3312 5522 3701 5608 benignitatem

323 5623 465 5689 etin
498 5606 783 5700 praesenti
801 5620 995 5679 seculo
1026 5620 1269 5679 feliciter
1298 5624 1518 5695 regnet,
1552 5625 1609 5677 et
1654 5624 1725 5680 ad
1771 5641 1970 5682 eorum
2082 5629 2396 5697 convertat,
2430 5628 2486 5680 et
2515 5621 2850 5680 odientibus
2882 5623 2938 5677 te
2967 5615 3295 5694 gratiosum
3327 5618 3397 5671 et.
3416 5606 3697 5670 amabilem
