3844 6200
77 392 187 452 789

1083 389 1574 455 FRANCORUM
1625 394 1665 453 ll
1683 392 1773 454 EG
1789 391 1897 455 CM
1944 392 2039 457 CA
2053 396 2498 463 PITULARIA.

3380 402 3501 466 790

74 543 177 600 pus
199 524 346 596 (164)
370 521 1106 598 Agathensis,Guntardus
1129 524 1440 597 episcopus
1466 524 1736 581 Matisco-
1764 527 1818 595 Α
1849 530 2019 586 corde
2050 536 2106 587 et
2135 547 2232 588 ore
2263 533 2538 606 rependo,
2563 534 2719 607 quod
2749 533 2885 592 licet
2912 532 3228 605 immerito,
3252 534 3376 595 sola
3403 553 3504 596 ve-

75 613 287 681 nensis,
308 612 657 687 Rostagnus
678 613 1153 685 archiepiscopus
1169 611 1737 678 Arelatensis,Theo-

74 702 298 759 dericns
339 701 830 774 arehiepiscopUs
873 701 1369 767 Vesontionensis,
1422 700 1736 757 Aetherius

72 791 378 863 episcopus
402 790 794 857 Vivariensis,
821 791 1150 846 Leodoinus
1181 790 1494 861 episcopus
1527 790 1735 845 Massi-

71 879 287 949 liensis,
313 878 686 935 Germardus
718 878 1028 951 episcopus
1059 877 1483 946 Arausicensis,
1520 878 1734 932 Ratfri-

73 970 175 1023 dus
206 966 536 1039 episcopus
564 967 1006 1033 Avenionensis,
1032 967 1386 1025 Walefridus
1425 966 1732 1039 episcopus

74 1055 448 1121 Uceticensis,
475 1056 739 1112 Edoldus
769 1056 1078 1129 episcopus
1110 1056 1434 1128 Regiensis.

175 1143 392 1217 Synadi
421 1143 498 1198 ad
529 1149 784 1200 Bosonem
818 1162 997 1214 regem
1035 1145 1379 1213 designatum
1406 1144 1621 1211 legatio.

135 1233 308 1289 Sacra
339 1233 613 1304 synodus
645 1232 1028 1289 Mantalensis
1060 1231 1333 1288 territorii
1362 1229 1730 1298 Viennensis,

72 1323 125 1376 in
153 1321 392 1377 nomine
446 1321 682 1376 Domini
733 1321 917 1376 nostri
963 1327 1333 1395 congregata,
1368 1320 1543 1375 simul
1596 1336 1730 1376 cum

72 1410 447 1484 primoribus,
486 1411 814 1484 inspirante
844 1410 1147 1466 divinitate
1178 1426 1423 1465 summa
1457 1410 1730 1480 majesta-

74 1501 165 1567 tis,
186 1501 418 1556 sincera
453 1500 763 1556 devotione
789 1504 1039 1556 vestram
1075 1496 1734 1572 prudentiam,clarissi-

76 1605 158 1643 me
177 1589 479 1662 princeps,
498 1588 643 1654 adit,
658 1593 860 1661 petens
879 1588 1176 1644 addiscere
1194 1594 1383 1644 vestra
1401 1586 1733 1643 certissima

78 1678 474 1749 responsione,
514 1676 745 1749 qualem
777 1694 878 1732 vos
909 1676 1098 1733 velitis
1136 1678 1195 1731 in
1236 1675 1589 1748 principatu,
1615 1691 1729 1746 quo

72 1782 162 1821 vos
186 1765 508 1822 sublimari
536 1783 639 1839 per
660 1766 918 1821 divinam
948 1766 1408 1822 misericordiam
1432 1768 1725 1837 optamus,

1845 623 1967 674 stra
1984 620 2410 691 benevolentia,
2430 641 2531 696 per
2549 624 3088 681 incommutabilem
3107 625 3203 681 Dei
3224 627 3497 700 gratiam,

1845 708 2119 782 amplecti
2152 727 2246 766 me
2268 710 2590 769 visceribus
2611 714 2820 769 vestris
2844 714 2915 769 ad
2946 714 3239 786 liquidum
3271 732 3499 789 compe-

1843 796 1949 852 rio.
1978 798 2195 855 Pariter
2222 818 2474 872 quoque,
2500 803 2653 874 quod
2690 803 2879 859 fervor
2904 806 3105 859 vestrae
3138 802 3397 861 caritatis
3419 805 3494 861 ad

1844 886 1901 941 id
1934 888 2192 944 ofﬁcium
2232 907 2325 945 me
2377 892 2700 963 promoveri
2734 892 3016 947 divinitus
3046 896 3228 965 optat,
3251 896 3316 948 ut
3363 909 3494 950 mea

1844 977 2100 1049 parvitas
2150 980 2321 1034 matri
2374 997 2534 1047 mea},
2565 998 2691 1053 quas
2722 980 2970 1036 ecclesia
2998 981 3098 1037 Dei
3128 981 3239 1037 vivi
3287 985 3395 1048 est,
3417 982 3491 1038 ob

1840 1066 2231 1123 immortalem
2266 1071 2797 1125 remunerationem
2822 1071 3118 1126 decertare
3141 1069 3349 1127 valeat.
3374 1072 3492 1145 Ego

1842 1159 2060 1226 autem,
2086 1157 2355 1213 conscius
2387 1175 2526 1213 mea;
2558 1158 2909 1213 conditionis
2939 1164 2996 1214 et
3023 1158 3287 1232 ﬁgmenti
3318 1159 3493 1232 fragi-

1841 1243 1938 1313 lis,
1961 1245 2245 1316 imparem
2274 1247 2658 1318 mejudicans
2681 1250 2843 1302 tanto
2870 1246 3491 1320 negotio,omnimodis

1842 1334 2203 1401 abnuissem,
2227 1335 2340 1389 nisi
2372 1353 2475 1409 per
2505 1336 2604 1392 Dei
2638 1340 2845 1392 nutum
2871 1337 3036 1392 vobis
3067 1353 3165 1392 cor
3187 1353 3369 1392 unum
3391 1336 3493 1391 da-

1841 1427 1988 1491 tum,
2017 1426 2074 1479 et
2102 1423 2361 1480 animam
2392 1443 2570 1480 unam
2600 1425 2661 1480 in
2696 1442 2879 1480 unum
2910 1441 3264 1481 consensum
3293 1425 3494 1481 adver-

1842 1511 2066 1568 tissent.
2099 1512 2501 1571 Obediendnm
2543 1515 2739 1587 itaque
2789 1531 2892 1586 pro
2923 1518 3079 1569 certo
3127 1529 3488 1586 cognoscens

1840 1601 2142 1673 inspiratis
2186 1620 2219 1658 a
2268 1604 2377 1658 Deo
2427 1608 2550 1659 tam
2611 1603 3012 1659 sacerdotibus
3045 1619 3224 1675 quam
3270 1601 3488 1658 nostris

1840 1689 2045 1746 amicis
2077 1696 2133 1745 et
2162 1690 2453 1759 ﬁdelibus,
2484 1709 2595 1747 non
2619 1692 2894 1762 reluctor,
2916 1707 3022 1747 nec
3051 1691 3257 1757 audeo,
3280 1688 3487 1747 vestris

1838 1779 2225 1849 jussionibus.
2250 1780 2411 1844 Quod
2432 1798 2567 1836 vero
2594 1781 2946 1852 requisistis,
2971 1779 3206 1852 qualem
3230 1796 3322 1835 me
3343 1796 3489 1852 prte-

76 1855 334 1911 omnibus
356 1856 695 1911 ostendere.
716 1854 775 1911 Si
801 1855 1068 1911 videlicet
1098 1854 1377 1911 honorem
1405 1854 1505 1909 Dei
1538 1853 1725 1908 omni-
1759 1902 1804 1965 B
1836 1867 1973 1923 hem
1993 1867 2199 1924 vellem
2232 1869 2289 1923 in
2323 1870 2741 1924 committenda
2772 1887 2875 1942 per
2903 1870 3001 1925 Dei
3026 1867 3485 1926 misericordiam

77 1943 309 1965 ..-1__12_
348 1948 398 1965 A1
462 1943 826 1965 J3I--1f-_-_._
884 1944 935 1965 Ξ..
996 1944 1101 1965 ΩΔ-
1142 1942 1414 1965 -Α-ιι.-ιξ--
1450 1942 1729 1965 --Α--..ἷιη-
1838 1956 1848 1965 .
2031 1957 2041 1965 .
2116 1957 2126 1965 .
2244 1958 2264 1965 -
2309 1962 2315 1965 .
2503 1963 2509 1965 .
2585 1958 2595 1965 .
2710 1958 2722 1965 .
2827 1963 2833 1965 .
2939 1958 2975 1965 -.
3022 1957 3058 1965 ..
3468 1962 3476 1965 .

77 1943 311 2016 potentis
341 1948 404 1999 et
456 1943 832 1999 dilectionem
884 1944 942 1999 in
996 1944 1106 1999 ﬁde
1136 1942 1423 1999 catholica
1450 1942 1729 1997 veraciter

80 2031 363 2103 quaesituri
390 2032 635 2099 estis,et
662 2031 967 2089 ecclesiam
998 2032 1158 2087 illius
1190 2049 1293 2104 pro
1322 2030 1545 2087 viribus
1577 2029 1729 2087 exal-

80 2120 257 2175 taturi.
278 2120 339 2177 Si
370 2120 559 2177 vultis
590 2120 885 2188 omnibus,
910 2121 1064 2175 sicut
1113 2121 1247 2176 boni
1301 2118 1593 2191 principes
1624 2118 1724 2189 qui

80 2225 168 2265 vos
185 2214 637 2282 princesserunt,
653 2215 710 2264 et
727 2226 977 2281 quorum
996 2210 1245 2264 formam
1266 2208 1475 2263 litteris
1491 2212 1547 2262 et
1570 2208 1727 2262 fama

81 2297 267 2364 nostis,
297 2297 521 2372 legem,
553 2297 850 2368 justitiam
911 2302 970 2352 et
1027 2302 1250 2353 rectum
1306 2296 1622 2352 concedere
1669 2300 1726 2350 et

82 2403 319 2456 servare;
352 2391 627 2443 tenentes
659 2386 1076 2455 humilitatem,
1107 2404 1233 2459 quae
1263 2390 1353 2442 est
1381 2386 1726 2441 fundamen-

79 2478 188 2529 tum
217 2475 682 2544 virtutum,eum
718 2474 1012 2547 patientia,
1041 2480 1101 2531 et
1129 2475 1325 2530 animo
1358 2490 1583 2541 sereno,
1607 2473 1718 2527 hu-

82 2562 419 2633 millimo,ad
442 2564 851 2620 damnandum
881 2563 1207 2632 incondito,
1233 2564 1333 2619 sed
1364 2563 1424 2617 in
1446 2562 1723 2618 omnibus

75 2650 217 2720 juste
246 2652 563 2724 promissis
603 2652 797 2709 stabili
848 2657 905 2707 et
951 2657 1126 2718 certo,
1152 2653 1297 2707 bene
1328 2668 1430 2723 per
1460 2651 1558 2706 Dei
1590 2668 1721 2723 gra-

82 2738 206 2793 tiam
260 2746 594 2813 praaparato
646 2746 703 2796 et
751 2745 974 2809 ornato,
1010 2740 1321 2796 sobrietate
1368 2738 1721 2811 competenti

84 2834 326 2884 venusto.
342 2829 451 2893 Qui
483 2828 617 2885 sitis
643 2828 1014 2885 accessibiles
1036 2827 1310 2883 omnibus
1333 2831 1489 2882 recta
1509 2842 1718 2898 sugge-

87 2916 349 2985 rentibus,
377 2923 437 2973 et
490 2936 595 2990 pro
644 2917 773 2973 aliis
827 2916 1343 2983 intercedentibus,
1396 2921 1719 2988 quaerentes

92 3004 255 3077 magis
281 3008 566 3078 prodesse
605 3025 781 3079 quam
830 3023 1100 3080 praeesse,
1134 3011 1445 3078 sequentes
1474 3003 1720 3075 vestigia

86 3098 395 3150 sanctorum
457 3095 819 3169 principum,
851 3096 1142 3152 calcantes
1193 3096 1360 3162 iram,
1414 3093 1713 3159 sznvitiam,

86 3179 357 3251 duritiam,
381 3184 716 3253 avaritiam,
740 3184 1144 3257 cupiditatem,
1172 3184 1633 3258 indignationem
1660 3187 1717 3238 et

85 3272 395 3341 superbiam
431 3291 444 3330 :
475 3275 681 3346 justus
728 3273 1010 3347 patricius
1049 3275 1256 3330 vestris
1304 3273 1627 3345 majoribus
1657 3279 1712 3328 et
1743 3270 1784 3335 C

87 3358 382 3419 minoribus
415 3369 791 3436 apparentes,
816 3363 1119 3420 veritatem
1152 3379 1250 3418 ore
1280 3368 1337 3419 et
1366 3380 1537 3435 opere
1567 3380 1711 3434 pra:-

88 3444 346 3519 l‘erentes,
405 3451 647 3507 salubre
702 3451 1013 3508 consilium
1074 3451 1322 3507 libenter
1383 3452 1709 3521 audientes,

87 3542 321 3594 monstra
350 3539 629 3595 vitiorum
649 3530 1021 3597 declinantes
1053 3545 1109 3595 ct
1139 3544 1578 3613 persequthes,
1603 3539 1715 3594 vir-

86 3625 186 3679 tute
215 3628 919 3695 amantes,defensionem
942 3634 1000 3685 et
1030 3630 1464 3702 mamburgium
1491 3630 1575 3664 ¹⁴⁸⁷
1598 3629 1709 3684 sin-

87 3712 217 3782 gulis
243 3716 604 3775 cxhibentes.
638 3718 710 3773 Ut
750 3736 939 3791 neque
979 3720 1180 3774 eadem
1221 3723 1423 3774 sancta
1453 3720 1712 3791 synodus

87 3804 411 3873 etprimatcs
431 3806 613 3862 vestri
642 3824 775 3862 cum
806 3824 874 3863 ea
897 3807 1233 3877 sentientes,
1263 3824 1418 3862 nunc
1447 3808 1517 3863 de
1546 3808 1711 3864 vobis

89 3886 137 3943 in
163 3890 403 3950 bonitate
432 3894 863 3952 maledicantur
882 3895 968 3951 vel
999 3896 1382 3951 detrahantur
1410 3897 1469 3951 in
1495 3896 1710 3963 futuro,

92 3992 250 4051 neque
277 4000 438 4040 sacro
472 3989 664 4040 vestro
708 3984 1062 4057 principatui
1094 3984 1364 4053 nobis,ut
1393 3985 1709 4050 credimus,

93 4069 364 4137 profuturo
401 4075 566 4145 juste
596 4074 908 4147 derogetur
942 4090 955 4126 :
991 4075 1091 4129 sed
1137 4074 1215 4129 sit
1245 4090 1355 4145 pax
1400 4077 1458 4129 et
1501 4074 1713 4129 veritas

93 4160 741 4236 sanctorum'sulfragiis,
763 4180 864 4235 per
887 4162 1143 4218 divinam
1165 4163 1435 4235 gratiam,
1462 4161 1713 4234 praelatis

93 4246 138 4295 et
160 4247 418 4316 subditis,
445 4250 849 4305 sacerdotibus
876 4254 936 4305 et
960 4249 1075 4307 illis
1102 4250 1436 4306 commissis
1457 4250 1717 4323 primati-

94 4328 202 4400 bus,
224 4334 356 4392 dum
387 4340 476 4395 eis
505 4339 909 4394 auctoritatem
943 4339 1333 4412 evangelicam
1361 4345 1417 4395 et
1445 4339 1716 4412 apostoli-

92 4432 197 4475 cam
225 4439 351 4480 cum
373 4428 544 4498 justa
573 4427 699 4501 lege
723 4427 984 4483 humana
1007 4429 1423 4484 consenseritis
1443 4436 1499 4485 et
1523 4431 1717 4486 obser-

94 4511 352 4581 vaveritis,
378 4521 441 4571 ut
474 4533 574 4588 per
610 4516 810 4572 omnia
839 4520 895 4572 et
923 4516 983 4572 in
1024 4518 1298 4573 omnibus
1338 4519 1717 4574 benedicatur

1834 1956 1893 2011 in
1926 1957 2207 2030 regimine
2241 1958 2520 2025 futuro,et
2550 1958 2726 2013 simul
2752 1957 3093 2014 ostendistis
3125 1962 3487 2024 normam,et

1834 2044 2195 2100 instruxistis
2244 2045 2518 2118 dogmate
2567 2062 2752 2112 sacro,
2786 2045 3173 2101 libentissime
3202 2044 3479 2117 suscipio.

1832 2133 2165 2205 Amplector
2195 2134 2542 2190 catholicam
2592 2135 2788 2203 ﬁdem,
2820 2134 2880 2189 in
2938 2151 3054 2207 qua
3109 2138 3168 2189 et
3224 2132 3483 2189 nutritus

1833 2239 2181 2295 sum,quam
2215 2223 2531 2296 purissimo
2564 2224 2735 2280 corde
2765 2229 2953 2290 teneo,
2982 2240 3078 2279 ore
3106 2222 3482 2279 veracissimo

1833 2313 2177 2385 pronuncio,
2204 2331 2307 2385 pro
2338 2331 2455 2386 quo
2486 2319 2725 2385 paratus
2750 2330 2882 2368 sum
2916 2312 3175 2385 impendi
3198 2316 3255 2368 et
3283 2328 3484 2384 super-

1832 2402 2112 2474 impendi,
2147 2403 2195 2457 si
2224 2402 2307 2458 sic
2356 2402 2641 2475 placuerit
2690 2402 2926 2457 domino
2976 2402 3094 2457 Deo
3124 2404 3343 2457 nostro.
3376 2401 3481 2456 Eo-

1831 2490 2141 2547 clesiarum
2191 2491 2513 2563 privilegia,
2538 2492 2781 2563 juvante
2825 2491 3061 2546 domino
3111 2494 3311 2545 nostro
3339 2490 3481 2545 Jesu

1831 2580 2082 2649 Christo,
2109 2585 2438 2636 restaurare
2468 2585 2525 2635 et
2564 2596 2925 2647 conservare,
2960 2582 3018 2634 ct
3052 2577 3347 2649 justitiam
3380 2593 3485 2650 per

1830 2675 2085 2725 vestrum
2117 2686 2427 2724 commune
2458 2669 2769 2725 consilium
2813 2668 3051 2724 curabo.
3084 2666 3396 2735 Omnibus,
3418 2670 3484 2722 ut

1830 2758 2164 2826 monuistis,
2199 2757 2407 2831 legem,
2446 2758 2741 2831 justitiam
2792 2762 2850 2813 et
2900 2762 3124 2814 rectum
3174 2756 3483 2812 mambur-

1827 2846 2012 2919 gium,
2038 2847 2354 2903 auxiliante
2385 2848 2524 2913 Deo,
2551 2847 2903 2903 conservabo
2935 2850 2992 2901 et
3021 2846 3357 2918 impendere
3385 2861 3484 2901 cu-

1828 2938 1967 2991 rabo
1994 2953 2006 2991 :
2033 2954 2147 3008 quo
2178 2953 2432 3008 sequens
2462 2936 2913 3008 praecedentium
2948 2935 3234 2989 bonorum
3267 2934 3481 3007 princi-
3566 2984 3579 2993 .

1826 3042 1966 3096 pum
1996 3025 2261 3097 vestigia,
2304 3030 2425 3080 tam
2474 3025 2655 3080 sacris
2710 3024 3015 3080 ordinibus
3062 3039 3239 3094 quam
3289 3022 3473 3090 vobis,

1825 3114 2042 3170 nostris
2073 3112 2365 3169 ﬁdelibus.
2389 3113 2693 3169 consulere
2724 3117 2960 3181 certem,
2986 3111 3318 3183 aequitatem
3350 3128 3475 3167 ser-

1822 3204 2030 3260 vando.
2056 3204 2135 3259 De
2159 3203 2423 3259 moribus
2462 3203 2629 3271 meis,
2666 3202 2799 3258 licet
2828 3218 2921 3257 me
2951 3204 3310 3274 peccatorem
3354 3216 3470 3273 prae

1824 3291 2098 3347 omnibus
2131 3292 2334 3359 sciam,
2358 3291 2716 3347 voluntatem
2750 3307 2940 3346 meam
2967 3289 3119 3345 hanc
3152 3305 3279 3345 esse
3308 3305 3475 3345 vera-

1822 3381 1966 3436 citer
1996 3398 2212 3449 assero,
2240 3385 2303 3435 ut
2335 3398 2436 3453 per
2465 3381 2664 3436 omnia
2694 3379 3051 3452 morigerum
3083 3378 3395 3444 bonorum,
3418 3382 3476 3434 et

1823 3470 1881 3525 in
1924 3468 2083 3525 nullo
2133 3468 2423 3525 malorum
2472 3470 2799 3525 ostendam.
2834 3468 2891 3525 Si
2944 3470 3163 3536 autem,
3196 3465 3475 3540 quoniam

1822 3559 1996 3614 homo
2052 3576 2206 3623 sum,
2258 3563 2461 3614 contra
2517 3558 2839 3631 quemlibet
2897 3557 3092 3613 animo
3151 3573 3476 3623 excessero,

1794 3648 2145 3723 secundum
2176 3651 2435 3704 vestrum
2481 3646 2789 3704 consilium
2826 3646 3113 3720 corrigere
3142 3646 3380 3701 curabo.
3413 3645 3477 3702 In

1822 3754 1938 3809 quo
1968 3754 2173 3809 precor
2194 3741 2624 3802 reverenter,ut
2646 3738 2807 3809 quod,
2828 3736 3055 3808 justius
3077 3740 3133 3792 ct
3162 3734 3478 3791 rationabi-

1821 3825 1938 3881 lius
1968 3824 2325 3894 inveneritis,
2352 3825 2495 3880 mihi
2540 3841 2795 3897 congrue
2842 3841 2945 3898 pro
2976 3828 3239 3898 tempore
3267 3827 3325 3879 et
3353 3822 3478 3880 loco

1822 3918 2223 3987 suggerentes,
2246 3931 2346 3969 vos
2376 3914 2535 3987 ipsos
2561 3914 2620 3969 in
2643 3931 2736 3970 me
2758 3913 3055 3970 honoretis
3081 3931 3094 3969 :
3121 3912 3401 3986 quoniam
3422 3915 3479 3969 et

1821 4020 1946 4075 ego,
1964 4002 2013 4058 si
2036 4003 2168 4074 quis
2187 4007 2441 4058 vestrum
2468 4002 2523 4058 in
2551 4020 2642 4059 me
2663 4001 3475 4075 deliquerit,cmendationem

1824 4091 2248 4147 rationabiliter
2278 4091 2635 4149 acccssibilis
2680 4093 2869 4148 factus
2901 4092 3265 4165 exspectabo.
3289 4091 3476 4146 Evan-

1822 4179 2066 4252 gelicam
2089 4184 2146 4235 et
2168 4178 2543 4252 apostolicam
2567 4181 2973 4236 auctoritatem
2999 4197 3132 4236 cum
3157 4179 3321 4251 justa
3348 4178 3475 4251 lege

1824 4285 2038 4339 sequar
2067 4268 2346 4337 humana,
2372 4273 2436 4323 ut
2459 4269 2584 4341 ipso
2615 4270 2880 4341 praaduce
2902 4274 2957 4324 et
2978 4268 3208 4333 comite,
3233 4284 3334 4339 per
3357 4282 3477 4322 om-

1826 4355 1921 4410 nia
1953 4360 2009 4411 et
2040 4356 2099 4410 in
2132 4355 2406 4411 omnibus
2439 4356 2817 4412 benedicatur
2848 4361 3014 4411 Deus.
3042 4356 3121 4411 De
3165 4355 3338 4410 domo
3369 4370 3471 4409 no-

1825 4447 1967 4515 stra,
1994 4444 2146 4499 sicut
2166 4462 2257 4499 me
2282 4443 2613 4510 monuistis,
2638 4444 2777 4515 quia
2806 4448 2960 4499 Deus
2982 4444 3043 4499 in
3065 4440 3286 4499 sanctis
3314 4440 3476 4496 habi-

1822 4535 1929 4600 tat,
1955 4532 2409 4587 sollicitudinem
2432 4531 2742 4601 adhibebo,
2766 4536 2824 4588 et
2847 4537 2911 4588 ut
2934 4532 3204 4588 decenter
3224 4528 3475 4603 quisque

94 4593 543 4702 Deus-Precatur
567 4603 744 4661 etiam
777 4606 1155 4702 sacerdotalis
1185 4611 1242 4661 et
1271 4606 1492 4662 laicalis
1525 4607 1712 4663 ﬁdeli-
1744 4639 1789 4702 Ι)
1826 4593 2075 4687 incedat,
2127 4620 2557 4676 studiosissime
2606 4593 2950 4693 Ρτοέυτεδο,
2992 4619 3199 4693 Igitur,
3243 4593 3473 4675 ᾖοιηῖῃὶ

97 4686 187 4753 tas,
216 4694 276 4745 ut
320 4693 492 4749 faciat
539 4699 734 4749 vestra
779 4694 1092 4767 prudentia
1141 4713 1622 4769 unumquemque
1652 4697 1712 4752 in

97 4780 260 4833 vestra
286 4781 454 4839 domo
488 4800 663 4839 suum
692 4800 793 4839 vas
822 4784 1124 4856 possidere
1160 4783 1220 4839 in
1253 4785 1715 4843 sanctiﬁcatione

100 4865 146 4915 et
169 4863 389 4927 honore.

241 4960 456 5017 Bosom's
485 4963 634 5031 regis
661 4962 819 5018 electi
847 4962 918 5018 ad
946 4963 1217 5035 synodum
1246 4966 1539 5035 responsio.

158 5040 557 5106 Sacratissimae
574 5052 794 5123 synodo
807 5056 863 5107 et
879 5051 1105 5108 cunctis
1122 5052 1479 5125 primoribus
1499 5055 1712 5111 nostris

92 5125 338 5192 ﬁdelibus
365 5138 607 5195 humilis
628 5139 841 5196 Christi
871 5141 1221 5198 vernaculus
1252 5147 1420 5198 Boso.
1449 5144 1711 5200 Primum

98 5223 271 5276 vestrae
308 5226 711 5285 sincerissima
742 5230 1032 5286 devotioni
1079 5231 1400 5302 gratiarum
1453 5234 1709 5292 actiones

1823 4710 1959 4778 mei,
1985 4708 2342 4766 sacrosancti
2374 4708 2697 4782 pontiﬁces,
2720 4709 2975 4765 ecclesia:
3005 4707 3220 4765 summi
3254 4706 3354 4763 Dei
3377 4723 3476 4762 no-

1823 4798 1926 4854 stri
1961 4798 2333 4871 prmsules,et
2363 4814 2463 4853 vos
2495 4814 2699 4853 omnes
2729 4797 2911 4853 nostri
2946 4796 3165 4867 ﬁdeles,
3194 4795 3474 4869 primates

1823 4892 1880 4944 et
1910 4888 2326 4960 subprimates,
2359 4888 2615 4943 conﬁsus
2665 4887 2736 4942 de
2784 4886 2880 4942 Dei
2932 4886 3121 4960 gratia
3149 4890 3207 4942 et
3234 4884 3473 4955 auxilio,

1822 4993 1925 5049 per
1954 4981 2289 5032 sanctorum
2321 4977 2449 5048 ejus
2480 4976 2777 5049 suffragia,
2805 4976 2945 5048 quia
2962 4974 3172 5032 vestris
3191 4974 3475 5048 jussioni-

1822 5065 1933 5121 bus
1968 5065 2110 5136 fave,
2165 5082 2369 5137 prccor
2399 5082 2497 5120 vos
2530 5066 2584 5119 ιι
2626 5066 2886 5133 obsecro,
2912 5070 2977 5120 ut.
3032 5081 3134 5138 per
3188 5065 3382 5139 ipsum
3416 5067 3475 5120 et

1821 5171 1954 5209 cum
1987 5154 2134 5225 ipso,
2159 5159 2279 5209 tam
2312 5153 2424 5226 piis
2447 5155 2519 5209 ad
2544 5154 2736 5226 ipsum
2761 5153 3207 5226 interventibus,
3229 5153 3288 5209 in
3311 5157 3472 5209 tanto

1821 5243 2125 5297 subeundo
2147 5242 2344 5298 labore
2360 5259 2548 5298 meam
2572 5242 2978 5300 necessitatem
2999 5247 3058 5300 et
3078 5242 3473 5299 humilitatem

1414 5350 1653 5408 VARI/E
1695 5338 2113 5414 LECTIONES.

164 5403 238 5440 “‘1
268 5416 774 5472 mundeburdium.

1642 5515 1876 5574 NOT/E.

116 5588 1125 5695 intigil‘ﬁoﬁgendum,ﬁp§nsis.
1154 5616 1306 5663 certe
1353 5613 1492 5666 tunc
1521 5615 1801 5683 temporis
1830 5615 2093 5673 Alaricus
2125 5617 2474 5689 Agathensis
2524 5621 2649 5674 erat
2694 5618 3022 5695 episcopus,
3057 5630 3161 5670 nec
3206 5627 3470 5685 unquam
3530 5642 3533 5645 -

114 5661 165 5711 in
189 5661 521 5738 Septimania
550 5661 813 5748 regnavit
839 5661 1009 5734 Boso.
1045 5661 1221 5740 BOUQV.

2978 5634 3022 5684 s,
3057 5630 3161 5670 nec
3206 5627 3470 5685 unquam
3530 5642 3533 5645 -
3566 5609 3600 5695 ,4
