3844 6200
27 358 130 419 793

1037 354 1520 418 FRANCURUM
1567 355 1840 418 REGIUM
1886 356 2433 419 CAPITULARIA.

3313 360 3437 425 794

27 492 1101 551 itetutasacrorumcanonumnecnon
1125 486 1393 560 quadam
1413 485 1670 560 capitula
1698 492 1756 561 Α
1786 487 1941 544 unde
1994 487 2182 546 vivere
2238 488 2409 546 debet
2462 488 2512 545 ei
2564 486 2737 545 tollit.
2788 489 2858 547 Et
2906 488 3152 559 scimus,
3207 490 3436 554 dicente

27 583 449 635 mtecessorum
487 581 826 634 nostrorum
860 581 1310 645 renovarentur;
1331 576 1675 650 quiagravi-

27 674 95 724 ter
114 673 167 723 et
189 666 440 723 moleste
472 666 743 737 ferimus,
761 667 915 739 quod
938 667 1195 738 peccatis
1217 665 1677 739 impedientibus

27 762 72 813 et
101 755 336 813 malitiis
368 773 788 828 perversorum
841 756 1146 815 hominum
1195 754 1671 824 exuberantibus,

27 846 160 904 ultra
197 846 451 903 modum
484 844 779 901 vilescunt
809 849 985 917 atque
1025 861 1172 917 pene
1202 835 1516 901 adnullata
1552 844 1671 900 exi-

27 939 189 1000 stunt,
219 933 525 1006 prmeipue
579 933 677 989 illa
724 951 850 1007 quae
881 937 1084 990 contra
1114 932 1337 990 malum
1371 934 1586 1006 rapina:
1617 937 1674 990 et

27 1022 466 1096 depraedationis
491 1039 527 1078 ει
561 1022 779 1080 sanctis
810 1023 1079 1096 patribus
1112 1027 1250 1078 sunt
1281 1022 1672 1096 promulgata,

27 1119 69 1169 et
88 1131 117 1168 a
135 1112 661 1168 christianissimis
678 1112 915 1186 regibus
932 1112 1275 1168 auctoritate
1295 1112 1455 1185 regia
1471 1112 1676 1168 conﬁr-

27 1201 515 1274 mata.Siquidem
552 1201 632 1257 ita
659 1202 882 1274 passim
913 1200 1086 1274 longe
1118 1200 1352 1274 lateque
1379 1201 1487 1258 hoc
1514 1216 1677 1257 vene-

27 1308 147 1347 num
173 1291 464 1348 diffusum
494 1295 563 1347 et
591 1292 924 1364 dispersum
956 1291 1330 1363 est,utquasi
1355 1290 1675 1363 liberejam

27 1380 154 1436 male
181 1382 514 1439 abutantur
547 1397 752 1438 omnes
802 1379 995 1436 infecti
1028 1385 1086 1435 et
1126 1380 1383 1454 corrupti
1434 1395 1676 1452 corpore

27 1469 280 1528 etenima
310 1469 427 1527 hoc
462 1473 595 1527 tam
643 1469 1098 1526 sceleratissimo
1148 1474 1328 1542 atque
1376 1470 1675 1526 mortifero

27 1559 223 1624 morbo,
254 1576 374 1615 non
424 1559 823 1633 recogituntes
870 1558 980 1615 hoc
1028 1559 1184 1631 quod
1233 1558 1451 1615 Paulus
1508 1558 1670 1626 dicit,

27 1646 185 1703 immo
212 1648 370 1704 Deus
403 1648 787 1721 omnipotens
814 1665 918 1721 per
946 1647 1140 1721 ipsum
1160 1665 1172 1703 :
1192 1649 1429 1721 Rapaces
1449 1664 1676 1720 regnum

27 1739 109 1797 Dei
132 1754 237 1797 non
257 1738 861 1810 possidebunl.Neque
894 1735 1038 1793 illud
1071 1738 1224 1810 quod
1259 1736 1398 1794 alibi
1427 1738 1672 1810 Aposto-

1783 576 1962 633 Paulo
2002 577 2284 650 apostolo,
2318 579 2458 651 quia
2508 578 2700 635 omnis
2755 578 3050 636 homicida
3092 597 3209 639 non
3259 581 3435 640 habet

1783 666 1961 722 vitam
1985 665 2042 722 in
2072 683 2249 740 regno
2281 667 2403 736 Dei,
2423 672 2482 724 et
2512 667 2840 724 homicidas
2871 673 2929 724 et
2957 668 3257 727 adulteros
3278 672 3436 743 judi-

1774 756 1939 812 cabit
1986 757 2160 813 Deus.
2190 757 2342 824 Quia
2389 774 2527 830 ergo
2579 774 2819 830 rapaces
2871 774 3121 832 regnum
3169 758 3271 815 Dei
3317 777 3433 819 non

1782 846 2186 918 possidebunt,
2222 845 2333 901 nisi
2375 864 2442 901 ea
2490 846 2852 904 reddiderint
2897 864 3025 919 quas
3086 846 3345 915 tulerint,
3376 853 3437 907 et

1776 934 2023 1006 insuper
2047 935 2449 1007 pmnitentiam
2481 934 2722 1007 egerint,
2748 934 3043 1008 fugiamus
3063 935 3175 993 hoc
3204 939 3433 995 tantum

1784 1024 2025 1093 malum,
2060 1024 2213 1080 unde
2244 1026 2329 1079 tot
2358 1041 2424 1079 ac
2455 1029 2617 1080 tanta
2644 1022 2759 1081 alia
2801 1023 2958 1081 mala
3008 1025 3348 1097 procedunt,
3380 1030 3437 1082 et

1778 1111 2099 1185 diligamus
2121 1111 2416 1184 proximos
2443 1111 2593 1168 sicut
2618 1111 3029 1185 nosmetipsos,
3046 1110 3435 1184 adimplentes

1778 1200 1972 1274 legem
2003 1218 2131 1274 qua:
2163 1200 2303 1256 dicit
2335 1218 2348 1256 :
2381 1201 2500 1257 Non
2532 1202 2880 1273 concupiscas
2912 1217 3027 1258 rem
3048 1202 3298 1273 proximi
3327 1203 3432 1269 tui,

1779 1308 1880 1348 nec
1907 1293 2093 1347 omnia
2122 1306 2250 1363 quae
2279 1291 2438 1347 illius
2458 1299 2606 1346 sunt.
2640 1290 2788 1355 Quia
2814 1289 2985 1346 aliter
3014 1307 3203 1363 neque
3235 1290 3432 1346 inimi-

1785 1379 1868 1436 cis
1897 1380 2114 1437 nostris
2147 1379 2471 1453 poterimus
2514 1380 2802 1447 resistere,
2835 1396 3024 1452 ncquc
3056 1396 3302 1453 regnum
3331 1380 3433 1441 Dei

1780 1469 2103 1542 possidere.

1859 1559 1907 1613 1.
1939 1557 2229 1614 Volumus
2273 1557 2490 1629 itaque,
2525 1562 2590 1613 ut
2617 1557 2903 1631 palatium
2949 1561 3239 1627 nostrum,
3270 1574 3434 1619 more

1780 1647 2277 1720 praedecessorum
2328 1650 2683 1715 nostrorum,
2714 1651 2774 1703 et
2820 1645 2923 1703 Dei
2953 1645 3139 1713 cultu,
3169 1651 3228 1704 et
3257 1647 3432 1721 regali

1778 1736 2023 1804 honore,
2055 1737 2157 1792 sed
2204 1740 2264 1792 et
2311 1735 2610 1810 religionis
2658 1737 2884 1806 habitu,
2927 1740 2984 1793 et
3030 1736 3437 1795 unanimitatis

28 1825 108 1883 lus
125 1825 372 1899 ait,quia
401 1828 455 1883 si
480 1826 879 1899 nosmetipsos
909 1826 1274 1887 comedimus
1305 1829 1362 1882 et
1384 1826 1676 1882 consumi-
1710 1825 2110 1935 Bconcordia,
2160 1829 2334 1898 atque
2389 1825 2549 1899 pacis
2605 1826 2809 1883 ordine
2863 1825 3214 1894 stabiliatur,
3266 1830 3323 1883 et
3374 1825 3435 1885 in

33 1932 141 1935 __,-A
195 1916 247 1935 EJ
284 1921 359 1935 -,1
410 1917 461 1935 j,
497 1934 543 1935 κη
621 1917 811 1935 ικνμκκμγ
882 1916 973 1935 ΑΒΔ-
1026 1915 1349 1935 γῖμη-5κηκηη
1408 1914 1638 1935 n_,__,,l_
1791 1913 3425 1935 --J___Abl_134,,-_1u-_____,,___s_--,_,-,,,_-___1A,-ml___b

28 1932 164 1981 mus,
190 1916 248 1972 id
272 1921 369 1974 est
396 1917 837 1988 deprmdamur,
869 1916 984 1973 cito
1013 1915 1374 1973 deﬁciemus.
1408 1914 1673 1988 Compler
1710 1913 1755 1935 υ
1786 1915 1988 1970 eodem
2013 1913 2227 1987 palatio
2245 1919 2444 1973 nostro
2464 1933 2574 1988 pax
2589 1914 3082 1988 praadecessorum
3100 1918 3435 1976 metrorum

34 2009 115 2062 tur
139 2022 266 2077 ergo
294 2006 357 2062 in
390 2005 593 2073 nobis,
628 2006 809 2061 immo
840 2022 944 2078 per
969 2022 1095 2072 nos,
1115 2006 1270 2078 quod
1300 2005 1673 2077 omnipotens
1784 2004 2188 2059 sanctionibus
2224 2007 2469 2073 servata,
2503 2022 2606 2077 per
2633 2022 2806 2062 omne
2856 2021 3105 2078 regnum
3164 2008 3434 2063 nostrum

32 2092 165 2149 Deus
204 2111 302 2166 per
340 2094 567 2153 Isaiam
622 2093 966 2166 prophetam
1016 2094 1375 2167 improperat
1420 2094 1623 2150 dicens
1656 2111 1669 2150 :
1778 2093 2129 2164 exequenda
2158 2094 2506 2165 proferatur.

39 2178 390 2255 hamataque
419 2200 653 2240 carnem
685 2184 897 2239 brachii
920 2185 1012 2238 sui
1042 2184 1275 2249 vorabit,
1304 2182 1357 2237 id
1388 2186 1498 2249 est,
1533 2183 1671 2239 sub-
1851 2186 1908 2238 2.
1940 2183 2317 2239 Decernimus
2351 2182 2548 2255 igitur,
2576 2186 2643 2238 ut
2670 2199 2875 2239 omnes
2902 2182 2966 2239 in
2996 2181 3212 2255 palatio
3235 2185 3433 2241 nostro

33 2271 281 2331 stantiam
315 2273 523 2329 fratris
566 2273 660 2328 sui
690 2271 948 2345 diripiet.
982 2271 1226 2328 Carnem
1257 2271 1412 2327 enim
1447 2270 1671 2327 brachii
1776 2276 2243 2340 commanentes,
2277 2276 2335 2327 et
2367 2271 2514 2329 illud
2542 2271 2809 2344 undique
2858 2272 3161 2339 adeuntes,
3196 2272 3435 2344 paciﬁca

37 2359 114 2413 sui
139 2359 480 2427 devorat,«ot
520 2361 873 2433 sanguinem
932 2360 1158 2417 brachii
1216 2360 1306 2416 sui
1370 2360 1535 2425 bibit,
1571 2359 1673 2432 qui
1781 2361 1996 2416 vivant.
2013 2362 2173 2427 Quod
2200 2362 2247 2418 si
2282 2360 2495 2434 aliquis
2515 2365 2788 2433 corrupta
2820 2378 2958 2434 pace
2989 2361 3255 2434 rapinam
3275 2378 3435 2417 exer-

38 2448 402 2509 substentiam
436 2449 695 2523 proximi
721 2450 812 2506 sui
834 2449 1181 2518 tollit,undc
1198 2467 1331 2504 caro
1354 2448 1670 2505 sustentari
1782 2450 1987 2518 cuerit,
2024 2468 2125 2522 per
2156 2454 2416 2507 nostram
2467 2451 2684 2524 regiam
2745 2449 3150 2508 auctoritatem
3178 2455 3236 2507 et
3266 2449 3432 2507 missi

38 2534 233 2593 debuit.
263 2537 388 2594 Non
418 2543 516 2599 est
546 2542 744 2597 autem
786 2537 1022 2607 mirum,
1055 2538 1103 2594 si
1138 2538 1348 2610 pagani
1378 2542 1436 2593 et
1466 2541 1671 2597 extera:
1783 2540 1969 2595 nostri
2000 2540 2334 2612 jussionem
2364 2539 2438 2595 ad
2470 2537 2789 2611 palatinum
2826 2532 3158 2596 adducatur
3185 2538 3432 2596 audien-

46 2625 277 2682 nationes
299 2628 471 2684 nobis
492 2628 879 2685 dominantur
899 2627 1186 2700 nobisque
1211 2629 1361 2683 bona
1386 2632 1674 2699 tempora.

40 2710 111 2767 lia
132 2714 349 2788 tollunt,
370 2718 523 2772 dum
559 2717 970 2789 unusquisque
992 2716 1256 2788 proximo
1286 2734 1394 2772 suo
1425 2732 1528 2789 per
1556 2716 1673 2772 vim

46 2800 175 2858 tollit
201 2805 349 2862 unde
378 2804 576 2862 vivere
604 2806 794 2863 debet.
832 2806 965 2862 Ideo
991 2806 1152 2877 justo
1194 2805 1462 2861 convenit
1504 2805 1674 2861 nobis

47 2888 163 2947 illud
185 2894 331 2965 quod
364 2896 748 2968 omnipotens
766 2894 923 2951 Deus
949 2911 1051 2967 per
1082 2893 1294 2951 Isaiam
1325 2894 1673 2967 prophetam

48 2977 272 3037 minatur
320 2982 524 3040 dicens
566 3001 579 3039 :
619 2985 708 3042 Va?
756 2986 853 3057 qui
894 2976 1191 3056 proiecturis,
1232 3000 1414 3040 nonne
1459 2992 1511 3039 et
1557 2985 1672 3055 ipse

49 3069 337 3137 praedaberis
357 3075 386 3128 ?
415 3074 539 3129 Nos
568 3089 703 3129 vero
735 3073 1068 3145 praadamur
1100 3072 1308 3129 fratres
1339 3077 1592 3141 nostros,
1614 3076 1674 3129 et

52 3153 231 3213 idcirco
257 3163 466 3234 pagani
500 3161 712 3219 merito
735 3178 842 3219 nos
862 3166 1244 3235 nostramque
1275 3162 1669 3221 substantiam

1780 2628 1927 2683 tiam
1951 2646 1964 2695 ;
1990 2629 2393 2685 utsccundum
2416 2628 2572 2701 quod
2604 2628 2662 2684 in
2694 2627 2967 2700 capitulis
2995 2632 3435 2685 antecessorum

1783 2718 2129 2779 continetur,
2164 2716 2333 2790 legali
2367 2716 2648 2773 multetur
2670 2716 2916 2789 judicio,
2950 2715 3125 2790 tripla
3149 2715 3437 2789 composi-

1782 2806 1941 2862 tione
1969 2812 2203 2879 peracta
2233 2823 2368 2861 cum
2396 2806 2690 2863 dominico
2722 2807 2936 2862 hanno.

1852 2897 1903 2952 3.
1940 2895 1999 2951 Si
2021 2895 2155 2968 quis
2170 2912 2304 2951 vero
2331 2895 2554 2968 absque
2579 2895 2806 2951 seniore
2833 2898 2937 2950 aut
2968 2894 3120 2950 infra
3148 2894 3433 2966 palatium

1776 2990 1885 3041 aut
1914 2986 2068 3040 circa
2098 2984 2241 3041 illud
2272 2985 2489 3057 degens
2518 2986 2630 3041 hoc
2661 2984 2815 3039 idem
2850 2983 3069 3053 fecerit,
3100 2982 3259 3040 hunc
3292 2984 3434 3039 mis-

1783 3091 1886 3130 sus
1918 3077 2115 3130 noster
2144 3073 2332 3140 adeat,
2352 3077 2408 3128 et
2425 3074 2493 3128 ad
2521 3073 2714 3145 ipsum
2738 3071 3019 3144 palatium
3034 3072 3209 3142 jussu
3234 3076 3434 3128 nostro

1781 3180 1915 3219 eum
1950 3162 2144 3221 venire
2177 3162 2492 3235 praecipiat.
2528 3163 2691 3229 Quod
2722 3162 2772 3217 si
2804 3178 2953 3219 aurea
2992 3162 3304 3219 temerario
3333 3178 3436 3217 ve-

52 3242 437 3317 deprtedantur.
455 3252 761 3319 Quomodo
784 3250 962 3325 igitur
993 3251 1183 3308 securi
1206 3251 1532 3324 poterimus
1548 3268 1671 3324 per—
1704 3238 1745 3306 C
1786 3251 1911 3308 nire
1931 3250 2367 3323 contempserit,
2392 3250 2442 3305 vi
2477 3251 2546 3306 ad
2580 3254 2840 3308 nostram
2862 3250 3232 3322 prementium
3253 3250 3436 3307 addu-

55 3346 164 3402 gere
179 3341 369 3396 contra
387 3339 669 3399 inimicos
688 3344 906 3397 sancta;
928 3339 1028 3397 Dei
1050 3340 1306 3397 ecclesiae
1334 3345 1389 3396 et
1420 3345 1670 3407 nostros,

54 3436 162 3478 cum
188 3426 384 3503 rapina
421 3429 705 3503 pauperis
746 3428 977 3487 inclusa
1004 3434 1093 3486 est
1126 3430 1183 3485 in
1216 3430 1391 3486 domo
1427 3430 1675 3487 nostra?

59 3513 106 3565 et
129 3528 226 3570 non
270 3515 459 3575 solum
504 3519 669 3576 domi
711 3518 941 3577 reclusa
967 3523 1076 3589 est,
1110 3536 1311 3576 verum
1343 3518 1518 3575 etiam
1552 3518 1673 3592 ple-

62 3613 271 3674 rumque
294 3608 502 3679 evenit,
540 3613 607 3664 ut
635 3608 807 3681 pleno
854 3613 1054 3667 ventre
1101 3608 1307 3681 rapina
1352 3609 1411 3665 in
1442 3609 1673 3666 hostem

66 3687 267 3756 ‘luidam
296 3698 768 3769 proficiscantur.
802 3699 872 3755 Et
897 3698 1192 3770 quomodo
1221 3698 1544 3771 poterimus
1570 3697 1676 3753 ini-

66 3774 216 3835 micos
242 3788 468 3845 nostros
498 3786 825 3855 devincere,
859 3803 994 3843 cum
1026 3787 1270 3861 sanguis
1301 3789 1545 3843 fratrum
1576 3803 1676 3843 no—

65 3867 283 3928 strorum
308 3874 381 3932 ab
410 3892 508 3933 ore
561 3880 760 3933 nostro
810 3875 1073 3945 distillat,
1102 3881 1164 3932 et
1207 3894 1419 3935 manus
1464 3880 1672 3933 nostra

66 3949 214 4020 illene
234 3965 363 4017 sunt
385 3963 1019 4039 sanguine,etbrachia
1033 3966 1285 4037 pondere
1303 3965 1674 4025 miseriarum

64 4042 111 4092 ei
128 4045 440 4117 rapinarum
473 4058 818 4128 gravantur,
849 4058 1090 4127 totaque
1118 4053 1308 4110 virtus
1334 4054 1515 4111 animi
1548 4071 1674 4110 cor-

66 4129 300 4205 Porisque
354 4140 743 4199 debilitatur?
785 4144 988 4200 Preces
1045 4147 1255 4200 nostra;
1304 4161 1339 4198 a
1387 4144 1503 4200 Deo
1556 4160 1674 4203 non

66 4216 401 4296 recipiuntur,
458 4232 602 4305 quia
665 4232 950 4289 clamores
1012 4236 1069 4288 et
1119 4231 1381 4305 ploratus
1439 4232 1676 4304 altat]ue

68 4308 283 4378 suspiria
341 4334 665 4394 pauperum
725 4325 782 4378 et
836 4321 1253 4393 orphanorum,
1316 4321 1672 4395 pupillorum

69 4394 212 4464 atque
236 4401 538 4465 viduarum
568 4413 978 4482 praeoccupant
1001 4412 1059 4466 et
1082 4394 1445 4483 praeveniunt
1470 4427 1672 4484 preces

71 4486 284 4556 nostris.
314 4508 436 4564 quis
464 4497 665 4555 crudis
715 4498 991 4555 carnibus
1040 4499 1290 4556 fratrum
1336 4504 1670 4557 nostrorum

1780 3341 2318 3409 catur,subdendus
2331 3340 2825 3413 prmdecessorum
2836 3339 3437 3397 nostrorumsanotio~

1783 3430 1979 3486 nibus.
2007 3428 2068 3486 Si
2098 3431 2293 3487 autem
2325 3433 2382 3487 et
2422 3445 2529 3485 nos
2575 3432 2634 3485 et
2677 3428 2929 3486 missum
2977 3432 3248 3485 nostrum
3292 3446 3432 3486 con-

1781 3522 1896 3576 tem
1904 3517 2104 3592 pserit,
2128 3521 2185 3575 et
2201 3519 2270 3575 ad
2292 3535 2398 3575 nos
2418 3518 2613 3575 venire
2634 3517 2905 3588 noluerit,
2921 3522 3051 3574 etse
3069 3518 3433 3575 defendendo

1781 3608 1860 3666 ibi
1883 3608 2109 3664 occisus
2129 3608 2323 3674 fuerit,
2349 3611 2406 3663 et
2424 3606 2640 3680 aliquis
2662 3611 2969 3680 parentum
2991 3610 3095 3665 aut
3109 3606 3434 3665 amicorum

1780 3699 1910 3769 ejus
1939 3698 2076 3754 inde
2108 3696 2325 3753 faidam
2359 3696 2631 3754 fidelibus
2662 3694 2880 3753 nostris
2913 3697 3015 3770 qui
3040 3713 3179 3754 eum
3206 3695 3433 3753 occide-

1784 3788 1902 3844 rint
1941 3792 2171 3861 portare
2200 3786 2468 3857 voluerit,
2501 3785 2844 3860 potestative
2873 3803 3005 3845 eam
3026 3786 3229 3857 jurare
3260 3786 3431 3844 facie-

1784 3893 1941 3942 mus,
1976 3879 2034 3932 et
2081 3875 2282 3932 ﬁdeles
2337 3878 2569 3935 nostros
2619 3874 2780 3947 regia
2837 3873 3181 3933 auctoritate
3228 3873 3435 3931 exinde

1782 3966 2218 4037 adjuvabimus.

1852 4056 1905 4111 4.
1939 4054 2166 4111 Placuit
2213 4054 2391 4111 etiam
2450 4053 2620 4111 nobis
2676 4057 2737 4111 et
2779 4053 3051 4111 fidelibus
3098 4052 3336 4118 nostris,
3370 4054 3437 4107 ut

1782 4144 2142 4217 quicumque
2173 4144 2324 4200 infra
2356 4160 2603 4217 regnum
2634 4148 2901 4200 nostrum
2933 4142 3152 4215 aliquid
3177 4141 3435 4213 rapuerit

1784 4237 1887 4291 aut
1915 4233 2283 4305 depraedatus
2314 4233 2508 4300 fuerit,
2525 4232 2723 4288 omnia
2743 4231 2801 4287 in
2824 4231 3068 4304 triplum
3100 4233 3432 4302 componat,

1783 4326 1842 4378 et
1872 4322 2134 4379 bannum
2167 4321 2529 4377 dominicum
2559 4320 2867 4393 persolvat,
2898 4324 2959 4375 et
2985 4318 3227 4391 insuper
3246 4316 3435 4390 publi-

1782 4427 1910 4469 cam
1963 4409 2362 4483 paenitentiam
2422 4409 2556 4466 inde
2617 4408 2811 4480 faciat,
2837 4408 2991 4466 sicut
3035 4408 3095 4462 in
3125 4404 3432 4479 eapitulari

1781 4504 2218 4556 antecessorum
2250 4497 2599 4554 continetur.
2615 4497 2674 4555 Si
2696 4501 2895 4553 anteum
2922 4495 3165 4552 colonus
3196 4497 3297 4549 aut
3317 4509 3433 4550 ser-

71 4578 280 4675 βξξῖτιξᾶξ
306 4585 732 4643 raucitudinem
751 4593 1123 4660 acceperunt,
1145 4587 1367 4645 nullam
1390 4588 1673 4647 sonorita—
1700 4609 1748 4675 Β
1780 4607 1886 4647 vus
1918 4589 2111 4656 fuerit,
2143 4583 2415 4644 similiter
2458 4585 2660 4643 omnia
2706 4585 2766 4641 in
2816 4584 3058 4656 triplum
3093 4586 3430 4655 componat,

74 4654 168 4756 tota
189 4662 450 4756 virtutum
479 4676 783 4733 habentes.
816 4654 1055 4735 Et-sunt
1095 4654 1265 4735 multi
1313 4677 1416 4751 qui
1442 4695 1511 4735 ex
1542 4677 1672 4750 ipsa

74 4755 240 4840 rapina
254 4755 517 4820 videntur
532 4763 935 4839 eleemosynas
957 4766 1168 4836 facere,
1194 4783 1306 4827 non
1330 4766 1669 4840 intellegen-

75 4830 309 4937 ifsiguod
327 4846 393 4937 de
412 4853 627 4911 talibus
641 4830 1032 4913 dicitlﬂsaias:
1059 4830 1167 4924 Qui
1183 4856 1342 4928 oﬁ'ert
1359 4830 1588 4914 ι)ωηὶἧο
1606 4855 1672 4913 ἀϐ

74 4931 238 5017 tamne
258 4935 596 5011 oblationem,
629 4946 792 5017 quasi
817 4946 917 5016 qui
940 4952 1137 5003 mactet
1178 4946 1365 5015 ﬁlium
1415 4953 1540 5001 ante
1564 4962 1669 5017 pa-

300 5033 429 5084 sunt
447 5012 713 5089 nonnulli
745 5012 843 5107 qui
875 5035 947 5090 de
976 5012 1666 5104 homicidiis,adulteriis,

78 5104 324 5196 PeriuriiS,
349 5114 627 5178 incendiis
658 5104 972 5179 consilium
1002 5126 1057 5178 et
1089 5123 1489 5196 pmnitentiam
1519 5139 1672 5196 quae-

81 5191 208 5285 runt,
220 5198 275 5285 et
293 5204 736 5283 memmi-apium
756 5228 861 5285 pro
892 5210 1074 5268 nihilo
1090 5191 1347 5280 ducunt,
1372 5229 1487 5269 non
1504 5191 1672 5275 intel-

81 5264 293 5374 ἶθεθυεξθβ
320 5293 448 5361 quia
476 5264 618 5371 qua
630 5264 1100 5373 gguggigggai.
1114 5264 1671 5374 ;;;;.;ii.;1;i‘s;;;e

86 5370 137 5464 in
160 5370 389 5464 nuditate
416 5370 727 5457 periclitari
767 5370 1048 5458 facint—ot
1096 5370 1415 5447 homicidia
1465 5408 1668 5464 perpe-

419 5445 435 5457 ι
850 5445 855 5446 ⁷
921 5445 933 5458 ¹
1150 5445 1157 5446 “
1343 5445 1349 5447 ⁷
1466 5445 1484 5464 ³⁵
1514 5445 1525 5446 ί
1569 5445 1594 5464 ⁸
1622 5445 1633 5447 ἡ

86 5445 180 5505 trat
206 5471 218 5508 :
248 5463 369 5531 quia
402 5474 535 5533 tunc
586 5479 917 5552 proximum
976 5497 1150 5535 suum
1199 5479 1495 5548 interﬁcit,
1527 5481 1668 5536 dum

150 5633 220 5674 ’⁸⁸⁸
247 5660 300 5704 δε
326 5653 630 5723 abscondat
657 5665 710 5723 3.

1779 4682 1882 4737 aut
1912 4676 2185 4734 dominus
2216 4692 2320 4749 pro
2352 4692 2418 4731 eo
2450 4675 2752 4748 sexaginta
2797 4673 2950 4730 ictus
2996 4672 3145 4730 bene
3194 4687 3429 4745 pressos

1778 4768 2043 4841 accipiat,
2084 4771 2142 4822 et
2187 4766 2431 4839 insuper
2483 4764 2780 4837 publicam
2837 4761 3240 4837 pcenitentiam
3294 4759 3430 4818 inde

1779 4862 1942 4932 agat;
1973 4857 2145 4928 cujus
2177 4856 2388 4912 medus
2427 4854 2539 4911 erit
2566 4854 2628 4910 in
2657 4851 3119 4910 consideratione
3147 4848 3426 4924 episcopi,

1778 4947 2105 5007 secundum
2136 4944 2524 5017 quantitatem
2556 4942 2689 4999 facti
2725 4958 2739 4997 :
2771 4940 2911 5016 quia
2935 4939 3346 4998 fornicationes
3373 4943 3432 4997 et

1779 5033 2067 5092 adulteria
2087 5038 2261 5106 atque
2280 5031 2615 5099 homicidia,
2641 5046 2865 5086 necnon
2886 5028 3429 5097 incendia,ebriota-

1776 5129 1866 5180 tes
1895 5123 2125 5195 aliaque
2176 5119 2529 5194 quamplura
2584 5119 2725 5176 vitia
2771 5119 2978 5177 exinde
3024 5117 3332 5192 prodeunt.
3367 5118 3429 5173 Si

1778 5213 1915 5287 quis
1990 5215 2185 5269 autem
2252 5209 2548 5284 negaverit
2604 5210 2844 5279 factum,
2905 5208 2955 5266 si
3015 5209 3431 5282 comprobatus

1780 5320 1897 5358 non
1933 5300 2124 5366 fuerit,
2154 5299 2391 5373 propria
2445 5316 2623 5356 manu
2674 5299 3017 5373 juramento
3058 5315 3124 5354 se
3158 5295 3428 5352 exeondi-

1780 5396 1873 5448 cot
1906 5392 2034 5460 “";
2068 5392 2303 5463 excepto
2335 5387 2552 5445 nostris
2580 5389 2768 5445 vassis
2799 5386 3130 5459 dominicis,
3163 5401 3266 5456 pro
3299 5381 3426 5453 qui-

1779 5482 1890 5537 bus
1921 5480 2156 5536 illorum
2189 5478 2458 5536 homines
2490 5477 2758 5535 meliores
2778 5477 3182 5548 juramentum
3214 5467 3427 5544 persol-

1376 5595 1619 5654 VARI/E
1656 5596 2070 5656 LEC'I‘IONES.
