3844 6200
404 351 527 417 ’195

410 578 784 653 procurahitu
794 597 840 635 r.

480 671 534 725 5.
569 668 896 743 Episcopus
926 670 985 725 in
1017 672 1189 744 cujus
1242 671 1549 744 parrochia
1602 671 1815 744 aliquis
1869 671 2059 727 consi-

411 762 574 815 stens
605 757 824 831 aliquid
857 760 1222 834 deprzedatus
1255 762 1446 830 fuerit,
1467 762 1645 818 semel
1677 766 1733 818 et
1765 760 1855 818 bis
1888 767 2061 834 atque

410 846 604 914 tertio,
639 847 685 903 si
719 865 954 905 necesse
988 851 1177 915 fuerit,
1209 851 1438 906 vocabit
1472 851 1634 906 illum
1666 869 1773 907 sua
1804 852 2063 907 admoni-

410 935 566 992 tione
598 954 700 1010 per
729 955 901 994 suum
938 940 1337 1013 presbyterum
1379 942 1654 998 canonice
1685 942 1754 997 ad
1788 941 2061 997 emenda~

411 1026 629 1082 tionem
667 1028 808 1093 [sive
839 1029 908 1082 ad
944 1030 1423 1101 compositionem
1450 1031 1561 1105 “89]
1594 1035 1649 1086 et
1680 1032 1751 1086 ad
1785 1031 2063 1103 pcenitcn-

409 1115 575 1184 tiam,
609 1119 671 1170 ut
701 1116 818 1172 Deo
848 1122 905 1172 et
934 1118 1188 1174 ecclesiae
1222 1119 1541 1175 satisfaciat
1573 1137 1750 1193 quam
1803 1119 1971 1175 laesit.
2002 1118 2061 1175 Si

409 1208 603 1259 autem
635 1204 966 1277 despexerit
1014 1213 1187 1279 atque
1236 1210 1653 1282 contempserit
1682 1209 1809 1280 ejus
1841 1210 1928 1244 “9°
1959 1209 2060 1264 ad-

408 1292 790 1349 monitionem
828 1300 1002 1368 atque
1035 1296 1483 1353 saluberrimam
1516 1297 1940 1363 invitationem,
1974 1298 2060 1353 fe-

408 1380 523 1436 riat
545 1381 708 1437 illum
746 1384 1019 1456 pastorali
1056 1386 1236 1459 virga,
1264 1387 1372 1443 hoc
1405 1391 1492 1442 est
1523 1386 1811 1442 sententia
1842 1404 2063 1442 excom-

410 1471 848 1537 municationis,
885 1481 941 1526 ut
987 1492 1019 1528 η
1064 1474 1476 1530 communione
1534 1480 1746 1530 sancta:
1805 1475 2063 1532 ecclesias

410 1559 794 1631 omniumque
838 1561 1292 1617 christianorum
1328 1564 1403 1619 sit
1434 1568 1739 1635 separatus
1769 1580 1957 1635 usque
1988 1565 2061 1618 ad

411 1663 729 1719 congruam
772 1648 1229 1707 satisfactionem
1262 1656 1319 1707 et
1349 1652 1611 1725 [dignam
1645 1654 1754 1724 "°']
1786 1654 2060 1707 emenda-

410 1735 651 1792 tionem.
685 1740 868 1805 Quam
919 1742 1580 1798 excommunicationem
1632 1742 1867 1797 debebit
1905 1742 2059 1797 idem

413 1824 723 1899 episcopus
760 1829 973 1885 seniori
1021 1830 1179 1888 illius
1231 1835 1429 1887 notam
1482 1832 1669 1887 facere
1698 1836 1754 1887 et
1783 1831 2061 1887 omnibus
2091 1867 2138 1931 Β
2170 1831 2420 1904 [vicariis
2459 1832 2657 1903 atque]
2698 1830 3051 1887 eentenariis
3109 1845 3176 1885 ac
3235 1827 3486 1900 reliquis
3545 1824 3770 1882 ministris

413 1912 539 1969 suis
573 1916 951 1990 coepiscopis,
983 1936 1054 1975 ne
1101 1937 1236 1977 eum
1288 1920 1570 1993 recipiant
1616 1938 1801 1994 usque
1848 1921 1918 1976 ad
1955 1921 2060 1988 [di-

413 2019 588 2076 gnam
618 2005 727 2077 Im]
757 2006 1237 2065 satisfactionem.

482 2094 536 2147 6.
570 2093 649 2149 De
682 2094 800 2153 illis
829 2100 1026 2153 autem
1060 2098 1161 2171 qui
1203 2098 1357 2155 infra
1386 2099 1750 2171 parrochiam
1783 2098 2065 2155 beneﬁcia

413 2184 472 2237 et
502 2180 739 2239 alodum
770 2201 885 2241 non
917 2186 1153 2254 habent,
1182 2192 1241 2244 et
1270 2187 1511 2245 alterius
1558 2187 1812 2262 episcopi
1866 2205 2063 2260 parro-

414 2270 607 2327 chiani
632 2277 792 2340 sunt,
814 2278 873 2330 et
892 2275 1031 2331 dum
1065 2278 1134 2332 ad
1171 2281 1398 2333 curtem
1430 2282 1682 2350 pergunt
1708 2281 1809 2333 aut
1839 2278 1909 2333 de
1938 2262 2083 2333 loco.

414 2361 486 2415 ad
512 2360 706 2417 locum
738 2362 849 2419 iter
878 2365 1116 2433 faciunt,
1145 2366 1384 2439 rapinas
1413 2371 1470 2421 et
1492 2366 1951 2438 deprredationes
1982 2368 2066 2422 in'

415 2448 503 2503 fra
551 2451 919 2521 parrochiam
977 2454 1219 2525 faciunt,
1271 2454 1491 2527 placuit
1536 2456 1706 2513 nobis
1755 2461 1821 2511 ut
1878 2456 1928 2511 si
1984 2457 2065 2512 ita

414 2553 592 2609 prope
620 2538 1062 2613 episcopum,ut
1078 2542 1127 2598 ei
1146 2543 1500 2615 depraedatio
1523 2543 1755 2600 illorum
1780 2549 1917 2600 nota
1940 2546 2061 2601 ﬁeri

414 2625 621 2697 possit,
654 2632 971 2702 antequam
1028 2632 1393 2703 parrochiam
1439 2634 1567 2704 ejus
1610 2638 1837 2701 exeant,
1870 2635 2064 2690 mittat

414 2718 721 2771 strenuum
740 2722 796 2772 et
810 2719 1155 2790 prudentem
1173 2722 1702 2795 presbyterum,qui
1723 2740 1828 2778 sua
1844 2722 1964 2779 vice
1979 2741 2063 2779 ra-

414 2801 915 2863 tionabiliterillos
926 2808 996 2863 ad
1010 2809 1475 2867 emendationem
1488 2816 1668 2867 vocet.
1686 2812 1747 2866 In
1763 2828 1876 2884 quo
1890 2830 2032 2885 supe
2048 2844 2061 2856 ι

416 2892 535 2948 rior
556 2894 764 2951 modus
796 2898 1236 2970 compositionis
1259 2904 1316 2956 et
1341 2900 1765 2957 emendationis
1805 2902 2057 2958 servabi-

414 2984 529 3050 tur,
545 2982 594 3039 si
613 2984 799 3040 vocati
820 2986 1014 3043 venire
1034 2987 1345 3044 noluerint.
1363 2989 1421 3045 Si
1444 3006 1577 3046 vero
1598 2990 1957 3047 vocationem
1973 2995 2059 3046 at-

413 3087 527 3143 que
539 3074 1019 3133 ammonitionem
1036 3076 1291 3150 episcopi
1311 3080 1559 3151 superbe
1576 3080 2055 3152 contempserint,

413 3159 593 3216 simili
615 3162 907 3219 sententia
924 3165 1543 3221 excommunicationis
1568 3165 1850 3222 feriantur
1867 3184 1982 3238 qua
2003 3170 2060 3222 et

413 3248 494 3303 illi
527 3250 626 3322 qui
658 3250 811 3307 infra
837 3253 1203 3325 parrochiam
1236 3271 1328 3311 res
1359 3260 1459 3311 aut
1491 3254 1772 3311 beneﬁcia
1800 3254 2013 3311 habent
2041 3280 2055 3323 ;
2088 3238 2131 3303 (ἶ

412 3341 469 3393 et
498 3337 741 3412 insuper
770 3343 1366 3411 excommunicentur,
1401 3360 1473 3400 ne
1503 3348 1663 3399 extra
1692 3342 2057 3415 parrochiam

400 3432 619 3484 exeant
645 3432 957 3503 antequam
988 3432 1259 3505 superius
1288 3436 1508 3488 statuta
1529 3431 2060 3504 adimpleant.Quo-

410 3533 544 3572 rum
602 3519 1123 3576 excommunicatio
1180 3521 1396 3577 seniori
1451 3520 1687 3577 illorum
1728 3525 1786 3576 et
1823 3521 2058 3594 proprio

410 3621 611 3662 eorum
642 3608 913 3680 episcopo
961 3609 1347 3682 signiﬁcanda
1398 3614 1508 3677 est,
1542 3626 1612 3665 ne
1644 3626 1744 3665 eos
1773 3609 2058 3682 recipiant

410 3698 723 3767 antequam
754 3695 896 3752 illuc
924 3699 1165 3754 redeant
1196 3698 1294 3754 ubi
1326 3698 1590 3771 rapinam
1632 3697 1911 3766 fecerunt,
1946 3698 2055 3754 ibi-

411 3798 525 3853 que
555 3783 802 3854 pleniter
833 3787 1236 3842 emendentur.

416 3874 419 3877 ’
478 3873 534 3925 7.
565 3871 635 3926 Et
684 3873 961 3944 quoniam
1010 3875 1288 3947 episcopi,
1332 3876 1433 3948 qui
1483 3876 1698 3933 nostris
1746 3882 1802 3934 et
1851 3878 1974 3933 suis
2000 3881 2056 3933 et

409 3960 824 4017 communibus
842 3961 1094 4019 ecclesiae
1118 3968 1289 4036 atque
1308 3965 1487 4021 totius
1510 3967 1670 4039 regni
1694 3966 2053 4023 necessitati-

407 4046 520 4101 bus
549 4047 817 4120 occupati
864 4052 1019 4115 sunt,
1053 4068 1166 4106 non
1192 4050 1386 4107 valent
1416 4058 1625 4108 cuncta
1654 4054 1762 4109 soli
1795 4056 1884 4089 ¹⁴⁹³
1914 4072 2050 4127 pro-
2083 4114 2089 4121 ,

408 4135 630 4207 spicere
659 4153 788 4209 qua:
817 4137 967 4194 infra
1014 4139 1160 4197 lines
1211 4141 1527 4214 parrochia
1575 4141 1806 4198 illorum
1847 4160 2052 4217 perpe-

404 4228 658 4292 trantur,
698 4227 1038 4295 statuimus,
1091 4234 1156 4285 ut
1198 4230 1685 4303 quotiescumque
1733 4232 1987 4305 episcopi
2019 4251 2054 4289 a

403 4308 639 4386 propria
668 4314 897 4373 civitate
926 4317 1354 4391 digrediuntur,
1370 4313 1516 4376 tales
1548 4320 1844 4392 adjutores
1876 4339 2054 4379 unus-

403 4403 652 4477 quisque
681 4405 741 4461 in
771 4424 879 4464 sua
908 4406 1137 4465 civitate
1167 4409 1459 4483 relinquat
1490 4411 1589 4483 qui
1620 4410 1742 4467 haac
1772 4412 1971 4468 omnia
1990 4412 2050 4467 in

398 4510 512 4550 sua
555 4494 786 4552 civitate
834 4497 1294 4569 prudentissime
1342 4504 1647 4573 peragant,
1677 4505 1735 4557 et
1765 4518 2051 4574 pauperes

1052 357 1381 419 APPEND.
1435 359 1537 418 AD
1584 359 1771 419 SEO.
1819 358 1891 418 X.
1925 392 1999 402 -—
2036 356 2542 420 NONUMENTA
2588 354 3142 419 DIPLOMATICA.
3693 355 3772 416 7‘36

404 493 561 547 vent.
595 489 714 547 Hoc
742 507 875 547 vero
920 507 1054 548 cum
1105 508 1339 548 summa
1383 491 1686 567 diligentia
1732 491 1834 547 tali
1886 492 2058 550 modo
2089 493 2144 560 Α
2170 496 2263 549 tos
2295 489 2803 565 presbyteros,qui
2835 507 2943 547 sua
2972 489 3096 546 vice
3126 487 3405 562 superius
3434 492 3652 545 statuta
3676 488 3775 561 {mo-

2169 581 2352 656 deste]
2376 582 2704 655 perﬁciant,
2720 584 2777 638 et
2801 581 2872 636 ad
2903 597 3051 653 quos
3079 578 3178 635 alii
3212 577 3543 652 presbyteri
3564 579 3774 651 juniores

2170 676 2227 727 et
2258 671 2458 727 minus
2490 671 2645 727 cauti
2677 688 2846 727 suam
2876 686 3117 725 causam
3151 669 3430 725 referant.

2241 763 2293 816 8.
2329 760 2558 816 Placuit
2609 760 2779 815 nobis
2838 761 2917 832 [et
2972 757 3248 814 ﬁdelibus
3310 758 3533 813 nostris
3570 758 3669 827 ωδ]
3705 775 3774 828 pro

2172 848 2469 913 communi
2502 848 2755 905 utilitate
2786 853 2842 904 et
2872 846 3115 903 instanti
3146 846 3605 915 necessitate,ut
3630 845 3774 902 nullus

2170 939 2579 1012 episcoporum
2637 938 2889 1012 graviter
2937 938 3102 1001 ferat,
3130 937 3181 991 si
3213 936 3345 1008 ejus
3376 934 3775 1009 parrochianum

2171 1045 2274 1101 pro
2306 1028 2648 1100 hujusmodi
2680 1044 2858 1083 causa
2878 1025 3332 1099 depraedationis
3353 1024 3506 1080 alter
3522 1023 3775 1097 episcopus

2170 1116 2778 1174 excommunicaverit.

2239 1208 2292 1261 9.
2327 1208 2398 1262 Et
2427 1207 2567 1278 quia
2598 1206 2669 1261 ad
2701 1209 2932 1261 tantum
2964 1204 3184 1261 malum
3226 1203 3499 1259 funditus
3529 1202 3777 1258 eradican-

2170 1296 2311 1351 dum
2347 1296 2547 1368 [atque
2578 1295 2901 1351 tollendum
2925 1294 3034 1369 1⁸³³⁸]
3066 1299 3124 1350 et
3152 1299 3388 1349 tantum
3420 1293 3636 1347 bonum
3662 1291 3778 1364 plan-

2171 1386 2417 1441 tandum
2475 1386 2670 1457 [atque
2723 1384 3123 1453 statuendum]
3184 1398 3427 1438 necesse
3484 1381 3652 1437 habet
3691 1380 3778 1452 cpio

2171 1475 2423 1548 scopalis
2479 1475 2796 1531 auctoritas
2858 1473 3126 1545 judiciali
3181 1476 3479 1545 potestate
3547 1469 3775 1542 adjuvari,

2171 1564 2396 1637 placuit
2430 1564 2598 1619 nobis
2629 1562 2965 1636 nostrisque
3000 1561 3274 1618 ﬁdelibus
3304 1560 3363 1616 in
3396 1576 3709 1627 commune,
3733 1566 3777 1611 ut

2172 1652 2338 1710 missi
2384 1652 2661 1709 dominici
2712 1653 2839 1708 suis
2874 1652 2930 1707 in
2966 1651 3108 1707 locis
3138 1668 3210 1706 ex
3236 1650 3349 1707 hoc
3384 1648 3629 1705 ﬁdeliter
3652 1648 3773 1718 adju-

2167 1747 2321 1810 vent,
2356 1747 2413 1797 et
2460 1759 2657 1798 comes
2702 1741 3002 1814 praecipiat
3054 1757 3163 1796 suo
3206 1737 3541 1796 \icecomiti
3587 1736 3774 1808 suisque

2171 1920 2253 1977 rei
2285 1919 2550 1994 publicai,
2585 1936 2811 1977 necnon
2864 1918 3100 1976 Francis
3144 1917 3492 1974 hominibus
3523 1915 3769 1971 mundana

2173 2009 2320 2083 legis
2351 2008 2719 2067 documentis
2750 2008 3018 2077 eruditis,
3052 2012 3117 2063 ut
3146 2024 3251 2080 pro
3283 2023 3489 2063 amore
3518 2003 3612 2061 Dei
3634 2002 3771 2059 omni.

2172 2099 2426 2172 potentis
2456 2116 2523 2156 ac
2553 2116 2693 2172 pace
2723 2102 2935 2156 sancta:
2965 2095 3222 2153 ecclesiae
3243 2100 3302 2151 et
3322 2092 3603 2150 ﬁdelitate
3623 2095 3773 2147 nostra

2174 2205 2243 2244 ex
2275 2188 2383 2244 hoc
2422 2188 2718 2261 adjuvent,
2755 2192 3043 2259 quantum
3094 2184 3308 2241 melius
3353 2182 3647 2256 potuerint
3669 2181 3769 2251 [tam

2174 2295 2277 2350 per
2299 2295 2363 2333 se
2394 2294 2572 2349 quam
2603 2294 2738 2333 cum
2772 2274 3057 2332 ministris
3087 2273 3342 2331 ecclesia:
3376 2273 3578 2345 (165)],
3598 2269 3771 2343 quoties

2174 2367 2429 2440 episc0pi
2452 2371 2553 2422 aut
2573 2365 2825 2422 ministri
2851 2364 3105 2431 illorum,
3129 2364 3249 2419 sive
3269 2361 3453 2418 etiam
3477 2361 3585 2434 ipsi
3605 2373 3772 2432 paupe-

2174 2473 2285 2521 res,
2308 2458 2508 2529 [super
2527 2455 2636 2511 hac
2659 2460 2739 2525 re]
2759 2471 2858 2511 eos
2889 2452 3339 2527 appellaverint;
3364 2451 3451 2507 ita
3481 2454 3543 2506 ut
3572 2446 3771 2504 ministri

2172 2543 2426 2601 ecclesiae
2444 2545 2699 2600 habeant
2729 2543 3134 2599 auctoritatem
3153 2542 3245 2597 sui
3261 2540 3548 2614 episcopi,
3567 2544 3619 2594 et
3644 2534 3772 2591 mini-

2173 2635 2275 2690 stri
2307 2634 2538 2690 comitis
2568 2632 2971 2689 auctoritatem
3006 2635 3265 2687 nostram
3292 2635 3350 2686 et
3377 2630 3471 2685 sui
3501 2627 3721 2685 cornitis.

2245 2725 2331 2779 10.
2364 2722 2651 2778 Volumus
2697 2726 2915 2790 autem,
2950 2724 3016 2776 ut
3064 2720 3113 2775 si
3163 2718 3561 2792 episcopalem
3604 2719 3690 2771 aut
3711 2714 3770 2748 “’7

2171 2813 2390 2885 regiam
2414 2810 2818 2867 auctoritatem
2840 2828 2988 2866 ausu
3020 2809 3330 2865 temerario
3361 2806 3574 2881 aliquis
3600 2822 3687 2878 pro
3709 2803 3768 2857 ni-

2170 2901 2289 2957 hilo
2311 2901 2558 2965 duxerit,
2581 2901 2640 2956 in
2663 2900 2944 2956 comitatu
2965 2899 3318 2966 consistens,
3333 2901 3441 2953 aut
3458 2898 3567 2952 iter
3581 2894 3769 2951 faciens.

2170 2990 2217 3047 si
2261 2991 2417 3063 quod
2470 2991 2689 3061 injuste
2736 2987 3066 3054 abstulerit,
3097 2986 3364 3060 legaliter
3394 2981 3484 3021 “'3
3513 2983 3767 3042 emendare

2168 3077 2603 3151 contempserit,
2619 3082 2675 3134 et
2706 3077 2939 3134 rebellis
2960 3076 3234 3144 existens,
3252 3075 3300 3132 si
3321 3075 3434 3131 sibi
3458 3075 3672 3131 occisus
3688 3071 3770 3125 fue-
3788 3104 3813 3147 ο

2170 3166 2262 3235 rit,
2288 3167 2433 3223 nulli
2464 3167 2727 3223 ﬁdelium
2756 3172 3090 3223 nostrorum
3116 3165 3218 3238 qui
3249 3182 3386 3221 eum
3419 3162 3678 3220 occiderit
3700 3157 3771 3213 ali-

2168 3257 2302 3328 quis
2334 3257 2550 3312 faidam
2581 3261 2794 3329 portet,
2825 3273 3015 3329 neque
3064 3271 3166 3328 pro
3213 3254 3347 3326 ejus
3387 3258 3569 3309 morte
3598 3246 3766 3320 aliquid

2168 3349 2497 3418 componat.
2514 3346 2571 3402 Si
2591 3363 2724 3402 vero
2746 3345 2960 3418 aliquis
2992 3348 3300 3419 parentum
3328 3345 3456 3416 [aut
3478 3333 3768 3406 amicorum:

2167 3436 2217 3507 ej
2229 3452 2297 3491 us
2320 3435 2581 3508 aliquam
2605 3434 2782 3507 [inde]
2806 3434 3017 3490 faidam
3044 3436 3274 3505 portare
3293 3430 3770 3502 voluerit,potesta-

2167 3524 2279 3580 tive
2309 3541 2435 3580 eam
2483 3525 2688 3595 jurare
2743 3522 3048 3589 faciemus,
3082 3526 3139 3578 et
3168 3519 3375 3577 ﬁdeles
3406 3523 3629 3576 nostros
3654 3512 3769 3586 regia

2166 3613 2512 3669 auctoritate
2543 3612 2750 3668 exinde
2781 3611 3213 3685 adjuvabimus.

2239 3703 2323 3757 11.
2340 3702 2419 3758 De
2433 3701 2649 3757 nostris
2660 3717 2894 3774 quoque
2911 3699 3222 3756 dominicis
3235 3697 3535 3770 vassallisj
3547 3696 3764 3752 abemus.

2166 3795 2231 3847 ut
2246 3791 2295 3848 si
2312 3791 2526 3864 aliquis
2558 3792 2783 3864 praedas
2815 3789 3015 3863 egerit,
3032 3805 3228 3845 comes
3260 3788 3321 3843 in
3346 3789 3518 3859 cujus
3537 3784 3766 3859 potestate

2164 3880 2357 3950 fuerit,
2392 3882 2463 3937 ad
2490 3880 2958 3951 emendationem
2989 3896 3124 3935 eum
3157 3877 3400 3951 [venire]
3433 3881 3607 3933 vocet.
3628 3867 3762 3938 Ouisi

2162 3971 2431 4026 comitem
2466 3974 2567 4025 aut
2595 3970 2846 4025 missum
2876 3967 3037 4024 illius
3058 3967 3261 4023 audire
3284 3966 3554 4032 noluerit,
3577 3979 3665 4037 per
3688 3959 3766 4013 for-

2163 4059 2313 4116 ciam
2334 4058 2477 4115 illud
2489 4059 2799 4115 emendare
2815 4061 3073 4130 cogatur,
3084 4059 3255 4130 prout
3269 4055 3534 4112 lexdocet
3546 4058 3599 4110 et
3610 4063 3764 4124 quem
3818 4124 3819 4129 γ

2162 4151 2480 4206 admodum
2528 4149 2586 4204 in
2637 4146 3060 4220 capitularibus
3110 4162 3314 4220 regum
3354 4150 3759 4214 [antecessorum
3818 4150 3819 4155 ‘

2163 4240 2519 4304 nostrorum]
2547 4241 2777 4293 tenetur
2806 4235 3114 4302 insertum,
3147 4234 3206 4290 in
3266 4235 3473 4290 eodem
3533 4232 3644 4287 loco
3690 4222 3759 4278 ubi

2161 4327 2361 4400 praeda
2390 4325 2707 4382 commissa
2737 4325 2930 4381 fuerit.
2966 4325 3128 4391 Quod
3167 4324 3214 4379 si
3258 4318 3694 4396 proclamaverit,
3718 4328 3759 4367 se

2162 4419 2294 4471 ante
2309 4415 2678 4488 praesentiam
2697 4418 2956 4471 nostram
2974 4412 3118 4470 velle
3134 4412 3407 4486 distringi
3430 4410 3615 4484 potius
3625 4416 3757 4478 quam

2161 4508 2295 4561 ante
2324 4504 2617 4573 comitem,
2653 4520 2757 4576 per
2783 4501 3092 4560 credibiles
3140 4501 3519 4573 ﬁdejussores
3560 4500 3652 4554 aut
3689 4504 3760 4563 per

402 4584 688 4657 sanguine
719 4585 933 4642 Christi
974 4588 1261 4660 redempti
1294 4605 1527 4661 semper
1554 4589 1614 4644 in
1646 4589 1875 4646 civitate
1906 4608 2021 4663 pra:
2082 4606 2128 4671 Ι)
2164 4598 2598 4649 sacramentum
2622 4591 2881 4648 melioris
2902 4590 3162 4648 hominis
3183 4594 3319 4646 ante
3341 4607 3451 4646 nos
3471 4587 3648 4644 venire
3665 4595 3757 4654 pcr-

400 4679 623 4729 sentem
646 4673 947 4731 inveniant
963 4693 997 4731 a
1017 4693 1132 4750 quo
1154 4693 1503 4750 responsum
1519 4682 1576 4734 et
1591 4677 2048 4736 consolationem

399 4761 705 4833 accipiant.
740 4764 803 4819 In
834 4763 979 4820 vicis
1031 4770 1226 4821 autem
1271 4769 1327 4822 et
1372 4765 1526 4822 villis
1555 4766 1725 4840 longe
1756 4785 1789 4823 a
1819 4767 2050 4825 civitate

400 4849 659 4918 remotis,
683 4852 1000 4910 constituat
1021 4855 1431 4928 unusquisque
1451 4855 1760 4930 episcopus
1781 4873 2047 4914 reveren-

400 4937 507 4994 dos
527 4942 584 4994 et
604 4944 805 4998 cautos
826 4946 1002 5016 atque
1021 4943 1330 5016 prudentia
1359 4943 1612 5018 [morum
1632 4944 1742 5020 “"j
1765 4950 1880 5002 tem
1888 4964 2050 5020 pera-

2162 4682 2452 4749 mittatur,
2476 4686 2541 4738 ut
2566 4681 2645 4737 ibi
2677 4680 2813 4738 talis
2843 4680 2990 4737 ratio
3022 4680 3197 4735 ﬁnem
3230 4677 3502 4751 accipiat.
3524 4677 3756 4732 Honorem

2160 4770 2316 4826 enim
2349 4770 2525 4826 talem
2550 4770 2768 4828 nostris
2788 4768 2978 4826 vassis
2999 4768 3316 4825 dominicis
3336 4758 3758 4824 concedimus!“

2161 4860 2273 4932 ipsi
2306 4877 2422 4916 non
2446 4860 2601 4916 sicut
2629 4859 2841 4931 reliqui
2873 4876 3049 4914 manu
3097 4857 3334 4930 propria
3380 4852 3755 4932 sacramentunt

2150 4929 2373 5021 jurent,
2389 4950 2489 5005 sed
2524 4947 2731 5005 melior
2757 4929 2933 5005 homo
2963 4929 3286 5003 illorumiet
3314 4941 3633 5002 credibilior
3649 4929 3755 4991 illud

1758 5097 2004 5155 VARI/E
2043 5098 2458 5156 LECTIONES.

470 5206 561 5288 “si
581 5222 636 5288 ,⁸ο
659 5223 722 5288 3ο
745 5223 807 5288 ει
838 5206 1046 5288 WE?!"
1088 5209 1183 5288 39;
1228 5218 1391 5288 (1'un
1411 5282 1424 5288 _
1447 5213 1651 5288 Regina
1708 5214 2209 5288 Burgehardusqfue;
2239 5215 2436 5288 desunt
2462 5217 2544 5288 Ain
2579 5216 2631 5271 3.
2661 5215 2754 5271 3b.
2834 5215 2922 5288 ΜΡ
2945 5214 3165 5288 ἀδεεῖ-3.
3246 5214 3332 5288 ίξθι
3365 5203 3756 5288 adduntiidtg;
3818 5242 3819 5281 γ

395 5279 541 5336 deest
568 5278 631 5333 in
657 5279 711 5334 3.
743 5279 836 5334 3b.

933 5279 1024 5315 1‘”
1053 5279 1309 5350 iaddunl‘
1344 5279 1562 5350 iidem}
1617 5284 1762 5341 deest
1814 5286 1875 5340 in
1936 5287 1988 5342 3.
2049 5279 2144 5343 3b.

2243 5270 2334 5323 ιίοδ
2358 5270 2473 5343 sibi
2490 5270 2600 5343 ’31).
2630 5289 2692 5343 s.
2770 5287 2861 5322 μοι
2889 5287 3007 5343 haec
3035 5284 3244 5341 addunt
3270 5285 3356 5340 3c.
3392 5292 3445 5339 et
3474 5270 3755 5350 Regino._de-
3818 5278 3819 5281 ‘

393 5358 524 5443 sunt
553 5351 610 5405 in
641 5351 695 5406 3.
726 5351 819 5443 3b;
900 5349 1159 5443 “ff
1191 5369 1251 5434 n.
1284 5352 1494 5409 addunt
1521 5345 1633 5443 3‘0.
1666 5365 1716 5412 et
1746 5357 1992 5429 Regina;
2023 5359 2171 5414 deest
2197 5360 2251 5414 3.
2284 5359 2378 5414 3b.
2458 5358 2547 5393 ¹⁸⁰⁶
2581 5360 2740 5413 uncis
2793 5358 3008 5415 inclusa
3052 5373 3200 5412 unus
3246 5357 3333 5411 3c.
3383 5345 3562 5410 habet:
3625 5345 3693 5382 ’⁵³⁷
3716 5356 3752 5393 θ’
3818 5428 3819 5443 1

396 5423 576 5481 etiam
607 5439 654 5478 r.
688 5439 741 5479 a.
775 5422 863 5478 Bc.
941 5421 1031 5456 ¹⁴⁹⁸
1058 5420 1097 5477 1.
1130 5438 1187 5494 q.
1218 5423 1258 5478 i.
1290 5440 1343 5479 a.
1377 5441 1427 5480 e.
1457 5441 1507 5480 c.
1541 5427 1626 5482 3c.

1981 5554 2215 5611 ΝΟΤιΕ.

466 5657 614 5730 (165)
644 5657 748 5715 Hic
779 5658 839 5713 et
863 5655 1019 5713 infra
1042 5654 1212 5714 uncis
1242 5652 1473 5712 inclusa
1500 5672 1654 5714 unus
1684 5657 1719 5713 3
1743 5674 1793 5716 c.
1825 5658 2021 5717 habet.
