3844 6200
409 296 537 363 ’199

414 528 486 581 ut
514 530 701 582 mater
728 533 927 585 nostra
951 535 1155 587 sancta
1200 531 1463 589 Romana
1505 530 1749 589 ecclesia
1797 533 1858 588 in
1911 537 2068 589 statu

419 619 478 672 et
505 614 727 673 honore
749 634 856 675 suo
878 634 1013 676 cum
1046 621 1318 676 omnibus
1340 621 1659 694 privilegiis
1687 626 1743 676 et
1764 623 2071 678 auctorita-

419 704 599 770 tibus,
631 706 785 762 sicut
814 707 886 762 ab
917 709 1178 781 antiquis
1210 715 1265 765 et
1297 711 1592 767 modernis
1616 711 2069 781 imperatoribus

420 796 594 867 atque
625 795 862 867 regibus
893 796 1209 853 sublimata
1238 800 1440 865 est,ita
1470 798 2065 867 habeatur,teneatur,

419 885 479 937 et
502 882 875 955 perhenniter
902 887 1267 943 custodiatur
1288 887 1648 944 illesa.Nefas
1681 893 1769 944 est
1800 889 1977 955 enim,
2003 894 2070 945 ut

416 971 527 1027 hec
557 989 683 1045 quae
714 973 893 1030 totius
923 976 1180 1049 corporis
1203 976 1456 1032 ecclesiae
1489 982 1663 1049 caput
1692 982 1799 1045 est,
1834 984 1892 1034 et
1936 995 2070 1033 con-

414 1060 647 1135 fugium
667 1065 841 1135 atque
863 1064 1132 1121 relevatio
1158 1066 1646 1134 inﬁrmantium,a
1663 1084 1959 1140 quoquam
1981 1072 2068 1123 te-

416 1165 575 1206 mere
633 1151 959 1223 propulsari
1008 1155 1269 1211 vexarive
1316 1156 1707 1229 permittatur,
1744 1156 2067 1229 praesertim

416 1253 550 1294 cum
572 1239 991 1314 sanitasipsius
1004 1247 1334 1299 nostrorum
1349 1244 1612 1300 omnium
1632 1245 1708 1300 sit
1730 1245 2064 1301 salubritas.

1071 305 1404 370 APPEND.
1451 305 1553 369 AD
1599 308 1786 370 S/EC.
1833 309 1911 371 X.
1948 341 2022 352 —-
2050 306 2558 371 MONUMENTA
2601 308 3157 373 DIPLOMATICA.

490 436 614 493 l.ln
647 435 857 511 primis
876 445 1424 513 oramus,optamus
1453 458 1807 515 operamque
1829 443 2059 511 damus,
2095 440 2144 509 Α
2177 458 2303 498 cere
2334 446 2714 515 praesumunt,
2748 442 2808 498 hi
2839 458 2972 498 cum
3002 432 3223 513 quibus
3251 445 3583 508 morantur,
3615 446 3702 496 aut
3733 444 3776 498 ad

2178 531 2534 587 audientiam
2567 549 2665 587 eos
2696 531 2990 588 adducant
3019 535 3119 586 aut
3149 547 3257 603 pro
3281 530 3366 587 eis
3395 530 3783 596 emendent,ne-
3814 578 3815 587 χ

2178 637 2290 693 que
2321 637 2420 676 eos
2453 620 2699 677 ulterius
2730 621 2789 676 in
2819 620 3036 676 talibus
3066 619 3226 676 ausis
3257 637 3368 675 sua
3395 623 3678 692 potestate
3716 622 3783 675 de-

2178 708 2413 765 fendere
2442 710 2721 778 audeant;
2751 709 2905 783 quod
2933 710 2980 766 si
3014 709 3277 775 fecerint,
3310 708 3470 765 inter
3500 724 3783 765 excommu-

2178 798 2401 854 nicatos
2430 799 2759 855 habeantur
2786 815 3094 871 quousque
3124 797 3503 871 resipiscant.

2246 888 2299 943 9.
2336 888 2616 943 Praeterea
2664 888 2807 961 quia
2858 887 3149 961 gloriosus
3199 903 3298 942 rex
3346 886 3523 944 Wido
3562 884 3817 960 dignatus

2176 981 2265 1032 est
2298 977 2467 1032 nobis
2497 976 2852 1050 promittere,
2885 981 3335 1033 eonservaturus
3386 993 3451 1033 se
3502 976 3784 1049 praescripta

2176 1066 2436 1138 capitula
2463 1066 2807 1122 necessitate
2838 1084 2952 1122 non
2996 1065 3243 1121 minima
3289 1064 3561 1121 confecta
3605 1069 3657 1121 et
3696 1084 3781 1138 qua

2174 1154 2236 1209 in
2288 1156 2374 1211 eis
2425 1156 2817 1223 continentur,
2850 1172 3049 1211 curam
3096 1154 3344 1222 habens,
3377 1154 3502 1211 Deo
3551 1152 3786 1226 inspiran-

2174 1247 2251 1309 te,
2313 1261 2433 1300 sua:
2494 1250 2825 1318 nostraeque
2866 1243 3097 1310 salutis,
3144 1244 3299 1300 sicut
3350 1243 3578 1318 apertis
3631 1243 3783 1299 inditis

416 1326 545 1399 Ipse
570 1345 802 1400 quoque
824 1348 1094 1388 summus
1116 1335 1374 1404 pontifex
1394 1351 1428 1388 a
1453 1333 1677 1390 cunctis
1702 1334 2067 1407 principibus
2165 1333 2293 1404 jam
2324 1333 2716 1401 demonstrat;
2748 1333 2877 1389 ideo
2909 1330 3076 1389 nobis
3124 1332 3404 1389 omnibus
3452 1330 3784 1405 complacuit.
3818 1336 3819 1347 ‘

415 1422 472 1473 et
502 1416 808 1474 christiani
842 1422 1097 1475 nominis
1128 1422 1450 1478 cultoribus
1478 1424 1654 1496 digno
1704 1440 1936 1496 semper
1970 1441 2065 1480 ve-

418 1510 654 1568 neretur
683 1507 920 1577 honore,
955 1511 1266 1584 debitaque
1297 1511 1576 1585 precellat
1605 1514 1943 1569 reverentia.

484 1598 541 1651 2.
585 1595 959 1668 Singulorum
1009 1599 1416 1671 episcoporum
1462 1600 1713 1657 ecclesiae
1758 1618 1891 1659 cum
1942 1604 2067 1660 suis

418 1681 739 1757 privilegiis
770 1689 828 1742 et
857 1688 1328 1758 possessionibus
1347 1695 1468 1745 tam
1490 1692 1866 1748 interioribus
1888 1708 2065 1765 quam

2172 1422 2386 1497 eligere
2418 1422 2585 1479 illum
2636 1422 2695 1478 in
2742 1439 2935 1497 regem
2982 1426 3038 1479 et
3088 1420 3381 1479 seniorem
3411 1426 3594 1495 atque
3632 1419 3786 1477 defen-

2174 1529 2388 1581 sorem,
2421 1515 2713 1585 quatenus
2742 1511 2952 1567 amodo
3003 1515 3061 1567 et
3104 1511 3409 1584 deinceps,
3441 1509 3547 1566 illo
3591 1525 3688 1565 nos
3724 1524 3787 1564 sr-

2173 1586 2434 1657 cundum
2484 1601 2675 1675 regale
2724 1599 3121 1702 ministerium
3162 1600 3567 1703 gubernante,
3820 1628 3821 1703 ι

2175 1696 2444 1747 nostrum
2492 1691 2551 1746 in
2598 1708 2706 1747 suo
2756 1690 2962 1747 ordine
3012 1688 3378 1746 obmdientes
3434 1692 3498 1746 et
3542 1688 3784 1761 adiutem

418 1773 804 1831 exterioribus
827 1775 1164 1833 inconvulse
1184 1781 1243 1834 et
1263 1778 1846 1853 incorrupte,absque
1869 1780 2067 1855 aliqua
2102 1814 2146 1880 Β
2177 1798 2279 1853 pro
2310 1797 2480 1853 posse
2511 1780 2833 1836 existamus
2861 1779 2942 1835 illi
2975 1779 3047 1836 ad
3082 1795 3251 1836 suam
3286 1777 3573 1854 regnique
3601 1777 3683 1833 sui
3708 1775 3783 1832 sal

420 1861 513 1917 sui
542 1863 1002 1922 deminoratione
1023 1866 1107 1922 vel
1134 1866 1529 1939 quorumlibet
1550 1887 1859 1942 pravorum
1884 1869 2070 1927 homi-

421 1969 563 2008 num
596 1952 817 2025 injusta
845 1955 1146 2013 vexatione
1175 1964 1577 2029 permaneant,
1601 1960 1755 2015 sicut
1782 1964 2071 2033 praecepta

419 2057 623 2113 regum
654 2047 710 2099 et
738 2042 1157 2116 imperatorum
1180 2046 1292 2102 sibi
1313 2046 1522 2103 collata
1544 2048 2071 2105 continent.Recto-

419 2146 628 2203 resque
676 2148 877 2189 earum
926 2132 1105 2190 libere
1153 2135 1543 2207 pontiﬁcalem
1584 2142 1887 2193 exerceant
1915 2141 2073 2211 pote-

418 2223 651 2287 etatem,
685 2224 806 2276 tam
831 2221 891 2277 in
922 2223 1305 2296 disponendis
1353 2225 1765 2284 ecclesiasticis
1796 2227 2066 2298 negotiis,

418 2324 596 2380 quam
626 2308 687 2365 in
718 2311 1176 2383 comprimendis
1225 2313 1370 2387 legis
1400 2314 1502 2370 Dei
1533 2315 2068 2388 transgressoribus

421 2397 727 2455 universis.

488 2487 863 2544 3.8ancimus
893 2490 1163 2551 etiam.ut
1194 2508 1380 2563 neque
1412 2491 1469 2548 in
1502 2494 1935 2566 episcopalibus
1968 2512 2069 2553 ne-

420 2591 536 2646 que
564 2575 624 2631 in
657 2577 911 2638 abbatiis
940 2578 1026 2633 vel
1060 2580 1118 2634 in
1144 2580 1509 2637 senedochiis
1535 2588 1636 2638 aut
1661 2583 1798 2640 ullis
1829 2585 1945 2641 Deo
1976 2603 2067 2642 sa-

417 2665 598 2721 cratis
626 2663 919 2733 locis,ulla
946 2668 1221 2725 violentia
1251 2674 1355 2726 aut
1385 2688 1541 2727 novae
1572 2674 1922 2730 conditionis
1944 2691 2068 2749 gra-

417 2752 657 2812 vamina
686 2754 1085 2829 imponantur,
1110 2759 1212 2814 sed
1244 2761 1568 2816 secundum
1599 2762 1902 2835 antiquam
1928 2781 2068 2820 con-

415 2843 791 2901 suetudinem
823 2861 1028 2904 omnes
1058 2848 1115 2902 in
1150 2864 1256 2904 suo
1311 2854 1466 2906 statu
1511 2868 1736 2925 suoque
1768 2854 2067 2928 privilegio

423 2938 701 3005 perpetuo
731 2940 1026 2993 maneant.

493 3022 629 3079 4.Ut
657 3025 1025 3082 sacerdotum
1046 3029 1312 3084 omnium
1344 3034 1402 3086 et.
1431 3031 1832 3089 ministrorum
1855 3033 2069 3089 Christi

420 3113 831 3187 unusquisque
855 3114 915 3170 in
947 3132 1053 3171 suo
1081 3117 1284 3174 ordine
1312 3120 1603 3193 condigne
1633 3127 1941 3177 veneretur
1969 3122 2066 3177 bo-

419 3216 560 3260 nore
588 3207 645 3257 et
673 3205 1015 3270 reverentia,
1035 3209 1094 3261 et
1123 3222 1256 3263 cum
1286 3190 1771 3266 omnibus'rebus
1801 3211 2066 3267 ecclesia-
2095 3190 2138 3255 (ἶ

414 3290 583 3346 sticis
610 3307 677 3347 ac
708 3293 948 3350 familiis
978 3296 1049 3351 ad
1080 3312 1144 3351 se
1172 3298 1602 3369 pertinentibus
1628 3300 1740 3355 sub
1784 3305 2066 3372 potestate

410 3380 632 3452 proprii
662 3381 918 3456 episcopi
937 3384 1175 3456 quietus
1206 3391 1263 3441 et
1289 3386 1676 3444 inconcussus
1707 3394 2063 3462 permaneat,

410 3466 573 3526 salva
600 3469 991 3529 ecclesiastica
1021 3472 1352 3548 disciplina.

482 3558 537 3614 5.
578 3557 765 3617 Plebei
797 3560 1065 3619 homines
1093 3568 1153 3619 et
1183 3564 1433 3621 universi
1464 3566 1718 3623 ecclesiaa
1751 3567 1852 3623 lilii
1888 3565 2067 3626 libere

411 3644 538 3701 suis
570 3650 812 3703 utantur
839 3647 1087 3722 legibus.
1121 3651 1201 3705 Ex
1231 3657 1395 3724 parte
1416 3652 1668 3725 publica,
1705 3654 1857 3711 ultra
1888 3673 2065 3729 quam

412 3732 642 3806 legibus
671 3735 965 3792 sancitum
995 3742 1105 3804 est,
1138 3739 1210 3794 ab
1242 3739 1325 3796 eis
1354 3758 1468 3797 non
1503 3742 1787 3816 exigatur,
1812 3761 1917 3800 nec
1945 3745 2065 3801 vio-

412 3819 604 3876 lenter
622 3822 1063 3894 opprimantur;
1098 3828 1251 3898 quod
1283 3828 1333 3885 si
1363 3830 1582 3886 factum
1606 3831 2071 3907 fuerit,legaliter

414 3924 519 3981 per
546 3910 818 3967 comitem
848 3910 1038 3984 ipsius
1067 3914 1177 3970 loci
1207 3918 1567 3987 emendetur,
1601 3921 1648 3976 si
1683 3938 1790 3977 suo
1820 3921 2068 3980 voluerit

416 3995 691 4069 deinceps
723 4001 894 4070 potiri
929 4001 1179 4072 honore;
1213 4004 1261 4060 si
1294 4022 1427 4061 vero
1456 4007 1581 4080 ipse
1612 4009 1951 4081 neglexerit,
1975 4012 2063 4069 vel

415 4083 638 4153 fecerit,
669 4092 770 4143 aut
801 4087 1031 4146 facienti
1064 4091 1360 4163 prebuerit
1406 4113 1714 4153 assensum
1748 4099 1855 4167 που,
1890 4118 1923 4155 a
1952 4100 2064 4157 loci

412 4171 689 4246 episcopo
732 4193 920 4251 usque
970 4179 1041 4235 ad
1076 4180 1163 4216 “‘0’
1192 4181 1430 4255 dignam
1478 4185 1935 4245 satisfactionem
1973 4207 2066 4246 ex-

410 4263 885 4322 communicatus
911 4266 1216 4327 habeatur.

483 4353 539 4407 6.
575 4352 818 4410 Palatini
850 4357 951 4429 qui
982 4356 1043 4413 in
1076 4359 1234 4432 regio
1268 4366 1572 4419 morantur
1588 4366 1890 4438 obsequio,
1915 4369 2065 4439 paci-

414 4442 522 4503 ﬁce
554 4442 683 4498 sine
714 4443 1124 4518 depredatione
1146 4454 1267 4522 regi
1290 4450 1771 4522 deserviant,suis
1803 4457 2061 4512 contenti

418 4529 747 4604 stipendiis.

482 4622 538 4675 7.
568 4618 639 4679 Hi
670 4639 804 4678 vero
835 4624 934 4696 qui
966 4628 1225 4699 tempore
1256 4627 1453 4701 placiti
1487 4631 1733 4689 diversis
1773 4649 1840 4689 ex
1887 4634 2067 4705 parti-

413 4710 529 4767 bus
559 4712 1159 4781 conveniunt,nullam
1183 4723 1660 4790 pertranseuntes
1692 4720 1749 4776 in
1782 4721 1936 4777 villis
1958 4740 2061 4779 seu

414 4798 751 4857 civitatibus
782 4803 1049 4877 rapinam
1080 4812 1405 4877 exerceant,
1430 4807 1541 4864 sibi
1573 4810 1901 4867 necessaria
1922 4811 2071 4867 anti-

417 4903 536 4960 qua
564 4891 984 4947 consuetudine
1013 4893 1190 4968 digno
1218 4895 1405 4968 pretio
1433 4903 1713 4954 ementes.

487 4977 540 5030 8.
573 4974 937 5053 Quicumque
968 4982 1040 5039 ab
1072 4984 1283 5039 exteris
1309 4984 1621 5058 provinciis
1671 4987 2068 5057 adventantes,

417 5061 861 5135 depredationes
884 5070 1059 5140 atque
1086 5068 1323 5143 rapinas
1343 5071 1495 5128 infra
1517 5089 1762 5148 regnum
1786 5074 1896 5131 hoc
1917 5092 2072 5131 exer-

2178 1868 2492 1926 vationem.

2661 2012 2982 2050 ELECTIONIS
3024 2010 3348 2049 DECRETUH.

2252 2139 2385 2193 Post
2414 2138 2637 2195 obitum
2670 2137 3043 2193 recordandaa
3071 2136 3367 2195 memoriae
3390 2136 3594 2192 domni
3614 2134 3784 2199 Κενοῦ,

2176 2225 2416 2300 gloriosi
2450 2227 2821 2299 imperatoris
2852 2230 2908 2283 et
2934 2226 3182 2282 senioris
3213 2224 3577 2297 nostri,quot
3595 2230 3785 2296 quanta-
3822 2224 3823 2255 ἒ

2177 2334 2292 2389 que
2324 2316 2583 2390 pericula
2624 2316 2761 2371 huic
2806 2315 3005 2371 Italico
3049 2329 3227 2387 regno
3278 2330 3472 2386 usque
3506 2314 3566 2369 in
3597 2327 3783 2385 presens

2177 2410 2414 2479 tempus
2442 2403 2902 2479 supervenerint,
2937 2419 3041 2459 nec
3090 2402 3294 2476 lingua
3339 2406 3538 2476 potest
3579 2400 3783 2459 evolvere

2179 2512 2285 2551 nec
2316 2494 2578 2551 calamus
2608 2492 2916 2567 explicare.
2951 2492 3067 2565 Ipsi
3099 2492 3353 2565 denique
3406 2490 3613 2547 diebus
3655 2490 3784 2562 quasi

2176 2585 2249 2641 ad
2284 2589 2507 2640 certum
2539 2584 2776 2658 signum
2806 2584 3287 2655 supervenerunt,
3318 2580 3425 2651 qui
3458 2595 3577 2652 pro.
3600 2578 3695 2635 hoc
3724 2594 3784 2631 re.

2178 2690 2314 2747 gno.
2334 2677 2401 2728 ut
2427 2673 2539 2729 sibi
2569 2672 2830 2729 volentes
2860 2670 3240 2741 nolentesque
3267 2666 3786 2733 adsentiremusnni-

2177 2763 2272 2819 nis
2300 2762 2547 2818 diversis
2595 2766 2650 2818 et
2698 2759 3078 2817 suasionibus
3107 2757 3374 2816 inretitos
3408 2760 3502 2793 ⁸⁵³³
3531 2755 3716 2813 furtive
3736 2768 3781 2808 ac

2176 2852 2579 2909 fraudulenter
2608 2851 3005 2907 adtraxerunt.
3055 2848 3165 2904 Sed
3213 2846 3357 2920 quia
3406 2846 3519 2915 illi,
3559 2859 3781 2918 superve-

2178 2941 2373 2997 niente
2402 2940 2712 3014 perspicuo
2743 2938 3005 3012 principe
3030 2937 3299 3001 Widone,
3332 2934 3570 3007 bisjam
3593 2936 3708 3007 luga
3730 2931 3781 2986 la-

2176 3030 2289 3104 psi,
2325 3035 2390 3086 ut
2421 3031 2620 3086 fumus
2647 3031 3263 3098 evanuerunt,nosque
3294 3025 3355 3081 in
3384 3025 3658 3098 ambiguo
3686 3019 3779 3077 reli-

2177 3124 2434 3192 querunt
2461 3124 2765 3191 tamquam
2797 3134 2932 3173 oves
2952 3133 3069 3172 non
3098 3114 3382 3171 habentes
3406 3119 3781 3187 pastorum.ne-

2178 3209 2498 3266 oessarium
2521 3208 2797 3264 duximus
2814 3207 2884 3262 ad
2905 3210 3178 3262 mutuum
3195 3203 3562 3276 colloquium
3582 3200 3725 3273 Papie
3742 3199 3780 3252 in

2174 3298 2313 3354 aula
2342 3299 2501 3371 regia
2529 3297 2866 3365 convenire;
2899 3294 3094 3367 ibique
3122 3294 3196 3349 de
3227 3293 3535 3348 communi
3563 3290 3726 3348 salute
3744 3291 3783 3342 at

2176 3392 2332 3444 statu
2367 3387 2545 3458 hujus
2566 3386 2728 3460 regni
2747 3384 2997 3442 sollicite
3018 3378 3782 3456 pertractantesﬁecrevimm

2176 3493 2294 3534 uno
2316 3477 2511 3533 animo
2533 3475 2856 3546 eademque
2886 3471 3515 3544 sententimprefatum
3537 3463 3783 3541 magnani-

2176 3581 2341 3621 mum
2366 3564 2693 3638 principem
2718 3563 3026 3618 Widonem
3048 3561 3122 3618 ad
3144 3560 3572 3633 protegendum
3593 3562 3645 3614 et
3662 3570 3784 3625 regl-

2173 3654 2307 3711 liter
2335 3654 2784 3728 gubernandum
2812 3668 2919 3708 nos
2946 3651 3008 3707 in
3037 3666 3235 3723 regem
3257 3653 3316 3705 et
3337 3648 3626 3706 seniorem
3656 3641 3781 3699 nobis

2174 3743 2388 3817 eligere
2405 3748 2462 3800 et
2481 3743 2539 3798 in
2562 3742 2723 3815 regni
2745 3740 3044 3814 fastigium
3057 3739 3173 3795 Deo
3192 3739 3511 3829 miserante
3530 3735 3779 3829 prefigerf.

2174 3849 2280 3906 pro
2311 3849 2380 3889 eo
2410 3832 2565 3905 quod
2598 3832 2785 3887 isdem
2818 3830 3170 3902 magniﬁcus
3202 3827 3532 3893 rex,divino
3555 3829 3615 3881 ut
3640 3821 3782 3878 credi-

2175 3939 2311 3978 mus
2344 3925 2640 3994 protectus
2670 3919 2904 3989 auxilio,
2938 3919 3007 3974 de
3038 3916 3309 3974 hostibus
3337 3920 3603 3989 potenter
3619 3911 3777 3967 trium-

2174 4010 2458 4083 phavit,et
2478 4010 2586 4066 hoc
2618 4026 2733 4064 non
2765 4025 2870 4064 sue
2897 4006 3097 4062 virtuti
3129 4007 3237 4073 ‘5“,
3273 4005 3378 4061 sed
3408 4008 3592 4060 totum
3615 3998 3777 4055 divine

2174 4097 2586 4155 misericordia:
2608 4096 2925 4170 prudenter
2952 4095 3042 4131 ¹¹⁵¹²
3068 4092 3621 4164 adtribuit,insuper
3641 4086 3774 4143 etiam

2173 4193 2436 4245 sanctam
2468 4188 2791 4243 Romanam
2824 4183 3129 4241 ecclesiam
3147 4200 3218 4239 ex
3236 4183 3412 4238 corde
3432 4198 3495 4239 se
3510 4178 3722 4250 diligere
3737 4179 3777 4226 et

2171 4276 2508 4342 exaltare,et
2535 4272 2933 4331 ecclesiastica
2944 4274 3084 4345 jura
3104 4272 3163 4327 in
3185 4271 3469 4327 omnibus
3496 4270 3772 4325 observare,

2171 4370 2228 4421 et
2256 4364 2414 4438 leges
2444 4364 2710 4437 proprias
2729 4361 2979 4435 singulis
2998 4361 3333 4433 quibusque
3351 4359 3464 4414 sub
3481 4375 3587 4414 sua
3603 4353 3773 4411 ditione

2172 4453 2380 4527 positis
2410 4453 2744 4520 concedere,
2778 4456 2835 4507 et
2863 4451 3099 4523 rapinas
3129 4450 3201 4505 de
3230 4466 3337 4505 suo
3368 4465 3548 4521 regno
3591 4441 3773 4519 penitus

2096 4561 2141 4626 υ
2172 4544 2461 4615 extirpare
2491 4546 2548 4597 et
2577 4557 2779 4614 pacem
2810 4539 3132 4626 reformare;
3153 4541 3210 4593 et
3236 4536 3615 4626 custodirepse
3648 4528 3773 4626 velle}.

2183 4633 2292 4687 Deo
2321 4613 2467 4686 teste
2501 4613 2796 4704 professus
2827 4626 3049 4685 est.Pro
3080 4624 3172 4682 his
3203 4636 3339 4699 ergo
3370 4629 3429 4681 et
3456 4622 3586 4679 aliis
3616 4613 3776 4713 multis

2179 4721 2307 4793 ejus
2338 4720 2501 4775 bona:
2532 4717 2849 4776 voluntatis
2879 4715 3128 4783 inditiis,
3158 4714 3380 4806 ipsum,
3405 4718 3476 4806 ut
3520 4708 3775 4806 prelibavi-

2180 4826 2333 4876 mus,
2370 4808 2440 4863 ad
2476 4806 2636 4882 regni
2667 4806 2847 4878 hujus
2874 4801 3273 4879 gubernacula
3302 4801 3778 4865 ascivimus,eique

2178 4902 2297 4956 toto
2330 4896 2544 4954 mentis
2559 4897 2691 4952 nisu
2714 4892 3388 4962 adhaesimus,seniorem
3417 4887 3721 4980 piissimum
3736 4884 3776 4980 fl

2181 5002 2374 5060 regem
2407 4984 2961 5043 excellentissimum
2982 4982 3107 5058 pari
3130 4994 3419 5039 consensu
3438 4995 3507 5036 ex
3535 4976 3659 5033 hinc
3674 4975 3719 5028 et
3734 4975 3776 5022 in

2178 5080 2479 5150 posterum
2504 5074 2898 5131 decernentes.

1771 5227 2015 5284 VARIE
2056 5226 2473 5284 LECTIONES.

604 5348 656 5415 {i-
686 5349 742 5405 ρ.
775 5333 888 5418 SS...
949 5335 1038 5418 “ff”
1065 5336 1207 5418 deest
1237 5340 1297 5394 in
1323 5338 1420 5395 SS.
1452 5341 1603 5399 adest
1633 5344 1695 5398 in
1716 5344 1937 5417 Antiqq.
2014 5344 2105 5380 ¹⁵¹⁰
2133 5345 2215 5400 ita
2241 5345 2459 5418 Antiqq.
2492 5343 2735 5400 inlectos
2783 5343 2877 5398 SS.
2964 5342 3050 5378 ιδίι
3083 5338 3319 5395 virtutis
3344 5338 3443 5393 SS.

416 5402 661 5463 rationis
686 5402 1053 5477 providentia
1080 5408 1177 5464 SS.

3538 5335 3625 5371 me
3651 5326 3777 5386 mise-
