3844 6200
76 345 174 406 813

1023 337 1504 399 FRANCOltUM
1554 335 1826 398 REGUM
1872 335 2420 397 CAPITULABIA.

3202 322 3203 325 ‘
3314 343 3437 402 su

73 473 245 530 vitium
268 470 616 545 imperatoris
640 474 1038 544 properantes,
1063 469 1190 526 suis
1221 467 1529 541 stipendiis
1551 466 1671 523 sint
1696 468 1752 536 Α
1775 468 1971 538 jaceat
2008 467 2307 535 humanis,
2340 471 2544 539 postea
2592 470 3193 529 excommunicatione
3233 474 3438 547 pepuli

76 561 315 619 contenti.

34 644 35 649 “
129 654 173 707 3.
205 651 269 707 Ut
287 648 474 706 nullus
495 648 774 705 comitum
799 648 1138 706 arimannos
1159 649 1219 703 in
1244 646 1528 703 beneﬁcia
1550 645 1675 702 suis

72 738 366 797 hominibus
396 736 632 795 tribuat.

34 844 35 847 ‘
127 831 172 883 4.
201 827 268 884 Ut
295 818 553 884 homines
601 827 883 883 comitum
927 825 1265 881 nullatenus
1313 825 1371 880 in
1402 822 1674 880 domibus

34 906 35 913 “
73 917 466 973 arimannorum
499 914 814 982 resideant,
838 915 939 971 sed
971 915 1177 971 domos
1208 913 1291 971 rei
1325 913 1570 984 publica:
1590 912 1675 968 in-

72 1008 313 1070 staurent,
341 1003 535 1076 ibique
566 1003 879 1059 resideant.

123 1095 169 1148 5.
200 1093 263 1149 Ut
276 1091 654 1166 scriptoribus
673 1091 925 1163 publicis
945 1090 1281 1147 nullatenus
1296 1090 1676 1147 interdicatur

72 1200 144 1237 res
170 1181 586 1238 arimaunorum
617 1181 1028 1245 transcribere,
1051 1180 1099 1236 si
1131 1181 1367 1253 quando
1388 1180 1473 1235 eis
1501 1178 1676 1234 fuerit

70 1270 440 1343 opportunum.
453 1269 615 1333 Quod
638 1269 687 1325 si
709 1268 1015 1325 accasione
1030 1267 1251 1324 vitandi
1272 1268 1522 1325 exercitu
1533 1286 1561 1325 s
1573 1271 1676 1323 aut

70 1357 307 1429 placitum
328 1356 571 1413 vendite:
603 1356 838 1421 fuerint,
863 1360 918 1411 et
938 1356 1050 1428 ipsi
1072 1373 1172 1412 eas
1195 1357 1446 1428 pendere
1471 1372 1673 1428 super-

68 1445 302 1513 sederint,
327 1445 593 1519 exigatur
618 1445 689 1501 ab
719 1446 803 1501 eis
836 1450 1173 1517 utrumque,
1191 1444 1346 1501 sicut
1366 1449 1499 1500 ante
1520 1449 1676 1499 tran-

69 1528 419 1607 scriptionem.

120 1626 165 1679 6.
194 1623 258 1680 Ut
286 1624 392 1697 ipsi
421 1623 711 1680 arimanni
747 1622 1111 1696 frequentius
1134 1640 1311 1695 quam
1333 1623 1391 1678 in
1414 1621 1538 1696 lege
1560 1625 1672 1678 sta-

69 1717 223 1767 tutum
251 1717 352 1781 est,
381 1713 451 1768 ad
485 1712 766 1787 placitum
799 1712 881 1767 ire
913 1729 1026 1768 non
1060 1717 1364 1786 cogantur,
1391 1729 1497 1767 nec
1529 1729 1562 1765 a
1584 1727 1676 1767 co-

70 1800 270 1857 mitibus
298 1818 399 1858 nec
428 1819 462 1858 a
493 1801 868 1857 sculdalisiis.

120 1892 165 1945 7.
195 1890 259 1946 Ut
284 1891 542 1946 bannum
576 1890 741 1946 missi
773 1889 1060 1946 exercitus
1101 1888 1421 1963 imperialis
1450 1888 1673 1946 solum-

70 1981 207 2035 modo
235 1979 476 2053 exigant.

34 2094 37 2097 ι
119 2072 162 2123 8.
188 2069 255 2125 Ut
281 2073 479 2141 pastus
512 2068 881 2141 imperatoris
932 2068 1005 2122 ab
1036 2066 1324 2140 episcopis
1357 2070 1414 2122 et
1443 2066 1670 2122 comiti-

69 2159 172 2225 bus,
196 2159 505 2214 secundum
541 2158 840 2230 antiquam
875 2156 1359 2213 consuetudinem
1392 2156 1670 2212 solvatur.

68 2247 195 2311 Quod
213 2247 256 2302 si
280 2264 419 2303 novo
438 2251 704 2319 tempore
734 2247 914 2302 ﬁscus
946 2244 1261 2301 comitialis
1285 2245 1341 2299 in
1366 2245 1468 2315 jus
1495 2244 1675 2301 eccle-

67 2335 324 2392 siasticum
355 2353 674 2392 conversus
705 2340 814 2400 est,
849 2338 1134 2408 augeatur
1162 2334 1522 2406 stipendium
1556 2333 1670 2389 im-

64 2424 239 2495 periale
266 2425 335 2480 ab
365 2423 634 2494 ecclesia,
653 2425 823 2496 juxta
867 2423 1021 2497 quod
1054 2440 1147 2478 res
1179 2422 1425 2495 publica:
1459 2422 1677 2478 fuerint

66 2514 341 2570 minoratm.

115 2604 160 2659 9.
188 2601 251 2659 Ut
278 2604 465 2660 omnis
516 2602 830 2659 decimatio
876 2602 949 2657 ab
981 2602 1294 2675 episcOpis,
1327 2599 1416 2657 vel
1447 2599 1542 2656 his
1572 2600 1673 2673 qui

69 2692 125 2746 ab
149 2710 205 2748 eo
235 2693 533 2749 substituti
568 2696 707 2748 sunt
733 2692 1076 2764 praebeatur,
1101 2691 1416 2762 nullusque
1447 2706 1574 2746 eam
1606 2689 1678 2744 ad

34 2778 37 2779 ⁷
68 2799 200 2837 suam
220 2782 520 2855 capellam,
553 2782 664 2837 nisi
690 2782 836 2837 forte
857 2780 1231 2836 concessione
1251 2777 1529 2852 episcOpi,
1544 2795 1681 2833 con-

76 2870 203 2926 ferat.
219 2871 367 2937 Quod
383 2871 432 2927 si
447 2871 654 2927 fecisse
674 2868 1000 2942 contigerit,
1018 2868 1273 2942 primum
1288 2867 1519 2940 legibus
1541 2867 1680 2923 sub-

1783 557 2235 621 constrictus,ad
2256 555 2530 612 ultimum
2547 557 2677 630 ipsa
2689 558 2929 630 capella,
2948 566 3076 632 quae
3090 563 3281 635 magis
3301 580 3439 619 con-

1782 644 2104 701 tentionem
2118 662 2295 717 quam
2312 645 2622 703 utilitatem
2639 645 2896 719 aliquam
2912 653 3167 720 praestat,
3183 651 3445 708 destrua-

1783 737 1900 789 tur.

1858 824 1942 878 10.
1977 822 2050 878 Ut
2078 821 2274 894 plebes
2305 822 2460 880 eccle
2474 824 2572 880 site
2603 822 2943 882 nullatenus
2971 829 3075 882 aut
3106 825 3443 894 comitibus,

1784 913 1886 965 aut
1905 910 2312 984 episcoporum
2335 911 2738 982 vassallis,aut
2752 913 3065 972 ullislaicis
3082 914 3141 971 in
3162 914 3445 973 beneﬁcia

1782 999 2139 1056 tribuantur.

1858 1088 1944 1145 11.
1979 1089 2053 1145 Ut
2072 1088 2131 1144 in
2155 1090 2429 1146 domibus
2452 1090 2830 1147 ecclesiarum
2866 1109 3053 1166 neque
3073 1093 3319 1161 missus,
3341 1111 3440 1150 ne-

1785 1194 1899 1250 que
1925 1178 2243 1245 comes,vel
2268 1180 2449 1251 judex
2471 1180 2638 1252 quasi
2670 1197 2775 1253 pro
2795 1182 3223 1239 consuetudine
3248 1199 3441 1257 neque

1783 1266 2062 1338 placitum
2089 1283 2277 1340 neque
2299 1268 2616 1341 hospitium
2640 1270 2963 1339 vendicent,
2980 1272 3081 1327 sed
3100 1272 3160 1327 in
3184 1272 3438 1343 publicis

1782 1354 1926 1410 vicis
1969 1355 2175 1411 domos
2225 1356 2605 1422 constituant,
2635 1357 2696 1412 in
2746 1359 2963 1430 quibus
3020 1359 3300 1430 placitum
3354 1364 3438 1416 te-

1788 1447 1980 1511 neant,
2013 1447 2072 1499 et
2101 1445 2423 1501 secundum
2456 1445 2761 1518 antiquam
2793 1448 3281 1505 consuetudinem
3304 1449 3440 1507 bos-

1783 1531 2066 1604 pitentur.

1858 1623 1943 1676 12.
1976 1621 2048 1677 Ut
2078 1620 2324 1695 singulm
2348 1622 2546 1695 plebes
2569 1624 3142 1699 archipresbyterum
3163 1626 3439 1684 habeant.

1784 1710 2025 1783 Propter
2054 1711 2358 1767 assiduam
2389 1728 2527 1785 ergo
2568 1714 2765 1786 populi
2817 1714 2918 1770 Dei
2958 1731 3160 1771 curam
3191 1715 3441 1790 singulis

1784 1797 2054 1869 plebibus
2076 1799 2241 1854 archi
2250 1800 2619 1872 presbyteros
2639 1818 2886 1874 prmesse
2907 1801 3303 1877 volumus,qui
3326 1820 3441 1861 non

1782 1886 1973 1943 solum
2006 1887 2260 1960 imperiti
2292 1887 2452 1961 vulgi
2497 1888 2932 1947 solicitudinem
2980 1897 3203 1965 gerant,
3235 1910 3439 1950 verum

1782 1975 1957 2031 etiam
1990 1992 2190 2031 eorum
2222 1975 2716 2049 presbyterorum,
2741 1979 2841 2050 qui
2875 1996 2981 2052 per
3011 1980 3268 2037 minores
3294 1981 3441 2037 titu-
3466 1992 3471 1996 ’

1780 2063 1868 2120 los
1890 2064 2173 2132 habitant,
2188 2065 2366 2123 vitam
2380 2067 2509 2139 jugi
2530 2067 3056 2140 circumspectione
3077 2070 3432 2138 custodiant,

1780 2158 1837 2209 et
1854 2170 1971 2225 qua
1988 2154 2393 2228 unusquisque
2410 2156 2979 2213 industriadivinum
2991 2174 3141 2230 opus
3153 2164 3437 2231 exerceat,

1782 2243 2053 2315 episcopo
2105 2260 2212 2299 suo
2259 2244 2614 2301 renuntient.
2649 2244 2763 2301 Nec
2811 2245 3090 2302 obtendat
3127 2247 3438 2320 episcOpus

1785 2348 1899 2386 non
1930 2347 2097 2404 egere
2132 2330 2358 2404 plebem
2393 2332 2918 2407 archipresbytero.
2937 2334 3099 2399 Quod
3119 2336 3167 2392 si
3188 2335 3312 2410 ipse
3329 2354 3436 2410 gu-

1784 2421 2029 2476 bernare
2058 2419 2266 2488 valeat,
2298 2421 2437 2493 quia
2464 2426 2553 2478 est
2582 2421 2746 2478 valde
2775 2422 3042 2492 idoneus,
3061 2425 3225 2481 decet
3238 2429 3437 2482 tamen

1786 2513 1849 2564 ut
1880 2509 2166 2582 partiatur
2194 2528 2372 2567 onera
2400 2528 2528 2580 sua,
2545 2516 2604 2567 et
2624 2510 2778 2568 sicut
2801 2512 2927 2583 ipse
2958 2513 3185 2571 matrici
3210 2518 3435 2587 praeest,

1787 2598 1868 2653 ita
1898 2598 2218 2670 presbyteri
2266 2598 2506 2671 praesint
2552 2600 2837 2673 plebibus.
2874 2605 2938 2657 ut
2983 2601 3042 2656 in
3093 2602 3254 2658 nullo
3296 2604 3436 2661 titu-

1788 2688 1884 2742 bet
1910 2686 2304 2744 eeclesiastica
2336 2688 2686 2746 sollicitudo.
2719 2689 2937 2747 Cuncta
2985 2696 3180 2747 tamen
3211 2694 3283 2749 ad
3314 2694 3436 2767 epi-

1790 2792 2031 2848 scopum
2064 2776 2337 2845 refcrant,
2360 2794 2465 2833 nec
2497 2776 2717 2850 aliquid
2752 2783 2952 2834 contra
2978 2781 3106 2852 ejus
3136 2782 3433 2839 decretum

1791 2863 2060 2921 ordinare
2090 2870 2469 2936 praesumant.

801 2974 1066 3032 KAROLI
1105 2975 1182 3031 Ill
1221 2973 1673 3122 CAPITULAUI‘N

1643 3069 1673 3107 η

1859 2971 2148 3123 ἶΟΒΕΝΞῙ
2186 2971 2644 3029 EPISCOPATU.

1643 3069 1697 3107 η.
1731 3069 1855 3106 υἰυ.

121 3145 287 3203 Edidit
313 3163 379 3202 ea
407 3145 761 3202 Sirmondus
792 3162 858 3217 ex
887 3144 1081 3217 codice
1100 3142 1378 3217 salt/[ariae
1404 3139 1927 3217 VirdunensisJﬁei
1963 3144 2103 3196 acta:
2130 3128 2338 3197 seriem
2368 3140 2621 3214 legimus
2654 3142 2713 3197 in
2745 3143 3050 3202 Flodoardi
3078 3146 3426 3217 Annalibus,

34 3222 35 3225 ‘
67 3220 207 3289 atque
235 3217 399 3290 paulo
427 3217 777 3290 ampliorem
810 3216 866 3270 in
904 3215 1131 3271 Richeri
1165 3214 1553 3271 Historiarum
1585 3212 1734 3268 libro
1763 3210 1973 3284 primo.

118 3313 168 3369 In
188 3316 409 3373 nomine
430 3322 650 3373 sanctae
674 3318 729 3369 et
748 3311 1063 3369 individuis
1096 3312 1399 3367 trinitatis.
1426 3309 1672 3366 Karolus
1703 3311 1746 3377 C

64 3400 386 3477 virillustris,
417 3404 618 3460 divina
648 3402 1001 3476 propitiante
1031 3400 1344 3457 clementia
1365 3417 1461 3455 rex
1492 3400 1672 3455 Fran-

1782 3311 1897 3366 Non
1928 3318 2008 3366 est
2033 3312 2184 3366 enim
2209 3319 2438 3382 potestas
2465 3313 2583 3367 nisi
2609 3328 2645 3367 a
2672 3311 2816 3382 Deo,-
2847 3317 2904 3369 et
2932 3316 3213 3373 adversus
3244 3318 3432 3375 citha-

1783 3398 1927 3455 ταδᾶὶ
1960 3399 2139 3455 David
2169 3399 2345 3467 dicta,
2367 3399 2466 3454 ubi
2493 3400 2564 3456 ad
2587 3400 2903 3458 Dominum
2927 3401 3226 3476 loquitur:
3252 3411 3430 3479 Impo-

64 3506 245 3561 corum,
263 3494 534 3550 omnibus
555 3489 1009 3564 archiepisc0pis
1028 3494 1085 3546 et
1099 3488 1390 3562 episcopis
1410 3488 1471 3543 in
1496 3504 1673 3561 regno
1781 3490 1946 3544 suisti
1970 3489 2214 3545 homines
2231 3505 2396 3560 super
2415 3492 2595 3561 capita
2622 3498 2828 3559 nostra,
2855 3492 3073 3565 quique
3095 3493 3250 3550 ultra
3282 3495 3432 3552 Rhe-

66 3580 199 3635 nobis
224 3600 255 3637 a
280 3582 394 3638 Deo
421 3581 744 3639 commisso
792 3578 1150 3646 constitutis,
1180 3596 1293 3651 pax
1318 3582 1375 3634 et
1409 3576 1569 3634 salus
1600 3576 1673 3632 ab

66 3669 229 3726 eodem
259 3670 370 3727 Deo
399 3675 639 3728 aeterno.

120 3759 160 3813 1.
188 3761 324 3826 Quia
367 3760 578 3816 divinae
628 3757 1058 3832 prepitiationis
1107 3756 1408 3822 beneﬁcia,
1441 3771 1569 3827 quae
1600 3753 1673 3809 ab

65 3844 164 3915 ipso
189 3849 253 3903 ab
284 3850 423 3923 ipsis
455 3847 799 3921 crepundiis
827 3847 1048 3919 experti
1083 3861 1311 3916 sumus,
1336 3843 1676 3901 nullatenus

66 3949 359 3994 enumerare
377 3953 722 4011 possumus,
740 3935 956 3991 idcirco
979 3934 1211 3990 laudem
1227 3932 1458 3989 Domini
1479 3931 1678 4004 loque-

65 4026 210 4080 turos
239 4042 450 4095 meum,
485 4031 544 4083 et
574 4023 879 4081 benedicet
909 4040 1121 4079 nomen
1154 4026 1424 4078 sanctum
1456 4022 1585 4092 ejus
1614 4019 1675 4075 in

67 4113 287 4171 seculum
309 4115 511 4172 seculi.
540 4114 704 4170 Unde
725 4112 884 4186 quia,
902 4112 1174 4186 pluribus
1205 4110 1423 4167 nostris
1444 4108 1676 4181 exigen-

66 4199 193 4256 tibus
218 4203 453 4273 meritis,
482 4201 826 4260 multotiens
850 4201 1092 4256 adversa
1121 4213 1365 4271 quaeque
1397 4196 1680 4253 sustinui-

66 4306 189 4360 mus,
210 4280 499 4350 credimus
524 4308 641 4348 non
663 4291 771 4346 hoc
795 4291 864 4346 ad
891 4292 1099 4345 nostris
1131 4285 1526 4343 damnationis
1556 4300 1675 4340 me-

65 4376 227 4447 ritum,
244 4381 339 4436 sed
364 4382 436 4437 ad
460 4379 712 4454 gratiam
736 4396 853 4435 sua:
886 4376 1375 4434 reconciliationis
1404 4374 1574 4430 nobis
1602 4374 1678 4430 fo-

65 4480 108 4519 re
120 4468 479 4538 permissum;
498 4475 564 4525 ut
577 4467 823 4541 ﬂagellis
839 4467 967 4539 ejus
983 4465 1216 4536 eruditi,
1230 4465 1531 4520 discamus
1549 4478 1677 4535 per-

63 4568 195 4611 versa
220 4574 432 4625 cavere,
458 4562 519 4615 et
538 4557 600 4612 in
622 4555 850 4612 cunctis
871 4556 999 4626 ejus
1030 4553 1433 4610 voluntatibus
1457 4568 1672 4625 parere.

65 4636 194 4698 Sicut
219 4645 377 4703 vobis
405 4647 479 4702 de
512 4644 717 4703 multis
750 4649 951 4700 notum
984 4647 1247 4743 est,‘eum
1272 4640 1417 4743 oliui
1437 4640 1675 4743 quidam
1708 4676 1757 4743 Β

66 4734 216 4788 nostri
240 4734 455 4802 ﬁdeles,
483 4752 518 4791 a
539 4738 738 4790 nostra
758 4733 954 4788 debita
976 4730 1249 4786 ﬁdelitate
1266 4730 1679 4801 exorbitantes,

67 4818 212 4876 vitam
241 4826 294 4878 et
322 4839 574 4897 regnum
608 4822 780 4878 nobis
809 4822 1036 4877 auferre
1066 4817 1251 4875 moliti
1285 4823 1444 4885 sunt,
1477 4822 1682 4874 euntes

68 4914 173 4977 post
198 4909 460 4969 inimicos
492 4915 745 4977 nostros,
779 4910 981 4982 eisque
1013 4906 1377 4964 familiariter
1404 4905 1681 4962 inhaeren-

67 4997 155 5062 tes,
182 5014 266 5055 res
287 5001 351 5056 'et
378 4999 679 5074 episcopia
710 4998 894 5054 nostri
935 4996 1099 5069 regni
1131 4997 1204 5051 ab
1235 4995 1382 5068 ipsis
1413 4995 1537 5050 dari
1569 4994 1682 5051 sibi

67 5088 471 5160 concupierunt.
507 5089 581 5145 Ut
611 5105 748 5161 ergo
779 5088 849 5143 de
881 5086 1084 5142 multis
1119 5089 1441 5154 taceamus,
1475 5101 1681 5151 unum,

68 5173 319 5242 quiaobis
341 5178 559 5234 nostris
580 5175 902 5232 visceribus
926 5172 1329 5246 serpentinum
1356 5172 1512 5227 virus
1535 5173 1685 5227 infu-

67 5259 351 5331 dit,vestle
371 5266 669 5323 sanctitati
694 5260 1511 5339 propalabimus,llilduinum
1533 5262 1685 5318 vide-

66 5344 196 5419 licet,
224 5355 319 5426 qui
348 5359 553 5419 contra
581 5354 835 5429 regalem
867 5369 1046 5426 agens
1082 5353 1448 5424 potestatem,
1482 5355 1685 5407 contra

67 5451 268 5512 quoque
312 5444 561 5517 apostoti
600 5445 775 5511 dicta,
818 5442 918 5497 ubi
965 5440 1226 5496 dicitur:
1270 5438 1438 5494 Deum
1484 5440 1681 5506 timete,

66 5540 221 5593 regem
247 5530 630 5604 honoriﬁcate;
660 5536 722 5588 et
742 5548 763 5589 εν
794 5530 910 5586 Non
952 5537 1033 5585 est
1058 5535 1293 5600 potestas
1321 5528 1441 5582 nisi
1464 5545 1498 5583 a
1531 5532 1683 5597 Deo,-

68 5616 116 5671 ει
144 5631 154 5645 '
183 5620 285 5696 Qui
328 5624 581 5699 potestati
634 5623 861 5688 resistit,
907 5620 1007 5676 Dei
1058 5615 1400 5679 ordinationi
1455 5617 1681 5676 resistit.

1784 3594 1926 3634 num
1954 3578 2025 3633 ad
2066 3576 2340 3633 inimicos
2387 3581 2617 3635 nostros
2646 3578 3042 3652 proﬁciscens,
3075 3582 3434 3657 minimeque

1784 3665 2164 3723 reminiscens
2195 3671 2696 3723 sacramentorum
2720 3685 2963 3725 suorum
2989 3671 3157 3728 nobis
3183 3674 3432 3745 promis-

1784 3772 2005 3823 sorum,
2021 3772 2206 3827 eaque
2224 3759 2373 3811 retro
2390 3757 2627 3812 dorsum
2648 3756 3029 3828 abjiciens,ab
3046 3760 3314 3818 Heinrico
3332 3762 3437 3818 ini-

1784 3848 1936 3904 mico
1969 3850 2165 3901 nostro
2194 3844 2555 3917 episcopium
2584 3847 2943 3919 Tungrensis
2974 3847 3230 3906 ecclesiae
3260 3867 3436 3924 expe-

1784 3938 1897 4001 tiit,
1940 3950 2162 4007 suaque
2191 3934 2566 3991 damnatione
2598 3938 2801 3990 contra
2837 3936 3037 3993 omnia
3065 3941 3283 3996 statuta
3311 3942 3432 3996 tam

1785 4039 2085 4082 sacrorum
2116 4026 2348 4095 patrum
2381 4039 2555 4094 quam
2591 4040 2793 4096 regum
2816 4024 3083 4083 videlicet
3112 4033 3440 4086 antecesso-

1788 4132 1918 4171 rum
1951 4117 2287 4168 nostrorum
2319 4111 2643 4184 usurpavit.
2663 4113 2743 4169 De
2771 4113 3046 4185 qualibus
3077 4116 3136 4172 in
3169 4117 3317 4185 libro
3345 4134 3435 4174 re-

1786 4219 1926 4275 gum
1974 4199 2278 4273 capitulari
2340 4200 2422 4254 ita
2477 4200 2692 4255 dicitur
2724 4218 2736 4255 :
2766 4201 2830 4257 Si
2869 4204 2991 4274 quis
3028 4207 3440 4277 praesumpserit

1760 4302 1761 4305 ‘
1788 4307 1951 4363 quam
1981 4305 2089 4343 non
2116 4289 2318 4342 meruit
2348 4305 2381 4340 a
2402 4290 2654 4360 principe
2682 4290 2766 4343 vel
2794 4292 3008 4346 seniore
3030 4292 3178 4362 justo
3205 4293 3443 4362 dign’ta-

1787 4388 1912 4444 tem,
1945 4377 2239 4448 sacrilegus
2267 4377 2551 4432 habeatur.
2585 4377 2655 4431 Et
2684 4377 2892 4433 beatus
2922 4379 3269 4451 Gregorius:
3289 4382 3445 4438 Sicut

1787 4471 1884 4542 qui
1914 4468 2179 4523 invitatus
2210 4466 2414 4531 renuit,
2447 4467 2708 4535 quesitus
2740 4468 2965 4537 refugit,
2998 4469 3171 4522 sacris
3198 4476 3275 4524 est
3302 4470 3444 4527 altae

1786 4559 1941 4615 ribus
1969 4552 2355 4623 admovendus,
2389 4554 2468 4608 sic
2498 4556 2594 4625 qui
2622 4554 2766 4609 ultro
2796 4556 2992 4622 ambit,
3017 4556 3099 4611 vel
3121 4559 3221 4627 qui
3250 4560 3450 4630 iinpor-

1789 4659 1953 4707 tunus
2006 4661 2063 4700 se
2119 4645 2339 4712 ingerit.
2371 4642 2729 4714 proculdubio
2780 4650 2861 4699 est
2914 4644 3280 4716 repellendus.
3308 4647 3447 4703 Nam

1790 4740 1887 4814 qui
1934 4737 2137 4791 nititur
2182 4732 2253 4787 ad
2297 4732 2502 4787 altiora
2555 4731 2891 4793 contendere,
2924 4733 3058 4803 quid
3098 4735 3218 4803 agit
3241 4736 3356 4790 nisi
3385 4742 3451 4791 ut

1790 4824 2071 4884 crescendo
2099 4822 2371 4877 decrescat
2388 4821 2416 4874 ?
2447 4820 2556 4875 Cur
2584 4836 2693 4875 non
2718 4820 3024 4892 perpendit,
3059 4823 3193 4893 quia
3223 4823 3447 4880 benedi-

1790 4918 1897 4973 ctio
1928 4915 2018 4970 illi
2044 4916 2106 4968 in
2134 4910 2489 4965 maledictum
2530 4911 2883 4977 convertitur,
2913 4912 3011 4983 qui
3039 4910 3112 4967 ad
3140 4912 3238 4968 hoc
3264 4920 3327 4969 ut
3352 4911 3453 4984 ﬁat

1791 5004 2078 5062 haereticus
2102 5005 2466 5071 promovetur.

1862 5095 1915 5147 2.
1949 5086 2365 5159 Cumquidam
2397 5085 2657 5157 pestiferi
2686 5086 2816 5153 viri,
2851 5092 2914 5143 ut
2944 5105 3126 5161 supra
3156 5105 3448 5146 memora-

1791 5181 2004 5245 vimus,
2038 5195 2070 5231 a
2101 5178 2304 5231 nostra
2336 5173 2612 5230 ﬁdelitate
2651 5175 2970 5248 deviarent,
3002 5178 3448 5235 convocavimus

1793 5265 2261 5339 archiepiscopos
2296 5260 2574 5335 praesules
2608 5266 2673 5320 16
2704 5267 2886 5323 nostri
2917 5266 3105 5341 regni,
3128 5266 3450 5323 nonnullos

1792 5355 1967 5411 etiam
2002 5366 2287 5424 proceres,
2324 5349 2713 5422 marcbiones,
2729 5359 2787 5410 et
2812 5356 3080 5423 comites,
3114 5354 3456 5427 optimates.

1794 5459 1928 5515 que,
1962 5446 2030 5496 ut
2057 5455 2259 5496 eorum
2292 5438 2558 5507 consilio,
2593 5443 2965 5510 auctoritate,
2997 5448 3172 5513 atque
3216 5441 3452 5515 virtute,

1792 5535 1969 5588 tantae
1996 5527 2244 5585 vesania:
2277 5527 2717 5589 resisteremus.
2749 5531 3055 5589 Inventum
3084 5534 3193 5596 est,
3215 5532 3282 5583 ut
3310 5540 3458 5582 nova

1762 5620 2112 5698 gibberum
2145 5632 2362 5697 genera
2391 5617 2557 5678 novis
2596 5618 3086 5681 medicationibus
3115 5615 3457 5678 secarentur
