3844 6200
377 332 497 393 815

1043 333 1378 393 APPEND.
1425 331 1527 390 AD
1573 329 1761 390 SrEC.
1807 327 1880 385 X.
1913 359 1989 369 --
2019 324 2523 387 MONUMENTA
2567 326 3130 387 DlPl.0MATlCA.
3671 322 3767 381 Siti

380 472 447 521 ac
475 467 845 530 sanarentur,
878 462 1155 535 pellentes
1185 480 1284 518 eos
1323 459 1639 534 episcopali
1690 458 2034 513 auctoritate
2062 456 2116 523 Α
2147 456 2279 527 quid
2307 457 2371 511 dc
2399 458 2624 514 ecclesia
2649 460 2832 529 aufert
2876 458 2959 513 vel
2999 456 3326 531 fraudatur,
3351 454 3512 512 Iuda:
3535 454 3688 528 prodi
3708 465 3773 517 ori

381 568 802 625 sacrorumque
828 569 1120 609 canonum
1154 551 1573 608 constitutione
1599 566 1631 604 a
1653 553 1801 604 metu
1824 552 1880 601 et
1905 563 2036 601 con-

382 640 564 698 sortio
612 640 1087 698 christianorum.
1150 644 1408 707 Quorum
1470 636 1913 711 praesumptioni
1971 652 2037 690 ac

383 728 649 785 nefandae
675 729 969 801 tyrannidi
1000 728 1312 785 Hilduinus
1343 747 1403 785 se
1433 728 1851 793 intumescens,
1882 725 2038 779 datis

385 817 654 874 Heinrico
684 818 923 891 suisque
967 819 1307 891 proceribus
1348 815 1756 889 complurimis
1788 813 1912 869 auri
1946 831 2035 868 ar-

386 906 665 979 gentique
694 907 1073 980 ponderibus,
1106 924 1222 963 non
1270 906 1462 961 solum
1509 922 1642 961 cum
1676 906 1759 960 eis
1788 904 2040 959 scienter

386 995 777 1068 participavit,
806 997 906 1052 sed
939 996 1115 1052 etiam
1145 1014 1213 1052 ex
1245 995 1539 1050 thesauris
1586 993 1840 1050 ecclesim
1880 993 2037 1047 Tun-

387 1083 636 1156 grensis,
656 1101 805 1157 quos
835 1084 1114 1141 instinctu
1149 1083 1436 1140 diabolico
1466 1082 1845 1156 rapueratch
1882 1082 2037 1137 fura-

386 1177 485 1229 tus
514 1172 722 1242 fuerat,
757 1173 1111 1246 quibusdam
1143 1173 1321 1229 minis
1363 1190 1430 1229 ac
1461 1172 1782 1229 terroribus
1810 1170 1947 1243 egit,
1976 1173 2043 1224 ut

389 1260 782 1318 Herimannus
811 1262 1143 1335 Agrippina:
1165 1262 1415 1317 civitatis
1445 1261 1919 1333 archiepiscopus
1941 1276 2043 1331 per

388 1349 723 1407 violentiam
777 1352 1026 1407 Heinrici
1076 1368 1439 1422 suorumque
1490 1350 1751 1405 fidelium
1784 1349 1949 1404 illum
1984 1349 2041 1403 in

391 1440 726 1512 pontificem
758 1446 1143 1496 consecraret.
1179 1441 1323 1494 Nam
1356 1441 1404 1493 si
1441 1458 1554 1495 non
1606 1441 1857 1506 fecisset,
1890 1439 2045 1492 sicut

392 1528 518 1601 ipse
539 1528 884 1584 venerabilis
906 1530 1381 1602 archiepiscopus
1405 1529 1574 1583 nobis
1600 1533 1797 1600 postea
1819 1528 1876 1582 in
1906 1545 2045 1599 prae-

396 1617 586 1674 sentia
615 1616 1004 1690 plurimorum
1038 1617 1385 1684 retulit,sibi
1417 1618 1593 1672 vitam
1626 1634 1835 1689 resque
1863 1616 2042 1671 eccle-

398 1704 668 1762 siasticas
697 1706 967 1770 auferret.
1002 1723 1353 1779 omnemque
1387 1706 1666 1762 familiam
1704 1707 2041 1772 trucidaret,

2141 555 2507 618 comparatur.

2214 636 2268 691 5.
2302 636 2416 692 llos
2447 635 2705 692 ecclesiae
2736 636 3044 692 thesauros
3077 632 3372 708 episcopis
3402 637 3463 690 et
3494 630 3771 690 comitibus

2146 728 2201 779 et
2234 723 2559 780 fautoribus
2611 743 2714 798 pro
2763 744 2872 781 sua
2921 724 3292 781 ordinatione
3318 723 3506 790 dedit,
3539 738 3652 778 non
3680 738 3769 793 pre

2147 812 2332 869 oculis
2362 813 2586 870 habens
2608 819 2823 870 statuta
2846 813 3101 870 Africani
3133 811 3392 881 concilii,
3411 812 3632 884 quibus
3657 828 3773 883 pn-

2147 903 2362 975 cipitur
2390 908 2455 958 ut
2505 903 2705 959 nullus
2751 920 2855 976 per
2900 903 3179 977 pecunias
3226 902 3553 967 ordinetur,
3588 902 3665 955 ita
3706 901 3776 954 in-

2148 992 2356 1065 quiens
2390 1011 2403 1048 :
2436 995 2502 1049 Si
2550 996 2674 1066 quis
2720 995 2999 1066 cpiscopus
3040 1010 3141 1066 per
3190 994 3456 1065 pecunia
3511 992 3778 1047 obtinuerit

2148 1083 2487 1153 dignitatem,
2520 1082 2813 1151 deiciatur,
2840 1080 3017 1140 modis
3044 1084 3300 1140 omnibus
3341 1083 3642 1152 abiciaatr,
3663 1082 3777 1135 sint

2149 1171 2337 1228 Simon
2365 1188 2561 1241 magus
2597 1173 2869 1229 abscissus
2914 1180 2996 1229 est
3021 1190 3056 1228 a
3084 1174 3270 1228 Petro.
3302 1171 3445 1227 Item
3505 1170 3565 1225 in
3613 1168 3778 1226 conci-

2149 1260 2226 1315 lio
2283 1260 2788 1317 Chalcedonensi:
2845 1264 2914 1318 Si
2967 1264 3091 1334 quis
3146 1262 3450 1333 episcopus,
3505 1260 3774 1331 presbyter,

2152 1357 2247 1404 aut
2273 1349 2536 1405 diaconus
2564 1354 2664 1405 sub
2694 1354 2869 1422 pretio
2898 1350 3138 1422 Spiritus
3185 1352 3366 1405 sancti
3391 1351 3633 1417 gratiam
3661 1348 3773 1403 οιυύ

2152 1455 2282 1494 nere
2315 1439 2563 1510 voluerit,
2592 1442 2816 1511 proprii
2861 1439 3064 1510 gradus
3105 1439 3354 1511 periculo
3392 1438 3716 1510 subjaoebit:
3739 1445 3777 1490 et

2151 1528 2298 1583 nihil
2354 1545 2423 1583 ea:
2480 1528 2583 1583 hac
2635 1528 2980 1584 ordinatione
3030 1528 3112 1584 vel
3157 1528 3498 1600 promotion
3548 1539 3674 1597 quae
3718 1534 3780 1579 est

2149 1634 2248 1689 per
2302 1619 2719 1689 negotiationem
2787 1619 2931 1689 facta
3000 1618 3273 1690 proﬁciat,
3330 1615 3421 1671 sed
3486 1615 3774 1670 anathema-

2154 1708 2372 1762 titetur.

400 1811 468 1852 ac
492 1792 729 1851 illorum
748 1796 901 1851 bona
930 1795 1224 1870 diriperet.
1248 1797 1497 1885 ideoque
1519 1797 1740 1868 absque
1756 1795 2045 1885 legitimo-
2079 1822 2125 1885 Β
2225 1795 2442 1885 δεδειω
2467 1796 2659 1852 dictus
2679 1795 2994 1852 Ililduinus
3015 1796 3087 1852 ad
3109 1794 3418 1885 cumulum
3431 1809 3553 1850 sua:
3570 1793 3776 1885 damna-

402 1901 534 1941 rum
565 1888 1000 1941 antecessorum
1039 1884 1379 1941 auctoritate
1409 1902 1543 1941 eum
1575 1884 1952 1950 consecravit,
1986 1888 2051 1939 ut

400 1971 527 2046 ipse
557 1973 747 2029 adhuc
778 1977 1047 2038 testatur,
1079 1976 1178 2030 sed
1220 1974 1400 2030 tantis
1444 1974 1765 2030 terroribus
1808 1991 1872 2028 ac
1905 1971 2049 2027 diris

399 2061 847 2118 crudelitalibus
875 2068 1129 2119 coactus.
1153 2063 1314 2118 Unde
1346 2064 1401 2119 in
1436 2062 1664 2119 Nicaeae
1694 2060 1939 2118 concilio
1972 2061 2052 2116 ita

399 2150 472 2206 ad
503 2149 697 2207 locum
729 2152 1023 2207 invenitur
1055 2169 1067 2207 :
1101 2152 1166 2208 Si
1193 2156 1316 2225 quis
1361 2170 1432 2209 ea:
1488 2154 1631 2208 clero
1689 2153 2052 2224 deprehensus

394 2241 565 2311 fuerit
594 2257 718 2297 cum
754 2244 1239 2297 excommunicatis
1268 2244 1699 2309 communicare,
1742 2243 1907 2297 etiam
1939 2242 2054 2312 ipse

392 2329 640 2401 privetur
665 2332 1062 2397 communione,
1080 2339 1343 2403 tanquam
1370 2332 1469 2403 qui
1496 2332 1714 2402 regulas
1742 2329 2049 2401 confundit.

397 2419 533 2484 Quae
562 2417 733 2490 longe
758 2417 993 2491 lateque
1024 2419 1081 2473 in
1115 2419 1360 2476 diversis
1388 2419 1654 2474 conciliis
1683 2423 1739 2474 et
1765 2417 2050 2489 capitula-

402 2506 566 2562 ribus
597 2522 799 2578 regum
829 2507 900 2563 de
930 2508 1449 2563 excommunicatis
1480 2508 1881 2563 inveniuntur.

471 2595 526 2650 3.
560 2594 717 2650 Idem
750 2595 925 2650 etiam
958 2595 1271 2651 Hilduinus
1305 2613 1396 2652 res
1428 2596 1610 2652 nostri
1637 2597 1797 2668 regni
1822 2612 1889 2651 ex
1912 2613 2055 2669 prm-

2160 1883 2333 1941 tionis
2366 1890 2499 1941 ante
2529 1885 2877 1942 venerabilis
2926 1884 3268 1941 Herimanni
3317 1884 3675 1956 praesentiam
3702 1898 3771 1935 νε-

2161 1975 2348 2042 niens,
2374 1992 2551 2047 super
2580 1992 2746 2030 sacra
2779 1975 3027 2030 nefande
3049 1973 3293 2046 juravit,
3318 1973 3474 2044 quod
3504 1988 3607 2045 ego
3635 1972 3776 2026 Κατο-

2160 2062 2253 2119 lus
2284 2062 2644 2135 episcopium
2680 2065 3022 2136 Tungrense
3048 2062 3314 2119 dederim
3347 2062 3515 2135 (167),
3545 2066 3600 2116 et
3629 2076 3775 2132 quos-

2163 2153 2297 2207 dam
2344 2169 2414 2207 ex
2461 2152 2687 2208 clericis
2733 2157 2789 2208 et
2843 2152 3010 2207 laicis
3057 2153 3262 2223 jurare
3320 2149 3615 2223 compulit.
3645 2148 3776 2215 Quod

2162 2256 2341 2313 quam
2374 2241 2452 2296 sit
2486 2242 2810 2297 absurdum
2852 2258 3157 2313 quamque
3203 2239 3527 2307 vitandum,
3557 2239 3775 2311 sparsim

2164 2335 2501 2386 sanctarum
2536 2331 2960 2403 scripturarum
2994 2330 3331 2385 testimonia
3356 2329 3684 2402 approbant.

2231 2421 2287 2473 7.
2324 2419 2682 2475 Memoratus
2727 2424 3005 2493 praeterea
3046 2418 3363 2475 Hilduinus
3406 2434 3509 2491 per
3533 2417 3777 2472 domuum

2164 2508 2589 2564 Herimannum
2612 2508 2951 2582 episcopum
2978 2508 3142 2565 tertio
3161 2512 3401 2563 vocatus
3420 2507 3491 2562 ad
3507 2505 3778 2578 synodum,

2167 2601 2230 2652 ut
2255 2601 2458 2653 contra
2488 2597 2609 2653 haec
2641 2615 2769 2670 quae
2802 2597 2912 2654 sibi
2961 2596 3298 2653 obiciuntur
3345 2595 3717 2669 responderet,
3741 2590 3777 2645 si

404 2683 523 2739 fato
543 2683 836 2756 episcopio
856 2684 1086 2753 invasit,
1109 2683 1372 2757 diripuit,
1400 2689 1453 2740 et
1478 2702 1579 2757 pro
1601 2685 1763 2741 libito
1793 2685 2053 2752 abduxit,
2161 2688 2384 2759 justam
2436 2703 2675 2743 causam
2735 2686 2993 2754 haberet,
3028 2690 3130 2741 aut
3158 2685 3209 2742 si
3241 2701 3359 2742 non
3400 2689 3608 2757 posset,
3638 2698 3780 2738 cano-

405 2788 589 2845 agens
628 2775 830 2829 contra
878 2777 1097 2829 statuta
1141 2773 1400 2829 Anacleti
1442 2791 1628 2847 papae,
1660 2774 1760 2829 ubi
1791 2774 2008 2829 dicitur
2040 2790 2054 2828 ε
2168 2791 2311 2831 num
2336 2774 2605 2831 feriretur
2625 2774 2889 2847 spiculis.
2908 2775 3013 2840 Qui
3047 2774 3327 2847 quoniam
3360 2774 3592 2847 quidem
3619 2770 3777 2826 venire

407 2862 641 2918 Sanctus
670 2861 975 2930 Anactetus,
1009 2863 1106 2934 qui
1133 2864 1202 2917 ab
1247 2864 1362 2934 ipso
1408 2868 1567 2919 Petro
1616 2864 1854 2936 apostolo
1904 2863 2059 2919 ordi-
2169 2863 2419 2934 distulit,
2441 2863 2648 2920 incidit
2667 2863 3019 2921 sententiam
3044 2860 3778 2936 Bonifaciipapzeitadicen-

408 2958 570 3007 natus
598 2958 676 3006 est
700 2950 1001 3022 presbyter,
1030 2959 1218 3023 postea
1250 2954 1309 3007 in
1336 2952 1457 3008 sede
1505 2953 1748 3009 Romana
1789 2969 2063 3009 successor
2169 2953 2249 3010 tis
2282 2970 2294 3010 :
2322 2955 2526 3010 Probat
2544 2970 2673 3010 vera
2701 2970 2813 3010 esse
2845 2954 2947 3011 illa
2975 2968 3102 3025 qua:
3129 2952 3391 3009 adversus
3417 2968 3474 3007 se
3500 2951 3635 3007 dicta
3660 2955 3774 3009 sunt.

409 3040 565 3097 illius
592 3039 775 3114 factus
804 3042 1081 3112 cpiscopus
1111 3057 1234 3095 cum
1262 3043 1427 3096 totius
1458 3041 1652 3096 mundi
1687 3042 2062 3097 sacerdotibus
2170 3045 2265 3114 qui
2297 3041 2366 3098 ad
2403 3060 2467 3098 ea
2496 3042 2833 3115 confutanda
2871 3042 3057 3098 adesse
3104 3043 3335 3097 minime
3366 3041 3500 3096 vult.
3531 3041 3590 3096 Et
3617 3054 3678 3093 ne
3699 3035 3774 3091 da—

399 3128 697 3201 judicavit.
733 3129 842 3197 Qui
864 3130 1171 3195 abstulerit,
1201 3129 1413 3201 inquit,
1457 3132 1609 3202 patri
1638 3132 1719 3185 vel
1746 3134 1917 3186 matri
1945 3129 2061 3186 ali-
2099 3190 2133 3203 η
2175 3131 2321 3199 bitct,
2366 3131 2508 3203 quod
2554 3133 2630 3188 ita
2679 3131 2958 3203 judicium
3003 3147 3200 3187 nocens
3251 3131 3598 3201 subterfugit,
3626 3142 3776 3200 queis-

408 3190 560 3291 quid,
591 3190 882 3275 homicida
915 3190 1187 3291 particeps
1224 3190 1319 3275 est.
1353 3190 1515 3274 Pater
1542 3227 1721 3275 noster
1746 3221 1866 3275 sine
1894 3219 2060 3275 dubio
2092 3190 2135 3256 Ο
2175 3190 2467 3277 admodum
2512 3228 2574 3276 ut
2618 3190 2934 3276 absolvatur
2974 3222 3072 3292 qui
3107 3227 3185 3276 est
3218 3190 3478 3275 innocens
3729 3212 3780 3268 Et

406 3307 546 3364 Deus
574 3315 676 3363 est.
708 3307 876 3363 Mater
920 3323 1045 3363 vero
1087 3316 1276 3363 nostra
1324 3308 1687 3373 Ecclesiaest,
1722 3323 1847 3380 quae
1874 3324 1973 3364 nos
2004 3309 2065 3364 in
2175 3314 2309 3383 post
2342 3325 2529 3383 pauca
2561 3327 2574 3365 :
2608 3307 2911 3381 Con/itetur
2953 3311 3105 3366 cnim
3156 3309 3221 3364 de
3275 3308 3549 3373 omnibus,
3576 3304 3779 3379 quisqui:

409 3396 674 3469 baptismo
702 3398 1057 3466 regencravit.
1082 3397 1223 3466 Ergo
1250 3399 1352 3468 qui
1375 3398 1639 3468 pecunias
1671 3398 1881 3453 Christi
1908 3405 1958 3452 et
1985 3414 2066 3453 ec-
2173 3401 2546 3470 subterfugere
2564 3399 2843 3470 judicium
2880 3414 3037 3471 posse
3080 3398 3449 3454 dilationibus
3479 3403 3643 3469 putat.
3671 3393 3779 3447 item

406 3486 592 3544 clcsia:
635 3486 802 3557 rapit,
836 3488 1039 3558 aufert,
1068 3487 1151 3541 vel
1195 3486 1510 3558 fraudetur,
1544 3486 1814 3542 homicida
1852 3494 1949 3553 est,
1981 3495 2066 3542 at-
2176 3489 2300 3561 ipse
2337 3505 2349 3543 :
2383 3487 2446 3543 Si
2503 3486 2687 3543 adesse
2744 3488 2997 3556 voluerit,
3054 3501 3321 3560 praesens,
3367 3486 3424 3541 si
3477 3482 3695 3554 conﬁdit,
3728 3479 3781 3533 σά

408 3591 513 3647 quo
538 3574 813 3631 homicida
842 3576 902 3630 in
930 3583 1215 3648 conspectu
1254 3577 1402 3646 justi
1436 3575 1646 3646 judicis
1695 3574 2062 3648 deputabitur.
2175 3578 2378 3649 objecta
2409 3576 2746 3649 respondeat.
2780 3576 2933 3644 Quod
2960 3577 3013 3631 si
3037 3576 3224 3632 adesse
3258 3576 3579 3645 neglexerit,
3605 3572 3778 3627 dilatio-

412 3663 519 3732 Qui
547 3665 698 3735 rapit
735 3665 1029 3734 pecuniam
1068 3666 1316 3736 proximi
1352 3666 1463 3731 sui,
1493 3666 1843 3737 iniquitatem
1872 3681 2064 3736 opera-
2176 3682 2299 3722 nem
2326 3667 2609 3723 sententia
2638 3665 2702 3721 de
2732 3666 2979 3722 absentia
3008 3682 3118 3721 non
3152 3666 3415 3720 lucretur.

413 3761 525 3808 tur.
561 3752 666 3820 Qui
695 3760 876 3807 autem
903 3755 1198 3824 pecuniam
1226 3754 1310 3809 vel
1358 3770 1441 3809 res
1477 3755 1713 3810 ecclesia
1753 3755 2065 3819 abstulerit,

414 3841 768 3911 sacrilegium
792 3842 947 3911 facit,
977 3849 1028 3896 et
1056 3849 1117 3897 ut
1145 3844 1445 3913 sacrilegus
1467 3842 1803 3913 judicandus
1832 3852 1930 3898 est.

489 3929 543 3984 4.
577 3928 856 3983 Ριιωῖθῐυε
879 3929 1129 4000 denique
1151 3929 1468 3985 Hilduinus
1488 3931 1796 3988 thesauros
1811 3931 2066 3988 ecclesiae

420 4016 785 4091 Tungrensis
795 4021 853 4071 et
864 4018 1211 4091 Aquisgrani
1228 4018 1424 4090 palatii
1431 4020 1600 4090 juxta
1610 4020 1761 4075 beati
1776 4021 2067 4077 Lamberti

420 4105 695 4181 martyris
724 4121 937 4178 corpus
968 4106 1025 4160 in
1058 4107 1312 4179 quadam
1348 4124 1483 4163 arca
1520 4108 1741 4180 positos
1771 4109 1938 4165 avida
1966 4126 2071 4165 cu-

418 4196 662 4271 piditate
688 4193 900 4267 rapuit,
933 4211 1148 4267 eosque
1180 4195 1439 4252 inimicis
1466 4198 1704 4269 nostris,
1725 4198 1851 4254 suis
1872 4198 2070 4254 videli-

415 4289 509 4343 oet
557 4283 904 4352 fautoribus,
954 4283 1219 4354 contulit,
1265 4289 1322 4341 et
1378 4284 1632 4342 ecclesiae
1689 4285 1953 4343 abstulit.
1987 4288 2068 4344 De
2179 4285 3777 4359 adhiberenLAddentesetiaminprecibus,utvestrocon-

414 4393 532 4449 quo
564 4374 898 4448 quibusque
926 4374 1335 4446 hujuscemodi
1382 4376 1530 4431 sacri
1575 4392 1828 4432 canones
1858 4376 1939 4432 ita
1967 4377 2066 4433 de-
2178 4376 2309 4434 silio
2341 4376 2513 4433 citius
2538 4380 2829 4449 ageretur,
2855 4392 2923 4431 ne
2946 4374 3202 4448 amplius
3221 4375 3431 4447 praedis
3453 4388 3511 4431 et
3528 4362 3776 4443 direptioni

412 4468 661 4522 cernunt
683 4480 698 4520 :
720 4463 785 4520 Si
801 4465 929 4535 quis
950 4466 1200 4520 inventus
1227 4466 1398 4536 fuerit
1425 4464 1641 4537 aliquid
1660 4464 2068 4523 deministeriis
2178 4470 2476 4539 paterent;
2506 4466 2605 4521 sed
2638 4464 2752 4520 illis
2779 4464 2850 4520 ad
2879 4463 3271 4519 ordinandum
3300 4464 3578 4519 daremus
3603 4454 3775 4533 pontiﬁ'

405 4554 655 4611 ecclesiae
681 4552 987 4609 vendidisse
1012 4554 1098 4609 vel
1128 4552 1434 4620 abstulisse,
1465 4555 1823 4624 sacrilegium
1851 4556 2072 4610 commi-
2100 4558 2145 4623 D
2178 4572 2302 4611 cem
2328 4554 2853 4625 Richcrum,quem
2881 4553 3245 4608 concorditer
3270 4549 3673 4625 elegerunt.De
3691 4542 3777 4617 qui-

411 4645 504 4699 sit.
536 4643 759 4700 Placuit
784 4659 910 4698 cum
954 4643 1015 4697 in
1056 4642 1249 4698 ordine
1292 4643 1655 4699 ecclesiastico
1699 4659 1812 4699 non
1857 4644 2067 4700 haberi.
2178 4645 2289 4699 bus
2314 4643 2583 4699 videlicet
2612 4643 2887 4698 omnibus
2918 4642 3011 4697 hic
3043 4640 3411 4713 capitulatim
3448 4638 3669 4697 insertis
3693 4648 3778 4689 ves-

414 4732 581 4788 Unde
596 4736 656 4787 et
676 4731 883 4787 beatus
904 4730 1267 4804 Augustinus
1296 4730 1364 4785 47
1388 4730 1667 4803 evangelii
1701 4730 1943 4787 humilia
1971 4732 2068 4787 ,Ιο-
2178 4738 2336 4789 trum
2353 4748 2663 4805 precamur
2676 4731 3061 4804 pontiﬁcium,
3078 4730 3589 4802 utpropterDeum
3604 4720 3776 4783 6ίὰὠὶ-

414 4819 630 4876 hannis
658 4820 826 4876 dicit:
854 4821 985 4875 Ecce
1009 4821 1159 4876 inter
1175 4827 1394 4876 sanctos
1414 4828 1492 4876 est
1507 4820 1710 4889 Judas,
1734 4836 1851 4876 ecce
1868 4822 1965 4893 fur
1993 4829 2072 4876 cst
2178 4827 2297 4878 tam
2315 4839 2491 4895 quam
2507 4820 2677 4877 nobis
2691 4819 2930 4893 polliciti
2951 4819 3094 4876 estis
3116 4817 3483 4886 ﬁdelitatem,
3498 4812 3776 4891 proviribus

413 4908 624 4975 ludas;
652 4916 706 4964 et
734 4924 803 4964 ne
840 4917 1165 4976 contemnas,
1195 4912 1293 4982 fur
1347 4910 1437 4965 hic
1481 4912 1781 4980 sacrilegus
1829 4917 1927 4979 est,
1960 4926 2071 4965 non
2180 4911 2385 4967 exinde
2418 4910 2727 4981 adjuvetis,
2743 4913 2808 4964 ut
2837 4913 3036 4964 noster
3064 4908 3251 4964 honor
3285 4907 3343 4963 in
3379 4901 3775 4980 hujusmodiM'

417 4997 897 5070 qualiumcumque
924 5000 1022 5068 fur
1051 4998 1310 5069 locorum,
1340 4998 1431 5054 sed
1455 4999 1858 5055 dominicorum
1881 5018 1900 5065 ,-
1929 5000 2068 5055 loco-
2178 4999 2353 5074 gotiis
2384 4998 2639 5072 amplius
2679 5014 2796 5053 non
2827 4997 3144 5065 decrescat,
3177 5001 3233 5052 et
3262 4999 3458 5053 status
3488 4998 3678 5052 sancte
3698 4983 3768 5044 Dei

415 5101 567 5155 rum,
594 5084 690 5141 sed
715 5101 1023 5141 sacrorum.
1057 5086 1125 5141 Et
1156 5091 1287 5159 post
1334 5104 1518 5160 pauca
1550 5105 1562 5144 :
1598 5089 1933 5161 Quicumque
1962 5090 2070 5146 ali-
2177 5088 2432 5147 ecclesia
2463 5086 2817 5145 stabiliatur.

2005 5230 2238 5289 NOTAE.

481 5353 634 5431 (167)
672 5353 835 5421 Quod
877 5352 959 5409 ita
1002 5352 1184 5410 fuisse
1229 5371 1297 5410 ex
1340 5354 1661 5413 Flodoardo
1706 5362 1764 5414 ct
1811 5356 2060 5415 Richero
2105 5359 2353 5415 constat.

2247 3757 2300 3809 8.
2333 3754 2547 3811 Omnes
2568 3757 2686 3810 tam
2712 3753 2903 3809 clerici
2927 3770 3105 3826 quam
3128 3752 3261 3809 laici
3280 3751 3627 3825 supradictae
3645 3744 3776 3804 eccle-

2177 3843 2276 3899 siae
2306 3848 2569 3899 nostram
2591 3842 2876 3898 adeuntes
2902 3842 3348 3910 sublimitatem,
3374 3839 3650 3897 luctuosis
3673 3834 3777 3890 vaci-

2178 3933 2290 3989 bus
2319 3933 2721 3999 innatuerunt,
2756 3932 2912 4003 quod
2945 3933 3073 4004 jam
3114 3936 3480 3987 memoratus
3522 3925 3775 3985 Hilduinus

2177 4037 2311 4077 cum
2327 4021 2452 4077 suis
2466 4020 2841 4094 praedonibus
2864 4021 3014 4076 bona
3036 4019 3269 4075 illorum
3293 4019 3555 4092 diripuit,
3566 4026 3775 4073 omnem-

2179 4127 2292 4189 que
2306 4110 2538 4167 illorum
2557 4109 2888 4165 facultatem
2901 4113 2959 4165 et
2971 4108 3397 4182 supellectilem
3413 4106 3662 4169 abstulit,
3672 4096 3775 4158 nihil

2176 4200 2295 4255 illis
2322 4198 2624 4270 remansit,
2651 4199 2804 4255 unde
2832 4197 3038 4254 saltem
3066 4197 3180 4253 sibi
3206 4195 3399 4253 victus
3420 4192 3775 4253 sufficientiam
