3844 6200
354 312 473 375 823

1016 314 1350 376 APPEND.
1400 316 1500 376 AD
1548 315 1732 376 δίΕοῖ.
1779 314 1852 375 Χ.
1891 347 1963 359 —--
1996 312 2496 375 MONUMENTA
2541 311 3093 376 DlPLUMATICA.

3653 308 3751 370 εει

355 451 421 505 ut
450 448 524 505 ab
556 446 641 504 eis
673 446 806 504 dolo
836 464 1095 520 caperer,
1130 466 1375 523 regnum
1409 449 1465 504 in
1493 466 1553 504 se
1576 465 1747 521 posse
1778 446 2005 503 refundi
2038 448 2091 512 Α
2122 463 2261 501 num
2285 447 2473 502 redire
2495 450 2873 520 cogantur,ut
2891 446 2978 502 vel
3000 446 3200 502 invitis
3223 446 3382 502 bona
3402 448 3751 518 praestentur.

355 537 669 604 arbitrans,
705 537 752 592 si
782 535 841 592 id
874 538 995 592 ﬁeri
1029 538 1389 609 contigisset.
1414 538 1529 593 Ncc
1558 537 1743 592 defuit
1773 536 2004 594 insidiis

353 627 612 681 effectus.
647 626 866 698 Captus
922 626 1026 691 fui,
1078 627 1414 699 carcerique
1470 627 1838 699 mancipatus
1902 626 2004 682 Ille

354 731 612 780 vero,me
641 714 862 787 eripere
894 715 1364 783 simulans,filios
1395 732 1556 772 meos
1574 717 1709 787 jure
1730 714 2004 771 obsidum

2466 536 2652 592 Oratio
2685 536 2893 592 Ottom's
2922 538 3063 606 regis
3087 552 3187 608 pro
3218 535 3424 591 eodem.

2185 623 2364 681 Multa
2394 625 2782 692 sunt,Patres,
2811 624 3114 690 beneficia,
3139 642 3267 697 quae
3299 641 3333 680 a
3362 623 3533 679 vobis
3563 624 3753 678 domno

2118 729 2182 769 ac
2215 711 2574 768 serenissimi
2617 714 2739 786 regi
2790 713 3078 769 Ludovico
3101 712 3324 768 utiliter
3342 713 3754 768 accommodari

359 804 584 859 dandos
614 804 947 875 petebat.At
977 804 1049 859 iis
1082 806 1181 876 qui
1217 805 1361 859 mihi
1393 805 1507 859 ﬁde
1537 805 1797 875 adjuncti
1840 808 2009 860 erant
2115 800 2410 856 valebunt.
2445 802 2670 857 Etenim
2705 802 2752 858 si
2780 803 2910 874 ejus
2940 803 3322 857 insectatores
3356 800 3545 857 armis
3568 800 3757 855 divinis

359 908 563 948 omnes
584 892 708 947 dari
733 892 1463 960 reclamantibus,dimisso
1487 910 1660 957 uno,a
1687 893 1893 966 piratis
1917 910 2008 949 me

360 980 731 1053 recepit.Jam
762 981 1089 1036 libertatem
1124 998 1517 1053 sperans,quo
1544 982 1779 1036 animus
1802 980 2007 1053 impel-

360 1070 504 1126 leret
535 1069 617 1124 ire
645 1069 931 1126 volebam.
964 1069 1177 1125 Verum
1220 1070 1388 1125 aliter
1434 1071 1770 1143 provenisse
1816 1071 2008 1126 mani-

362 1159 575 1214 festum
607 1162 713 1215 est.
749 1159 893 1213 Nam
926 1164 1163 1231 captum
1198 1176 1330 1214 mox
1361 1159 1417 1214 in
1461 1159 1694 1215 vincula
1740 1160 2008 1231 conjecit,

361 1264 430 1302 ac
460 1246 697 1301 annuali
720 1247 932 1302 carceri
964 1247 1510 1319 mancipavit.Unde
1532 1265 1665 1303 cum
1689 1266 1722 1303 a
1745 1249 2010 1320 cognatis

360 1341 417 1391 et
447 1335 652 1391 amicis
673 1335 820 1391 meis
841 1335 1289 1408 indignantibus
1319 1353 1381 1392 se
1404 1335 1868 1409 seimpetendum
1904 1338 2012 1393 ad-

358 1428 624 1490 verteret,
658 1423 985 1482 libertatem
1036 1426 1350 1497 spopondit
1390 1426 1441 1480 si
1477 1427 1828 1482 Laudunum
1860 1427 2010 1483 acci-

362 1517 539 1586 peret.
576 1513 693 1568 Hoc
741 1516 969 1567 tantum
1004 1513 1340 1578 claudebar,
1372 1514 1482 1569 hoc
1514 1513 1636 1569 solo
1670 1532 1803 1570 cum
1836 1533 2014 1572 uxore

362 1607 420 1658 et
450 1601 604 1658 natis
661 1600 1003 1674 recipiebar.
1055 1602 1202 1669 Quid
1264 1603 1557 1659 facerem?
1586 1604 1787 1660 Castro
1835 1604 2011 1660 vitam

364 1690 690 1764 praeposui;
742 1707 846 1761 pro
905 1695 1094 1747 castro
1154 1690 1480 1747 libertatem
1545 1692 1749 1751 merui.
1814 1694 1884 1749 Et
1941 1711 2012 1751 en

365 1779 641 1836 omnibus
681 1778 960 1851 privatus,
994 1779 1259 1836 omnium
1308 1797 1477 1853 opem
1529 1782 1797 1853 deposco.
1830 1783 1933 1838 llis
1965 1782 2010 1837 si

365 1869 483 1924 dux
533 1868 820 1924 contraire
870 1869 1101 1937 audeat,
1138 1869 1306 1925 nobis
1355 1874 1583 1926 tantum
1638 1870 2015 1943 singulariter

365 1956 861 2031 congrediendum
894 1957 990 2013 sit.

738 2074 934 2130 Oratio
966 2074 1201 2130 Rotherti
1225 2091 1325 2146 pro
1357 2075 1642 2132 Ludovico.

435 2178 719 2248 Quoniam
744 2178 942 2236 domui
966 2185 1141 2253 atque
1163 2181 1522 2237 serenissimi
1549 2182 1702 2255 regis
1724 2184 1868 2239 satis
1890 2185 2014 2239 bre-

363 2270 509 2326 viter
534 2287 600 2326 ac
631 2269 884 2325 dilucide
915 2268 1223 2342 digestum,
1258 2270 1474 2342 optime
1506 2276 1569 2326 ut
1599 2272 1850 2328 arbitror
1877 2290 2012 2329 con-

365 2359 736 2434 questionem
796 2358 1184 2429 percepimus,
1237 2375 1605 2432 consequens
1664 2360 1910 2431 videtur,
1950 2365 2015 2418 ut

365 2451 493 2522 ejus
520 2463 761 2503 causam
792 2446 850 2500 in
875 2451 1161 2517 quantum
1186 2447 1273 2502 fas
1294 2452 1383 2503 est
1403 2448 2015 2506 determincmus.Dux

367 2554 504 2611 ergo
534 2535 673 2608 quia
702 2533 901 2590 omnia
930 2552 1075 2606 pene
1107 2535 1421 2609 reguijura
1440 2535 1498 2591 iu
1522 2554 1649 2593 sese
1672 2540 2010 2607 transfudit,

368 2626 537 2698 eique
566 2623 791 2678 viribus
819 2623 988 2678 reniti
1024 2641 1137 2678 non
1169 2624 1660 2690 valemus,mitius
1682 2626 1789 2682 hoc
1811 2631 2013 2683 attem-

368 2714 656 2787 ptandum
716 2710 987 2778 arbitror,
1024 2717 1085 2767 ut
1135 2713 1233 2786 qui
1286 2713 1470 2769 Deum
1526 2732 1638 2770 non
1688 2717 1914 2786 metuit,
1958 2721 2015 2773 et

370 2801 667 2859 hominem
700 2817 815 2857 non
856 2806 1166 2868 reveretur,
1204 2801 1392 2857 multa
1438 2803 1660 2859 ratione
1712 2804 2014 2877 multaque

370 2909 566 2948 rerum
598 2889 1080 2956 consideratione,
1115 2890 1185 2946 ad
1220 2908 1484 2947 normam
1519 2893 1633 2948 Deo
1657 2895 1898 2964 juvante
1930 2913 2014 2951 re-

369 2983 635 3037 ducatur.
674 2979 854 3052 lgitur
873 2979 1043 3049 juxta
1073 2981 1309 3035 Patrum
1360 2981 1611 3049 decreta,
1642 2989 1698 3037 et
1721 3001 2013 3041 canonum

369 3069 652 3145 regulam,
686 3067 959 3140 inprimis
990 3068 1060 3123 ad
1091 3068 1551 3126 satisfactionem
1602 3072 1854 3127 fraterne
1885 3091 2012 3129 mo-

370 3159 598 3215 nendus
622 3156 1045 3230 est,verbisque
1075 3157 1357 3213 suasoriis
1388 3159 1459 3214 ad
1492 3158 1549 3214 id
1582 3160 2013 3219 modestissime
2045 3189 2086 3254 ρ

367 3246 917 3311 revocandus.Quod
942 3247 987 3301 si
1015 3252 1147 3318 post
1178 3247 1452 3303 blandam
1484 3250 1868 3306 revocationis
1889 3269 2013 3306 am-

371 3336 755 3393 iuonitionem
788 3334 1129 3407 resipiscere
1160 3335 1430 3406 noluerit,
1464 3337 1728 3393 omnium
1780 3340 2018 3395 anathe-

373 3430 530 3481 mate
560 3420 818 3491 feriatur,
855 3423 961 3479 hoc
984 3423 1266 3480 habentes
1306 3425 1596 3497 praesidio,
1631 3428 1784 3498 quod
1827 3429 1951 3498 jam
1987 3447 2021 3485 a

374 3515 590 3570 domno
623 3530 773 3586 papa
803 3517 1097 3568 correctus
1128 3513 1222 3581 sit,
1246 3515 1574 3586 jussusque
1604 3533 1637 3570 a
1669 3517 1890 3573 domini
1925 3517 2018 3573 sui

374 3602 754 3659 insectatione
784 3602 1097 3675 quiescere.

656 3718 939 3789 Responsio
968 3719 1171 3774 Marini
1209 3718 1377 3787 legati
1399 3737 1499 3792 pro
1529 3721 1731 3778 eodem.

443 3822 806 3880 Reminiscor
837 3824 1120 3879 domuum
1152 3841 1362 3896 papam
1402 3831 1536 3882 ante
1587 3827 1745 3884 hunc
1794 3846 2015 3886 annum

371 3912 687 3969 anathema
715 3910 775 3965 in
808 3928 935 3967 reos
984 3912 1217 3968 misisse
1265 3914 1366 3985 qui
1415 3914 1571 3970 hunc
1623 3917 1928 3974 dominum
1962 3924 2018 3976 et

369 4018 567 4074 regem
599 4002 952 4056 Francorum
983 3999 1757 4075 insectabantur,epistolam
1783 4023 2015 4080 quoque

371 4088 794 4155 suasoriam,ut
822 4089 895 4145 ab
926 4105 994 4144 eo
1026 4105 1142 4145 non
1164 4090 1634 4156 deﬁcianhbonis
1656 4093 2016 4165 quibuslibet

370 4178 901 4252 delegatam,atquc
931 4178 1409 4250 conquestionem
1440 4180 1510 4235 de
1542 4182 1743 4238 eadem
1777 4201 1837 4240 re
1866 4185 2015 4241 litte-

370 4269 452 4325 ris
468 4266 902 4340 expressam,iis
921 4267 1134 4340 quibus
1150 4267 1349 4323 sanior
1366 4286 1530 4325 mens
1547 4276 1672 4326 erat
1687 4271 2013 4345 delegatam

370 4355 742 4413 fuisse.Unde
768 4360 826 4412 ct
855 4355 1408 4428 opinorjustissime
1439 4357 1682 4425 dictum,
1714 4376 1849 4415 cum
1882 4367 2014 4419 ante

366 4464 405 4503 a
432 4464 584 4519 papa
611 4449 849 4502 vocatus
877 4450 1053 4517 atque
1103 4449 1397 4502 correctus
1444 4446 1543 4517 sit,
1575 4465 1731 4505 nunc
1780 4468 2014 4523 quoque

2119 890 2488 957 adoriamini,
2513 896 2938 963 consequenter
2966 896 3070 946 aut
3099 889 3253 947 facili
3285 889 3547 946 tumultu
3574 889 3756 945 devicti

2121 979 2547 1044 labascent,aut
2578 980 2626 1035 si
2653 979 2791 1052 quid
2816 980 3219 1052 impetendutn
3249 979 3761 1052 relinquetur,faci-

2119 1067 2235 1131 lius
2267 1069 2484 1125 nostris
2517 1068 2696 1124 armis
2735 1069 3151 1124 infirmabitur.
3185 1068 3303 1123 Vos
3351 1069 3755 1141 ergo,jubente

2122 1156 2319 1212 domui
2357 1175 2517 1229 papze
2547 1157 2937 1231 legato,vestri
2972 1157 3195 1213 ordinis
3227 1156 3631 1212 instrumenta
3656 1174 3757 1212 exe-

2121 1246 2249 1312 rite,
2282 1263 2348 1301 ac
2377 1247 2525 1301 tanti
2561 1246 2714 1319 regis
2745 1247 3108 1303 adversarios
3137 1247 3537 1303 anathematis
3586 1246 3755 1319 gladio

2120 1337 2604 1391 transverberate.
2639 1335 2850 1391 Contra
2874 1353 3004 1407 quae
3036 1335 3087 1391 si
3116 1335 3397 1391 cervicem
3430 1341 3636 1407 postea
3659 1336 3757 1390 eri-

2122 1440 2255 1497 gere
2287 1425 2634 1491 audeant,et
2662 1423 2972 1483 dominicis
3000 1425 3325 1481 interdictis
3358 1425 3634 1480 resistere
3662 1441 3756 1479 non

2124 1513 2736 1581 formidant,nostrum
2769 1514 2977 1569 exinde
3007 1512 3364 1586 erit,quibus
3395 1514 3756 1570 commissum

2124 1606 2213 1657 est
2237 1602 2296 1657 in
2325 1601 2433 1657 hac
2457 1603 2663 1658 mundi
2698 1607 2859 1675 parte
2889 1608 3153 1659 sanctam
3184 1603 3286 1658 Dei
3318 1602 3644 1658 (ecclesiam
3664 1609 3760 1657 tae

2126 1691 2195 1761 ri,
2224 1691 2377 1746 utin
2418 1691 2564 1746 tales
2612 1708 2777 1747 arma
2824 1708 3152 1759 sumamus,
3186 1692 3538 1763 hujusmodi
3588 1691 3759 1747 debel-

2124 1778 2334 1835 lemus.
2368 1781 2440 1836 Et
2488 1780 2536 1834 si
2587 1781 2906 1836 necessitas
2954 1781 3260 1854 adurgeat,
3301 1780 3527 1836 strictis
3574 1780 3758 1853 gladiis

2125 1886 2312 1941 usque
2343 1870 2414 1924 ad
2446 1868 2939 1925 immanissimum
2977 1871 3191 1925 caedem
3241 1869 3754 1942 perditissimorum

2124 1957 2429 2013 hominum
2462 1956 3060 2026 deseviamus,hahita
3088 1958 3147 2013 in
3170 1958 3305 2015 illos
3323 1958 3675 2030 justissima;
3693 1957 3758 2011 in-

2124 2046 2483 2118 dignationis
2514 2047 2870 2118 causa,quod
2900 2036 3105 2103 illicita
3131 2047 3578 2119 aggrediantur,
3598 2051 3653 2102 et
3671 2063 3756 2117 pro

2125 2135 2343 2191 illicitis
2375 2134 2827 2201 ammoniti,non
2863 2136 3249 2209 corrigantur.
3274 2136 3394 2192 Vos
3425 2135 3626 2208 itaque
3648 2141 3753 2189 tau-

2124 2228 2251 2280 tum
2281 2225 2490 2279 vestris
2523 2225 2775 2281 insistite
2811 2241 2822 2280 :
2857 2228 2915 2280 et
2944 2228 3075 2297 post
3107 2223 3459 2281 modestiam
3506 2230 3755 2287 vestram.

2122 2315 2306 2370 virtus
2338 2318 2538 2369 nostra
2568 2319 2867 2387 sequetur‘.

2321 2404 2573 2475 Epistolu
2600 2419 2635 2458 a
2663 2404 2869 2476 synodo
2899 2404 2970 2459 ad
3000 2404 3277 2473 [lagonam
3306 2403 3585 2477 delegata.

2195 2493 2410 2548 Sancta
2441 2492 2684 2547 sinodus
2719 2495 2775 2547 in
2808 2491 3022 2564 palatio
3044 2491 3393 2566 Angleheim
3414 2494 3527 2549 sub
3550 2491 3759 2548 domuis

2123 2586 2299 2653 atque
2333 2580 2670 2637 orthodoxis
2705 2581 2940 2654 regibus
2971 2581 3262 2637 Ludovico
3293 2585 3349 2637 et
3378 2581 3589 2638 Ottoue
3624 2580 3758 2637 utili-

2123 2675 2212 2726 ter
2241 2670 2464 2737 habita,
2497 2669 2723 2744 llugoni
2755 2670 2907 2726 duci.
2942 2671 3189 2737 Quantis
3221 2669 3419 2739 malis,
3442 2675 3756 2745 quantaque

2124 2759 2527 2833 persecutione
2573 2760 2869 2816 vexaveris
2920 2759 3082 2817 illam
3126 2759 3518 2816 venerabilem
3570 2760 3754 2815 Remo-

2124 2866 2254 2903 rum
2307 2848 2698 2920 mctropolim,
2734 2853 2952 2920 quanta
3002 2865 3235 2921 quoque
3281 2847 3631 2904 crudelitate
3670 2848 3753 2902 de-

2123 2937 2438 2992 bacchatus
2469 2937 2551 2992 sis
2583 2937 2641 2991 in
2673 2938 2979 2993 dominum
3028 2944 3196 2993 tuum
3247 2954 3470 3010 regem.
3502 2955 3602 2993 ora
3644 2953 3750 2991 om-

2124 3027 2287 3081 nium
2321 3026 2608 3096 locuntur,
2643 3028 2797 3098 apud
2851 3044 3055 3083 omnes
3091 3026 3368 3100 agitatur.
3402 3027 3565 3091 Quod
3594 3042 3753 3098 quam

2124 3115 2493 3183 sceleratum,
2522 3120 2579 3170 et
2620 3132 2799 3187 quam
2852 3116 3236 3188 pernitiosum
3298 3116 3399 3183 sit,
3432 3116 3640 3171 divina
3680 3119 3752 3169 at-

2125 3221 2239 3276 que
2298 3203 2567 3259 humanm
2626 3203 2783 3278 leges
2842 3204 3247 3278 copiosissime
3300 3205 3579 3277 produnt.
3612 3204 3751 3260 Unde

2129 3298 2187 3348 et
2217 3291 2321 3348 tibi
2354 3292 2795 3365 compatieutcs,
2828 3294 2900 3349 ab
2932 3293 3149 3350 talibus
3198 3298 3255 3350 te
3305 3293 3603 3366 quiescere
3646 3309 3749 3347 mo-

2128 3398 2362 3448 nemus,
2389 3386 2445 3437 et
2475 3382 2547 3437 ad
2578 3382 2883 3438 dominum
2914 3386 3106 3449 tuum,
3137 3380 3329 3438 multa
3372 3380 3749 3438 mansuetudi-

2128 3470 2222 3525 nis
2253 3470 2585 3526 humilitate
2615 3471 2955 3542 quantotius
2994 3472 3197 3528 reverti
3250 3471 3579 3527 hortamus.
3608 3469 3747 3534 Quod

2129 3559 2176 3614 si
2211 3561 2654 3631 contempseris,
2686 3560 3029 3632 priusquam
3055 3560 3116 3615 iu
3155 3560 3385 3616 diversa
3436 3561 3747 3624 referamur,

2128 3648 2498 3704 anathemate
2556 3649 2683 3704 sine
2737 3649 2915 3705 dubio
2967 3654 3023 3705 te
3075 3649 3747 3723 perstringemus,donw

2128 3741 2229 3792 aut
2259 3737 2606 3806 satisfacias,
2639 3742 2742 3794 aut
2769 3738 3013 3794 Romam
3045 3738 3197 3811 apud
3230 3738 3520 3795 domuum
3562 3751 3745 3811 papam

2126 3826 2583 3882 ratiocinaturus
2613 3830 2796 3897 petas.
2830 3826 3013 3899 Cujus
3049 3827 3258 3882 litteris
3298 3828 3427 3898 jam
3462 3828 3554 3883 bis
3579 3824 3744 3883 moni-

2128 3920 2221 3970 tus
2254 3932 2336 3982 es,
2369 3920 2426 3970 et
2456 3932 2490 3970 a
2519 3922 2682 3971 tanto
2716 3915 2967 3972 facinore
3005 3915 3361 3989 prohibitus.
3395 3916 3560 3974 Unde
3581 3921 3634 3973 el.
3657 3929 3743 3969 nos

2126 4008 2259 4076 post
2288 4002 2474 4072 illum,
2504 4003 2681 4061 tercio
2706 4005 2830 4076 jam
2861 4010 2917 4061 to
2956 4007 3028 4061 ad
3077 4002 3497 4062 correctionem
3544 4020 3745 4062 revoca-

2124 4110 2280 4148 111113.

2347 4197 2583 4237 ARTOLDI
2626 4198 2894 4238 LIBELLUS
2936 4199 3157 4239 SYNOBO
3197 4199 3550 4241 PORRECTUS.

2196 4270 2417 4326 Sanctae
2487 4269 2759 4326 Romana:
2824 4276 2884 4327 ct
2947 4271 3279 4344 apostolicis
3349 4273 3510 4329 sedis
3562 4268 3740 4327 vicario

2123 4360 2339 4414 domno
2368 4359 2615 4425 Marino,
2647 4360 3045 4432 universasque
3085 4365 3299 4417 sancta:
3348 4362 3572 4433 synodo
3612 4358 3738 4431 apud

2123 4446 2544 4520 Engulenheim
2602 4452 2982 4521 congregatae,
3033 4449 3332 4515 Artoldus,
3384 4449 3582 4507 divina
3633 4463 3740 4521 pro—

367 4534 630 4592 carilatis
679 4534 867 4607 gratia
915 4535 1273 4591 revocandus
1322 4539 1430 4601 est,
1462 4540 1519 4591 et
1564 4536 2011 4610 diligentissima
2048 4560 2090 4622 ι)
2124 4536 2367 4608 pitiante
2415 4534 2723 4591 clementia
2772 4537 3085 4593 Remorum
3134 4537 3470 4610 episcopus.
3514 4539 3739 4595 Domum

367 4625 644 4681 suasione
665 4629 785 4679 uta
806 4622 977 4679 malis
1007 4624 1273 4696 quiescat
1302 4626 1861 4682 commonendus.Et
1884 4635 2014 4700 post

366 4712 631 4769 omnium
662 4712 1034 4769 anathemate
1072 4713 1507 4784 dampnandus.
1542 4714 1610 4768 Et
1659 4731 1772 4770 non
1821 4717 2012 4774 solum

369 4800 692 4865 ille,verum
724 4819 929 4858 omnes
959 4802 1058 4875 qui
1082 4802 1132 4857 ei
1167 4801 1224 4856 in
1259 4800 1430 4856 malis
1462 4801 1650 4858 favere
1681 4804 2008 4878 faveatque.

368 4889 479 4945 Sed
501 4888 651 4945 hanc
671 4889 863 4947 solum
877 4891 1092 4947 auobis
1104 4890 1346 4963 accipiet
1366 4892 1861 4965 opem.Numquid
1879 4912 2012 4952 vero

369 4975 442 5031 ab
473 4974 588 5031 alio
628 4977 945 5049 quicquam
994 4978 1123 5051 opis
1168 4978 1454 5050 accipiet?
1481 4979 1621 5051 Ejus
1670 4984 2010 5054 conquestio

368 5063 425 5118 in
459 5080 570 5119 sua
595 5063 882 5134 clausula,
912 5083 1081 5137 opem
1129 5067 1390 5122 omnium
1442 5067 1718 5139 postulat.
1755 5070 1864 5126 Sed
1897 5071 1945 5127 si
1978 5090 2011 5128 a

368 5151 538 5208 nobis
568 5152 620 5207 ei
649 5154 1033 5225 succurritur,
1059 5172 1094 5210 a
1122 5156 1335 5210 domno
1368 5155 1573 5212 Ottone
1606 5175 1737 5231 rege
1759 5159 1897 5231 quid
1921 5177 2011 5217 ac-

368 5239 585 5314 cipiet?
614 5244 682 5295 Et
709 5241 1020 5297 decretalis.
1067 5250 1268 5299 sancta
1315 5244 1661 5312 acclamant,
1695 5252 2008 5321 postquam

364 5329 614 5387 tirannis
645 5329 960 5386 anathema
978 5330 1416 5402 dampnatiouis
1435 5334 1507 5389 ab
1527 5335 1817 5408 episcopis
1838 5337 2012 5409 injec-

362 5424 490 5476 tum
521 5424 671 5486 est,a
697 5417 862 5475 bonis
885 5434 1115 5490 quoque
1140 5420 1472 5490 potentibus
1490 5423 1605 5477 vim
1626 5423 2006 5496 inferendam,

364 5513 427 5565 ut
449 5510 498 5567 si
522 5507 953 5577 mcclesiasticis
975 5507 1431 5563 correctionibus
1447 5511 1516 5563 ad
1538 5528 1804 5569 normam
1824 5516 1941 5571 redi
1955 5534 2012 5572 re

362 5597 802 5667 uolunt,sa1lem
829 5594 1155 5671 potentium
1177 5594 1504 5651 vehementi
1526 5598 1798 5657 violentia
1823 5604 1892 5677 ad
1921 5607 2009 5661 bo-

2120 4624 2402 4698 Agapitus
2460 4641 2609 4696 papa
2664 4624 2892 4681 litteras
2955 4625 3125 4682 nobis
3173 4631 3232 4682 et
3283 4626 3495 4684 ceteris
3553 4624 3738 4698 coepis-

2124 4714 2285 4786 mpis
2343 4717 2551 4769 nostra:
2610 4712 2923 4770 dioeceseos
2979 4715 3210 4782 direxit,
3251 4714 3311 4770 in
3363 4717 3583 4788 quibus
3622 4730 3737 4787 pm-

2122 4802 2296 4876 cepit,
2349 4806 2415 4857 ut
2478 4802 2548 4856 ad
2615 4802 2725 4858 hoc
2790 4808 2990 4859 vestrae
3058 4802 3392 4861 sanctitatis
3458 4802 3735 4861 concilium

2123 4890 2427 4947 convenire
2475 4891 2867 4958 studeremus,
2895 4892 2975 4949 ita
3022 4891 3295 4949 instructi
3349 4893 3424 4949 de
3473 4892 3733 4953 omnibus,

2124 4985 2189 5036 ut
2246 4980 2327 5035 rei
2386 4978 2600 5035 veritas
2656 4979 3027 5037 miseriarum
3094 4986 3307 5038 nostra:
3374 4983 3556 5050 sedis,
3617 4994 3736 5053 qnas

2121 5069 2400 5142 patimur,
2434 5085 2628 5123 coram
2678 5070 2986 5126 sanctitate
3040 5074 3232 5127 vestra
3280 5070 3595 5127 manifesta
3637 5064 3732 5123 ﬁeri

2120 5162 2334 5229 posset.
2368 5157 2646 5220 Quocirca
2674 5158 2977 5231 propalare
3009 5159 3332 5232 prudentia:
3376 5144 3582 5216 vestra;
3608 5171 3734 5213 com-

2120 5247 2361 5302 modum
2409 5247 2706 5314 duximus,
2742 5247 2994 5320 qualiter
3042 5266 3134 5305 res
3180 5248 3488 5304 exordium
3536 5244 3733 5319 empen't

2119 5335 2238 5391 litis
2302 5335 2500 5405 hujus,
2564 5353 2690 5408 quas
2745 5336 2937 5393 adhuc
2993 5336 3145 5394 inter
3198 5354 3291 5393 me
3345 5342 3403 5392 et
3466 5337 3732 5409 Hugoncm

2122 5425 2451 5480 miserrime
2491 5425 2822 5480 ventilatur.
2856 5426 3135 5482 Defuncto
3186 5425 3481 5498 siquidem
3534 5423 3732 5481 Heriveo

2120 5512 2575 5586 archiepiscopo,
2618 5512 2901 5580 Seulfum,
2948 5515 3047 5587 qui
3109 5513 3610 5571 archidiaconatus
3657 5525 3731 5564 ur-

2118 5604 2210 5658 bis
2279 5606 2726 5658 nostraeatunc
2792 5604 2982 5660 ofﬁcio
3050 5604 3425 5676 fungebatur,
3483 5603 3552 5659 ad
3609 5615 3731 5673 pre—
