3844 6200
374 295 488 382 8'31

1024 315 1376 378 ‘APPEND.
1424 316 1527 377 AD
1571 315 1759 378 SEC.
1807 316 1882 377 Χ.
1919 348 1996 361 -
2027 314 2529 380 MONUMENTA
2572 315 3136 383 DIPLOMA'I‘IGA.
3677 317 3767 382 83!

375 462 479 512 sus
500 450 829 527 apostolicae
856 448 1012 509 sedis
1033 448 1296 506 chartam
1313 465 1435 506 suis
1456 446 1764 523 legationis
1785 447 2020 505 bonori-
2049 448 2106 516 Α
2135 446 2419 506 multatus
2442 467 2457 505 :
2490 449 2739 524 ejusque
2758 449 3143 519 ordinatores,
3167 455 3225 508 et
3245 450 3349 524 qui
3371 451 3445 507 ab
3464 456 3770 509 cessator

375 544 489 600 tice
506 540 749 615 protulit
773 556 786 610 ;
812 539 872 596 in
897 556 1015 613 qua
1037 555 1142 612 pro
1165 537 1371 594 debitae
1394 538 1727 595 reverentia
1749 538 2031 594 dono-Ro-
2136 536 2341 607 dinati,
2376 538 2487 594 nisi
2516 540 2552 593 6
2580 538 2721 595 ldus
2772 539 3001 612 Septbr.
3054 540 3311 595 Treviris
3338 540 3605 606 veniant,
3636 545 3691 595 et
3712 541 3770 597 in

375 644 551 689 manu
581 629 840 704 pontifici
874 628 1202 686 exhibendo
1232 627 1574 683 commoniti
1608 630 1764 694 sunt,
1801 631 1867 682 ut
1897 627 2028 683 uni-

2136 641 2243 698 pro
2284 626 2575 682 erratibus
2633 627 2874 701 dignam
2934 627 3357 701 satisfaciendo
3396 629 3772 701 penitentiam

372 700 618 778 vei-salis
637 718 892 775 ecclesiae
916 717 1422 792 puppisexoptatze
1444 716 1889 789 tranquillitatis
1904 733 2030 789 por-
2135 714 2405 783 subeant,
2447 700 2721 772 similem
2763 700 3415 773 excommunicationisi
3438 720 3768 775 sententiam

372 810 459 866 tui
493 825 701 866 secura
730 807 1217 880 succedat,seque
1238 805 1558 879 procelloso
1584 806 2026 862 tribulationum

374 899 610 956 turbine
638 898 828 954 vexari
862 897 1086 952 diutius
1116 913 1228 951 non
1253 896 1475 951 timeat.
1509 895 1914 968 Significatu'm
1939 899 2028 951 est

373 992 568 1045 autem
593 987 647 1042 in
670 987 933 1058 ejusdem
969 984 1327 1040 rccitaminis
1356 982 2024 1061 sententia,pra3dictum

2136 807 2794 950 Βυὲιὲῐὲιυιλεσιαγηαιίο
2856 892 3072 965 Riidolﬁ
3121 895 3508 966 Lugdunensis
3563 896 3771 955 ea:le

2131 982 2388 1054 episcopi.
2428 982 2510 1038 De
2540 982 2831 1039 antedicto
2862 981 3107 1067 Hugone
3137 985 3368 1053 comite,
3400 986 3508 1057 qui
3544 985 3771 1040 Buodal-

372 1075 682 1150 pressulem
715 1075 1008 1132 Marinum
1041 1075 1113 1130 ab
1143 1073 1272 1151 ipso
1301 1073 1615 1129 universali
1652 1090 1803 1146 papa
1824 1072 1923 1128 tali
1950 1076 2028 1129 te-
2133 1069 2318 1144 phum
2352 1070 2764 1143 Lugdunensis
2794 1070 3052 1128 ecclesia:
3081 1072 3426 1146 episc0pum
3458 1073 3695 1147 propria
3716 1075 3769 1129 de

372 1181 512 1221 noro
541 1165 611 1221 ad
644 1167 875 1221 nostros
910 1163 1054 1219 lines
1086 1163 1373 1218 directum
1407 1163 1607 1229 fuisse,
1632 1180 1748 1235 quo
1778 1162 1836 1218 in
1865 1162 2025 1218 omni

371 1253 894 1311 ecclesiasticarum
925 1251 1122 1326 legum
1155 1251 1509 1307 discussioni
1554 1252 1741 1324 ipsius
1770 1251 2025 1307 existens

367 1342 1013 1414 vicarius,qumcunque
1033 1339 1820 1414 ligandaessent,apostolica
1834 1344 2027 1396 aucto-

369 1432 538 1488 ritate
566 1430 811 1503 ligaret;
846 1435 901 1485 et
950 1446 1077 1502 qua:
1129 1428 1406 1486 solvenda
1460 1430 1818 1497 viderentur,
1852 1428 2023 1503 parili

369 1519 617 1578 solveret
638 1523 942 1593 potestate.
960 1519 1310 1591 Hujusmodi
1333 1518 1715 1591 proculdubio
1728 1518 2022 1574 affaminis

368 1613 489 1666 tam
504 1608 729 1665 salubri
742 1607 1038 1664 missatico
1051 1606 1462 1681 gloriosissimi
1477 1624 1639 1681 reges
1654 1607 1875 1680 praefati
1887 1625 2022 1665 cum

368 1696 757 1770 pontiﬁcibus
795 1696 1179 1768 omniumque
1226 1695 1376 1752 clero
1425 1695 1921 1770 congratulantes,
1956 1700 2023 1752 ut

367 1787 614 1859 dignum
647 1786 776 1850 fuit,
808 1801 871 1842 se
910 1785 967 1841 in
1016 1785 1293 1842 omnibus
1341 1786 1667 1842 consentire
1697 1790 1755 1841 et
1784 1786 2021 1841 obedire

368 1874 612 1948 professi
647 1877 804 1930 sunt.
838 1875 877 1930 A
911 1874 1150 1947 quibus,
1182 1878 1518 1931 auctorante
1553 1879 1610 1931 et
1638 1875 2020 1931 conﬁrmante

366 1962 555 2037 legato
569 1962 909 2036 apostolico,
925 1963 1180 2037 capitula
1193 1964 1613 2037 subsequentia
1625 1966 1844 2019 statuta
1855 1967 2015 2019 sunt.

436 2052 653 2109 Dehinc
669 2069 737 2109 ex
752 2053 1035 2109 sessionis
1058 2069 1176 2108 suae
1197 2051 1322 2109 loco
1344 2069 1406 2109 se
1428 2053 1740 2126 subrigens
1764 2051 2017 2125 inclytus

364 2156 465 2197 rex
489 2140 817 2197 Ludovicus
837 2141 908 2197 ad
930 2140 1298 2213 pmsentiam
1312 2140 1674 2197 serenissimi
1689 2140 1842 2213 regis
1861 2141 2018 2197 Otto-

365 2230 460 2286 nis
474 2230 773 2302 totiusque
799 2229 1159 2286 sanctissimi
1191 2228 1421 2285 concilii
1451 2230 2018 2297 unanimitatem,sa-

362 2319 441 2375 tis
471 2317 779 2392 lacrymosi
813 2322 1167 2391 conquestus
1199 2317 1445 2391 protulit
1472 2319 2018 2392 querimoniam,vi-

365 2406 572 2464 delicat
599 2408 752 2480 quod
807 2406 967 2479 regia
1015 2406 1342 2479 privaretur
1382 2411 1667 2481 potestate
1696 2425 1731 2464 a
1759 2407 2014 2480 quodam

364 2496 627 2569 principe
657 2496 899 2569 Hugone
928 2495 1248 2564 nominato,
1282 2496 1700 2571 quondamque
1732 2497 1844 2553 sibi
1874 2498 2013 2553 sub-

356 2585 535 2657 jecto,
567 2585 738 2656 cujus
785 2584 1060 2640 anxietati
1100 2588 1159 2640 et
1206 2583 1564 2640 multimodis
1613 2585 2013 2642 reclamationi

366 2671 762 2740 condolentes,
794 2673 853 2727 in
887 2674 1112 2729 unitate
1141 2673 1385 2746 spiritus
1417 2674 1725 2729 coadunati
1765 2676 2014 2731 sanctis-

364 2762 498 2818 simi
523 2765 736 2835 patres,
761 2762 1052 2834 ejusmodi
1084 2778 1263 2835 super
1286 2761 1395 2818 bac
1417 2779 1477 2819 re
1497 2764 1848 2819 sententiam
1876 2757 2012 2837 pro-

363 2851 569 2908 tulere.

436 2942 486 2997 1.
524 2926 1179 3009 Βεσιιυηαείοὶαάουίοἰ,
1227 2942 1469 3014 qualiter
1516 2945 1679 3013 [Iugo
1722 2958 1896 3000 comes
1941 2944 2011 2999 il-

362 3031 478 3086 lum
496 3031 562 3087 de
581 3046 749 3102 regna
767 3046 865 3087 suo
880 3032 1140 3103 privavit.
1156 3029 1366 3087 Nullus
1387 3030 1662 3105 deinceps
1685 3033 1901 3106 regiam
1918 3049 2013 3104 po-

359 3122 627 3176 testatem
661 3124 976 3194 presumat
1007 3119 1296 3194 populari,
1327 3136 1433 3176 seu
1464 3119 1719 3194 aliquam
1756 3122 2009 3193 perfidiae

2133 1158 2290 1224 sede,
2323 1175 2439 1214 non
2472 1175 2652 1215 causa
2670 1158 2921 1231 alicujus
2952 1159 3242 1226 criminis,
3264 1162 3367 1216 sed
3392 1178 3503 1234 pro
3524 1160 3769 1217 ﬁdelitate

2130 1246 2403 1303 Ludovici
2453 1247 2675 1320 prmfati
2730 1249 2885 1320 regis
2915 1246 3133 1321 pro‘prii
3156 1248 3405 1305 senioris
3434 1249 3676 1323 expulit,
3698 1250 3770 1306 de-

2131 1335 2420 1392 crevimus
2452 1336 2508 1391 in
2542 1341 2747 1392 saneta
2773 1337 2997 1410 synodo
3017 1352 3153 1394 eum
3180 1355 3288 1410 pro
3306 1337 3417 1394 hac
3440 1356 3529 1407 re,
3552 1339 3691 1394 sicut
3714 1341 3767 1395 de

2130 1425 2487 1499 praescripta,
2521 1426 3174 1492 excommunicandum,
3205 1427 3319 1483 nisi
3368 1427 3663 1484 veniendo
3694 1445 3768 1483 sa-

2130 1513 2430 1570 tisfccerit.

2201 1604 2252 1657 4.
2288 1602 2360 1658 Ut
2390 1601 2521 1658 laici
2556 1602 2685 1658 sine
2713 1602 3029 1676 episcopali
3062 1602 3300 1659 licentia
3319 1604 3678 1677 presbyteris
3699 1619 3769 1660 eo

2128 1688 2335 1747 clcsias
2365 1692 2507 1747 dare
2535 1691 2622 1747 vel
2652 1691 2947 1748 dimittere
2979 1709 3094 1750 non
3125 1699 3513 1765 praesumant.

2196 1782 2251 1836 5.
2289 1780 2363 1836 Ut
2393 1779 2594 1836 nullus
2638 1779 2922 1837 laicorum
2951 1782 3359 1855 presbyterum
3392 1782 3660 1856 ﬂagitem
3682 1799 3763 1839 seu

2129 1868 2374 1943 fatigare
2408 1871 2469 1939 ¹⁰,
2502 1868 2590 1925 vel
2622 1869 2882 1942 aliquam
2940 1870 3050 1926 sibi
3103 1870 3388 1942 injuriam
3442 1872 3657 1927 inferre
3681 1886 3761 1925 es.

2127 1958 2282 2015 deat.

2194 2048 2248 2103 6.
2285 2047 2356 2103 Ut
2378 2046 2671 2121 paschalis
2684 2047 3054 2105 hebdoma-ia
3071 2048 3275 2104 festive
3295 2051 3418 2104 tota
3434 2047 3758 2113 celebretur;

2124 2140 2184 2193 et
2206 2136 2264 2192 in
2295 2140 2672 2209 pentecosten
2692 2138 2747 2202 2,
2770 2138 2825 2207 3,
2851 2138 2883 2192 4
2903 2136 3048 2193 feria
3079 2153 3195 2193 non
3227 2137 3428 2192 minus
3445 2153 3629 2209 quam
3658 2137 3759 2191 dies

2125 2224 2455 2283 dominicus
2486 2225 2851 2282 sollemniter
2879 2225 3259 2282 bonorentur.

2192 2316 2246 2370 7.
2283 2314 2347 2371 In
2377 2313 2596 2370 lctania
2625 2314 2849 2384 majore
2869 2313 3193 2386 jejunium,
3215 2313 3373 2368 sicut
3392 2314 3451 2369 in
3477 2312 3765 2387 rogationi-

2125 2403 2236 2460 bus
2267 2405 2401 2460 ante
2430 2402 2832 2459 ascensionem
2863 2401 3117 2471 Domini,
3149 2406 3513 2459 exerceatur.

2195 2496 2247 2549 8.
2283 2493 2356 2549 Ut
2384 2491 2712 2549 oblationes
2743 2489 3007 2547 fidelium
3037 2496 3247 2564 quater
3266 2492 3305 2527 ¹¹
3324 2490 3497 2548 altari
3520 2491 3763 2547 deferan-

2123 2585 2238 2651 tur,
2255 2580 2403 2637 nihil
2425 2580 2667 2638 omnino
2681 2581 2752 2637 ad
2772 2579 3036 2638 laicalem
3060 2579 3392 2653 pertineant
3408 2583 3765 2653 potestatem,

2124 2672 2349 2728 diwntc
2371 2671 2672 2744 Scriptura
2696 2685 2709 2726 :
2735 2671 2845 2738 Qui
2868 2669 3073 2726 altario
3097 2669 3455 2739 deserviunt,
3480 2670 3560 2726 de
3579 2668 3764 2726 altaria

2122 2761 2562 2834 participentur.

2192 2852 2247 2906 9.
2276 2850 2348 2906 Ut
2368 2848 2626 2918 decimae,
2651 2863 2798 2921 quas
2820 2848 3108 2905 Dominus
3133 2848 3397 2921 praecipit
3417 2848 3476 2904 in
3498 2848 3757 2905 horreum

2123 2956 2299 2996 suum
2330 2937 2564 3004 deferri,
2592 2938 2641 2993 si
2675 2936 2937 2993 ecclesiis
2967 2937 3067 2993 Dei
3101 2952 3217 2992 non
3249 2937 3469 2993 fuerint
3520 2936 3758 2999 reddito,

2123 3029 2223 3086 sed
2255 3028 2479 3085 nefaria
2515 3026 2854 3101 cupiditate,
2888 3043 3014 3099 quis
3063 3026 3267 3082 savior
3312 3026 3494 3081 JElnaa
3546 3026 3758 3100 ignibm

2124 3118 2307 3187 ardet,
2332 3134 2365 3173 a
2387 3115 2751 3173 secularibus
2772 3115 2988 3171 fuerint
3010 3118 3268 3181 retenta,
3283 3114 3590 3172 saecularia
3608 3128 3760 3187 super

358 3188 795 3266 muniam-sibi
830 3188 1114 3265 fallaciter
1133 3209 1422 3266 exhibere.
1448 3188 1821 3267 Decrevimus
1852 3212 2010 3267 enim
2042 3188 2089 3254 θ
2123 3207 2232 3263 hoc
2254 3223 2368 3263 non
2390 3208 2770 3262 exerceantur
2783 3204 3029 3277 judicia,
3044 3204 3221 3260 necin
3244 3204 3761 3260 fomnsibusdiseu-

360 3297 623 3354 Toletani
646 3296 875 3355 concilii
889 3298 1181 3371 judicium
1198 3299 1557 3371 exequendo,
1572 3298 1900 3373 Hugonem,
1921 3317 2012 3357 re-

356 3386 447 3461 gis
479 3387 750 3444 Ludovici
782 3387 945 3465 regni
977 3388 1305 3444 invasorem
1340 3393 1396 3444 et
1429 3391 1746 3461 raptorem,
1779 3405 2009 3445 excom-

358 3477 774 3533 nnunicationis
804 3476 998 3551 gladio
1028 3477 1379 3544 feriendum,
1411 3477 1523 3533 nisi
1556 3476 1703 3534 forte
1750 3482 2009 3551 tempore

358 3569 575 3621 statuto
598 3566 669 3622 ad
694 3565 971 3640 synodale
991 3565 1301 3622 concilium
1331 3566 1546 3634 veniat,
1571 3570 1626 3623 et
1649 3583 1683 3622 a
1702 3570 1822 3623 tam
1854 3567 2012 3623 nefa-

355 3656 444 3711 ria
470 3656 845 3727 protervitate
876 3655 1290 3712 satisfaciendo
1326 3655 1649 3728 resipiscat.

425 3747 481 3799 2.
519 3747 652 3800 item
676 3744 1005 3800 reclamatio
1036 3743 1263 3801 Ανάοίάί
1287 3746 1549 3817 episcopi,
1588 3746 1829 3819 qualiter
1858 3747 2010 3817 [Iugo

351 3831 834 3906 pseudoepiscopus
857 3831 1035 3888 sedem
1062 3849 1221 3887 suam
1254 3833 1451 3889 illicita
1478 3835 1701 3891 invasit.
1719 3834 2009 3892 Ardoldus

357 3919 665 3976 “emensis
694 3918 947 3976 ecclesiae
980 3921 1473 3993 archiepiscopus,
1508 3923 1742 3996 propria
1771 3925 1842 3981 de
1872 3926 2011 3982 sede

355 4007 659 4080 expulsus,
690 4024 760 4064 ex
791 4008 1070 4064 canonica
1098 4010 1442 4066 auctoritate
1472 4009 1530 4065 in
1564 4011 1878 4083 pristinum
1911 4014 2012 4071 ho.

356 4114 558 4155 norem
586 4097 1034 4165 inthronizatus,
1067 4099 1235 4172 Hugo
1266 4104 1484 4166 autem,
1519 4099 1617 4174 qui
1649 4101 1778 4172 ejus
1809 4104 2006 4159 sedem

356 4190 560 4244 contra
586 4186 673 4243 fas
703 4187 813 4245 sibi
858 4191 1129 4261 usurpat,
1156 4185 1545 4244 anatbematis
1591 4194 1682 4246 est
1730 4208 2009 4249 mucrone

2120 3297 2302 3352 tiatur
2338 3294 2553 3364 causis,
2587 3294 2689 3350 sed
2720 3294 2780 3349 in
2813 3297 3018 3349 sancta
3048 3293 3272 3366 synodo
3303 3293 3377 3349 ab
3409 3294 3558 3366 ipsis
3588 3308 3759 3348 sacer-

2121 3385 2379 3451 dotibus,
2397 3400 2649 3457 quorum
2672 3383 2962 3457 deputata!
2992 3386 3131 3439 sunt
3161 3382 3554 3455 usibus,quid
3575 3379 3759 3438 exinde

2119 3474 2326 3531 debeat
2355 3472 2581 3530 actitari
2614 3472 2787 3527 certis
2825 3471 3154 3526 difﬁniatur
3180 3470 3755 3544 promulgationibus.

2188 3564 2276 3620 l0.
2312 3563 2384 3618 Ut
2413 3559 2749 3635 evangelica
2796 3559 3140 3616 auctoritate
3168 3563 3228 3615 et
3259 3575 3567 3617 sacrorum
3605 3572 3757 3613 cano-

2118 3668 2260 3707 num
2292 3650 2660 3707 institutione
2692 3650 2853 3716 ¹²....,
2890 3663 3209 3722 poenasque
3240 3665 3568 3722 proponere
3590 3644 3755 3703 divini

2109 3741 2341 3814 judicii,
2365 3743 2431 3796 ut
2450 3743 2651 3795 nostra
2671 3738 2750 3795 sit
2768 3737 3037 3795 absoluta
3055 3737 3436 3805 conscientia,
3461 3741 3518 3793 et
3538 3735 3753 3792 illarum

2117 3848 2222 3905 pro
2255 3847 2318 3887 se
2348 3829 2633 3886 rationem
2661 3828 2779 3884 Deo
2808 3827 3013 3883 reddat
3033 3826 3303 3883 intentio.
3326 3826 3659 3883 Cavendum
3678 3826 3755 3879 est

2118 3921 2356 3993 quippe,
2392 3918 2545 3991 quod
2575 3918 2647 3974 de
2676 3934 2877 3973 earum
2904 3916 3169 3972 moribus
3199 3915 3551 3989 natibusque
3572 3914 3754 3971 beatus

2119 4009 2333 4066 Paulus
2366 4011 2619 4064 testatur
2647 4005 2968 4079 apostolus.
3001 4005 3163 4070 Quod
3215 4003 3454 4078 planius
3492 4016 3753 4078 exponere

2118 4098 2503 4173 preterimus,
2537 4114 2609 4153 ne
2640 4113 2815 4152 sexus
2845 4094 3139 4152 instabilis
3170 4111 3289 4151 non
3321 4098 3444 4151 tam
3474 4090 3751 4156 deterreri,

2118 4204 2296 4265 quam
2330 4185 2630 4243 admoneri
2665 4185 2951 4241 videatur.

1475 4348 1959 4409 CONSTITUTIO
1994 4345 2642 4409 FRANCOFURTANA.

1911 4468 2034 4542 μη.
2064 4467 2221 4536 951.)

306 4609 315 4618 -
398 4582 748 4658 __Ediderunt
773 4599 907 4658 eam
939 4581 1210 4658 Baluzius
1239 4600 1323 4658 ex_
1337 4582 1536 4658 codice
1566 4582 1824 4658 Oratorii
1846 4581 2195 4658 Parisiensis
2223 4596 2340 4637 see.
2358 4576 2606 4658 liv-61.11,
2636 4576 2698 4633 in

640 4640 887 4737 ρὲηελίοίξ
913 4672 953 4723 ιι
984 4655 1214 4737 σενι.
1237 4654 1575 4737 ςηΕοοειτάμδ
1596 4656 1655 4737 is
1676 4654 1925 4737 Ιιεεὶιξιξε
1960 4656 2337 4737 “ausorum:
2352 4668 2418 4732 P-
2446 4650 2567 4737 198’
2595 4640 2894 4737 διεοοάίῖιε
2913 4646 3457 4737 ἓφιὲλέιξφέεὲἓεξὶ»,
3478 4640 3745 4737 ‘23.???

354 4653 533 4727 plinis

2856 4575 3030 4634 inane
3059 4575 3140 4633 De
3171 4573 3589 4632 ecclesiasticis
3605 4566 3749 4627 disci-

355 4712 412 4799 §t
439 4712 845 4799 Harzbéimius
874 4712 1576 4799 in_'coxiciliis_'Germaniaa
1607 4726 1677 4799 ll,
1710 4712 1915 4799 621,
1947 4743 2018 4782 ex
2048 4712 2380 4799 Schannati
2399 4712 2735 4799 apograpbo
2767 4718 2988 4799 codicis
3023 4712 3458 4799 membranmei
3493 4712 3747 4799 Palatino-

352 4795 617 4853 Vaticani
650 4815 708 4855 τι.
736 4798 864 4856 583.
894 4796 1112 4857 Novam
1145 4795 1483 4866 editionem,
1517 4794 2008 4855 oodice’Gotbano
2040 4813 2177 4855 cum
2207 4794 2564 4851 editionibus

355 4867 603 4929 tuimus.

2698 4790 2812 4847 uzii
2843 4795 2900 4847 et
2928 4789 3281 4847 Harzheimii
3332 4788 3564 4856 collato,
3596 4785 3744 4841 instié

426 5007 592 5063 Anno
623 5007 1039 5067 incarnationis
1057 5010 1288 5067 Domini
1310 5009 1410 5067 951
1439 5011 1501 5077 ¹³,
1526 5010 1730 5067 indict.
1752 5011 1787 5066 9
1805 5012 1848 5047 ”
1869 5029 2007 5069 con-
2036 5013 2084 5078 D
2115 5007 2454 5079 comitibus,
2469 5005 2719 5079 aliisque
2745 5003 3018 5063 ﬁdelibus
3041 5001 3468 5076 compluribus,
3483 5009 3742 5067 canonum

357 5096 632 5152 stitutum
674 5100 765 5152 est
792 5096 855 5151 in
885 5098 1306 5155 Franconofurt
1335 5116 1370 5154 a
1398 5115 1532 5173 rege
1581 5098 2009 5172 gloriosissimo
2118 5101 2575 5168 sanctorumque
2595 5098 2829 5168 patrum
2852 5093 3479 5162 auctoritate,nccnon
3500 5083 3748 5162 capituli?

359 5185 587 5250 Ottonc,
619 5200 772 5243 anno
814 5184 976 5242 illius
1025 5188 1109 5253 15,
1143 5187 1645 5245 consentientibus
1695 5188 2006 5263 episcOpis,

2119 5188 2274 5243 rium
2305 5184 2757 5259 praecedentium
2780 5198 2985 5256 regum
3010 5181 3301 5239 institutis
3324 5196 3524 5237 coram
3543 5173 3743 5251 positis,

1718 5314 1961 5370 VARLE
2001 5310 2420 5370 LECTIONES.

433 5407 476 5442 ¹⁰
507 5404 848 5484 flagellat-ef?
896 5409 961 5484 _"
995 5424 1121 5479 qua
1140 5406 1170 5462 7
1207 5480 1216 5484 _
1244 5409 1286 5443 ¹²
1315 5409 1405 5465 hic
1432 5411 1621 5484 aliqua
1650 5412 1861 5468 desunt.
1942 5413 1985 5447 ³³
2014 5411 2213 5484 cadere,
2232 5411 2409 5480 Appen

2416 5407 2516 5463 dia:
2561 5415 2617 5462 et
2660 5405 2967 5462 Harzheim
2996 5403 3335 5470 naccam,
3368 5401 3513 5475 quod
3539 5409 3742 5475 mn.

358 5495 528 5552 quam
556 5474 862 5553 et_indictio
891 5479 949 5553 9.
978 5474 1217 5553 εἶναιῙηί
1244 5496 1424 5536 annus
1452 5474 1542 5553 15'.
1576 5484 1637 5538 in
1665 5500 1877 5540 annum
1903 5484 2104 5539 cadant
2121 5482 2248 5547 951,
2272 5474 2383 5553 quo
2412 5487 2467 5535 et
2493 5478 2614 5553 Otto
2657 5493 2840 5534 meme
2884 5477 3153 5553 Januario
3199 5474 3557 5553 fil-ancoram
3592 5479 3744 5553 Mf

361 5546 447 5606 ius
476 5550 900 5628 est._ﬂarg.heim
929 5546 1282 5628 inﬂationem
1308 5552 1588 5628 X._edidit,
1621 5554 1713 5611 sed
1760 5557 2020 5612 correctio
2068 5546 2252 5628 potius
2288 5546 2421 5609 esse
2474 5549 2693 5608 videtur
2738 5565 2904 5622 quam
2949 5546 3152 5605 ccdicis
3195 5547 3372 5612 lectio,
3403 5546 3573 5620 quam
3593 5548 3742 5598 aut!“

363 5623 520 5694 regni
544 5622 688 5679 idem
717 5622 1011 5682 habeatur.
1091 5621 1133 5656 ¹⁴
1157 5621 1203 5678 Χ
1225 5623 1427 5678 Harzh.
