3844 6200
395 350 514 412 835

1058 349 1395 410 APPEND.
1441 350 1540 408 AD
1589 349 1776 408 SIEC.
1823 345 1894 406 Χ.
1931 379 2005 389 ——
2038 342 2542 406 MUNUMENTA
2590 344 3142 408 DlPLUMATlCA.

3703 345 3788 402 836

397 482 905 538 subintroductam
941 497 1138 536 sccum
1172 480 1431 534 habitare
1465 478 1781 551 permittat.
1807 477 1867 530 Si
1889 493 2045 532 -vero
2076 477 2129 544 Α
2159 492 2292 531 cum
2328 461 2394 530 in.
2413 477 2511 532 tali
2543 477 2979 532 conversatione
3007 481 3270 550 perstare
3301 474 3610 530 exhortari
3658 491 3788 531 cone-

397 571 595 642 aliqua
623 570 1023 641 suspicionum
1058 569 1305 625 maculis
1356 570 1633 640 adspersa
1681 571 1881 621 contra
1924 566 2046 621 hzec

396 676 568 731 agere
601 658 927 721 tentaverit,
960 658 1031 713 ab
1063 657 1334 729 episcopo
1363 657 1450 711 vel
1481 657 1609 725 ejus
1639 655 1822 710 misso
1866 653 2045 726 virgis

395 764 546 802 caesa
577 747 978 802 detondeatur.
999 745 1058 801 Si
1090 750 1284 802 autem
1320 743 1615 800 saecularis
1647 746 1904 815 potestas
1937 743 2044 798 hoc

395 836 520 891 fleri
575 835 958 908 prohibuerit,
1001 835 1160 908 regia
1215 838 1500 907 potestate
1557 832 1791 887 femina
1847 833 2046 887 coacta

395 923 643 997 pralata:
676 923 976 980 sententias
1007 923 1328 994 subjaceat.

463 1015 516 1068 5.
551 1012 787 1069 Diversa
833 1013 1129 1069 saecularis
1175 1011 1305 1067 vitae
1357 1011 1590 1083 negotia
1643 1011 1954 1083 fugientes,
1989 1014 2045 1065 et

393 1101 725 1157 monasticae
800 1101 1188 1156 institutionis
1268 1117 1535 1155 normam
1613 1098 2040 1170 aggredientes,

390 1197 548 1246 extra
578 1190 900 1246 claustrum
951 1191 1078 1246 sine
1127 1189 1363 1245 licentia
1412 1188 1629 1261 proprii
1682 1188 1912 1244 abbatis
1959 1189 2041 1243 ire

391 1298 504 1336 non
564 1279 743 1334 licet:
779 1280 880 1334 sed
939 1279 1348 1334 tantummodo
1397 1277 1624 1349 jejunio
1677 1283 1734 1331 ct
1791 1277 2040 1332 orationi

387 1385 611 1431 vacare,
644 1367 702 1423 in
737 1368 880 1423 locis
911 1369 1126 1441 quibus
1159 1367 1647 1423 renunciaverunt
1685 1366 1879 1421 seculo
1912 1383 2042 1437 per-

391 1462 714 1520 manentes,
745 1456 898 1512 sicut
926 1457 980 1512 in
1026 1457 1272 1512 concilio
1331 1454 1787 1511 Chalcedonensi
1840 1455 2039 1527 praeci-

390 1546 568 1618 pitur.
684 1602 690 1608 ,

463 1637 518 1690 6.
551 1635 791 1706 Oportet
847 1634 1021 1707 etiam
1083 1633 1447 1706 episcopum,
1481 1632 1539 1688 in
1590 1634 1760 1704 cujus
1806 1631 2041 1688 dimcesi

391 1723 722 1793 cmnobium
779 1723 955 1778 situm
1001 1728 1108 1786 est,
1149 1723 1562 1776 monachorum
1615 1722 2038 1794 providentiam

396 1827 614 1883 gerere,
647 1816 702 1866 et
733 1812 779 1866 si
813 1811 1030 1883 aliquid
1062 1811 1416 1866 correctione
1464 1811 1710 1882 dignum
1764 1811 2036 1882 repperit,
2071 1847 2116 1912 Β

391 1900 678 1972 corrigere
709 1899 961 1956 festinet.

457 1993 512 2044 7.
547 1988 784 2047 Clericis
815 1988 1226 2044 monachicum
1257 1987 1521 2044 habitum
1555 1989 1719 2060 sequi
1749 1985 2037 2060 cupienti-

390 2079 582 2144 bus,et
603 2094 704 2149 pro
719 2075 1185 2132 remuneratione
1209 2077 1404 2131 divina
1419 2077 1798 2132 saecularibus
1821 2077 2035 2148 spretis

387 2168 698 2223 arctiorem
745 2166 925 2221 vitam
981 2166 1140 2221 adire
1186 2164 1538 2233 volentibus,
1573 2165 1907 2222 nullatenus
1948 2164 2034 2218 in-

386 2254 654 2312 troeundi
683 2257 876 2312 aditus
906 2255 978 2310 ab
1009 2255 1280 2328 episcopo
1327 2255 1663 2326 denegetur,
1694 2254 1794 2310 sed
1843 2255 2038 2326 potius

2154 569 2268 628 tur,
2307 565 2461 620 sicut
2492 565 2548 620 in
2581 565 2826 622 concilio
2859 565 3137 622 Toletano
3170 566 3437 621 habetur
3468 581 3603 636 cap.
3632 566 3714 617 50.

2223 656 2276 707 8.
2310 653 2803 721 Sanctimonialis,
2828 671 2955 726 quae
2987 658 3316 727 spontanee
3346 652 3681 715 voluntate,
3697 652 3790 707 stri-

2153 741 2318 796 ctiori
2343 743 2470 796 vitae
2503 743 2800 814 proposito
2833 759 2895 798 se
2940 741 3182 815 alligare
3231 743 3521 808 voluerit,
3562 740 3712 796 nulla
3753 758 3792 794 re

2153 830 2518 898 obstante,id
2549 831 2703 902 quod
2734 833 2889 886 bona
2920 831 3244 887 intentione
3274 830 3666 904 disposuerat
3694 845 3793 902 per-

2152 921 2467 991 agendum,
2503 920 2575 975 ab
2605 920 2878 993 episcopo
2908 920 3286 992 impediatur.

2220 1009 2274 1062 9.
2309 1008 2383 1063 Ut
2413 1008 2542 1064 laici
2576 1010 2947 1082 presbyteros
2986 1010 3116 1065 sine
3162 1010 3545 1066 conscientia
3589 1014 3646 1064 et
3688 1025 3793 1062 con-

2153 1113 2328 1151 sensu
2355 1098 2573 1170 proprii
2601 1098 2856 1170 episcopi
2878 1099 2949 1153 ab
2972 1098 3238 1154 ecclesiis
3263 1099 3351 1154 eis
3367 1099 3793 1154 canoniceeom-

2154 1186 2442 1242 mendatis
2475 1204 2589 1243 non
2635 1189 2842 1258 ejicere
2876 1192 3260 1260 prtesumant,
3296 1205 3404 1243 nec
3442 1188 3604 1242 alios
3634 1187 3791 1240 locum

2151 1292 2351 1330 eorum
2385 1277 2583 1331 subire
2606 1277 2852 1343 faciant;
2873 1277 3011 1348 quia
3033 1278 3188 1332 utab
3219 1277 3527 1349 episcopis
3550 1277 3792 1331 ordinan-

2149 1369 2265 1430 tur,
2305 1364 2386 1420 ita
2418 1381 2651 1422 necesse
2695 1370 2785 1421 est
2831 1365 2904 1420 ab
2955 1365 3064 1437 ipsi
3097 1365 3379 1421 ecclesias
3414 1367 3792 1438 procuranda:

2151 1453 2458 1525 accipiant,
2520 1454 2673 1509 sicut
2727 1454 2788 1508 in
2848 1454 3094 1510 concilio
3153 1455 3409 1510 habetur
3493 1453 3791 1510 Arelatensi

2149 1557 2276 1615 cap.
2311 1544 2362 1596 4.

2224 1633 2308 1687 10.
2334 1631 2406 1686 Ut
2435 1632 2628 1686 omnis
2661 1631 2969 1688 decimatio
3001 1631 3057 1687 in
3092 1635 3387 1705 potestate
3429 1632 3688 1705 episcopi
3718 1633 3792 1696 sit,

2149 1725 2204 1773 et
2235 1720 2284 1774 si
2317 1719 2580 1791 neglecta
2617 1721 2815 1786 fuerit,
2845 1721 3132 1793 quidquid
3187 1720 3326 1776 inde
3374 1721 3788 1777 emendandum

2149 1809 2245 1873 sit,
2278 1825 2471 1864 coram
2503 1809 2776 1881 episcOpo
2807 1810 3007 1880 ejusve
3037 1809 3220 1865 misso
3250 1809 3609 1882 corrigatur.

2219 1900 2306 1952 11.
2341 1897 2682 1970 Episcopus,
2704 1899 3024 1971 presbyter,
3046 1899 3356 1964 diaconus,
3382 1899 3778 1966 subdiaconus,

2148 1991 2210 2041 ut
2242 1987 2299 2041 in
2332 1986 2532 2042 multis
2561 1986 2820 2044 conciliis
2852 1987 3154 2043 firmatum
3184 1989 3452 2059 est,quia
3479 1987 3673 2043 divina
3701 1988 3783 2041 mi-

2147 2075 2386 2130 nisteria
2407 2080 2790 2141 contrectant,
2811 2077 2883 2130 ab
2916 2076 3198 2131 uxoribus
3219 2077 3585 2132 abstineant.
3609 2077 3778 2131 Ceteri

2122 2169 2339 2220 autem
2373 2164 2838 2236 clerici,quando
2870 2165 2940 2220 ad
2976 2165 3360 2220 maturiorem
3415 2173 3640 2221 aetatem
3679 2182 3780 2236 per-

2144 2255 2428 2321 venerint,
2462 2252 2594 2309 licet
2625 2252 2908 2321 nolentes,
2943 2254 3014 2308 ad
3045 2255 3475 2310 continentiam
3503 2261 3779 2327 cogantur.

1702 2432 2114 2488 CORONA'I‘IO
2156 2432 2476 2488 ROMANA.

1791 2557 1924 2628 (.411.
1959 2555 2086 2623 962,
2117 2558 2274 2613 Febr.
2309 2559 2388 2624 2.)

453 2693 798 2748 Juramenta
827 2706 894 2744 ex
926 2694 1084 2762 parte
1117 2689 1344 2746 Ottonis
1367 2693 1506 2762 ante
1534 2689 1966 2762 coronationem
2000 2688 2257 2762 prmstita
2287 2687 2566 2762 exscripsi
2599 2705 2667 2743 ex
2723 2689 3025 2762 codicibus
3053 2689 3103 2757 Ι)
3133 2689 3501 2746 bibliotheca:
3548 2689 3770 2762 publica!

382 2763 892 2834 Babenbergensis
923 2759 980 2817 C.
1016 2779 1072 2834 n.
1103 2763 1171 2834 t7
1202 2761 1610 2834 me_mbr.saec.
1643 2777 1677 2814 x
1711 2759 2090 2834 exeuntis'vel
2122 2778 2214 2834 x1.
2235 2761 2437 2834 Isidori
2484 2759 2823 2834 Mercatoris
2871 2777 3143 2834 canones
3173 2759 3608 2834 continentcﬂj
3642 2761 3768 2814 bibl.

383 2835 672 2891 Vaticana:
698 2831 762 2887 ᾖ.
794 2834 934 2888 3833
966 2833 1116 2886 mbr.
1139 2832 1194 2886 in
1230 2831 1326 2898 fol,
1347 2831 1463 2884 139¹
1497 2848 1626 2886 saec.
1661 2848 1733 2886 xu
1765 2831 2041 2898 ineuntis,
2061 2831 2373 2886 cardinalis
2390 2831 2706 2886 Deusdedit
2730 2849 3016 2886 canonum
3039 2831 3444 2887 collectionem
3467 2833 3768 2892 exhibente,

383 2908 481 2962 ubi
517 2905 610 2961 fol.
650 2905 769 2978 139}
803 2904 921 2978 haec
953 2903 1305 2978 inmargine
1335 2902 1612 2978 leguntur
1641 2921 1656 2956 :
1691 2907 1803 2978 !I_oc
1821 2911 2220 2978 sacramentum
2252 2905 2466 2978 invenit
2487 2904 2721 2978 scriptor
2749 2903 2914 2978 hujus
2943 2903 3164 2978 liorija
3198 2903 3448 2978 Saa'om'n
3479 2907 3533 2978 ip
3569 2919 3764 2978 manus:

382 2981 518 3034 τενίο
548 2976 687 3048 quod
715 2975 933 3048 dicitur:
947 2972 1253 3048 lm'neburg.
1273 2972 1683 3048 Juramentum
1715 2974 1940 3048 Ottonis
1972 2974 2159 3046 ipsius
2190 2974 2469 3048 exscripsi
2495 2990 2562 3048 es
2588 2972 2644 3040 3)
2667 2972 3218 3048 duob‘uscodicibus
3247 2976 3445 3048 Cencii
3476 2972 3762 3029 Camerarii

382 3051 452 3104 de
491 3045 763 3104 censibus
795 3048 862 3102 Η.
898 3047 955 3101 E.
991 3047 1046 3100 in
1080 3045 1368 3100 tabularlo
1396 3046 1686 3118 secretiori
1719 3046 1983 3118 vaticano
2000 3045 2402 3118 exstantibus,
2436 3045 2657 3118 scilicet
2686 3062 2754 3100 ex
2784 3045 2980 3118 codice
3019 3045 3205 3118 sancti
3252 3047 3479 3118 Angeli,
3513 3063 3636 3118 saec.
3665 3061 3760 3118 xiv.

379 3120 478 3175 fol.
510 3122 635 3185 360,
667 3123 725 3175 et
754 3118 952 3174 codice
980 3118 1524 3184 Avinionensi,smc.
1554 3135 1625 3176 xv
1653 3116 1930 3184 ineuntis,
1952 3116 2048 3172 fol.
2073 3119 2180 3171 278
2210 3117 2308 3172 ubi
2341 3116 2662 3171 narrationi
2693 3115 2999 3172 succincta:
3030 3117 3100 3171 de
3129 3113 3762 3173 historiaJohannilel

380 3209 541 3264 papae
569 3189 864 3264 inseritur.
902 3187 1108 3264 Haberi
1144 3187 1374 3264 illudet
1406 3188 1464 3244 in
1498 3189 1696 3247 codice
1719 3187 1909 3244 Cencii
1942 3188 2303 3243 bibliotheca:
2336 3187 2625 3244 Vaticana:
2656 3192 2712 3243 et
2740 3187 2798 3242 in
2832 3187 3107 3243 Gratiano
3137 3188 3408 3244 Distinet.
3441 3190 3529 3258 63,
3554 3186 3759 3261 cap.33,

380 3259 663 3318 Raronius
694 3261 764 3316 ad
797 3278 849 3316 a.
880 3261 982 3314 960
1013 3259 1357 3316 observavit.

374 3415 751 3471 Juramenlum
784 3411 924 3483 quod
951 3413 1130 3483 facere
1153 3413 1281 3482 fecit
1305 3427 1429 3467 suos
1457 3411 1638 3484 ﬁdeles
1679 3411 1795 3467 Otto
1841 3412 2022 3484 Augu-
2057 3412 2098 3478 C
2138 3410 2353 3482 liquias
2381 3411 2902 3482 sanct.orum,quod
2938 3411 2988 3467 si
3015 3378 3387 3483 permittente
3410 3411 3524 3468 Deo
3546 3411 3764 3466 Romam

749 3492 867 3540 stus
895 3493 1186 3554 antequam
1216 3485 1438 3538 Romam
1470 3483 1662 3538 adiret.

447 3573 576 3645 Tibi
603 3590 818 3644 domno
835 3588 1082 3644 Iohanni
1113 3605 1274 3660 papae
1299 3604 1404 3659 ego
1426 3606 1520 3642 rex
1537 3589 1668 3643 Otto
1688 3590 2024 3661 promittere

381 3683 436 3733 et
460 3681 662 3749 jurare
717 3677 862 3732 facio
911 3693 1014 3748 per
1065 3678 1290 3732 Patrem
1323 3683 1378 3731 et
1411 3677 1620 3733 Filium
1651 3683 1708 3732 et
1739 3678 2022 3750 Spiritum

372 3771 664 3830 sanctum,
697 3770 756 3819 et
787 3781 887 3836 per
912 3765 1020 3820 hoc
1053 3763 1278 3836 lignum
1311 3765 1548 3820 viviﬁcm
1583 3767 1798 3833 crucis,
1834 3772 1890 3821 et
1921 3783 2025 3838 per

374 3854 482 3907 has
513 3852 789 3923 reliquias
808 3857 1168 3915 sanctorum,
1191 3857 1255 3907 ut
1284 3853 1331 3906 si
1367 3854 1738 3924 permittente
1764 3855 1878 3910 Deo
1913 3855 2022 3910 Ro-

375 3957 534 3995 mam
569 3956 795 4007 venero,
829 3945 1089 3994 sanctam
1145 3941 1467 3996 Romanam
1517 3941 1838 3998 aacclesiam
1883 3948 1938 3998 et
1968 3949 2023 3999 te

373 4033 660 4084 rectorem
683 4028 871 4100 ipsius
893 4026 1157 4083 exaltabo
1179 4030 1507 4084 secundum
1535 4047 1728 4085 meum
1754 4049 1952 4103 posse;
1968 4037 2024 4088 et

373 4133 698 4190 numquam
714 4107 890 4171 vitam
915 4121 1016 4171 aut
1038 4118 1302 4172 membra
1316 4134 1503 4189 neque
1527 4119 1721 4191 ipsum
1742 4120 2020 4176 honorem

373 4223 547 4279 quem
580 4221 739 4261 nunc
769 4205 949 4262 habes
981 4210 1037 4261 et
1064 4222 1167 4278 per
1197 4223 1290 4260 me
1311 4206 1621 4263 habiturus
1641 4209 1912 4276 eris,mea
1932 4228 2025 4266 vo-

370 4295 595 4351 luntate
626 4299 727 4350 aut
749 4311 876 4350 meo
899 4311 1184 4350 consensu
1211 4300 1309 4350 aut
1335 4312 1460 4352 meo
1481 4296 1722 4352 concilio
1745 4303 1845 4354 aut
1865 4316 2023 4355 exor-

371 4384 591 4440 tatione
618 4384 845 4456 perdes.
865 4385 931 4438 Et
961 4383 1018 4438 in
1043 4384 1227 4439 Roma
1257 4384 1484 4440 nullum
1517 4386 1798 4458 placitum
1832 4405 2021 4460 neque

371 4473 802 4529 ordinationem
837 4473 1043 4528 faciam
1077 4473 1148 4527 de
1180 4473 1458 4530 omnibus
1485 4492 1611 4547 quae
1645 4477 1714 4530 ad
1745 4480 1799 4531 te
1831 4475 1917 4531 vel
1949 4478 2019 4532 ad

370 4568 504 4618 tuos
538 4562 829 4617 Romanos
863 4562 1174 4633 pertinent,
1207 4561 1332 4617 sine
1361 4567 1462 4618 tuo
1491 4564 2022 4636 consilio.thuic-

370 4650 509 4724 quid
538 4651 608 4706 de
641 4655 794 4706 terra
821 4650 1008 4706 sancti
1043 4651 1193 4706 Petri
1241 4651 1312 4706 ad
1363 4657 1625 4707 nostram
1675 4657 2019 4723 potestatem

371 4739 721 4806 venerit,tibi
751 4740 1391 4810 reddam.Cuicumque
1424 4746 1615 4795 autem
1646 4757 1891 4813 regnum
1916 4743 2023 4797 Ita-
2058 4777 2101 4841 Β

370 4827 550 4882 licum
582 4828 1153 4897 commisero,jurare
1183 4827 1303 4882 tib'r
1323 4828 1530 4882 faciam
1565 4828 1832 4885 illum.ut
1863 4831 2027 4900 adju-

371 4919 462 4970 tor
517 4915 601 4968 tui
661 4915 756 4980 sit,
789 4917 859 4971 ad
917 4917 1341 4971 defendendam
1389 4922 1605 4972 terram
1649 4918 1836 4972 sancti
1871 4919 2022 4984 Petri

371 5003 696 5058 secundum
728 5020 903 5058 suum
937 5020 1127 5075 posse.

704 5093 1084 5147 lar-amentum
1112 5094 1300 5166 futuri
1329 5096 1692 5166 imperatoris.

445 5184 665 5233 Domno
690 5178 941 5233 Johanni
977 5197 1123 5252 pape
1173 5182 1519 5238 duodecimo
1565 5201 1661 5238 rex
1694 5184 1826 5240 Otto
1848 5186 1893 5220 ³³
1923 5204 2026 5258 per

371 5285 478 5325 nos
511 5267 953 5339 mittit,etjurat
977 5285 1077 5340 per
1097 5270 1324 5325 Patrem
1351 5276 1406 5327 et
1432 5270 1640 5328 Filium
1664 5277 1720 5328 et
1740 5273 2022 5346 Spiritum

370 5361 639 5415 sanctum
664 5361 720 5412 et
739 5373 843 5429 per
858 5355 966 5430 hoc
989 5356 1213 5430 lignum
1237 5358 1459 5416 viviﬁce
1482 5361 1693 5431 crucis,
1718 5367 1772 5418 et
1805 5363 1910 5419 has
1942 5379 2026 5420 re-

2135 3501 2381 3565 venerit,
2414 3503 2678 3555 sanctnm
2713 3500 3036 3555 Romanam
3069 3499 3392 3556 ecclesiam
3441 3505 3497 3556 et
3542 3499 3764 3556 eundem

2134 3591 2417 3648 domnum
2435 3589 2764 3644 Johannem
2780 3605 2991 3661 papam
3015 3579 3295 3644 rectorem
3321 3585 3763 3660 ipsiusexaltabit

2133 3679 2456 3738 secundum
2490 3693 2667 3732 suum
2701 3694 2892 3749 posse,
2927 3678 2974 3732 si
3007 3678 3200 3732 vivum
3233 3676 3653 3732 invenerit.Sin
3678 3691 3761 3728 au-

2133 3771 2422 3831 tem,eum
2454 3767 2550 3840 qui
2587 3765 2910 3838 legabiliter
2939 3765 3020 3819 illi
3055 3766 3350 3820 succedet.
3385 3766 3456 3820 Et
3485 3777 3757 3835 nunquam

2132 3855 2332 3921 vitam,
2367 3860 2472 3909 aut
2502 3855 2766 3914 membra
2795 3871 2980 3926 neque
3030 3855 3224 3926 ipsum
3280 3853 3560 3909 honorem
3603 3866 3754 3923 quem

2134 3943 2328 4008 habet,
2362 3946 2418 3997 et
2447 3944 2547 4013 qui
2580 3960 2726 4000 eum
2749 3943 3059 4002 habiturus
3088 3948 3174 3998 est
3208 3960 3319 3998 sua
3348 3942 3756 4004 voluntate,aut

2132 4049 2240 4087 suo
2261 4037 2683 4097 consensu,aut
2703 4049 2812 4087 suo
2828 4031 3090 4101 consilio,
3117 4036 3216 4086 aut
3247 4047 3358 4086 sua
3384 4029 3754 4086 exhortatione

2133 4121 2353 4192 perdet,
2370 4137 2558 4192 neque
2583 4121 2724 4191 ipse,
2746 4137 2936 4191 neque
2964 4119 3178 4194 aliquis
3204 4136 3606 4176 successorum
3626 4118 3752 4188 ejus.

2136 4210 2201 4264 Et
2247 4210 2304 4263 in
2342 4211 2526 4264 Roma
2574 4208 2799 4263 nullum
2817 4211 2863 4242 ³³
2886 4208 3192 4280 placitum,
3221 4214 3323 4263 aut
3361 4207 3752 4264 ordinationem

2133 4297 2308 4352 faciat
2333 4298 2405 4351 de
2436 4298 2712 4352 omnibus
2745 4315 2876 4368 quae
2907 4315 3051 4369 pape
3082 4304 3140 4352 et
3183 4297 3463 4358 Romanis
3521 4296 3750 4368 pertinet.

2131 4387 2258 4442 sine
2273 4385 2516 4441 consilio
2529 4387 2727 4441 domui
2756 4403 2922 4458 pape.
2947 4385 3313 4457 thuidquid
3335 4386 3414 4442 de
3432 4391 3582 4444 terra
3601 4381 3752 4439 sancti

2132 4475 2280 4530 Petri
2313 4463 2383 4530 ad
2411 4476 2540 4546 ejus
2571 4479 2915 4546 potestatem
2948 4477 3105 4530 venit
3133 4473 3219 4530 vel
3269 4476 3482 4542 veniet,
3519 4476 3748 4532 Romane

2130 4562 2406 4619 (ecclesias
2440 4563 3103 4634 restituet.Cuicumque
3135 4567 3328 4618 autem
3364 4557 3606 4636 regnum
3633 4558 3749 4616 mti-

2130 4669 2264 4708 cum
2291 4652 2635 4720 committet,
2658 4654 2860 4722 jurare
2891 4652 3064 4708 faciet
3095 4652 3286 4715 illum,
3318 4657 3385 4707 ut
3415 4653 3646 4724 adjutor
3690 4647 3746 4700 sit

2131 4743 2348 4796 domno
2371 4759 2531 4813 papa:
2554 4746 2609 4796 et
2632 4741 3072 4797 successoribus
3103 4743 3230 4812 ejus
3257 4742 3325 4796 ad
3360 4739 3746 4796 defendendam

2135 4835 2349 4885 terram
2375 4830 2558 4885 sancti
2586 4830 2732 4884 Petri
2757 4830 3083 4885 secundum
3107 4846 3280 4884 suum
3304 4830 3594 4900 posse.Sic
3614 4828 3748 4895 adju-

2135 4925 2224 4973 vet
2254 4924 2407 4974 Deus
2437 4919 2684 4974 eundem
2718 4919 2998 4973 domuum
3043 4935 3236 4990 regem
3267 4919 3561 4984 Ottonem,
3591 4923 3639 4972 et
3666 4916 3744 4968 hec

2134 5011 2338 5063 sancta
2368 5007 2685 5080 evangelia,
2718 5012 2776 5062 et
2808 5006 2909 5061 hec
2941 5011 3312 5062 saerosancta
3337 5006 3676 5062 sanctuaria.

2396 5099 2775 5153 Juramentum
2804 5097 3161 5167 corporaliter
3184 5099 3512 5168 pressatum.

2203 5185 2331 5242 Tibi
2356 5186 2610 5257 dompno
2631 5202 2792 5257 papas
2814 5184 3068 5240 Johanni
3091 5201 3198 5256 ego
3229 5201 3327 5240 rex
3349 5185 3482 5240 Otto
3506 5183 3737 5256 promitto

2132 5277 2337 5346 etjuro
2361 5291 2463 5347 per
2484 5278 2714 5328 Patrem
2737 5278 2793 5328 et
2821 5273 3030 5328 Filium
3049 5279 3107 5329 et
3128 5273 3411 5346 Spiritum
3436 5279 3678 5329 sanctum
3696 5273 3734 5320 et

2133 5381 2236 5438 per
2265 5364 2374 5419 hoc
2407 5363 2631 5437 lignum
2655 5361 2876 5418 viviﬂce
2900 5361 3088 5418 crucis
3109 5367 3169 5417 et
3193 5378 3295 5434 per
3318 5362 3424 5418 has
3443 5366 3730 5418 sanctorum

1730 5514 1970 5572 VARI/l1?
2007 5515 2421 5575 EECTIONES.

440 5628 486 5664 ³³
513 5632 640 5686 octo
670 5627 785 5685 cod.
898 5627 944 5664 ³³
977 5628 1051 5684 ita
1081 5626 1302 5684 correxi
1317 5645 1338 5694 ,-
1372 5641 1678 5684 romanum
1709 5629 1823 5688 cod.
