3844 6200
372 325 494 389 843

1039 323 1373 383 ΑΡΡΕΝΙ).
1417 323 1520 381 AD
1566 320 1756 381 SIEC.
1801 319 1879 379 X.
1911 350 1991 360 ——
2019 313 2524 377 MONUMENTA

2236 313 2410 377 lMEN
2422 315 2524 375 TA
2574 311 3125 375 DIPLOMATICA.
3671 314 3754 371 ΒΗ

374 458 671 515 omnibus.
721 456 983 528 Itemque
1032 472 1066 511 a
1110 454 1289 523 Lunis
1338 470 1472 509 cum
1526 451 1720 509 insula
1766 449 2019 520 Corsica,
2051 450 2107 515 Α
2136 450 2433 517 ramus,ut
2462 448 2520 502 in
2552 451 2742 503 vestro
2773 449 3156 519 permaneant
3173 446 3329 517 jure,
3345 445 3758 518 principatus!-

374 545 585 605 deinde
616 546 674 600 in
706 544 1191 611 Suriano,deinde
1214 544 1270 597 in
1294 548 1490 598 monte
1512 539 2030 605 Bardonis,deinde

374 636 435 690 in
494 635 741 700 Berteto,
792 632 996 688 exinde
1046 632 1103 686 in
1163 631 1391 695 Parma,
1447 629 1655 685 deinde
1714 629 1771 683 in
1828 627 2027 700 Regia,

378 722 584 778 exinde
613 722 673 777 in
704 722 1143 792 Mantua,atque
1166 720 1222 774 in
1246 723 1434 775 Monte
1467 718 1661 774 Silicis
1694 722 1869 789 atque
1897 733 2029 787 pro-

378 811 570 867 vincia
610 808 979 865 Veneliaram
1024 813 1081 863 et
1129 806 1299 864 Istria
1348 825 1361 863 :
1415 824 1639 862 necnon
1670 811 1726 861 et
1755 812 2029 861 cunctum

374 900 653 956 ducatum
685 897 1064 971 Spoletanum
1095 913 1162 951 ac
1204 898 1696 965 Beneventanum,
1730 911 1849 949 una
1896 910 2030 949 cum

375 988 617 1043 ecclesia
637 990 851 1043 sancta:
874 985 1181 1041 Christinte
1199 985 1387 1057 posita
1412 1000 1587 1057 prope
1611 984 1847 1055 Papiam
1865 983 2034 1053 juxta

379 1075 828 1148 Pacum,quarto
857 1073 1129 1131 miliario.
1165 1079 1298 1132 Item
1330 1076 1386 1129 in
1433 1074 1683 1145 partibus
1716 1072 2031 1144 Campanie,

379 1164 591 1237 Soram,
676 1166 852 1232 Arces,
921 1164 1216 1235 Aquinum,
1294 1164 1587 1234 Arpinum,
1661 1163 1917 1229 Teanum,
1983 1168 2034 1216 et

381 1253 655 1325 Capuam;
687 1268 896 1308 necnon
924 1260 974 1307 et
1001 1253 1338 1323 patrimonia
1386 1251 1456 1306 ad
1501 1259 1811 1323 potestatem
1861 1257 1913 1305 et
1948 1249 2034 1305 di-

382 1340 587 1416 tionem
637 1349 871 1397 vestram
914 1342 1266 1410 pertinentia,
1319 1342 1459 1395 sicut
1510 1348 1589 1395 est
1633 1340 2037 1415 patrimonium

384 1435 827 1487 Beneventanum
875 1437 927 1486 et
964 1431 1364 1501 patrimonium
1406 1428 1842 1501 Neapolitanum,
1877 1436 2037 1499 atque

377 1521 720 1592 patrimonia
752 1518 1027 1575 Calabriae
1052 1519 1352 1590 superioris
1382 1525 1432 1573 et
1462 1519 1763 1589 inferioris.
1795 1524 1866 1574 De
1895 1519 2036 1572 civi-

384 1618 492 1669 tate
520 1617 705 1666 autem
734 1608 1105 1679 Neapolitana
1133 1624 1257 1662 cum
1285 1608 1525 1663 castellis
1552 1616 1604 1662 et
1634 1609 1936 1662 territoriis
1976 1623 2039 1661 ac

383 1699 591 1769 ﬁnibus
634 1705 687 1752 et
738 1697 940 1752 insutis
985 1698 1100 1751 suis
1150 1697 1262 1751 sibi
1304 1697 1723 1767 pertinentibus,
1754 1697 1923 1751 sicuti
1969 1694 2038 1749 ad

384 1786 598 1843 easdem
646 1787 888 1859 aspicere
934 1785 1204 1852 vitientur,
1236 1800 1444 1841 necnon
1469 1786 1869 1857 patrimonium
1897 1784 2039 1841 Sici-
2072 1820 2117 1885 Β

386 1874 502 1945 liae,
535 1876 589 1930 si
612 1874 754 1931 Deus
784 1875 986 1930 nostris
1035 1873 1174 1929 illud
1222 1873 1519 1930 tradiderit
1559 1875 1817 1929 manibus
1864 1874 2043 1930 simili

382 1963 541 2020 modo
580 1965 855 2020 civitatem
905 1964 1147 2034 Cajetam
1191 1971 1242 2018 et
1298 1962 1555 2019 Fundam
1609 1979 1734 2017 cum
1788 1964 2041 2018 omnibus

386 2068 580 2108 earum
605 2053 1217 2125 pertinenciiansuper
1243 2052 1522 2124 offerimus
1565 2053 1669 2107 tibi
1711 2052 1858 2107 beate
1887 2053 2042 2120 Petre

389 2141 625 2215 apostole
650 2141 965 2214 vicarioque
993 2148 1085 2197 tuo
1112 2140 1306 2197 domno
1341 2142 1579 2197 Iohanni
1615 2157 1777 2213 papas
1823 2150 1874 2197 et
1918 2158 2038 2197 suc-

388 2232 690 2289 cessoribus
718 2232 854 2302 ejus,
883 2246 984 2302 pro
1012 2238 1193 2286 nostre
1239 2231 1425 2287 anime
1473 2230 1729 2295 remedio,
1767 2233 2043 2302 nostrique

388 2321 498 2392 ﬁlii
524 2328 575 2375 et
601 2327 913 2375 nostrorum
938 2326 1249 2390 parentum,
1281 2318 1345 2373 de
1371 2321 1597 2391 proprio
1644 2328 1828 2375 nostro
1874 2335 2043 2388 regno

391 2411 636 2467 civitates
665 2415 716 2463 et
744 2406 941 2479 oppida
988 2423 1108 2462 cum
1150 2409 1407 2479 piscariis
1456 2410 1591 2476 suis,
1628 2408 1762 2463 idest
1806 2409 2040 2482 Reatem,

391 2499 758 2561 Amiternum,
791 2498 1114 2561 Furconem,
1147 2496 1424 2563 Nursiam,
1459 2497 1759 2564 Batuam,et
1788 2500 2040 2567 Marsim,

391 2593 445 2642 et
484 2586 627 2641 alibi
670 2584 945 2640 civitatem
1002 2586 1291 2640 Terranem
1337 2601 1462 2639 cum
1509 2588 1859 2656 pertinentiis
1901 2591 2039 2643 suis.

392 2674 510 2731 Has
537 2688 743 2730 omnes
774 2672 1205 2744 suprascriptas
1235 2672 1582 2743 provincias,
1616 2674 1788 2729 urbes
1818 2679 1875 2728 et
1904 2675 2042 2730 civi-

391 2766 565 2830 tates,
597 2760 812 2832 oppida
840 2764 1014 2832 atque
1056 2759 1313 2825 castella,
1346 2759 1569 2817 viculos
1616 2779 1681 2817 ac
1728 2762 2039 2831 territoria,

392 2850 685 2923 simulque
714 2852 771 2906 et
801 2848 1289 2922 patrimonia,pro
1323 2849 1577 2905 remedio
1601 2850 1807 2906 animae
1831 2855 2041 2908 nostrae

392 2944 450 2996 et
479 2938 583 2994 filii
613 2937 795 2994 nostri
827 2938 948 2994 sive
978 2942 1288 3009 parentum
1319 2944 1653 2994 nostrorum
1694 2957 1759 2995 ac
1809 2957 2039 2997 succes-

392 3044 595 3101 sorum
624 3031 961 3085 nostrorum
995 3032 1052 3083 et
1078 3043 1182 3099 pro
1212 3032 1420 3084 cuncto
1471 3045 1505 3084 a
1554 3033 1665 3084 Deo
1705 3035 2041 3086 conservato

393 3123 567 3192 atque
596 3116 991 3179 conservando
1025 3116 1378 3173 Francorum
1430 3117 1666 3193 populo,
1692 3119 1819 3189 jam
1875 3118 2040 3174 dictae

395 3190 651 3269 ecclesiis
682 3208 817 3273 tuae,
849 3204 1015 3260 beate
1050 3205 1211 3261 Petrc
1241 3190 1585 3279 apostole,et
1616 3223 1718 3279 per
1748 3211 1802 3262 te
1832 3207 2046 3264 vicario
2077 3190 2122 3255 D

397 3300 498 3351 tuo
531 3292 777 3366 spiritali
827 3293 977 3365 patri
1028 3298 1226 3350 nostro
1257 3295 1472 3351 domno
1518 3294 1771 3351 Johanui
1813 3312 2046 3352 summo

396 3381 659 3458 pontiﬁci
690 3386 746 3438 et
776 3375 1089 3441 universali
1120 3400 1304 3456 papas,
1333 3384 1579 3456 ejusque
1608 3384 2046 3440 successoribus

400 3489 588 3546 usque
613 3471 674 3528 in
708 3472 885 3528 finem
916 3471 1192 3540 seculi,eo
1225 3472 1399 3529 modo
1431 3473 1957 3540 confirmamus,ut
1986 3474 2044 3530 in

399 3580 507 3618 suo
572 3561 873 3617 detineant
920 3562 1078 3632 jure,
1143 3560 1496 3634 principatu,
1556 3567 1731 3635 atque
1796 3562 2043 3619 dicione.

399 3651 591 3708 Simili
624 3652 797 3711 modo
842 3665 946 3723 per
992 3649 1100 3707 hoc
1141 3655 1350 3706 nostra:
1396 3650 1778 3725 delegationis
1810 3657 2045 3724 pactum

398 3739 818 3797 confirmamus
865 3738 1210 3794 donationes
1258 3756 1405 3811 quas
1463 3741 1571 3812 piis
1629 3741 2048 3798 recordationis

399 3828 655 3883 domnus
711 3826 954 3899 Pipinus
1008 3842 1108 3883 rex
1154 3831 1211 3883 et
1257 3833 1456 3899 postea
1528 3829 1781 3885 domnus
1838 3831 2046 3887 Karlus

399 3914 924 3973 excellentissimus
1006 3913 1325 3987 imperator
1404 3916 1570 3973 beato
1656 3923 1824 3974 Petro
1908 3937 2044 3992 apo-

399 4001 549 4061 stolo
579 4006 906 4075 sppntanea
949 4001 1247 4059 voluntate
1290 4004 1690 4075 contulerunt;
1738 4025 1961 4064 necnon
1993 4014 2050 4064 et

399 4108 643 4151 censum
673 4090 761 4149 vel
792 4091 1101 4165 pensiones
1128 4109 1230 4148 seu
1262 4097 1484 4150 ceteras
1513 4095 1785 4153 daciones
1815 4114 1928 4170 que
1949 4116 2048 4153 an-

399 4179 628 4239 nuatim
654 4180 715 4236 in
746 4178 1035 4253 palacium
1086 4181 1239 4253 regis
1292 4182 1807 4255 Langobardorum
1846 4185 2045 4243 inferri

397 4270 685 4338 solebant,
714 4269 835 4327 sive
855 4270 926 4331 de
958 4270 1174 4326 Tuscia
1203 4270 1320 4327 sive
1350 4271 1421 4327 de
1452 4273 1667 4328 ducatu
1714 4273 2045 4347 Spoletano,

399 4359 553 4416 sicut
598 4359 658 4415 in
703 4358 1120 4433 suprascriptis
1166 4360 1579 4417 donationibus
1609 4364 1959 4436 continetur,
1992 4369 2049 4421 et

396 4449 549 4506 inter
568 4452 781 4513 sancta:
799 4447 1091 4506 memoria:
1111 4449 1433 4506 Adrianum
1454 4468 1667 4523 papam
1687 4456 1745 4507 et
1763 4452 2046 4508 domuum

2138 553 2253 608 que
2278 535 2589 604 dicione,et
2614 553 2802 607 neque
2828 553 2861 590 a
2883 536 3053 591 nobis
3076 552 3263 607 neque
3284 552 3319 590 a
3348 536 3759 592 successoribus

2140 626 2356 681 nostris
2379 642 2483 699 per
2504 625 2806 698 quodlibet
2832 627 3245 697 argumentum
3270 624 3395 683 sive
3418 624 3763 681 machinati}

2141 732 2272 771 nem
2293 715 2351 770 in
2370 731 2742 787 quacumque
2773 719 2939 786 parte
2967 718 3161 769 vestra
3190 718 3458 786 potestas
3489 714 3762 770 immicus

2140 807 2366 871 tur,aut
2397 820 2431 860 a
2460 804 2624 860 vobis
2655 804 2789 860 inde
2819 802 3044 875 aliquid
3075 803 3567 871 subtrahatur,de
3596 820 3762 876 supr»

2141 894 2378 966 scriptis
2424 892 2691 948 videlicet
2738 892 3072 964 provinciis,
3123 892 3395 957 urbibus,
3444 893 3764 951 civitatibus.

2141 981 2393 1055 oppidis,
2428 982 2656 1049 castris,
2688 979 2918 1053 viculis,
2966 981 3198 1052 insulis,
3248 982 3591 1050 territoriis,
3630 987 3768 1054 atque

2142 1071 2767 1145 patrimoniis,necnon
2799 1075 2857 1126 et
2886 1071 3270 1143 pensionibus
3300 1077 3483 1143 atque
3505 1073 3764 1129 censibus;

2144 1160 2227 1215 ita
2259 1164 2323 1215 ut
2349 1177 2536 1231 neque
2567 1176 2673 1216 nos
2703 1177 2772 1215 ea
2793 1160 2999 1215 facturi
3032 1160 3222 1215 simus
3238 1160 3769 1232 nequequibnslihe:
3820 1160 3821 1211 1

2143 1264 2211 1303 ea
2244 1250 2429 1305 facere
2459 1248 2790 1305 volentibus
2819 1249 3287 1316 consenciamus,
3312 1249 3417 1305 sed
3451 1250 3649 1321 potius
3673 1267 3765 1304 om-
3820 1262 3821 1267 ‘

2145 1338 2243 1393 nia
2274 1355 2385 1410 que
2417 1339 2691 1412 superius
2720 1338 3077 1411 lcguntur,id
3112 1342 3203 1394 est
3231 1339 3573 1410 provinciis,
3604 1340 3769 1394 civita-
3820 1334 3821 1341 “

2144 1431 2253 1493 tes,
2288 1426 2484 1494 urbes,
2517 1428 2751 1500 oppida,
2784 1425 3045 1493 castella,
3076 1427 3391 1497 territoria,
3422 1433 3484 1483 et
3526 1428 3766 1500 patrimo-

2146 1516 2264 1582 nia,
2297 1519 2470 1587 atque
2504 1516 2748 1584 insulas,
2779 1532 3108 1588 censusque
3137 1522 3196 1571 et
3225 1518 3640 1588 pensiones,ad
3670 1536 3772 1589 par-

2148 1609 2265 1660 tem
2318 1604 2573 1661 ecclesize
2604 1605 2756 1660 beati
2791 1605 2941 1660 Petri
2970 1604 3215 1677 apostoli
3248 1610 3433 1678 atque
3461 1606 3768 1679 pontiﬁcum

2152 1650 2265 1660 η...
2320 1650 2572 1661 “ww...
2608 1650 2756 1660 μω...
2791 1650 2813 1659 -
2836 1650 2941 1660 η-..
2970 1650 3215 1677 ..,..,..-....
3249 1650 3432 1678 ...ηυν
3461 1650 3768 1679 rw“.--

2145 1693 2203 1748 in
2237 1693 2635 1750 sacratissima
2658 1692 2970 1749 sedeillius
2988 1695 3518 1762 residentium,nos
3548 1697 3608 1753 in
3628 1713 3770 1769 quan-

2146 1787 2273 1838 tum
2306 1800 2624 1855 possumus
2655 1783 2992 1840 defensores
3021 1800 3149 1840 esse
3178 1785 3587 1852 testamur,ad
3608 1784 3769 1845 hocat
3822 1778 3823 1869 ᾗ

2149 1889 2218 1928 ea
2246 1872 2306 1926 in
2336 1870 2497 1928 illius
2528 1872 2747 1928 ditione
2776 1872 2849 1927 ad
2884 1873 3166 1929 utendum
3197 1879 3257 1929 et
3282 1874 3604 1931 fruendum
3633 1880 3766 1945 atque
3822 1878 3823 1925 ἔ

2150 1961 2582 2033 disponendum
2631 1961 2878 2016 firmiter
2920 1960 3151 2017 valeant
3194 1963 3483 2035 optineri;
3544 1962 3691 2021 sulm
3725 1964 3763 2017 in
3822 1980 3823 2009 ξ

2151 2049 2427 2104 omnibus
2460 2052 2743 2121 potestate
2774 2054 2975 2106 nostra
2994 2056 3051 2105 et
3073 2050 3175 2104 filii
3200 2052 3387 2107 nostri
3418 2056 3770 2124 posterorum-
3822 2048 3823 2051 “

2150 2155 2264 2210 que
2291 2142 2644 2206 nostrorum,
2677 2138 3004 2194 secundum
3037 2138 3193 2211 quod
3225 2139 3286 2216 in
3313 2146 3487 2211 pacto
3514 2145 3574 2196 et
3600 2140 3770 2196 confir-

2153 2228 2408 2283 matione
2430 2244 2496 2283 ac
2527 2227 2936 2299 promissionis
2952 2228 3231 2283 ﬁrmitate
3246 2229 3494 2301 Eugenii
3518 2230 3771 2303 pontificis

2152 2331 2679 2387 successorumque
2710 2315 2873 2372 illius
2904 2316 3326 2373 contineturJd
3347 2322 3439 2373 est
3464 2319 3512 2352 ³⁸
3532 2323 3599 2373 ut
3617 2318 3775 2373 omnis
3822 2370 3823 2379 χ

2151 2405 2343 2461 clerus
2373 2409 2430 2460 et
2459 2405 2710 2459 universi
2732 2402 2931 2477 populi
2965 2404 3207 2460 Romani
3242 2406 3545 2475 nobilitas,
3576 2410 3775 2479 propter

2152 2495 2410 2550 diversas
2442 2494 2818 2549 necessitates
2871 2497 2930 2548 et
2977 2493 3321 2565 pontificum
3370 2495 3775 2552 inrationabiles

2151 2601 2289 2657 erga
2318 2582 2602 2656 populum
2625 2582 2736 2639 sibi
2759 2582 3089 2653 subjectum
3120 2584 3471 2654 asperitates
3502 2585 3775 2641 retunden-

2152 2674 2278 2740 das,
2313 2674 2678 2727 sacramento
2710 2688 2772 2726 se
2800 2670 3338 2743 obliget,quatenus
3366 2673 3561 2729 futura
3584 2671 3776 2747 pontifi-

2151 2778 2286 2818 cum
2314 2761 2517 2817 electio
2539 2765 2826 2832 quantum
2852 2760 3319 2833 uniuscujusque
3342 2761 3668 2821 intellectus
3682 2763 3772 2821 rue

2151 2852 2246 2917 rit,
2280 2848 2555 2906 canonice
2585 2853 2643 2905 et
2662 2850 2825 2922 juste
2847 2849 3041 2904 ﬁat.Et
3072 2852 3137 2904 ut
3168 2848 3267 2906 ille
3297 2851 3398 2922 qui
3430 2852 3506 2908 ad
3538 2851 3643 2907 hoc
3669 2868 3770 2906 san-

2151 2945 2311 2997 ctum
2343 2944 2519 3011 atque
2549 2938 2936 3011 apostolicum
2968 2939 3228 3011 regimen
3277 2939 3537 3012 eligitur,
3574 2941 3766 2997 nemine

2149 3029 2548 3086 consentiente
2579 3027 2899 3084 consecrati
2930 3028 2974 3062 ‘0
3004 3028 3107 3083 ﬁat
3146 3029 3428 3100 pontifex,
3458 3030 3768 3102 priusquam

2151 3119 2326 3175 talem
2359 3119 2419 3174 in
2450 3117 2745 3191 presentia
2767 3116 3085 3183 missorum
3108 3122 3444 3177 nostrorum
3472 3119 3559 3175 vel
3580 3119 3674 3177 filii
3692 3135 3768 3175 no-

2153 3209 2258 3264 stri
2291 3224 2395 3263 seu
2428 3206 2710 3262 universa:
2741 3203 3140 3278 generalitatis
3164 3206 3340 3262 faciat
3356 3208 3767 3279 promissionem
3824 3203 3825 3279 ἒ

2154 3315 2259 3371 pro
2286 3296 2550 3353 omnium
2583 3294 2980 3352 satisfactione
3025 3299 3204 3367 atque
3263 3296 3465 3353 futura
3501 3314 3769 3359 consent

2156 3385 2576 3459 tione,qualcm
2606 3384 2860 3440 domnus
2879 3388 2936 3439 et
2957 3386 3323 3442 venerandus
3342 3386 3626 3458 spiritalis
3642 3392 3773 3459 pater
3824 3384 3825 3455 ξ

2157 3480 2354 3532 noster
2385 3476 2496 3531 Leo
2528 3477 2736 3547 sponte
2766 3472 2971 3529 fecisse
3000 3472 3355 3531 dinoscitur.
3393 3476 3648 3533 Preterea
3682 3473 3770 3530 alia

2156 3564 2384 3620 minora
2408 3563 2546 3631 huic
2578 3562 2736 3635 operi
2774 3562 3086 3619 inserenda
3132 3562 3516 3636 pmvidimus,
3544 3564 3771 3620 videlicet

2156 3658 2222 3709 ut
2249 3653 2307 3709 in
2338 3652 2617 3709 electione
2643 3651 2985 3723 pontificum
3007 3668 3196 3723 neque
3217 3652 3367 3709 liber
3389 3671 3575 3726 neque
3603 3667 3768 3710 servus

2156 3744 2227 3798 ad
2260 3743 2370 3798 hoc
2399 3742 2594 3797 venire
2623 3732 3029 3812 praesumat,ut
3057 3738 3174 3796 illis
3204 3741 3511 3809 Romanis,
3540 3760 3677 3816 quos
3711 3740 3766 3795 ad

2155 3831 2307 3887 hanc
2338 3830 2680 3887 electionem
2713 3846 2816 3901 per
2843 3829 3321 3886 constitutionem
3352 3837 3676 3889 sanctorum
3694 3846 3767 3902 pa-

2156 3927 2316 3978 trum
2365 3920 2610 3992 antiqua
2653 3917 2894 3975 admisit
2936 3919 3321 3986 consuetudo,
3352 3919 3586 3992 aliquod
3627 3919 3767 3976 faciat

2156 4007 2832 4084 impcdimcntum.Quod
2864 4006 3078 4080 si‘quis
3109 4014 3317 4064 contra
3348 4009 3501 4067 hanc
3544 4013 3765 4066 nostram

2156 4098 2586 4156 institutionem
2619 4097 2700 4153 ire
2730 4097 3371 4169 pressumpserit,exilio
3402 4099 3673 4154 tradatur.
3695 4096 3764 4151 In-

2157 4206 2335 4262 super
2363 4188 2562 4256 etiam,
2596 4191 2662 4243 ut
2692 4185 2890 4243 nullus
2917 4176 3233 4243 missorum
3264 4194 3596 4245 nostrorum
3623 4188 3661 4224 ³³
3686 4201 3764 4241 cu-

2146 4280 2511 4352 juscumque
2530 4274 2929 4348 impeditionis
2949 4280 3369 4349 argumentum
3390 4274 3761 4351 componerem

2158 4368 2457 4441 praefatam
2484 4363 2829 4421 electionem
2860 4364 3092 4434 audeat,
3125 4365 3531 4437 prohibemus.
3559 4366 3689 4421 Nam
3722 4366 3763 4421 et

2157 4458 2268 4512 hoc
2296 4454 2653 4512 omnimodis
2683 4452 2988 4510 instituere
3008 4451 3325 4525 placuit,ut
3356 4456 3461 4527 qui
3492 4453 3654 4511 semel
3675 4452 3758 4509 sub

396 4536 634 4593 Karlum
666 4538 1078 4610 imperatorem
1109 4539 1639 4611 convenit,quando
1670 4540 1823 4596 idem
1855 4543 2048 4613 ponti-
2078 4554 2121 4621 ρ
2159 4544 2397 4619 speciali
2437 4541 2774 4600 defensione
2823 4542 3026 4598 domui
3074 4543 3381 4614 apostolici
3439 4545 3556 4601 sive
3602 4546 3761 4598 nostra

394 4625 485 4682 fex
532 4626 719 4685 eidem
770 4628 840 4685 de
889 4625 1305 4699 suprascriptis
1353 4627 1685 4697 ducatibus,
1718 4629 1775 4683 id
1809 4634 1898 4684 est
1926 4630 2045 4685 Tu-

396 4731 572 4771 scano
618 4720 677 4773 et
725 4714 1061 4789 Spoletano,
1123 4732 1240 4771 suae
1291 4717 1655 4773 auctoritatis
1707 4725 2045 4790 preceptum

394 4803 778 4877 conﬁrmavit,
810 4819 875 4859 eo
907 4803 1097 4860 sciliet
1126 4804 1298 4860 modo
1330 4808 1393 4859 ut
1421 4805 1594 4861 annis
1625 4805 1876 4879 singulis
1917 4824 2042 4879 pre-

395 4889 587 4957 dictus
618 4908 830 4949 cenSus
862 4893 932 4948 ad
967 4897 1192 4965 partem
1224 4892 1478 4951 ecclesia:
1511 4894 1663 4949 beati
1718 4895 1867 4951 Petri
1900 4913 2044 4969 apo-

395 4979 930 5051 stolipersolvatur;
963 4983 1119 5037 salva
1132 4983 1547 5053 supereosdem
1578 4984 1827 5040 ducatus
1845 4991 2045 5042 nostra

394 5067 456 5122 in
505 5067 781 5123 omnibus
831 5070 1228 5126 dominatione
1277 5078 1335 5127 et
1384 5071 1619 5127 illorum
1668 5075 1740 5128 ad
1781 5079 2041 5131 nostram

393 5159 619 5230 partem
670 5161 730 5212 et
777 5155 880 5210 filii
931 5158 1113 5212 nostri
1154 5160 1533 5231 subjectione.
1570 5167 1857 5231 Ceterum,
1894 5164 2045 5219 sicut

392 5245 673 5314 diximus,
707 5245 907 5301 omnia
935 5247 1205 5318 superius
1236 5250 1534 5305 nominata
1567 5251 1646 5305 ita
1675 5252 1746 5305 ad
1790 5256 2042 5308 vestram

391 5340 619 5411 partem
645 5350 752 5408 per
769 5333 877 5389 hoc
900 5339 1110 5391 nostra:
1134 5336 1595 5395 confirmationis
1624 5344 1858 5412 pactum
1882 5342 2044 5398 robo-

2154 4635 2376 4691 fuerint
2396 4630 3162 4703 suscepti,impetratajuste
3183 4636 3433 4688 utantur
3451 4630 3756 4689 defensione.

2153 4722 2317 4789 Quod
2347 4721 2396 4777 si
2427 4720 2563 4792 quis
2594 4719 2654 4774 in
2685 4735 3045 4791 quemquam
3066 4718 3301 4777 illorum
3325 4721 3431 4794 qui
3456 4722 3558 4778 hoc
3577 4732 3760 4792 prome-

2152 4812 2379 4867 ruerint
2391 4808 2605 4865 violare
2622 4808 3236 4880 praesumpserit,sciat
3252 4825 3317 4866 se
3333 4809 3645 4881 periculum
3661 4806 3760 4865 vita

2153 4918 2271 4957 suae
2303 4915 2432 4956 esse
2462 4898 2860 4953 incursurum.
2896 4895 3042 4951 Illud
3074 4895 3251 4952 etiam
3281 4898 3759 4961 confirmamus!“

2151 4990 2367 5045 domno
2400 4984 2717 5059 apostolico
2739 4985 2964 5056 justam
2997 4985 3057 5039 in
3087 4986 3366 5049 omnibus
3406 4990 3627 5049 servent
3647 4984 3758 5041 obe-

2152 5077 2433 5134 dientiam
2455 5092 2558 5131 seu
2577 5074 2828 5129 ducibus
2844 5090 2910 5129 ac
2934 5074 3238 5145 judicibus
3263 5076 3391 5131 suis
3408 5077 3484 5132 ad
3505 5074 3754 5148 justitiam

2153 5166 2501 5233 faciendam.
2536 5161 2680 5220 Huic
2712 5163 2869 5218 enim
2920 5162 3284 5219 institucioni
3330 5164 3442 5230 hoc
3480 5159 3756 5225 necessario

2151 5254 2583 5310 adnectendum
2631 5268 2759 5307 esse
2809 5247 3236 5323 perspeximus,
3283 5258 3350 5307 ut
3396 5252 3559 5309 missi
3596 5245 3755 5306 domui

2153 5341 2459 5414 apostolici
2505 5357 2610 5398 seu
2657 5340 2842 5396 nostri
2891 5356 3121 5413 semper
3166 5340 3287 5397 sint
3332 5340 3645 5407 constituti,
3679 5333 3754 5409 qui

1753 5483 1995 5540 VARI/E
2035 5485 2452 5541 LECTlONES.

459 5615 506 5697 f9
536 5614 690 5672 idem
716 5613 986 5679 MARINI.
1063 5614 1107 5649 ⁴⁰
1136 5619 1510 5674 consecratus
1535 5634 1666 5690 pag.
1699 5620 1825 5676 240.
1852 5628 1902 5678 et
1931 5620 2085 5678 codd.
2162 5622 2201 5658 ⁴¹
2236 5625 2502 5679 nostrum
2537 5618 2801 5677 MAlthl.
