3844 6200
27 370 126 428 345

1010 366 1259 429 TRIUM
1308 366 1690 429 OTTONUM
1735 365 2090 430 CONSTIT.
2138 365 2451 432 ECCLES.

3310 374 3429 439 846

27 499 315 559 innuatim
351 499 529 555 nobis
559 497 647 555 vel
677 498 797 555 ﬁlio
831 503 1031 556 nostro
1053 500 1393 556 renunciare
1422 497 1668 565 valeant,
1700 501 1754 566 Α
1783 500 1954 572 genis
1980 501 2021 535 "
2046 499 2597 576 Osnabruggueusis
2618 502 2868 577 ecclesiae
2888 503 3429 581 episcOpi.Siguupl

27 588 255 661 [ualiter
282 586 511 659 singuli
545 588 723 644 duces
754 588 1073 660 acjudices
1124 588 1337 661 populo
1374 588 1669 661 justitiam

27 679 234 745 sciant,
269 678 431 733 hanc
466 676 829 751 imperialem
862 678 1346 734 constitucionem
1376 676 1670 749 quomodo

27 770 331 827 ibservent.
367 767 483 830 Qui
515 765 682 821 missi
716 766 1110 834 decernimus,
1143 770 1207 821 ut
1239 766 1496 839 primum
1531 782 1670 820 cuu-

27 862 122 914 :tos
148 855 450 913 clamores
484 856 583 929 qui
617 872 720 930 per
748 855 1166 929 negligentiam
1197 856 1415 911 ducum
1449 873 1548 912 seu
1577 855 1671 927 ju-

27 948 195 1001 licum
229 945 457 1003 fuerint
489 945 707 1002 inventi
738 945 810 1001 ad
835 945 1101 1001 notitiam
1138 945 1336 1000 domui
1364 943 1665 1017 apostolici

27 1036 285 1102 leferant,
315 1038 375 1090 et
408 1035 539 1107 ipse
569 1051 753 1090 unum
784 1051 814 1089 e
845 1034 1077 1089 duobus
1107 1033 1304 1106 eligat,
1336 1039 1437 1089 aut
1467 1034 1665 1088 statim

27 1143 104 1181 ier
124 1124 363 1180 eosdem
398 1122 620 1179 missos
651 1123 795 1180 ﬁant
824 1122 964 1196 ipsze
997 1123 1372 1179 necessitates
1401 1124 1671 1179 emenda-

28 1231 94 1280 ω,
117 1218 219 1269 aut
247 1213 440 1267 misso
474 1216 672 1267 nostro
695 1212 864 1267 nobis
896 1212 1275 1267 renunciaute
1306 1228 1408 1284 per
1437 1216 1667 1268 nostros

27 1303 215 1358 nissos
237 1318 272 1357 τι
295 1301 476 1357 nobis
498 1301 749 1357 directos
781 1302 1187 1357 emendentur.
1214 1302 1329 1356 Hoc
1355 1306 1415 1355 ut
1445 1302 1518 1356 ab
1549 1319 1667 1357 om-

27 1392 176 1447 iibus
206 1391 494 1446 fidelibus
541 1395 755 1447 sanctas
802 1390 903 1446 Dei
951 1390 1205 1446 ecclesiae
1237 1396 1294 1446 et
1324 1390 1541 1445 nostris
1574 1390 1667 1444 lir-

28 1498 165 1537 num
195 1497 329 1536 esse
357 1480 655 1546 credatur,
671 1480 917 1553 propriae
941 1496 1152 1534 manus
1176 1478 1477 1553 signaculo
1493 1484 1549 1535 et
1568 1496 1667 1534 no-

28 1570 205 1626 )ilium
237 1569 607 1643 optimatum
641 1572 977 1627 nostrorum
1003 1568 1536 1641 subscriptionibus
1558 1567 1667 1623 hoc

27 1665 234 1731 pactum
256 1657 731 1714 conﬁrmationis
753 1662 964 1713 nostra:
992 1657 1395 1712 roboravimus
1416 1661 1473 1711 et
1494 1656 1664 1713 bullae

27 1752 214 1803 nestra-
244 1746 631 1818 impressioni
676 1746 975 1820 adsignari
1000 1745 1316 1819 jussimus.
1352 1750 1380 1812 ’τ
1414 1744 1663 1816 Signum

27 1835 201 1892 domui
230 1835 469 1892 Dttonis
517 1835 883 1899 serenissimi
928 1834 1296 1909 imperatoris
1327 1851 1393 1890 ac
1421 1851 1664 1889 suorum
1695 1872 1741 1937 Β

27 1926 412 1997 episcoporum
441 1925 726 1981 abbatum
749 1929 805 1979 et
825 1924 1131 1980 comitum.
1160 1929 1185 1990 1
1222 1924 1468 1996 Signum
1497 1922 1667 1979 Adal-

28 2013 139 2085 dagi
155 2013 681 2085 Hamaburgiensis
695 2011 949 2069 ecclesia:
968 2012 1664 2086 archiepiscopi.Signum

27 2102 293 2160 Hartberti
312 2102 621 2159 Curiensis
641 2102 897 2159 ecclesiae
922 2102 1199 2175 episcopi.
1216 2101 1463 2175 Signum
1486 2101 1666 2157 Drue-

1785 589 2021 645 Uotonis
2070 592 2525 662 Argentenensis
2574 592 2828 648 ecclesia:
2871 594 3147 665 episcopi.
3181 595 3426 667 Signum

1781 677 1998 734 Otwini
2031 678 2538 736 Hiltiuesemeusis
2579 679 2831 736 ecclesia:
2871 682 3149 754 eplSCOpl.
3182 674 3428 755 Signum

1781 767 2119 822 Landwarti
2152 768 2553 825 Mindoneusis
2586 770 2841 826 ecclesia:
2871 770 3147 843 episcopi.
3181 768 3429 843 Signum

1778 854 1972 928 Otgeri
2006 857 2432 914 Nemetinensis
2462 857 2714 914 ecclesiae
2745 858 3021 933 episcopi.
3055 858 3303 932 Signum
3329 860 3433 925 Ge-

1778 945 1939 1000 zonis
1969 946 2352 1002 Tortunensis
2400 947 2654 1003 ecclesia:
2693 948 2969 1020 episcopi.
3007 948 3253 1021 Signum
3283 948 3434 1017 Huc-

1776 1033 1923 1089 berti
1958 1034 2368 1091 Parmauensis
2393 1035 2644 1091 ecclesia:
2665 1036 3205 1111 episc0pi.Siguum
3231 1036 3429 1111 Widp-

1776 1122 1869 1177 nis
1902 1123 2269 1179 Mutunensis
2292 1124 2543 1180 ecclesia:
2574 1124 2851 1198 episcopi.
2881 1125 3129 1198 Signum
3160 1125 3429 1193 Hattouis

1776 1211 2083 1269 Fuldensis
2111 1214 2447 1269 monasterii
2474 1213 2986 1287 abbatis.Signum
3012 1212 3299 1271 Guntbari
3325 1215 3428 1285 He-

1776 1300 2232 1357 rolfesfcldensis
2262 1302 2600 1357 monasterii
2633 1302 3143 1377 abbatis.Siguum
3170 1303 3424 1375 Eberha-

1776 1390 1846 1444 rii
1879 1390 2128 1446 comitis.
2164 1390 2413 1461 Signum
2446 1391 2712 1446 Guntarii
2744 1392 2995 1447 comitis.
3010 1391 3258 1464 Signum
3290 1392 3429 1449 Bur-

1775 1479 1963 1552 gharii
2015 1479 2264 1534 comitis.
2316 1480 2561 1552 Signum
2625 1479 2826 1535 Utouis
2878 1480 3127 1536 comitis.
3179 1481 3425 1553 Signum

1775 1568 2050 1624 Conrates
2082 1568 2333 1624 comitis.
2365 1568 2608 1642 Signum
2640 1569 2939 1625 Ernustes.
2973 1568 3219 1642 Signum
3252 1569 3425 1641 This-

1775 1656 1990 1723 theres,
2051 1657 2356 1730 Ricdages,
2417 1658 2639 1730 Lupen,
2699 1657 3027 1729 llartuiges,
3084 1656 3422 1725 Harnolves,

1777 1745 2143 1818 Inghilthies,
2179 1746 2549 1813 Burchartes,
2595 1746 2888 1819 Retinges,
2921 1762 3075 1803 anno
3123 1746 3425 1821 dominicis

1776 1835 2194 1891 incarnationis
2215 1836 2340 1902 962,
2372 1835 2686 1890 indictione
2710 1836 2764 1904 5,
2788 1836 2833 1869 ‘3
2857 1852 3060 1891 mense
3090 1836 3425 1903 Februario,

1776 1924 1842 1978 13
1864 1924 1956 1979 die
1987 1924 2251 1995 ejusdem
2285 1923 2527 1990 mensis,
2560 1940 2713 1979 anno
2761 1940 2893 1979 vero
2945 1924 3146 1980 domui
3198 1925 3425 1985 Ottonis

1774 2012 2003 2085 imperii
2056 2012 2423 2069 invictissimi
2482 2011 2852 2085 imperatoris
2880 2014 2968 2082 27,
3002 2012 3153 2068 facta
3194 2018 3284 2069 est
3321 2013 3426 2069 hec

1775 2102 1964 2174 pactio
1998 2101 2261 2157 feliciter.
2293 2123 2320 2150 ››

1379 2216 1711 2272 SYNODUS
1751 2216 2069 2272 ROMANA.

86 2312 212 2363 Acta
240 2310 370 2380 ejus
402 2308 553 2364 alias
585 2307 905 2379 deperdita,
942 2307 1339 2380 Liutprandus
1367 2306 1635 2380 Historia;
1668 2322 1785 2380 sua;
1816 2305 1966 2380 libro
2000 2307 2249 2380 septimo
2296 2306 2544 2380 inseruit
2584 2306 2740 2380 unde
2768 2321 2837 2360 ea
2865 2321 2993 2380 quis
3024 2306 3421 2380 authentieam

33 2381 251 2436 formam
267 2376 675 2454 praeferebant
702 2380 1029 2452 depromta,
1059 2376 1166 2450 ope
1196 2377 1412 2433 codicis
1443 2376 1581 2432 olim
1609 2376 2111 2449 Spauheimensis,
2137 2380 2263 2450 jam
2296 2377 2711 2439 Bruxeliensis,
2744 2376 3207 2435 emendavimus.

229 2489 455 2545 Littera?
483 2487 683 2559 synodi
706 2485 776 2540 ad
802 2487 1068 2542 Joannem
1098 2484 1190 2540 XII
1213 2501 1435 2556 papam.

89 2576 312 2632 Summo
325 2574 589 2648 pontiﬁci
605 2579 663 2630 et
679 2570 995 2629 universali
1015 2572 1638 2644 papzs,domnoJoanni
1650 2614 1663 2639 ,

35 2663 142 2718 Otto
162 2665 360 2719 divinae
383 2668 653 2737 respectu
683 2661 1003 2718 clementiae
1026 2654 1343 2733 imperator
1356 2665 1664 2733 angustus,

39 2769 147 2807 cum
218 2752 675 2826 archiepiscopis
747 2751 1018 2823 Liguriae,
1075 2750 1320 2815 Tusciae,
1381 2750 1664 2817 Saxonim,

40 2841 271 2909 Frantiae,
304 2843 363 2897 in
394 2842 647 2898 Domino
679 2839 952 2896 salutem.
983 2840 1226 2895 Romam
1260 2840 1332 2893 ob
1364 2840 1665 2894 servitium

42 2927 122 2983 Dei
138 2930 510 2997 invenientes,
529 2931 673 2986 dum
696 2928 847 2985 filios
868 2934 1113 2995 vestros,
1132 2929 1427 2983 Romanos
1449 2927 1670 2982 scilicet

42 3018 331 3090 episcopos,
358 3018 688 3075 cardinales
706 3018 1074 3091 presbyteros
1096 3022 1153 3072 et
1177 3018 1473 3084 diaconos,
1505 3017 1666 3071 insu-

2148 2484 2363 2557 Synodi
2386 2486 2712 2557 rescriptum
2740 2484 2815 2540 ad
2836 2500 3056 2556 papam.

1846 2647 2092 2701 Summo
2106 2645 2365 2717 pontiﬁci
2379 2649 2437 2700 et
2451 2644 2764 2701 universali
2784 2662 2945 2716 papas
2960 2644 3426 2713 dompoJoanni,

1777 2735 1906 2790 Otto
1928 2734 2132 2789 divina:
2153 2740 2415 2805 respectu
2438 2732 2757 2788 clementiae
2781 2733 3097 2804 imperator
3115 2738 3426 2806 augustas,

1778 2825 1877 2879 sed
1902 2828 1958 2878 et
1987 2827 2189 2878 sancta
2212 2822 2471 2893 synodus
2503 2822 2697 2876 Romae
2728 2821 2827 2877 Dei
2856 2822 2928 2876 ob
2959 2822 3263 2877 servitium
3293 2838 3429 2883 cou-

1776 2918 2034 2985 gregata,
2068 2911 2126 2966 in
2161 2910 2405 2966 Domino
2435 2908 2705 2965 salutem.
2736 2909 3029 2965 Praeterita
3055 2910 3429 2982 synodo,quaa

1777 3002 2065 3058 celebrata
2094 3006 2183 3056 est
2211 3002 2245 3054 8
2278 3000 2414 3057 ldus
2466 2998 2827 3066 Novembris,
2860 2998 3085 3055 litteras
3132 2998 3297 3059 vobis
3339 2998 3427 3055 di-

44 3122 128 3176 per
144 3112 196 3162 et
212 3087 547 3174 universam
578 3087 804 3181 plebem
833 3087 905 3163 de
928 3107 1105 3162 vestri
1132 3107 1398 3162 absentia
1422 3122 1664 3178 percon-

1846 3091 2057 3155 rtimus,
2090 3090 2149 3144 in
2187 3089 2405 3160 quibus
2435 3092 2843 3143 accusatorum
2872 3091 3199 3143 vestrorum
3226 3087 3426 3155 verba,

48 3198 289 3266 taremur,
319 3203 375 3253 et
412 3198 559 3271 quid
614 3214 802 3252 causae
852 3201 1028 3262 esset,
1062 3196 1216 3268 quod
1260 3211 1365 3251 nos
1410 3194 1663 3250 ecclesiae

49 3290 222 3339 uestrae
245 3288 539 3360 vestrique
560 3287 894 3342 defensores
915 3286 1108 3340 videre
1135 3283 1495 3352 noluissetis,
1526 3282 1667 3338 talia

52 3371 106 3425 de
152 3376 301 3431 vobis
358 3381 601 3449 tamque
654 3376 921 3429 sbscmna
979 3373 1367 3447 protulerunt,
1402 3377 1467 3427 ut
1507 3372 1554 3426 si
1595 3371 1666 3425 de

54 3458 394 3520 histrionibus
423 3465 781 3530 dicerentur,
810 3463 981 3519 nobis
1007 3463 1413 3518 verecundiam
1441 3462 1665 3533 ingere-

56 3555 173 3604 rent.
195 3553 319 3618 Quae
341 3571 412 3609 ne
436 3553 905 3627 magnitudinem
927 3556 1179 3608 vestram
1208 3550 1407 3607 omnia
1425 3549 1665 3618 lateant,

57 3640 281 3706 quaedam
303 3643 464 3699 vobis
498 3642 609 3698 sub
640 3641 918 3697 brevitate
950 3638 1665 3711 describimuszquoniam

61 3724 95 3777 si
115 3734 296 3784 cuncta
312 3730 663 3786 nominatim
688 3729 1009 3800 exprimere
1041 3730 1336 3801 cupimus,
1352 3728 1477 3782 dies
1499 3726 1668 3781 nobis

62 3827 148 3866 non
169 3818 369 3874 sufficit
393 3836 573 3875 unus.
598 3816 883 3873 Noveritis
908 3816 1122 3889 itaque,
1147 3834 1260 3872 non
1284 3834 1317 3871 a
1340 3815 1667 3889 paucis,sed

65 3899 119 3953 ab
151 3905 404 3964 omnibus
424 3914 547 3964 tam
572 3907 753 3962 nostri
776 3922 950 3978 quam
974 3911 1030 3961 et
1050 3905 1290 3961 alterius
1321 3903 1671 3971 ordinis,vos

66 3987 339 4064 homicidii,
370 3996 634 4070 perjurii,
668 3995 981 4067 sacrilegii,
1004 4000 1061 4050 et
1098 4011 1167 4052 ex
1194 3994 1430 4067 propria
1459 4010 1671 4066 cogna-

67 4077 209 4145 tione,
236 4090 399 4157 atque
438 4104 511 4143 ex
557 4085 788 4141 duabus
838 4084 1159 4151 sororibus,
1195 4084 1396 4139 incesti
1430 4083 1673 4137 crimine

67 4175 705 4232 esseaccusatos.Dicunt
720 4178 776 4229 et
796 4173 952 4229 aliud
975 4173 1176 4229 auditu
1200 4173 1326 4245 ipso
1345 4171 1672 4236 horridum,

70 4253 245 4314 diaboli
272 4279 369 4319 vos
410 4264 467 4320 in
519 4280 717 4319 amore
747 4263 945 4318 vinum
980 4263 1201 4318 bibisse
1231 4280 1244 4330 ;
1280 4263 1338 4317 in
1368 4258 1676 4339 ludo-aleis

71 4338 197 4400 lovis
226 4352 474 4425 Veneris,
510 4357 968 4423 cazterorumque
1020 4351 1353 4407 daemonum
1393 4338 1675 4405 auxilium

74 4438 378 4503 Poposcisse.
406 4442 659 4499 Oramus
716 4442 912 4513 itaque
958 4440 1367 4513 paternitatem
1424 4444 1675 4495 vestram

1776 3186 1950 3250 atque
1982 3178 2369 3235 accusationis
2399 3193 2587 3232 causa}
2616 3176 3047 3231 detinebantur.
3074 3175 3426 3247 Rogavimus

1774 3270 1949 3324 etiam
1978 3268 2198 3324 eisdem
2219 3265 2429 3321 litteris
2452 3264 2916 3335 magnitudinem
2944 3268 3427 3335 vestram,quem-

1775 3358 2095 3414 admodum
2118 3357 2352 3427 justum
2383 3358 2490 3417 est,
2530 3354 2773 3409 Romam
2804 3352 2998 3407 venire
3029 3369 3209 3425 seque
3234 3368 3302 3407 ex
3330 3351 3424 3407 his

1775 3465 1903 3519 quae
1931 3446 2265 3501 obiciuntur
2293 3459 2560 3516 purgare.
2597 3440 2945 3513 Recepimus
2975 3446 3169 3497 autem
3200 3440 3425 3497 litteras

1776 3555 1809 3592 a
1834 3535 2018 3602 vobis,
2057 3551 2168 3589 non
2201 3531 2404 3605 quales
2450 3530 2730 3604 temporis
2779 3528 3056 3601 qualitas,
3088 3530 3192 3586 sed
3222 3530 3421 3585 incon-

1777 3625 2067 3681 sultorum
2100 3622 2406 3677 hominum
2443 3619 2668 3676 vanitas
2696 3620 2971 3692 exposcit.
3000 3618 3124 3674 Non
3156 3617 3423 3675 veniendi

1776 3715 1848 3771 ad
1878 3713 2166 3787 synodum
2200 3707 2563 3766 rationabilis
2587 3724 2716 3763 esse
2743 3707 3038 3763 excusatio
3069 3707 3289 3763 debuit.
3312 3705 3426 3763 Sed

1777 3809 1835 3859 et
1858 3806 2169 3875 praesentes
2191 3797 2617 3872 magnitudinis
2644 3801 2845 3852 vestrae
2874 3796 3205 3854 debuerunt
3237 3787 3429 3851 uun'tii

1778 3894 2081 3955 interesse,
2110 3888 2209 3962 qui
2237 3893 2336 3943 aut
2355 3886 2739 3960 aegritudinis,
2764 3890 2869 3941 aut
2892 3890 3042 3941 certe
3068 3883 3431 3940 difﬁcultatis

1781 3979 1960 4039 causa
2000 3979 2423 4044 satisfacerent,
2459 3981 2718 4032 sanctam
2763 3992 2865 4031 vos
2916 3974 3205 4049 synodum
3254 3964 3432 4030 decli-

1782 4088 1974 4127 nasse.
2001 4070 2099 4125 Est
2120 4074 2175 4124 et
2195 4068 2354 4123 aliud
2378 4066 2587 4121 vestris
2613 4064 2672 4119 in
2703 4062 2914 4133 litteris
2946 4064 3252 4135 scriptum,
3277 4061 3432 4139 quod

1784 4177 1899 4216 non
1931 4157 2292 4231 episcopum,
2320 4155 2419 4211 sed
2450 4153 2731 4227 puerilem
2762 4152 3039 4224 ineptiam
3068 4152 3319 4207 scribere
3340 4152 3440 4228 de-

1785 4252 1958 4305 ceret.
1992 4244 2557 4302 Excommunicastis
2587 4242 2801 4297 etenim
2835 4257 3062 4305 omnes,
3094 4244 3160 4294 ut
3190 4255 3305 4294 non
3336 4237 3436 4307 ha-

1786 4341 2024 4393 besseut
2053 4334 2344 4390 licentiam
2378 4330 2621 4386 canendi
2656 4328 2890 4395 missas,
2914 4326 3222 4384 ordinandi
3255 4324 3436 4382 eccle-

1788 4425 2056 4482 siasticas
2082 4419 2571 4495 dispositiones,si
2596 4417 2776 4473 alium
2797 4416 3067 4471 Romanae
3090 4414 3211 4471 sedi
3230 4414 3440 4469 consti-

77 4518 267 4593 obnixe,
289 4546 358 4586 ne
380 4531 626 4589 Romam
647 4493 843 4587 venir;
863 4493 1037 4601 ιιιρῖιο
1059 4546 1127 4584 ex
1152 4526 1246 4584 his
1276 4528 1552 4583 omnibus
1579 4544 1678 4582 vos
1708 4493 1757 4557 D
1790 4522 2091 4601 tueremus
2120 4507 2582 4601 episcopum._l-ta
2610 4504 3255 4601 enim-scriptum-erat,
3275 4524 3302 4553 «
3319 4518 3437 4591 non

78 4621 285 4683 purgare
311 4618 788 4678 dissimuletis.Si
807 4618 951 4674 forte
981 4618 1097 4674 vim
1126 4617 1447 4673 temerariis
1475 4615 1678 4671 multi-

81 4697 262 4758 tudinis
304 4707 646 4779 formidatis,
670 4709 1010 4781 juramento
1061 4707 1225 4763 vobis
1272 4705 1678 4770 adﬁrmamus,

82 4785 201 4842 nihil
228 4790 340 4851 ﬁeri
370 4804 573 4870 praeter
602 4803 941 4855 sanctorum
971 4813 1261 4854 canonum
1295 4795 1677 4852 sanctionem.

85 4869 200 4933 Data
226 4882 255 4935 8
283 4869 409 4943 Idus
440 4888 802 4945 Novembris.

435 4980 663 5035 Joannis
690 4992 856 5052 papa?
881 4977 1278 5049 apologelicus.

148 5053 370 5120 Joannes
392 5068 717 5140 episcopus,
736 5082 938 5124 servus
960 5080 1259 5123 servorum
1283 5060 1688 5128 Dei,omnibus

89 5141 353 5220 ePiscopis.
400 5153 511 5213 Nos
563 5155 898 5212 audivimus
948 5155 1157 5220 dicere,
1193 5153 1333 5225 quia
1373 5169 1474 5208 vos
1512 5150 1689 5207 vultis

100 5225 246 5289 alium
277 5253 470 5314 papam
517 5246 706 5303 facere
740 5262 753 5300 :
787 5244 835 5301 si
870 5244 977 5299 hoc
1009 5242 1219 5310 facitis,
1252 5240 1691 5297 excommunico

102 5321 265 5409 mide
293 5332 395 5385 Deo
424 5336 839 5409 omnipotente,
868 5337 933 5388 ut
957 5349 1073 5388 non
1100 5330 1366 5387 habeatis
1397 5328 1689 5401 licentiam

102 5404 291 5469 nullum
320 5404 661 5481 ordinare—et
689 5424 936 5479 missam
968 5420 1278 5477 celebrare.

1788 4603 2054 4661 habeatis
2084 4599 2377 4656 licentiam
2407 4594 2637 4652 nullum
2670 4591 2959 4669 ordinare.
2997 4614 3026 4641 »
3056 4591 3221 4647 Nunc
3250 4588 3440 4663 usque

1788 4692 2148 4767 putavimus,
2173 4688 2353 4742 immo
2373 4700 2504 4740 vere
2523 4680 2961 4751 crcdimus,duo
2975 4678 3436 4751 negativaunnm

1792 4766 1976 4838 tacere
2009 4777 2416 4841 dedicativum,
2440 4772 2551 4829 nisi
2582 4773 2773 4827 vestra
2802 4768 3085 4824 autoritas
3115 4766 3441 4839 priscorum

1794 4870 2113 4930 sententias
2146 4867 2469 4922 inﬁrmaret
2498 4866 2792 4918 sutorum.
2825 4857 2942 4914 Nos
2972 4873 3104 4913 vero
3133 4854 3443 4912 intentioni

1792 4968 1995 5019 vestrae
2028 4974 2143 5013 non
2174 4954 2366 5010 verbis
2388 4950 2832 5023 respondemus.
2851 4947 2911 5003 Si
2943 4947 3016 5003 ad
3042 4945 3331 5019 synodum
3356 4961 3450 5001 ve-

1796 5053 1921 5108 nire
1975 5053 2032 5103 et
2088 5045 2316 5115 objecta
2370 5054 2620 5113 purgare
2678 5054 2793 5093 non
2851 5036 3117 5101 differtis,
3150 5032 3447 5123 autoritati

1795 5143 1999 5197 vestrae
2031 5130 2411 5209 proculdubio
2441 5127 2763 5183 obedimus.
2797 5126 2909 5182 Sed
2958 5124 3029 5192 si,
3072 5122 3227 5196 quod
3273 5123 3449 5192 absit,

1799 5229 1996 5289 venire
2026 5231 2082 5281 et
2111 5223 2336 5294 objecta
2381 5217 2546 5274 vobis
2593 5213 2866 5289 capitalia
2908 5213 3155 5269 crimina
3201 5227 3451 5285 purgare

1802 5313 2210 5379 dissimulatis,
2240 5325 2419 5381 quum
2453 5306 2773 5379 praesertim
2805 5320 2906 5359 vos
2935 5301 3081 5359 nihil
3113 5300 3309 5356 venire
3340 5299 3451 5352 im-

1804 5408 2020 5484 pediat,
2049 5420 2165 5461 non
2188 5397 2368 5456 maris
2395 5394 2706 5469 navigatio,
2728 5410 2844 5450 non
2871 5390 3129 5465 corporis
3147 5383 3451 5459 azgritudo,

214 5594 511 5678 9ﬁ80gonis
541 5612 796 5669 EARINI.
874 5610 918 5648 ‘3
946 5610 1036 5666 hic
1062 5607 1264 5671 desinit
1297 5516 1442 5664 Cod?
2114 5592 2257 5650 Item
2280 5588 2338 5644 in
2364 5585 2632 5662 partibus
2654 5581 2877 5641 Tuscia:
2898 5579 3108 5646 Reate,
3129 5585 3264 5629 cum
3284 5565 3455 5645 ponti-

115 5667 294 5728 nentiis
321 5667 449 5738 aliis.
