3844 6200
425 394 543 456 847

1106 394 1436 456 APPEND.
1486 392 1587 451 AD
1635 388 1910 450 SEQX.
1945 424 2020 431 —-
2055 384 2553 449 MONUMENTA
2596 388 3151 452 DlPLOMA'l‘lCA.

3683 394 3721 444 Β
3734 393 3786 449 ιδ

427 522 2080 601 itinerislongitudo:tuncexcommunicationemvestram
2112 521 2165 586 Α
2197 523 2284 575 est
2341 536 2578 576 necesse
2646 520 2857 590 dicere,
2918 526 2985 577 ut
3034 520 3555 594 impraesentiarum
3602 521 3795 576 videtis.

428 616 939 691 parvipendemus,
977 632 1224 688 eamque
1269 614 1464 687 potius
1498 613 1552 667 in
1584 628 1686 667 vos
1718 610 2082 682 retorquebi—

428 721 585 774 mus,
600 704 879 778 quoniam
905 704 1144 777 quidem
1162 704 1324 775 juste
1346 704 1532 757 facere
1559 700 1934 774 possumus.J
1942 698 2087 754 udas

429 793 664 851 Domini
696 793 879 849 nostri
909 791 1047 849 Jesu
1079 792 1295 848 Christi
1338 792 1619 864 proditor,
1654 790 1771 844 imo
1801 788 2086 857 venditor,

431 898 565 938 cum
592 881 797 939 ceteris
820 882 985 955 prius
1004 881 1224 955 ligandi
1255 886 1430 953 atque
1456 878 1715 935 solvendi
1744 881 2088 950 potestatem

388 970 776 1043 'amagistro
831 970 889 1025 in
939 969 1059 1025 haec
1114 970 1291 1025 verba
1352 972 1696 1040 acceperat:
1733 967 1911 1021 Amen
1960 965 2088 1019 dico

430 1058 617 1128 vobis,
646 1075 1030 1132 quascumque
1055 1056 1431 1131 alligaveritis
1457 1073 1633 1129 super
1657 1060 1893 1118 terram.
1914 1054 2091 1127 ligata

433 1150 607 1205 erunt
630 1152 688 1203 et
717 1148 776 1203 in
810 1146 991 1215 cmlis,
1025 1152 1081 1203 et
1128 1162 1511 1219 qumcumque
1570 1144 1859 1201 solveritis
1917 1160 2093 1215 super

433 1241 670 1303 terram,
693 1240 864 1293 erunt
883 1236 1076 1292 soluta
1106 1241 1162 1290 et
1183 1236 1240 1290 in
1273 1234 1453 1290 cmlis.
1482 1233 1772 1300 Quamdiu
1798 1233 1954 1288 enim
1987 1232 2091 1286 bo-

435 1342 549 1382 nus
580 1325 730 1381 inter
761 1324 1219 1398 condiscipulos,
1254 1324 1381 1391 fuit,
1415 1323 1594 1396 ligare
1648 1326 1822 1393 atque
1872 1320 2092 1377 solvere

433 1412 657 1471 valuit:
694 1418 1006 1488 postquam
1040 1430 1174 1469 vero
1206 1412 1546 1485 cupiditatis
1592 1427 1769 1468 causa
1798 1409 2094 1465 homicida

438 1503 839 1572 factus,vitam
866 1502 1130 1558 omnium
1167 1501 1425 1557 occidere
1454 1499 1655 1566 voluit,
1687 1518 1860 1573 quem
1893 1503 2094 1572 postea

394 1591 684 1665 ’ligatum
737 1591 979 1656 solvere,
1028 1595 1129 1646 aut
1183 1589 1441 1646 solutum
1499 1589 1680 1662 ligare
1739 1589 1948 1661 potuit,
1980 1587 2092 1643 nisi

438 1681 724 1753 seipsum,
761 1696 934 1752 quem
982 1677 1386 1735 infelicissimo
1420 1678 1628 1751 laqueo
1662 1675 2095 1750 strangulavit?

439 1768 584 1825 Data
614 1769 682 1824 10
714 1768 953 1824 Kalend.
989 1768 1290 1824 Decembr.
1325 1772 1381 1822 et
1412 1768 1594 1822 missa
1626 1784 1731 1840 per
1774 1766 2095 1821 Adrianum

438 1856 792 1914 cardinalem
810 1857 1304 1931 presbyterum,et
1340 1857 1714 1912 Benedictum
1739 1854 2091 1911 cardinalem

440 1947 768 2004 diaconem.

854 2034 1063 2093 Gitonis
1093 2037 1267 2092 oratio
1294 2036 1369 2092 ad
1395 2034 1686 2107 synodum.

509 2125 950 2197 Expectavimus
999 2126 1318 2181 adventum
1374 2126 1523 2195 ejus,
1557 2129 1621 2179 ut
1675 2128 1956 2196 praesente
2006 2140 2093 2191 eo,

440 2214 596 2287 quod
649 2214 820 2270 nobis
867 2215 1069 2287 egerit,
1105 2229 1486 2285 quereremur
1520 2230 1533 2267 :
1568 2229 1771 2268 verum
1817 2212 2094 2284 quoniam

441 2319 579 2360 eum
605 2320 721 2359 non
740 2302 1082 2360 adfuturum
1100 2308 1255 2360 certe
1286 2302 1528 2370 scimus,
1548 2319 1726 2375 quam
1745 2302 1963 2374 perfide
1996 2319 2096 2357 no-

442 2392 672 2448 hiscum
693 2392 897 2464 egerit,
919 2396 985 2446 ut
1009 2391 1317 2463 diligenter
1346 2392 1701 2464 agnoscatis,
1723 2391 1898 2446 etiam
1924 2395 2098 2462 atque

445 2481 620 2536 etiam
655 2481 1011 2552 ﬂagitamus.
1037 2481 1250 2536 Notum
1284 2481 1480 2552 itaque
1510 2481 1673 2536 vobis
1707 2481 1973 2545 facimus,
2007 2497 2096 2534 ar-

446 2568 854 2640 chiepiscopis,
906 2569 1193 2641 episcopis
1223 2570 1268 2603 “
1296 2570 1673 2642 presbyteris,
1732 2569 2095 2636 diaconibus,

448 2656 789 2729 reliquoque
820 2656 993 2725 clero,
1026 2674 1251 2713 necnon
1301 2662 1358 2713 et
1412 2658 1746 2726 comitibus,
1772 2658 2099 2728 judicibus,

447 2746 727 2817 omnique
754 2745 1103 2819 plebi,qupd
1126 2747 1278 2801 idem
1296 2746 1551 2803 Joannes
1568 2763 1719 2819 papa
1733 2763 2049 2819 oppressus
2067 2763 2101 2801 a

446 2835 792 2908 Berengario
824 2839 999 2908 atque
1028 2835 1362 2908 Adalperto,
1395 2834 1711 2891 rebellibus
1734 2836 1972 2903 nostris,
1996 2835 2102 2889 mi-

446 2924 525 2980 sit
550 2924 720 2980 nobis
750 2924 808 2980 in
840 2924 1151 2981 Saxoniam
1179 2926 1438 2992 nuntios,
1472 2942 1706 2997 rogans,
1741 2929 1807 2979 ut
1834 2925 1906 2979 ob
1939 2940 2100 2979 amo-

448 3029 572 3069 rem
602 3000 703 3069 Dei
739 3012 795 3069 in
829 3012 1056 3069 Italiam
1104 3014 1458 3083 veniremus,
1493 3019 1549 3069 et
1577 3012 1881 3069 ecclesiam
1914 3013 2098 3069 sancti

446 3102 600 3158 Petri
634 3118 701 3157 ac
730 3103 992 3175 seipsum
1022 3120 1091 3158 ex
1121 3119 1321 3159 eorum
1375 3103 1643 3159 faucibus
1692 3094 2097 3158 liberaremus.

442 3189 561 3248 Nos
589 3207 746 3261 vero,
778 3192 1088 3263 adjuvante
1121 3191 1258 3263 Deo,
1296 3196 1584 3264 quantum
1620 3191 1948 3260 fecerimus,
1982 3209 2095 3247 non

2196 609 2444 681 Ereptus
2470 626 2606 665 vero
2631 627 2758 665 mea
2789 627 2965 683 opera
2995 628 3065 666 ex
3096 627 3299 667 eorum
3334 610 3612 679 manibus,
3636 620 3685 664 et
3716 610 3801 663 bo.

2198 697 2323 753 nori
2348 698 2543 753 debito
2569 699 3121 767 restitutus,oblitus
3134 699 3523 772 juramentiet
3536 698 3803 756 fidelium.

2199 803 2374 859 quam
2408 787 2551 842 mihi
2582 805 2761 861 supra
2785 806 2995 861 corpus
3026 788 3213 844 aancti
3237 788 3386 843 Petri
3412 787 3671 861 promisit,
3694 805 3805 843 eus

2199 876 2331 931 dem
2359 875 2733 950 Adelpertum
2768 877 3014 934 Romam
3043 878 3241 933 venire
3272 877 3427 944 fecit,
3451 882 3505 932 et
3529 884 3704 932 contra
3732 894 3805 931 me

2199 966 2476 1032 defendit,
2500 966 2818 1022 seditiones
2845 967 2999 1039 fecit,
3024 972 3079 1023 et
3102 967 3437 1021 videntibus
3465 966 3661 1021 nostris
3680 966 3807 1021 mili~

2201 1054 2382 1121 tibus,
2415 1055 2533 1110 dux
2561 1054 2693 1110 belli
2731 1055 2939 1124 factus,
2974 1055 3154 1111 lorica
3184 1060 3237 1111 et
3268 1054 3437 1129 galea
3465 1060 3549 1112 est
3584 1055 3808 1110 indutus.

2200 1143 2346 1207 Quid
2407 1161 2587 1217 super
2641 1144 2751 1200 hoc
2808 1150 3007 1201 sancta
3065 1144 3329 1218 synodus
3384 1145 3660 1209 decernat,
3713 1145 3809 1199 edi-

2201 1236 2311 1287 eat.

2739 1321 2949 1393 Synodi
2972 1338 3311 1394 responsum.

2273 1408 2608 1465 Inauditum
2639 1409 2854 1466 vulnus
2900 1411 3162 1467 inaudito
3207 1416 3296 1467 est
3326 1411 3578 1466 cauterio
3604 1427 3813 1466 exuren-

2202 1498 2363 1553 dum.
2398 1499 2457 1555 Si
2490 1500 2778 1573 corruptis
2812 1500 3075 1556 moribus
3101 1500 3209 1557 soli
3242 1500 3378 1568 sibi,
3402 1506 3461 1555 et
3485 1517 3595 1555 non
3625 1501 3811 1555 cunctis

2204 1586 2453 1655 obesset,
2480 1604 2715 1660 quoquo
2747 1589 2921 1644 modo
2954 1588 3290 1644 tolerandus
3321 1593 3496 1644 esset.
3518 1590 3656 1654 Quot
3682 1590 3817 1661 prius

2204 1676 2344 1731 casti
2371 1676 2550 1747 hujus
2575 1676 2705 1731 facti
2730 1681 2865 1733 sunt
2898 1677 3222 1733 imitatione
3246 1675 3499 1732 incesti?
3517 1679 3657 1743 Quot
3682 1677 3815 1748 probi

2206 1763 2384 1836 hujus
2400 1764 2662 1839 exemplo
2680 1766 3138 1822 conversationis
3160 1772 3300 1822 sunt
3322 1766 3551 1840 reprobi
3565 1766 3817 1822 ?Petimas

2207 1854 2400 1926 itaque
2420 1854 2885 1927 magnitudinem
2907 1855 3135 1928 imperii
3158 1855 3681 1922 vestri,monstrnm
3702 1855 3815 1909 illud

2208 1941 2366 1998 nulla
2400 1944 2611 1999 virtute
2661 1945 3029 2018 redemptum
3063 1963 3097 2001 a
3126 1946 3305 2017 vitiis,
3333 1962 3368 2002 a
3396 1951 3597 2001 sancta
3619 1945 3816 2001 ecclesia

2205 2031 2365 2105 pelli,
2385 2032 2685 2106 aliumque
2717 2033 2841 2091 loco
2871 2036 3000 2106 ejus
3031 2036 3329 2104 constitui,
3354 2036 3454 2108 qui
3481 2036 3643 2091 nobis
3666 2051 3813 2090 exem-

2206 2120 2301 2195 plo
2325 2122 2486 2177 bona:
2514 2124 2970 2180 conversationis
2995 2141 3243 2198 praeesse
3271 2124 3482 2192 valeat,
3506 2130 3561 2179 et
3585 2125 3812 2198 prodesse

2206 2211 2317 2266 sibi
2352 2228 2367 2267 :
2402 2216 2552 2267 recte
2582 2212 2753 2283 vivat,
2788 2231 2854 2268 ac
2883 2214 3030 2270 bene
3060 2213 3289 2270 vivendi
3331 2214 3501 2271 nobis
3530 2213 3819 2287 exemplum

2208 2302 2477 2373 praebeat.

2758 2392 2966 2448 Gitonis
2996 2409 3308 2448 semensas.

2280 2478 2471 2534 Placet
2499 2480 2651 2552 quod
2686 2480 2901 2549 dicitis,
2930 2481 3195 2554 nihilque
3225 2483 3455 2553 gratius
3488 2483 3819 2553 nobis,qusm

2210 2573 2273 2623 ut
2305 2568 2457 2636 talis,
2492 2569 2592 2641 qui
2640 2569 2775 2624 huic
2818 2575 3032 2627 sancta:
3063 2576 3119 2626 et
3151 2570 3465 2627 universali
3499 2573 3618 2626 sedi
3646 2587 3823 2643 prmpc»

2210 2662 2401 2726 natur,
2437 2657 2679 2713 inveniri
2715 2659 2918 2731 possit.

2714 2750 2765 2803 E
2770 2749 2925 2804 lectio
2956 2749 3148 2805 Leonis
3174 2766 3355 2823 papae.

2281 2835 2530 2891 Leonem
2584 2838 2996 2908 venerabilem,
3032 2844 3245 2894 sanctae
3293 2840 3567 2895 Romana
3611 2838 3821 2895 ecclesia

2210 2925 2773 2997 protoscriniarium,
2804 2928 2997 2983 virum
3021 2928 3432 3001 approbatum,
3457 2930 3529 2985 ad
3561 2943 3839 2985 summum:

2209 3013 2514 3069 sacerdotii
2569 3015 2816 3087 gradum
2849 3016 3020 3072 nobis
3052 3017 3111 3072 in
3140 3023 3439 3090 pastorem
3469 3017 3751 3092 eligimus,
3774 3020 3839 3081 uti

2210 3103 2287 3157 sit
2317 3118 2590 3157 summus
2619 3108 2677 3159 et
2710 3104 3055 3161 universalis
3083 3122 3235 3178 papa
3281 3107 3558 3163 Romana
3585 3106 3812 3163 ecclesiae.

2210 3191 2517 3264 reprobate
2548 3192 2619 3247 ob
2653 3192 2952 3267 improbos
2984 3211 3175 3251 mores
3201 3195 3430 3252 Joanne
3459 3202 3731 3270 apostata.
3836 3270 3837 3287 χ

1100 3362 1413 3419 OTTONIS
1453 3363 1475 3420 Ι
1517 3361 2003 3419 IMPERATORIS
2044 3361 2134 3417 ET
2174 3360 2487 3418 OTTONIS
2527 3361 2576 3418 II
2617 3362 2828 3420 REGIS
2867 3364 3210 3421 EDICTUM.

1864 3472 1993 3540 (An.
2025 3468 2150 3524 967.
2185 3466 2299 3524 Oct.
2330 3468 2444 3539 29.)

518 3575 654 3633 Post
677 3574 995 3633 anteriores
1025 3575 1310 3648 editiones
1342 3575 1435 3631 hic
1461 3592 1568 3648 ope
1590 3575 1855 3648 codicum
1876 3573 2269 3648 Ambrosiani,
2288 3573 3557 3648 Florentini.Londinensis,Vindobonensis,
3585 3578 3821 3635 Veronam

446 3646 530 3704 sis
559 3652 617 3703 et
639 3648 902 3703 Estensis
927 3649 1082 3720 apud
1116 3645 1516 3704 Muratorium'
1531 3647 1917 3719 recognitum,
1951 3645 2171 3702 auctori
2204 3662 2312 3701 suo
2344 3647 2712 3720 temporique
2741 3649 3093 3705 restituitur.

444 3787 647 3869 Incipit
670 3788 716 3822 “
741 3788 986 3871 kapitula
1019 3804 1168 3871 quae
1208 3791 1450 3871 institait
1486 3789 2098 3871 dgmnusDuaglorio-
2129 3791 2172 3857 C
2197 3788 2400 3859 jurare
2444 3790 2804 3847 formidaret.
2821 3792 3306 3865 Temporeigitur
3325 3810 3443 3866 quo
3458 3794 3816 3867 piissimum:

514 3859 766 3913 sissimus
795 3859 1093 3931 imperator
1119 3869 1169 3915 et
1203 3862 1331 3915 item
1362 3859 1477 3915 Otto
1504 3862 1655 3931 ﬁlius
1684 3862 1803 3931 ejus
1831 3862 2100 3931 gloriosus

516 3943 636 4005 retr,
667 3944 783 4005 una
809 3946 953 4005 cara
982 3933 1207 4005 sammis
1255 3933 1616 4003 principibus,
1648 3933 1704 3988 id
1733 3941 1812 3988 est
1839 3935 2100 4005 episcopis

516 3999 803 4055 abbatibus
823 4000 1127 4073 judicibus,
1159 3999 1404 4057 seu'cum
1434 3999 1586 4058 omni
1608 4004 1829 4075 populo.

388 4187 403 4197 ,
513 4124 789 4197 Antiquis
810 4125 853 4161 ⁸⁸
880 4130 969 4182 est
1008 4125 1343 4182 institutum
1386 4127 1768 4199 temporibus,
1802 4134 1865 4183 ut
1895 4129 1943 4183 si
1976 4146 2099 4183 car-

442 4217 637 4269 tarum
668 4214 972 4288 inscriptio
993 4216 1058 4283 ‘7,
1083 4232 1209 4288 quae
1238 4216 1543 4271 constabat
1572 4234 1639 4272 ex
1670 4217 1923 4289 praediis,
1953 4216 2101 4273 falsa

441 4302 514 4358 ab
526 4302 859 4359 adversario
873 4304 1181 4367 diceretur,
1199 4306 1585 4361 saerosanetis
1602 4306 1916 4379 evangeliis
1930 4307 2099 4362 tactis

439 4407 636 4448 veram
682 4409 811 4450 esse
854 4394 927 4450 ab
988 4398 1288 4450 ostensore
1347 4395 1723 4467 probabatur,
1756 4396 1954 4467 sicque
1983 4396 2095 4451 sibi

440 4481 727 4553 praedium
753 4481 1172 4539 deliberatione
1193 4483 1465 4555 judicum
1496 4484 1860 4540 vendicabat.
1885 4487 2009 4550 Qua
2029 4501 2099 4540 ex

439 4586 500 4625 re
524 4587 652 4627 mos
683 4571 1047 4629 detestabilis
1077 4572 1136 4627 in
1170 4572 1335 4628 Italia
1365 4572 1785 4646 improbusque
1815 4589 1930 4628 non
1963 4573 2093 4628 imi-

437 4660 652 4716 tandus
703 4659 959 4731 inolevit,
992 4666 1059 4717 ut
1108 4659 1306 4733 legum
1368 4661 1557 4733 specie
1605 4662 1743 4732 jure
1772 4662 2095 4732 “jurando

437 4748 783 4820 acquireret,
818 4750 918 4821 qui
950 4750 1136 4806 Deum
1167 4750 1213 4784 ‘9
1243 4765 1359 4805 non
1390 4748 1651 4806 timendo
1702 4750 1945 4807 minime
1972 4769 2096 4824 per-

2210 3875 2340 3931 Otto
2364 3877 2558 3932 Romae
2581 3879 2915 3936 unctionem
2947 3882 3205 3954 suscepit
3234 3882 3491 3954 imperii,
3518 3878 3816 3938 residente”

2210 3964 2269 4018 in
2294 3965 2516 4036 synodo
2547 3983 2782 4023 summo
2812 3968 2852 4002 ⁸¹
2886 3974 2942 4024 et
2967 3968 3280 4025 universali
3331 3987 3485 4043 papa
3510 3972 3556 4005 ⁵²
3580 3972 3767 4025 domno
3787 3966 3811 3997 ⁵³

2208 4051 2476 4109 Johanne
2502 4054 2548 4088 δι
2569 4055 2747 4110 tercio
2790 4056 3016 4112 decimo
3064 4074 3218 4114 anno
3252 4059 3390 4128 (l7),
3425 4060 3499 4113 ab
3535 4058 3702 4113 Italiae
3722 4072 3812 4128 pur

2209 4142 2439 4198 ceribus
2468 4147 2558 4198 est
2585 4142 3002 4213 adclamatum,
3036 4150 3101 4201 ut
3128 4146 3450 4218 imperator
3477 4152 3708 4202 sanctus
3728 4158 3813 4198 mu-

2208 4234 2331 4285 tata
2377 4228 2503 4305 lege
2555 4232 2783 4289 facinus
2825 4234 3137 4307 indignum
3171 4236 3526 4303 destrueret,
3559 4252 3661 4309 per
3681 4230 3813 4305 quod.

2208 4317 2257 4374 si
2289 4330 2527 4391 corpore
2559 4320 2875 4393 quisquam
2908 4322 3068 4379 dives
3102 4323 3281 4387 fieret,
3317 4324 3524 4379 anima
3552 4325 3598 4359 ⁵⁵
3624 4334 3812 4391 veropé~

2207 4411 2412 4463 reunte
2430 4424 2652 4481 pauper
2668 4408 2726 4463 in
2745 4414 3025 4466 aeternum
3045 4416 3328 4467 maneret.
3351 4410 3589 4468 Judicio
3609 4413 3653 4448 “
3671 4412 3811 4479 itaque

2206 4494 2405 4551 domni
2439 4514 2599 4569 papae
2631 4496 3001 4571 piissimique
3025 4499 3259 4573 augusti
3293 4506 3665 4572 expectatum
3682 4505 3747 4555 est
3762 4494 3808 4549 ad

2205 4582 2367 4639 illam
2419 4602 2607 4657 usque
2655 4588 2946 4658 synodum
2991 4606 3118 4661 quae
3169 4606 3348 4661 parva
3389 4597 3529 4661 post
3558 4592 3810 4656 intempt-

2204 4671 2339 4727 dine
2373 4673 2484 4745 (18)
2516 4674 2716 4730 habita
2764 4680 2853 4732 est
2906 4677 3212 4737 Ravennae.
3246 4678 3513 4750 Cumque
3556 4679 3811 4733 ibideme!

2205 4761 2411 4817 eadem
2442 4779 2503 4818 re
2531 4762 2913 4836 proclamatio
2953 4772 3333 4839 repeteretur,
3365 4768 3441 4823 ob
3471 4766 3812 4841 quorumdam

1799 4866 1893 4921 VA
1902 4867 2042 4924 RIIE
2081 4871 2493 4933 LECTIONES.

508 4952 556 5032 υς
584 4967 761 5033 vocem
789 4970 853 5010 su
887 4956 1074 5037 plenis
1120 4956 1165 4991 ‘5
1192 4956 1312 5012 haec
1340 4956 1512 5037 inseri
1549 4957 1622 5010 lio
1650 4963 1800 5039 extat
1824 4961 2053 5015 nonnisi
2081 4964 2138 5018 in
2169 4966 2231 5020 L.
2301 4967 2344 5002 ⁸⁸
2380 4969 2644 5040 Praefatio
2673 4970 2792 5027 hac
2813 4970 2959 5027 deest
2989 4973 3050 5027 in
3081 4974 3139 5028 Α.
3168 4973 3511 5045 Antiquitas
3543 4973 3628 5027 η.
3663 4970 3699 5005 ⁵⁷
3721 4966 3812 5021 ina-

508 5028 678 5081 rmtio
712 5025 767 5079 ν.
801 4971 1115 5081 atfscrmtio
1150 5028 1245 5081 Vn.
1286 5026 1331 5060 ‘3
1362 5043 1475 5081 1am
1499 4972 1735 5081 (feletam
1766 5044 1825 5081 in
1854 5030 1915 5081 L.
1970 5031 2015 5066 ιθ
2044 5033 2348 5081 dominum
2389 5040 2423 5081 1.
2493 5040 2538 5075 so
2569 5040 2879 5081 mnia-laniis:
2915 5048 2958 5081 ν
3019 5044 3063 5081 ις’
3116 5045 3380 5081 ,φαίδρω
3419 5045 3492 5081 ν..
3560 5045 3607 5078 si
3636 5049 3808 5081 .“mmn

438 5022 678 5099 scriptio
712 5022 1115 5099 Vtadscriptio
1150 5028 1245 5082 Vn.
1286 5026 1331 5060 ‘3
1353 5026 1475 5099 jam

1566 5028 1735 5101 telum
1766 5029 1825 5082 in
1854 5030 1915 5101 L7.
1970 5031 2015 5066 ‘9
2044 5033 2351 5093 dominum
2383 5040 2442 5093 L.
2493 5028 2538 5075 έο
2568 5040 2879 5098 residentis
2915 5048 2978 5097 V.
3010 5044 3081 5098 Ε.
3116 5028 3381 5100 residens
3419 5045 3516 5101 Vn.
3560 5045 3607 5078 ⁸⁸
3636 5049 3808 5098 summ

440 5092 501 5219 ξ).
541 5092 595 5148 ν.
617 5094 727 5200 sls’n.
863 5092 1102 5222 “Ipapze
1136 5099 1189 5155 γ.
1226 5099 1319 5154 i'n.
1469 5098 1512 5131 ⁵³
1545 5098 1736 5153 (lenne
1770 5103 1839 5154 ν.
1874 5100 2052 5157 donni
2090 5106 2183 5162 Vn.
2218 5108 2512 5191 domniE.
2570 5092 3385 5187 “36113853533383;
3588 5092 3807 5186 joliannis

482 5180 540 5218 η.
693 5182 887 5222 anime
963 5210 975 5222 .
1010 5186 1208 5222 anima
1239 5173 1452 5222 periret
1481 5172 1536 5222 et
1569 5185 1790 5222 nauner
1822 5170 1875 5222 V.
1914 5173 2008 5222 νη-
2043 5175 2101 5222 Ε-
2181 5179 2225 5213 I6
2254 5179 2551 5222 Jnaminm
2595 5183 2627 5222 I.

443 5161 540 5219 Vn.
617 5164 661 5200 ⁸⁵
693 5166 887 5223 anime

1010 5168 1208 5224 anima
1238 5168 1452 5241 periret
1481 5172 1536 5225 et
1568 5185 1790 5243 pauper
1822 5170 1875 5227 V.
1914 5173 2008 5229 Vn.
2040 5175 2102 5232 E.
2181 5179 2225 5213 ⁵⁸
2254 5179 2555 5238 Judicium
2589 5168 2647 5238 ιζ

2034 5291 2264 5351 NOTIE.

512 5368 1531 5463 glaalioguic‘o‘rrqpt't‘ls,‘codicum7
1559 5390 1666 5463 qpe
1716 5392 1831 5463 non
1883 5382 2537 5463 sanandus._A_nno_962
2579 5385 2835 5463 Joannes
2861 5388 2955 5444 ΧΙΙ
3005 5406 3159 5463 anno
3207 5391 3458 5463 septimo
3505 5391 3800 5463 sedit,_snn?

435 5457 572 5497 νει-ο

671 5440 993 5532 Z‘tlfoannes
1025 5440 1558 5532 lell.Mu_ratoriusI
1578 5440 1889 5532 legendum
1918 5465 2045 5532 esse
2076 5456 2314 5532 conjicit
2335 5440 2598 5532 Iohanne
2618 5440 3187 5532 XII,:i:é7£{zbf,sEiiicéz
3207 5440 3798 5532 855:3?

436 5512 643 5607 ἔαριξέ
674 5511 1009 5607 ggj'tafnleg
1020 5514 1378 5607 adversatur
1392 5511 1797 5607 lquuodﬂauctor
1826 5511 2393 5607 prfefatip‘nisuhujus
2411 5511 2713 5607 Joannem
2726 5511 3389 5607 ’Xii'Xiii'inrEii‘cixi
3415 5511 3796 5607 dii—stin'guitsed

435 5582 889 5675 “meaning
917 5582 1618 5675 Dittonislcorqpat‘i'pnem‘
1641 5592 1699 5675 e‘t
1727 5582 2018 5675 synodum
2050 5582 2448 5657 Ravennatem
2465 5582 3098 5675 'isé'iéﬁéi‘e‘vidéaih}.

506 5655 616 5736 (18)
648 5657 755 5715 An.
781 5657 909 5731 967,
944 5656 1250 5715 mensibus
1284 5656 1493 5716 Martio
1526 5663 1627 5715 aut
1654 5655 1859 5734 Aprili.
