3844 6200
116 379 226 439 865

1224 379 1481 443 MISS/13
1527 380 1989 443 GALLICAN/E
2033 381 2408 446 UNDECIM.

3398 392 3518 450 866

108 514 246 569 bono
273 514 343 567 22
373 510 476 584 qui
529 511 697 568 uiues
727 514 783 568 et
814 526 1026 586 regnas
1057 529 1189 570 cum
1224 518 1386 588 patre
1436 519 1494 572 et
1541 515 1748 588 spiritu
1782 514 1840 582 Α
1868 514 2033 571 deus.
2066 516 2343 573 omnibus
2374 514 2537 573 locis.
2569 516 2963 591 omnibusque
3003 521 3385 592 temporibus.
3418 496 3522 596 per

107 606 293 658 sancto
324 601 383 656 in
414 600 620 657 secula
650 601 1006 672 seculorum,
1040 620 1231 660 amen.

169 694 302 763 (post
326 692 809 759 communionem.)
841 690 1087 764 Spirita-
1120 694 1130 762 |
1163 691 1205 747 li
1239 709 1374 749 esca
1422 692 1762 764 haustuque

108 777 333 835 recreati
352 781 468 848 (23)
490 779 957 853 omnipotentem
977 781 1151 837 deum
1171 786 1397 854 patrem
1416 782 1612 839 debita
1631 797 1760 855 gra-

106 868 306 923 tiarum
340 867 575 924 actione
622 885 941 925 uneremur
992 886 1098 943 por
1128 871 1437 928 dominum
1486 876 1758 927 nostrum

108 956 338 1013 Jhesum
365 956 672 1013 Christum
722 957 909 1014 filium
952 976 1128 1015 suum
1174 960 1470 1016 uiuentem
1515 977 1757 1017 manen-

108 1050 328 1119 temque
359 1062 566 1102 secum
600 1063 735 1103 cum
781 1046 994 1120 spiritu
1035 1052 1238 1106 sancto
1270 1050 1330 1106 in
1361 1054 1600 1107 aeterna
1631 1067 1756 1107 sae-

108 1133 230 1190 cula
256 1134 650 1191 saeculorum.
686 1152 877 1191 amen.

172 1224 473 1294 (collectio.)
497 1225 720 1281 Exaudi
752 1242 859 1282 nos
906 1230 1055 1283 Deus
1084 1231 1250 1300 pater
1300 1228 1671 1302 omnipotens
1703 1233 1761 1285 et

109 1319 324 1385 praesta
365 1331 518 1387 quae
561 1316 818 1389 petimus
849 1333 953 1388 per
982 1316 1289 1374 dominum
1320 1318 1567 1375 Jhesum
1592 1318 1757 1374 Chri-

109 1407 252 1457 stum
283 1401 470 1459 filium
503 1408 673 1460 tuum
706 1404 805 1477 qui
838 1404 1003 1460 uiuet
1025 1406 1134 1479 (24)
1159 1412 1365 1479 regnat
1388 1408 1533 1464 deus
1555 1407 1611 1462 in
1636 1424 1761 1463 sae-

109 1490 227 1546 cula
255 1490 592 1549 seculorum
623 1496 759 1565 (25).

171 1580 529 1653 (benedictio.)
555 1581 639 1638 Sit
668 1582 906 1639 domine
931 1583 1241 1640 meseratio
1264 1588 1365 1641 tua
1386 1585 1565 1658 digna
1585 1585 1756 1641 mise-

111 1670 342 1725 ricordia
380 1688 498 1727 uox
530 1675 834 1745 petentum
883 1677 1134 1730 cunctus
1157 1675 1268 1746 (26)
1302 1676 1314 1743 1
1346 1674 1663 1747 respiciens
1686 1677 1753 1747 jn

110 1756 361 1830 singulus
391 1777 512 1815 non
545 1759 812 1834 repelles.
847 1760 957 1816 hoc
1002 1763 1273 1818 uotiuum
1318 1764 1486 1820 nobis
1516 1757 1754 1820 faciens.

112 1847 250 1919 quod
286 1848 685 1905 necessarium
728 1866 855 1906 esse
902 1867 1246 1923 cognusces,
1280 1869 1352 1909 ne
1382 1852 1529 1909 aliut
1558 1858 1755 1910 nostra
1789 1884 1836 1950 B

113 1936 554 2009 intemperantia
582 1938 817 1995 studeat
865 1944 1077 2012 petere.
1114 1958 1292 2014 quam
1336 1945 1439 1998 tua
1470 1942 1760 2015 praesciat

116 2027 359 2097 potentia
388 2028 728 2085 conuenire.
765 2045 821 2102 p.
857 2030 914 2085 d.

734 2118 991 2190 (MISSA
1036 2119 1130 2189 II.)

185 2204 485 2276 (collectio.)
502 2207 685 2263 Deum
712 2206 971 2264 fidelium
998 2209 1760 2278 saluatorem,conscruato-

118 2309 337 2366 remque
385 2295 786 2361 credentium,
816 2297 991 2353 deum
1024 2303 1275 2355 aeterne.
1300 2299 1763 2356 immortalitatis

119 2386 412 2440 auctorem.
454 2384 669 2440 fratres
721 2385 1112 2444 dilectissimi.
1148 2387 1525 2443 unianimiter
1574 2389 1761 2444 domi-

129 2486 253 2525 num
285 2472 720 2544 depraecemur.
746 2479 811 2529 ut
842 2475 1009 2531 nobis
1044 2476 1274 2548 pietatis
1301 2494 1441 2533 suae
1463 2478 1615 2533 dono
1638 2478 1763 2548 spi-

126 2558 259 2615 ritali
293 2563 303 2629 |
336 2562 801 2620 misericordiam
847 2564 1248 2621 indeficienter
1280 2566 1582 2646 imperciat
1612 2585 1668 2640 p.
1702 2567 1761 2623 d.

186 2650 436 2716 (collectio
467 2659 599 2708 ante
623 2656 895 2722 nomina.)
920 2659 1070 2711 Deus
1114 2656 1213 2728 qui
1256 2672 1359 2729 pro
1401 2657 1764 2729 magnitudi-

130 2753 247 2793 nem
268 2742 424 2795 tuam
449 2758 554 2814 per
577 2741 854 2798 uniuersa
868 2743 1228 2800 deifunderis
1249 2752 1304 2801 et
1325 2746 1423 2801 ubi
1438 2747 1549 2818 (27)
1568 2751 1765 2801 tamen

130 2828 269 2882 totus
315 2829 579 2886 adsistis.
632 2830 941 2888 discriteus
985 2833 1095 2905 (28)
1134 2833 1398 2889 omnium
1442 2834 1769 2891 uoluntatis

133 2914 504 2985 qualitatebus
526 2918 675 2976 locis
700 2921 1063 2994 temporibus
1085 2923 1278 2995 adque
1299 2924 1584 2996 personis.
1611 2928 1771 2979 uoto-

135 3019 251 3059 rum
296 3007 562 3063 omnium
611 3025 811 3082 capax.
837 3010 1201 3082 propiciatus
1249 3011 1479 3067 exaudi.
1505 3012 1646 3068 dum
1696 3013 1767 3068 ad

136 3098 358 3151 cunctus
380 3097 652 3170 adspices
686 3098 849 3155 foues
872 3099 981 3173 (29)
997 3101 1285 3158 omnebus
1307 3101 1623 3157 misereris.
1645 3102 1767 3173 p.d.

196 3185 322 3254 (post
336 3184 608 3258 nomina.)
624 3186 883 3243 Recitata
907 3188 1148 3244 nomina
1168 3189 1443 3245 dominus
1464 3190 1771 3246 benedicat

137 3273 185 3324 et
208 3248 422 3347 accept-
452 3276 462 3345 |
493 3278 557 3331 ta
580 3248 657 3331 sit
686 3275 924 3333 domino
958 3276 1041 3333 uti
1073 3277 1250 3334 huius
1275 3277 1512 3336 oblatio.
1556 3279 1769 3336 nostri-
1798 3248 1842 3317 α

96 3359 104 3369 ’
138 3374 264 3430 sque
309 3365 631 3435 praecebus
678 3365 1023 3424 intercessio
1054 3367 1427 3441 suffragetur.
1468 3367 1772 3442 spiritibus

139 3462 345 3522 quoque
362 3452 643 3510 karorum
666 3457 1001 3512 nostrorum
1024 3454 1196 3512 laetis
1217 3456 1459 3513 sedibus
1476 3456 1771 3530 conquiis-

136 3544 271 3593 cant.
295 3544 347 3595 et
366 3541 543 3619 primi
568 3542 680 3615 (30)
706 3543 1150 3602 resurrectionis
1173 3545 1390 3619 gaudia
1410 3562 1770 3618 consequan-

135 3627 233 3681 tur.
267 3645 319 3700 p.
352 3631 408 3687 d.
442 3616 573 3689 5'13.

196 3716 279 3779 (ad
300 3726 529 3792 pacem).
557 3722 778 3778 Exaudi
803 3740 909 3779 nos
937 3724 1080 3780 deus
1105 3723 1392 3780 salutares
1416 3724 1528 3794 (31)
1551 3728 1769 3780 noster.

137 3805 182 3856 et
203 3803 255 3859 in
277 3811 569 3867 consortio
594 3829 700 3868 nos
722 3812 1061 3869 diuinorum
1084 3813 1507 3870 sacriﬁciorum
1531 3813 1773 3887 dignan-

139 3893 222 3946 tur
248 3895 500 3956 admitte.
537 3900 649 3957 hac
678 3902 793 3974 (32)
826 3919 1028 3974 pacem
1061 3907 1225 3958 tuam
1273 3902 1563 3976 benignus
1591 3902 1772 3976 largi-

140 3995 207 4035 re.
238 4000 289 4056 p.
320 3986 376 4041 d.
1323 4048 1339 4060 _

202 4073 567 4151 (contestatio.)
620 4079 870 4152 Dignum
919 4085 977 4137 et
1022 4080 1244 4138 iustum
1295 4085 1403 4136 est.
1451 4099 1669 4155 equum
1717 4087 1775 4138 et

141 4163 337 4221 iustum
367 4171 454 4222 est
482 4173 548 4223 ut
579 4172 635 4224 te
677 4174 877 4225 sancte
926 4174 1093 4243 pater
1138 4170 1511 4243 omnipotens
1562 4175 1775 4228 aeterne

201 4284 634 4363 (22)_Mabillon,
677 4293 801 4361 192,
850 4294 1026 4350 libera
1073 4311 1171 4351 nos
1212 4297 1281 4350 ab
1331 4297 1483 4350 omni
1526 4296 1695 4363 malo,
1727 4304 1782 4352 et

140 4358 449 4449 nos
480 4358 721 4449 inomni
762 4358 920 4449 opere
971 4366 1125 4449 bona;
1137 4366 1221 4449 AP.
1258 4366 1402 4449 189,“
1412 4367 1598 4449 liberti
1614 4358 1712 4449 nos
1743 4384 1778 4423 a

141 4428 341 4510 (calcet
386 4435 596 4510 custodi
641 4452 737 4491 nos
785 4428 846 4491 in
896 4438 1051 4493 bono.
1086 4437 1173 4493 Cf.
1208 4454 1306 4510 pp.
1334 4439 1461 4506 294,
1492 4440 1598 4492 297
1627 4438 1777 4494 Con-

142 4495 311 4583 Sljtut.
359 4504 603 4575 apostol.
654 4524 776 4574 VIIX,
820 4510 855 4563 8
884 4524 897 4562 ἒ
930 4514 1188 4579 Δεηθῶμεν
1209 4495 1343 4572 bitu;
1389 4495 1779 4583 ἀτίοστραφέντες
1808 4514 1858 4578 D

140 4577 407 4658 3??“le
430 4584 702 4658 ρθέξιεςςον,
752 4577 1192 4658 περσοικειρρῷσιμ
1204 4589 1341 4651 πάσῃ
1385 4577 1576 4658 «piget:
1598 4577 1773 4653 ἆγαθῆξ

145 4633 394 4723 Μίεςάξε.
430 4633 646 4704 Βαεῖιίίί
671 4633 1354 4721 assae;amasse:
1386 4633 1582 4723 eius
1602 4633 1776 4714 221's

143 4720 451 4803 ξα-ντῐξίργου
468 4730 689 4803 πρἝρρῦ
710 4720 967 4803 ἆπόστηρν
982 4729 1128 4779 παντί
1146 4729 1197 4779 δέ
1219 4730 1243 4778 ι
1247 4729 1345 4795 ργῷ
1358 4720 1523 4795 ἀξίαθῷ
1538 4731 1774 4796 σύναψον.

147 4776 415 4859 Eﬁlgpi'st.
449 4791 519 4845 ad
551 4776 749 4846 Titum
778 4776 865 4859 diu.
897 4776 948 4847 1⁷.

207 4853 792 4948 (⁵23)]ξ1ε11ξίιιοιηλ19ς),
833 4853 1034 4948 caelesti
1078 4864 1477 4948 cito-potaque
1526 4865 1773 4948 recreati.

147 4920 258 5017 ἓξὲξ,
286 4920 466 5017 segeti
489 4920 803 5017 spirituali'.
819 4936 1019 5017 cibonet
1048 4920 1257 4992 ccelem'
1272 4920 1466 5008 pacilio
1508 4920 1773 5009 reparati;

155 4990 628 5079 ἳθςξέρξξνξιαιίὺυε
650 5006 803 5077 pasti
828 4990 1029 5079 epulis.

214 5061 440 5150 (ἳάξβεῑ
485 5061 720 5150 tempus
767 5061 1047 5149 praesens,
1082 5077 1236 5134 sicut
1263 5082 1322 5135 et
1348 5080 1513 5147 vives,
1546 5078 1619 5136 ad
1652 5095 1775 5134 mo-

158 5129 531 5215 (Ιιξιξὶζιὶξιειιεδὲ⁷
546 5129 800 5203 Γὺὲίίὸωῗ

218 5203 319 5344 (25)
349 5203 557 5273 Eadem
589 5218 773 5275 oratio
803 5217 863 5274 in
895 5218 1079 5277 missa
1104 5221 1140 5276 6
1169 5219 1436 5277 habetur.

236 5276 316 5344 26)
346 5280 458 5342 Hoc
487 5293 575 5344 est
601 5298 839 5344 cunctos.

236 5276 316 5347 '26)
346 5280 458 5342 Hoc
487 5293 575 5345 est
601 5298 839 5347 cunctos.

346 5352 1051 5437 Mendumamanuensis.
1079 5363 1217 5436 Leg.
1251 5363 1471 5437 ubique.

236 5421 317 5490 28)
346 5422 457 5484 Hoc
487 5437 574 5488 est
601 5432 909 5490 discretim.

237 5489 318 5557 29)
346 5496 521 5557 Faces.

349 5567 568 5640 Primae,
590 5573 741 5649 sicut
763 5576 914 5649 apud
950 5576 1172 5633 Mabill.
1195 5576 1329 5649 292,
1349 5579 1409 5633 in
1435 5580 1621 5649 prima
1648 5596 1777 5635 ana-

160 5630 416 5723 {535:ch
441 5630 638 5723 sanctis
668 5654 720 5702 σε
748 5630 1779 5723 castigata'zscgt.’pessis.

162 5710 464 5771 surrectione
487 5716 663 5795 Apoc.
694 5734 787 5789 xx,
820 5719 884 5791 5;
918 5720 943 5777 Ι
974 5710 1183 5780 Thess.
1216 5736 1293 5795 xv,
1326 5710 1412 5777 1⁷6.

303 5423 321 5631 ξ

1867 604 2065 660 omnia
2097 611 2396 662 momenta
2437 623 2803 662 ueneremur.
2827 606 2931 662 tibi
2965 607 3259 681 supplices
3308 611 3516 667 simus.

1866 693 1972 748 tibi
2005 694 2337 750 deferamus
2363 694 2589 767 praecis
2612 695 2742 767 (33),
2768 699 2823 751 te
2845 695 2984 752 totis
3005 696 3211 753 stodiis
3234 704 3291 754 et
3311 700 3522 755 effecti-

1868 783 1979 839 bus
2002 784 2113 856 (34)
2135 785 2469 840 adoremus.
2496 784 2643 840 deus
2666 784 2767 856 qui
2792 785 2945 842 ultra
2965 786 3244 843 omnibus
3263 789 3373 860 (35)
3402 788 3521 845 uir-

1867 871 2032 929 tutis.
2066 872 2221 929 ultra
2248 872 2441 930 omnis
2472 889 2535 929 es
2566 874 2892 944 potestatis.
2925 875 3076 930 deux
3107 876 3523 934 uniuersorum

1869 960 2101 1018 arbiter.
2118 962 2301 1034 judex
2317 967 2697 1019 secretorum.
2715 980 2889 1035 quem
2910 963 3053 1019 caeli
3078 969 3135 1020 et
3155 968 3330 1021 terra.
3347 983 3523 1039 quem

1871 1050 2061 1123 angeli
2097 1055 2105 1120 |
2138 1056 2195 1107 et
2219 1051 2757 1124 archangeli.quem
2782 1051 2973 1107 throni
3003 1057 3061 1108 et
3082 1052 3521 1112 dominationis.

1868 1155 2043 1211 quem
2077 1140 2381 1196 cherubin.
2407 1145 2462 1196 et
2492 1139 2725 1216 seratin.
2762 1140 3098 1196 incessabili
3130 1159 3272 1199 uoce
3298 1143 3524 1216 procla-

1869 1233 2033 1284 mant
2063 1229 2345 1285 dicentes.
2379 1230 2480 1287 SS.
2506 1214 2661 1286 ’πῖ
2692 1214 2798 1287 ἓξ.

1937 1318 2581 1391 (contestatio.)Dignum
2624 1324 2678 1374 et
2712 1317 2933 1375 iustum
2948 1324 3055 1377 est.
3072 1321 3291 1377 nostibi
3307 1320 3525 1395 gratias

1866 1423 2036 1480 agere
2067 1407 2301 1462 domine
2331 1408 2477 1462 deus
2509 1426 2613 1481 per
2640 1395 2788 1482 Χῖἇῖ
2820 1396 2958 1466 dli—ni
2990 1409 3174 1465 filium
3206 1414 3397 1465 tuum.
3418 1427 3525 1483 qui

1866 1513 2000 1552 cum
2022 1497 2166 1552 deus
2179 1500 2332 1552 esset
2348 1500 2639 1553 aeternus.
2656 1498 2830 1555 homo
2849 1498 2971 1555 fieri
2997 1515 3100 1571 pro
3118 1502 3319 1554 nostra
3330 1499 3520 1556 salute

1865 1585 2142 1659 dignatus
2166 1592 2273 1641 est.
2298 1585 2342 1641 Ο
2362 1585 2531 1643 unice
2561 1587 2880 1660 singulare.
2905 1592 2962 1643 et
2987 1585 3293 1660 multiplex
3323 1587 3517 1644 salua-

1866 1674 2009 1730 toris
2042 1674 2225 1731 nostri
2260 1674 2625 1747 mysterium.
2650 1694 2785 1732 nam
2825 1693 2977 1732 unus
3004 1676 3277 1748 idemque
3299 1681 3355 1732 et
3375 1677 3521 1733 deus

1866 1781 2139 1820 summus
2170 1769 2225 1819 et
2254 1767 2429 1819 homo
2459 1766 2771 1837 perfectus,
2806 1766 2815 1836 |
2848 1769 2905 1820 et
2926 1765 3185 1838 pontifex
3207 1765 3522 1822 maximus.

1868 1857 1925 1909 et
1956 1852 2227 1908 sacrificii
2261 1852 2753 1909 sacratissimum.
2780 1855 3106 1909 secundum
3133 1852 3401 1910 diuinam
3434 1870 3532 1925 po-

1870 1940 2115 1997 tentiam
2142 1940 2357 1996 creavit
2379 1941 2597 1997 omnia.
2615 1942 2943 1997 secundum
2976 1941 3298 1997 humanam
3321 1941 3491 1997 condi
3511 1971 3531 1984 -

1871 2030 2090 2085 tionem
2112 2028 2507 2102 liberabit(36)
2521 2029 2841 2085 hominem.
2861 2030 3184 2086 secundum
3204 2029 3326 2085 uim
3348 2029 3527 2086 sacri-

1870 2118 1986 2175 ficii
2019 2118 2275 2191 expiauit
2307 2117 2750 2175 conmaculatus
2779 2118 2911 2192 (37).
2947 2118 3273 2175 secundum
3300 2119 3404 2191 jus
3435 2135 3530 2175 sa-

1872 2208 2125 2264 cerdocii
2159 2206 2560 2264 reconciliauit
2590 2209 2868 2264 oll‘cnsus.
2899 2207 2942 2262 Ο
2975 2207 3144 2264 unice
3174 2208 3530 2280 redemptio-

1872 2298 1985 2355 nis.
2010 2297 2359 2370 mysterium
2396 2295 2713 2370 singulare.
2747 2297 2805 2352 in
2838 2314 2954 2369 quo
2994 2301 3225 2353 uetusta
3260 2295 3362 2353 illa
3399 2296 3529 2352 uul-

1872 2404 2031 2443 nera.
2059 2403 2207 2442 nova
2238 2386 2476 2441 domino
2505 2386 2618 2457 (38)
2643 2385 2933 2442 medicina
2970 2386 3222 2441 sanauit.
3254 2389 3313 2441 ct
3357 2385 3532 2459 primi

1872 2474 2131 2530 hominis
2162 2474 2449 2547 praeiudi-
2483 2476 2492 2543 Ι
2526 2473 2635 2529 cia.
2669 2473 2958 2530 salutares
2983 2474 3166 2529 nostri
3190 2474 3533 2547 praeuiligia

1874 2565 2239 2620 resciderunt
2262 2562 2356 2618 ille
2379 2562 2886 2634 concupiscentiae
2908 2563 3235 2635 exagitatus
3257 2563 3529 2619 stimolis.

1873 2654 1969 2709 hic
1999 2652 2682 2719 oboedientim,confixus
2702 2655 2791 2707 est
2814 2651 3019 2707 clauis.
3043 2650 3138 2707 ille
3161 2653 3233 2707 ad
3264 2652 3532 2708 arborem

1878 2760 2091 2798 manus
2126 2742 2560 2798 incontinenter
2599 2741 2875 2796 extendit.
2910 2741 3019 2795 iste
3056 2740 3127 2797 ad
3168 2757 3399 2797 crucem
3431 2759 3531 2814 pa-

1875 2833 2097 2888 eionter
2117 2831 2364 2898 abtauit,
2386 2830 2482 2886 ille
2506 2831 2807 2903 uoluptate
2823 2829 3093 2885 inlecitus
3114 2834 3326 2902 gustus
3349 2829 3535 2903 exple-

1876 2922 1981 2977 bit.
2008 2922 2118 2976 iste
2148 2920 2412 2976 cruciatu
2446 2919 2707 2974 indebite
2737 2919 2964 2975 dolores
2986 2918 3095 2990 (39)
3139 2919 3390 2975 afflictus
3422 2922 3529 2976 est.

1879 3012 2007 3067 ideo
2042 3008 2248 3066 merito
2296 3026 2483 3081 poena
2530 3007 2896 3064 innocentiae
2926 3008 3078 3063 facta
3123 3011 3212 3062 est
3242 3006 3532 3064 absolutio

1878 3101 2181 3156 debetores
2194 3098 2348 3169 jure.
2369 3097 2583 3153 etenim
2602 3096 2835 3153 obnoxii
2858 3097 3251 3152 demittuntur
3264 3096 3462 3152 debita
3493 3100 3503 3166 Ι

1880 3205 2029 3262 quae
2058 3205 2163 3260 pra
2193 3187 2276 3244 eis
2316 3186 2414 3242 ille
2444 3186 2543 3258 qui
2577 3184 2724 3241 nihil
2774 3184 3024 3242 hebebat
3071 3184 3345 3241 absoluit.
3376 3186 3531 3258 quod

1880 3277 2178 3351 singulare
2221 3275 2573 3350 mystirium.
2598 3291 2713 3329 non
2736 3272 2929 3329 solum
2956 3272 3224 3329 homines
3251 3272 3310 3328 in
3341 3272 3530 3330 terris.

1882 3381 2091 3423 uerum
2149 3363 2347 3421 etiam.
2408 3362 2598 3436 angeli
2652 3366 3015 3418 uenerantur
3070 3361 3130 3417 in
3188 3360 3384 3418 caelis.
3440 3360 3534 3418 cui

1882 3472 1975 3511 me
2009 3455 2140 3528 (40).
3088 3449 3097 3457 ’

1954 3546 2091 3617 (post
2119 3543 2383 3613 sanctus.)
2405 3540 2551 3597 Uere
2590 3544 2848 3597 sanctus.
2882 3557 3019 3597 uere
3060 3540 3402 3596 benedictus
3425 3541 3534 3596 do-

1883 3634 2083 3690 minus
2116 3636 2311 3689 noster
2340 3632 2449 3689 Jhs
2478 3617 2608 3704 ΧῙἘ
2630 3631 2786 3687 (ilius
2815 3634 2958 3687 tuus
2991 3629 3125 3701 (41).
3154 3629 3253 3703 qui
3286 3629 3496 3703 pridie.

1953 3727 2094 3796 (post
2118 3723 2484 3796 mysterium.)
2506 3721 2737 3778 Domini
2765 3737 2829 3776 ac
2857 3719 2948 3776 dei
2978 3717 3164 3776 nostri
3192 3718 3535 3792 sempiterni

1883 3812 2127 3887 gloriam
2168 3814 2602 3886 depraecemur.
2636 3810 2860 3866 orantis
2900 3810 2989 3878 42)
3024 3808 3105 3864 uti
3154 3808 3263 3865 hoc
3313 3809 3535 3865 sacrifi-

1883 3902 2038 3958 cium
2069 3905 2172 3958 tua
2200 3901 2623 3957 benedictione.
2647 3898 2985 3955 benedictas
3006 3902 3062 3953 et
3085 3898 3270 3955 sancti
3293 3897 3537 3970 spiritus

1881 3991 1968 4048 tui
2000 4008 2129 4047 rore
2149 3990 2487 4063 perfundas.
2514 3993 2580 4044 ut
2606 3986 3026 4063 accipientibus
3048 3986 3361 4043 uniuersis.
3395 3986 3535 4059 legi-

1882 4081 2026 4137 tima
2046 4080 2124 4137 sit
2150 4061 2518 4135 eucharestia
2540 4079 2652 4151 (43)
2673 4095 2775 4151 per
2802 4061 2939 4135 δτι-ὦ
2970 4078 3117 4150 Xpm
3151 4075 3336 4131 tilium
3368 4080 3536 4131 tuum

1883 4171 2059 4226 deum
2090 4186 2155 4226 ac
2182 4168 2488 4225 dominum
2516 4171 3107 4238 conseruatoremque
3129 4169 3418 4221 nostrum.
3442 4164 3536 4220 cui

1960 4295 2070 4365 (31)
2098 4293 2214 4348 Hoc
2243 4295 2345 4365 est
2358 4291 2644 4365 salutaris.

1957 4357 2091 4432 (32).
2126 4366 2293 4419 Hanc.
2318 4362 2616 4417 Omissum
2649 4365 2739 4417 est
2768 4358 3178 4416 abreviationis
3208 4357 3468 4430 signum.

1978 4436 2068 4505 33)
2100 4435 2216 4490 Hoc
2246 4438 2336 4505 est
2358 4449 2563 4505 preces.

1979 4504 2067 4578 34)
2099 4504 2406 4578 Affeclibus.

1979 4578 2066 4633 35)
2099 4578 2309 4633 Omnes.

1956 4642 2066 4721 (36)
2097 4649 2197 4704 Est
2228 4654 2463 4718 tempus
2487 4644 2830 4721 perfectum,
2854 4643 3014 4721 sicut
3027 4648 3085 4699 et
3102 4642 3255 4698 infra
3273 4642 3531 4714 explebit.

1955 4715 2066 4790 (37)
2101 4721 2200 4777 Est
2227 4715 2422 4775 acetis.
2453 4715 2631 4790 plur.,
2664 4717 2819 4772 sicut
2847 4720 2904 4771 et
2933 4715 3189 4788 offensus.

1957 4791 2065 4866 (38)
2102 4791 2346 4866 ροιηίηίο

1955 4856 2068 4935 (39)
2103 4863 2220 4919 Hoc
2250 4865 2340 4935 est
2367 4859 2592 4935 doloris,
2625 4858 2778 4935 sicut
2805 4856 3275 4935 infra_c_lel)etores.

1955 4928 2068 5004 (40)
2099 4936 2244 4990 Tota
2274 4930 2539 4988 clausula
2567 4928 2657 4987 est
2686 4933 2743 4986 et
2772 4929 2929 5002 apud
2961 4928 3205 4997 Mabill.,
3230 4943 3362 5001 pag.
3399 4928 3535 4984 195-

1883 5006 2068 5151 ἓοῗιὴ)
2102 5076 2238 5151 Post
2263 5083 2483 5151 sanctus
2527 5072 2879 5151 sequiturjn
2910 5071 3375 5151 Cpnstit._apost.
3408 5088 3532 5138 VIII,

1888 5143 1975 5217 12,
2008 5143 2220 5203 similis
2249 5146 2454 5212 oratio,
2488 5143 2659 5217 cujus
2688 5143 2926 5200 initium
2959 5145 3067 5201 hoc
3096 5148 3186 5200 est
3213 5143 3419 5215 :"Ayto;
3441 5152 3536 5215 γὰρ

1887 5226 1931 5276 εἷ
1947 5229 2008 5285 ὡς
2027 5227 2333 5287 ἀληθῶς-σού
2355 5224 2487 5280 me;
2508 5226 2676 5289 Κύριος
2694 5223 2835 5287 ἡμῶν
2853 5223 2936 5273 καί
2952 5224 3068 5280 Θεός
3088 5225 3258 5297 Introiit:
3276 5222 3303 5272 ὁ
3322 5220 3534 5339 Eam“.

1887 5289 1968 5346 Cf.
2032 5290 2279 5346 missam
2336 5289 2396 5345 S.
2456 5286 2655 5344 Basilii
2713 5288 2868 5346 apud
2926 5287 3096 5345 Goar.
3157 5287 3270 5342 th.
3380 5299 3531 5346 τωο..

1887 5304 1968 5348 ω’.
2032 5306 2279 5346 missam
2336 5304 2396 5345 δ.
2457 5304 2655 5344 υθειιιι
2713 5304 2868 5359 apud
2926 5304 3096 5345 uoar.
3158 5304 3270 5342 uit.
3331 5304 3531 5347 uram,

1979 5364 2101 5431 142,
2158 5366 2215 5417 et
2262 5360 2563 5433 liturgiam
2613 5359 2672 5415 S.
2720 5358 2925 5416 Jacobi
2978 5376 3071 5431 ap.
3113 5355 3439 5421 Renaudot,
3473 5369 3532 5419 ιι,

1959 5476 1978 5578 ξ

1958 5581 2011 5645 (4

1886 5648 2011 5715 251,

1886 5734 2052 5790 verae,
2078 5734 2263 5797 purae,
2297 5718 2581 5788 legitimae.

1982 5506 2075 5572 42)
2102 5504 2207 5560 Est
2236 5519 2395 5558 nom.
2429 5500 2581 5575 plur.

2158 5689 2170 5702 .
2204 5648 2316 5735 lta'
2345 5635 2645 5735 inmmissa
2674 5646 2708 5701 4
2755 5649 2812 5701 et
2859 5644 2917 5698 in
2946 5635 3166 5709 5,'cum
3224 5635 3601 5735 pradicatoj.

3074 5726 3569 6081 Γ

1982 5506 2075 5631 ἐξ)
2102 5504 2464 5631 Eii/1312535:
2468 5500 2723 5630 lllcl’ritima
2762 5573 2935 5629 etiam
2968 5570 3123 5643 apud
3157 5563 3376 5624 Mabill.
3406 5565 3533 5631 202,
3606 5492 3752 5655 ,Α

1981 5690 2011 5703 ..
2204 5648 2290 5703 lta
2345 5646 2405 5700 in
2462 5592 2645 5702 mi'ssa
2674 5646 2708 5701 4
2755 5649 2812 5701 et
2859 5644 2917 5698 in
2946 5644 3002 5703 5.
3030 5656 3166 5697 cum
3224 5635 3534 5703 medicato
3578 5668 3601 5703 λ.
