3844 6200
345 366 467 427 867

1132 361 1470 421 APPEND.
1513 360 1616 418 AD
1662 357 1852 418 SIEC.
1896 356 1968 414 Χ.
2002 387 2079 397 -—
2116 352 2619 414 MUNUMENTA
2664 353 2978 414 LITURG.
3660 346 3752 406 ω

290 486 301 498 ’
346 502 436 556 est
466 501 607 572 aput
636 501 692 554 te
722 496 957 554 domine
988 511 1120 551 cum
1153 493 1427 566 spiritum
1458 494 1727 548 sanetum
1759 488 1870 560 (44)
1904 504 1997 544 re-
2024 486 2079 554 Α
2112 486 2434 557 eademque
2465 485 2524 541 in
2554 488 2818 543 sanctam
2839 484 3166 543 trinitatem
3187 483 3376 539 trium
3392 495 3755 572 personarum

345 604 530 661 gnum
578 586 1002 660 sempiternum
1035 587 1315 658 perpetua
1345 580 1630 637 diuinitas
1683 578 1740 633 in
1790 576 2005 634 saecula

346 675 682 733 seculorum
714 690 883 730 amen
918 674 1049 747 (45).

988 760 1203 832 (Μιςετι
1241 760 1363 828 1n.)

418 851 1211 924 (collectio.)Oinnipotentem
1238 850 1413 905 deum
1450 847 1505 902 in
1539 846 1865 904 trinitatem
1888 845 2000 913 (46)

347 938 703 1006 uenerabilis
732 939 1154 997 subsistentem
1185 943 1411 1012 patrem
1436 934 1782 991 diuinitatis.
1808 937 2000 988 aucto-

345 1046 489 1099 rem,
526 1029 713 1087 ﬁlium
744 1046 878 1086 eum
920 1033 1148 1101 patrem
1199 1043 1432 1098 semper
1478 1029 1773 1081 extantem
1802 1020 2002 1078 omnia

344 1116 580 1179 saecula.
610 1113 1193 1177 consubstantialiter
1215 1119 1271 1172 et
1300 1116 1311 1186 ι
1346 1113 1666 1187 aequaliter
1698 1109 2001 1166 dominan-

341 1209 481 1261 tem.
510 1206 717 1261 fratres
750 1204 1045 1261 karissimi
1075 1204 1211 1276 (47).
1234 1201 1566 1260 dilectionis
1587 1200 1997 1273 plinitudinem

340 1293 780 1366 depraecemur.
810 1297 871 1365 ut
903 1292 1102 1357 siusus
1134 1292 1321 1348 nostri
1352 1290 1630 1347 terrensis
1657 1289 1883 1345 actibus
1915 1305 2001 1344 se-

339 1382 582 1456 gregati.
625 1380 709 1436 illi
766 1380 1254 1453 inseparabiliter.
1288 1379 1650 1452 copoleutur.
1685 1395 1720 1434 a
1766 1394 1881 1450 quo
1938 1394 2001 1432 se

338 1468 713 1543 intellegunt.
738 1468 1031 1542 accepisse
1065 1468 1219 1541 quod
1255 1469 1489 1524 uiuunt.
1513 1471 1570 1522 et
1598 1484 1732 1522 cum
1765 1471 2001 1521 auctore

340 1576 447 1614 suo
468 1574 529 1614 se
546 1557 935 1613 humiliando.
960 1574 1126 1613 mens
1145 1558 1357 1615 deuota
1374 1554 1757 1618 subdederint
1776 1572 2002 1627 repara-

340 1651 437 1701 tur
464 1649 667 1707 noster
704 1645 935 1701 exaltet.
970 1644 1267 1701 inclinata.
1303 1644 1627 1700 maiestatis
1674 1642 1995 1717 potentiam

338 1751 493 1808 quos
525 1733 793 1803 redemit.
824 1750 882 1807 p.
910 1733 968 1788 d.

420 1823 565 1895 (ante
588 1824 861 1892 nomina.)
891 1820 1047 1878 Deus
1076 1821 1177 1897 qui
1208 1822 1618 1878 exuberantem
1640 1820 1856 1877 fontem
1890 1820 1997 1879 mi-

337 1912 589 1968 sericor-
623 1912 634 1981 Ι
666 1910 814 1966 diae.
848 1911 1052 1965 tardus
1083 1911 1153 1965 ad
1188 1910 1448 1966 uindicta
1479 1910 1612 1983 (48).
1642 1908 1903 1965 celeriter
1924 1908 1995 1964 ad

336 1999 595 2055 ueniam.
631 2014 807 2070 quem
855 2003 1229 2071 peccatorum
1276 2004 1613 2055 nostrorum
1664 2014 1779 2054 non
1831 1998 1995 2070 igno-

336 2088 526 2143 rantia
566 2091 822 2144 reuocat.
858 2088 961 2144 sed
1007 2088 1291 2160 patientia
1339 2087 1659 2144 clementer
1706 2090 1994 2160 expectat.

336 2175 664 2250 propiciosa
685 2194 719 2231 a
737 2175 847 2248 (49)
867 2175 1034 2231 nobis
1055 2180 1110 2231 te
1133 2175 1392 2251 indulge.
1415 2174 1797 2230 intellectum.
1818 2173 1994 2246 dilige

335 2263 616 2320 dilectum
659 2264 1301 2339 inrepraehinsibiliter.
1335 2263 1586 2319 emitari.
1633 2269 1696 2319 ut
1726 2263 1991 2319 uitantis.

336 2353 435 2424 qui
463 2352 749 2411 morimur
768 2350 1076 2442 unlimus
1098 2353 1347 2410 accidire
1368 2355 1481 2424 (50)
1517 2357 1573 2408 te
1614 2352 1853 2424 praeuio
1877 2369 1993 2424 quo

337 2442 634 2496 uiuamus.
670 2457 729 2513 p.
765 2439 822 2496 d.
860 2439 981 2495 nm'.

407 2532 548 2601 (post
576 2529 849 2601 nomina.)
881 2529 1333 2602 Propiciatorem
1377 2529 1592 2585 nostris
1633 2529 1989 2586 facinoribus

339 2619 549 2674 fratres
579 2616 974 2675 amantissimi
1008 2634 1178 2673 uene-
1210 2620 1220 2687 Ι
1252 2617 1516 2673 rabiliter
1546 2617 1829 2691 supplicis
1859 2636 1990 2674 exo-

339 2721 558 2761 remus.
587 2709 651 2759 ut
681 2704 935 2765 recitatis
967 2706 1305 2761 nominibus
1338 2706 1742 2762 defunctorum
1766 2708 1881 2778 (51)
1911 2707 1995 2762 di-

337 2797 588 2869 gnanter
608 2809 854 2849 munera
883 2793 1155 2867 respiciat
1183 2795 1555 2861 ott'erentum,
1586 2799 1651 2851 ut
1680 2812 1798 2851 suae
1830 2801 1990 2869 pote-

338 2880 1063 2958 statigganctiflcationem
1098 2885 1210 2956 (52)
1242 2883 1470 2958 largita.
1503 2883 1673 2940 haec
1720 2884 1990 2940 oblatio

340 2971 406 3027 in
437 2953 564 3045 x'ﬁ'i
591 2988 883 3047 corpore
914 2974 979 3026 et
1017 2988 1265 3027 cruore
1304 2989 1651 3030 conuersa
1687 2973 1986 3048 provieiat,

336 3060 626 3124 defunctis
647 3061 721 3117 ad
744 3060 1005 3137 requiem
1032 3060 1152 3116 fiat.
1179 3060 1556 3118 offerentibus
1578 3061 1649 3117 ad
1675 3063 1989 3119 mercidem

337 3148 579 3206 maniat.
616 3148 989 3209 sumentibus
1019 3149 1091 3206 ad
1118 3149 1398 3216 salutem,
1432 3168 1487 3223 p.
1522 3152 1579 3206 d.
1614 3137 1737 3209 ῐῖᾶῖ.

2115 574 2532 631 substantiam.
2558 579 2866 630 coaeterna
2897 578 3114 631 essent.
3138 577 3197 629 et
3229 588 3348 629 non
3371 570 3633 627 discreta
3648 584 3755 623 coa-

2113 663 2329 720 cordia.
2356 662 2618 735 aequalis
2650 663 2929 736 potentia.
2957 661 3237 718 uoluntas
3261 659 3452 719 unita.
3481 661 3616 730 ipsa
3634 658 3757 729 apud

2113 769 2175 808 se
2207 769 2580 825 permanens.
2616 757 2749 813 ante
2790 756 3059 824 tempora
3096 750 3387 811 uniuersa
3416 747 3515 803 uel
3559 745 3761 805 saecula

2112 840 2260 898 nihil
2285 840 2438 897 ultra
2459 858 2521 897 se
2549 840 2791 897 habens.
2816 839 2961 899 nihil
2988 839 3146 899 intra
3163 857 3229 897 se
3251 837 3559 895 nesciens.
3583 844 3761 894 cum

2112 930 2579 1004 supereminens.
2614 935 2669 985 et
2699 947 2762 986 se
2793 929 3021 986 cunctis
3058 928 3405 995 infundens,
3428 925 3579 983 ’loea
3604 926 3758 980 conti-

2111 1038 2276 1077 nens.
2311 1024 2368 1076 et
2413 1018 2557 1075 locis
2598 1019 2900 1077 excedens.
2935 1017 3157 1074 nullius
3191 1022 3201 1088 |
3234 1017 3541 1090 indigens.
3573 1020 3629 1071 et
3655 1030 3760 1071 om-

2112 1109 2211 1164 nia
2239 1108 2563 1180 complens,
2596 1124 2865 1164 sermone
2910 1106 3245 1164 ineffabilia.
3285 1105 3522 1167 uirtute
3552 1104 3755 1159 efficaL

2110 1198 2219 1254 etsi
2252 1215 2392 1254 uoce
2425 1215 2540 1253 non
2570 1214 2752 1270 capax
2797 1196 2920 1255 solo
2958 1201 3248 1270 praeepto
3298 1193 3627 1269 potentiae.
3656 1208 3760 1247 cae-

2109 1286 2233 1343 lum
2264 1292 2479 1342 terram
2512 1285 2699 1342 maria
2730 1304 2865 1341 cum
2915 1286 3042 1343 suis
3090 1285 3302 1341 formis
3351 1285 3413 1341 in
3462 1280 3760 1355 generibus

2110 1377 2450 1448 procreasti.
2476 1375 2575 1432 sed
2605 1374 2756 1432 inter
2777 1374 3032 1446 reliquas
3054 1373 3454 1433 animantium
3481 1376 3762 1427 creaturas

2108 1469 2165 1519 et
2177 1466 2287 1534 (56)
2304 1463 2658 1537 peculiarius
2681 1464 2738 1519 in
2757 1469 2858 1519 tua
2878 1463 3050 1518 laude
3071 1462 3331 1529 uiuerint
3347 1464 3465 1532 (57)
3481 1459 3762 1523 hominem

2110 1554 2181 1609 ad
2213 1553 2531 1626 imaginem
2558 1552 2615 1607 in
2638 1551 3084 1609 similitudinem
3120 1550 3479 1613 beatissima
3500 1549 3762 1606 trinitatis

2109 1642 2433 1698 eondedisti
2481 1646 2545 1699 ut
2595 1642 2935 1699 conlocatus
2995 1642 3052 1696 in
3112 1640 3414 1703 suauitate
3472 1638 3760 1714 ρει-δόξ’Ξί

2109 1728 2359 1786 creaturi
2391 1731 2676 1798 seruiens,
2701 1728 2987 1786 creaturis
3020 1728 3264 1801 reliquis
3307 1727 3652 1802 imperavit.
3681 1731 3695 1796 ι
3720 1730 3761 1781 et

2109 1819 2215 1874 tibi
2252 1817 2498 1874 fideliter
2545 1817 2880 1874 famolando
2909 1816 3137 1874 haberit
3178 1816 3235 1872 in
3269 1815 3408 1875 aliis
3456 1816 3759 1891 generibus

2108 1907 2609 1963 dominatum.sed
2637 1905 2933 1979 culpa(58)
2950 1906 3472 1979 praeuarecatione
3490 1904 3755 1963 admissa.

2106 1996 2343 2053 homine
2383 1998 2660 2069 proiecto.
2686 1996 2755 2052 de
2786 1994 2902 2050 vita
2946 1995 3235 2068 paradissi
3289 1995 3595 2051 successit
3621 2010 3757 2051 mors

2105 2086 2176 2141 de
2206 2103 2412 2158 poena.
2435 2090 2681 2159 peccati.
2704 2088 2765 2141 et
2790 2084 3011 2145 iacebat
3042 2084 3100 2139 in
3125 2084 3410 2153 tenebris,
3435 2090 3579 2140 tuae
3609 2083 3757 2139 lucis.

2106 2174 2268 2229 iussa
2306 2178 2707 2230 contemnens.
2733 2173 2885 2229 inter
2914 2171 3023 2230 hoc
3055 2171 3256 2229 nullus
3285 2176 3437 2230 erat.
3461 2172 3569 2246 qui
3608 2188 3760 2227 caeco

2104 2261 2305 2318 lumen
2336 2262 2677 2318 ostenderit.
2703 2266 3122 2335 postramanuu
3150 2260 3263 2335 (59)
3286 2262 3622 2337 porregerit
3642 2261 3757 2332 (60).

2104 2351 2248 2407 exoli
2282 2351 2531 2425 patriam
2564 2350 2837 2407 redderit.
2865 2349 3095 2423 sepulto
3124 2348 3279 2407 uitae
3312 2367 3569 2405 munera
3599 2349 3760 2405 refor-

2104 2441 2299 2496 marit.
2334 2445 2397 2496 tu
2430 2445 2625 2496 autem
2659 2439 2905 2495 climens
2944 2444 3001 2495 et
3047 2439 3315 2495 conditor
3344 2439 3569 2495 condo-
3600 2442 3617 2509 ι
3646 2436 3758 2500 lens
3838 2488 3839 2499 χ

2102 2534 2205 2585 tuo
2235 2528 2460 2585 homini
2488 2527 2911 2602 praeualuisse.
2936 2527 3168 2600 culpam
3200 2527 3451 2602 peccati,
3477 2532 3545 2582 ut
3578 2528 3758 2582 iacens

2102 2618 2380 2692 potuissit
2408 2617 2572 2692 erigi.
2606 2618 2678 2673 ad
2709 2616 2879 2674 illum
2923 2616 3206 2673 inclinata
3240 2615 3509 2691 potentia
3539 2616 3757 2671 discen-

2102 2707 2257 2765 disti.
2284 2707 2343 2762 in
2376 2706 2483 2763 hoc
2523 2705 2678 2762 enim
2729 2722 3037 2779 personam
3062 2706 3171 2777 (6t)
3205 2704 3496 2779 unigeniti
3533 2704 3617 2761 ﬁli
3657 2703 3756 2779 hu-

2102 2797 2403 2867 mana(6'2)
2422 2796 2613 2851 carnis
2648 2792 2993 2850 absoluit.et
3014 2793 3168 2867 quod
3192 2793 3580 2867 omnipotens
3609 2792 3756 2855 dedit
3840 2796 3841 2863 j

2103 2903 2207 2960 per
2227 2885 2503 2958 pietatem
2521 2882 2765 2940 humilis
2789 2882 3131 2939 reformauit
3147 2881 3375 2939 formis.
3392 2882 3581 2956 igitur
3594 2881 3757 2954 digne

2101 2976 2374 3048 proferat.
2401 2973 2555 3046 quod
2603 2972 2863 3045 indignis
2892 2971 3193 3045 praestetit
3232 2971 3466 3027 divinae
3504 2971 3753 3035 elemeno

2101 3063 2236 3119 tiae.
2265 3068 2319 3118 et
2348 3063 2523 3118 deum
2573 3060 3015 3117 admirabiliter.
3048 3061 3321 3117 uniretur
3368 3060 3674 3116 divinitas.
3702 3065 3752 3113 et

2098 3150 2325 3206 homini
2358 3167 2459 3222 per
2489 3150 2596 3205 deo
2629 3150 2933 3205 trebuetur
2960 3147 3274 3205 aeternitas
3303 3148 3439 3221 (63),
3472 3149 3570 3223 cui
3605 3164 3715 3204 me.

407 3238 499 3309 (ad
523 3238 917 3313 pacem.)Deus
957 3238 1312 3295 uniuersalis
1344 3244 1620 3295 creaturae
1652 3241 1993 3301 dominatur
2020 3228 2062 3294 C
2171 3238 2556 3311 (conlcsfatt'o.)
2585 3238 2837 3312 Dignum
2868 3242 2955 3293 est
2987 3237 3207 3294 iustum
3240 3242 3350 3292 est.
3377 3253 3514 3293 uere
3537 3252 3748 3310 equum

334 3328 449 3398 (53)
479 3332 537 3383 et
566 3327 857 3405 conditur.
888 3344 1062 3403 quem
1094 3343 1416 3403 agnuseere
1444 3327 1544 3383 lux
1574 3334 1681 3385 est.
1716 3335 1771 3385 et
1802 3330 1990 3386 colere

336 3414 497 3471 salus
530 3418 541 3486 Ι
572 3415 905 3472 desiderare
935 3432 1149 3471 corona
1198 3422 1304 3472 est.
1339 3416 1638 3490 suscipere
1688 3418 1990 3475 humilita-

334 3504 415 3561 tis
454 3508 688 3562 nostrae
735 3504 1004 3562 libenter.
1040 3509 1095 3561 et
1125 3504 1355 3561 tribuae
1386 3506 1669 3563 diuinatis
1719 3512 1853 3564 tuae
1901 3509 1988 3564 di-

334 3598 583 3668 gnanter
612 3593 861 3657 indulta.
896 3598 960 3649 ut
991 3594 1092 3666 qui
1126 3594 1360 3653 munira
1400 3594 1486 3649 tui
1531 3594 1770 3652 honoris
1800 3597 1988 3653 offeri-

335 3699 489 3739 mus.
515 3682 719 3757 culpae
769 3687 1003 3739 nostrae
1046 3683 1244 3739 debita
1292 3701 1406 3740 non
1457 3682 1717 3740 luamus.
1748 3686 1989 3759 deprae-

336 3775 536 3827 cantes
565 3775 631 3825 ut
652 3771 1008 3843 quicumque
1031 3772 1372 3845 junguntur
1392 3772 1462 3827 ad
1488 3773 1777 3829 osculum.
1803 3775 1993 3848 magis

335 3858 673 3931 inlegeutur
700 3858 811 3933 (54)
845 3858 1054 3914 affectu
1108 3864 1414 3915 teneantur
1452 3861 1563 3933 (55)
1601 3862 1711 3918 hoc
1762 3868 1993 3937 pectore

338 3947 492 4021 quod
527 3963 625 4003 ore
653 3949 967 4020 profertur.
1001 3965 1058 4020 ῃ.
1089 3964 1147 4021 q.
1181 3947 1222 4003 Ι.
1254 3947 1384 4003 Xm.

411 4035 786 4108 (σοηιεειιιιίο.)
818 4035 1072 4109 Dignum
1114 4039 1169 4091 et
1212 4034 1438 4092 iustum
1468 4042 1575 4094 est.
1610 4057 1744 4097 uere
1773 4058 1990 4116 equum

337 4129 395 4181 et
422 4124 644 4179 iustum
675 4126 783 4181 est.
816 4140 923 4180 nos
970 4124 1077 4180 tibi
1126 4124 1347 4198 gratias
1399 4142 1570 4199 agere
1599 4128 1990 4204 omnipotens.

337 4218 568 4270 aeterne
598 4214 761 4282 deus,
796 4215 807 4284 Ι
838 4217 1007 4286 pater
1051 4212 1350 4287 unigenite
1380 4214 1623 4288 spiritus
1672 4225 1891 4276 sancte.
1924 4238 1993 4276 ex

336 4307 501 4377 patre
531 4305 590 4359 et
631 4301 750 4359 ﬁlio
791 4301 1039 4380 mystica
1066 4304 1461 4377 processione.
1489 4306 1842 4366 subsistens.
1877 4328 1994 4367 una

410 4455 525 4527 (44)
556 4456 707 4512 Loco
734 4454 994 4513 oblativi.

407 4526 520 4597 (45)
552 4526 680 4582 Haec
712 4528 895 4583 missa
925 4544 1042 4600 non
1071 4530 1160 4582 est
1188 4526 1436 4600 integra,
1463 4544 1598 4584 nam
1624 4531 1840 4588 desunt
1870 4549 1998 4589 ora-

336 4597 527 4673 tiones
547 4603 693 4673 post
722 4598 1241 4673 consecrationem.
1277 4597 1580 4673 Duplicem
1613 4619 1784 4673 porro
1817 4603 1994 4661 habet

337 4667 738 4744 praefatin‘nem
770 4669 919 4725 sicut
947 4674 1004 4724 et
1034 4667 1160 4744 aliae
1190 4685 1259 4744 en
1289 4667 1692 4744 sequentibus.

544 4740 646 4825 llic
677 4740 1617 4825 pl‘ures‘accusaliﬂInco’ablativi
1644 4748 1988 4825 sequuntur.
2052 4798 2055 4799 ν

408 4811 519 4881 (47)
539 4812 613 4885 ΔΙῐι
641 4811 844 4885 codice
886 4812 1071 4885 habeo
1101 4812 1231 4873 ῖῖίῖ.
1262 4812 1364 4885 Hic
1405 4811 1742 4885 alloquendi
1780 4816 1992 4871 modus

338 4883 398 4937 in
431 4882 864 4942 antiquissimis
893 4883 1375 4939 Saeramentariis
1405 4890 1463 4939 et
1492 4882 1850 4941 Homiliariis
1880 4886 1988 4942 ha-

338 4952 531 5025 betur.
563 4952 649 5025 Cf.
684 4952 907 5025 Mabill.
940 4955 1062 5020 190,
1092 4957 1222 5025 204,
1263 4956 1389 5011 283.
1424 4955 1660 5012 Missale
1699 4957 1989 5013 Francum

339 5023 553 5110 saepius
586 5024 835 5110 formula
874 5023 1222 5108 dilectissimi
1264 5030 1461 5110 fratres
1510 5027 1989 5110 n‘titnr,‘quze_‘ta-

339 5094 472 5149 men
502 5098 561 5149 et
584 5094 660 5171 in
706 5094 924 5171 nostris
967 5096 1167 5171 missis
1214 5094 1485 5171 occurrit.
1520 5094 1833 5171 Epitaphia
1875 5100 1986 5156 Ro-

339 5180 518 5224 mana
545 5163 721 5219 etiam
769 5166 1063 5221 scribendi
1097 5168 1271 5224 modo
1300 5168 1411 5224 hoc
1450 5163 1773 5225 (carissimus
1818 5175 1992 5227 utun-

337 5242 457 5313 tur,
474 5240 537 5313 et
556 5240 654 5313 est
678 5234 778 5313 hic
808 5235 1015 5313 signis,
1044 5253 1219 5313 quem
1251 5238 1477 5313 dicunt,
1508 5240 1808 5313 lapidaris.

410 5307 524 5385 (48)
552 5304 892 5385 Υἰηάἰεωπιῗ
914 5304 1086 5385 Deest
1114 5304 1852 5385 abbreviationis'signum.

433 5378 522 5454 49)
555 5377 743 5454 Locus
772 5392 960 5451 usque
991 5379 1169 5436 ﬁnem
1201 5387 1533 5454 corruptus.

432 5450 523 5506 50)
555 5449 834 5506 Accedere.

430 5521 521 5602 51)
554 5521 706 5602 Μαι).
730 5522 854 5602 248,
875 5522 1164 5602 nominum
1184 5523 1326 5580 serie
1346 5524 1521 5580 relata
1544 5524 1941 5598 defunctorum.

409 5592 522 5662 (52)
555 5593 704 5650 Loco
732 5592 991 5649 ablativi.

410 5663 525 5746 (53)
550 5666 890 5728 Dominam.

502 5450 525 5741 ξ

2025 4465 2072 4530 D

2100 3334 2157 3387 et
2185 3330 2404 3386 iustum
2430 3332 2537 3383 est.
2563 3332 2619 3383 et
2639 3331 2906 3383 sanctum
2924 3330 3033 3383 est.
3057 3344 3165 3389 nos
3186 3324 3290 3382 tibi
3315 3326 3544 3399 gratias
3567 3342 3751 3400 agere.

2100 3419 2337 3475 domine
2394 3422 2593 3474 sancte
2647 3420 2813 3491 pater
2876 3416 3247 3489 omnipotens
3290 3420 3527 3487 aeterne
3589 3416 3748 3471 deus.

2099 3524 2366 3582 praecem
2401 3507 2639 3563 fundere
2668 3510 2724 3562 te
2754 3504 3041 3561 confetiri.
3075 3505 3134 3560 in
3174 3503 3293 3561 tuis
3325 3503 3609 3560 laudibus
3637 3501 3752 3579 glo-

2101 3597 2259 3652 riari.
2293 3597 2394 3669 qui
2454 3612 2690 3652 omnem
2738 3596 2850 3666 (64)
2899 3594 3170 3650 uerbum.
3220 3593 3391 3649 iubes
3448 3592 3755 3667 sapientia.

2102 3684 2390 3759 sapientia
2420 3684 2684 3758 disponis
2733 3684 3032 3741 uirtutem.
3062 3683 3170 3756 (65)
3203 3682 3542 3748 confirmas,
3589 3680 3756 3738 ratio-

2103 3792 2239 3830 nem
2284 3774 2612 3845 dispensas,
2647 3772 2820 3848 digne
2870 3771 3051 3845 igitur
3097 3788 3167 3828 ac
3212 3770 3385 3826 iuste.
3419 3774 3474 3826 te
3520 3769 3755 3826 laudare

2103 3880 2277 3936 quem
2311 3861 2503 3917 omnis
2535 3860 2723 3935 angeli
2751 3850 3158 3928 cumlaudant,
3180 3864 3239 3916 et
3259 3865 3420 3917 astra
3449 3858 3757 3925 mirantur,

2103 3952 2290 4007 maria
2311 3950 2405 4006 be-
2438 3952 2447 4020 Ι
2481 3950 2779 4019 nedicunt,
2803 3954 2958 4006 terra
2984 3953 3318 4007 ueneratur.
3340 3949 3756 4021 ininfem(66)

2104 4038 2459 4113 suscipiunt,
2480 4038 2574 4094 cui
2600 4037 2923 4112 eyruphym
2945 4042 3003 4095 et
3023 4036 3340 4112 seraphym
3369 4054 3483 4093 non
3505 4042 3758 4094 cessant.

2104 4130 2357 4185 clamare
2388 4127 2649 4183 dicentes
2683 4143 2696 4181 ε

2178 4220 2319 4290 (post
2344 4214 2608 4276 sanctus.)
2644 4215 2991 4272 Benedictus
3040 4215 3184 4272 deus
3215 4220 3273 4271 et
3311 4213 3579 4271 clementi
3632 4230 3751 4287 pro-

2106 4307 2315 4382 posito.
2342 4322 2447 4379 pro
2486 4304 2826 4361 erudiendis
2846 4306 2978 4375 (67).
3006 4303 3384 4361 mortalitatis
3431 4306 3641 4360 nostra:
3672 4302 3751 4358 fa-

2174 4459 2292 4528 (54)
2323 4457 2632 4528 "ligantur.

2200 4532 2288 4599 55)
2324 4530 2577 4584 Teneant.

2196 4600 2289 4667 56)
2323 4600 2405 4657 Ut.

2194 4675 2285 4742 57)
2321 4672 2543 4727 Viveret.

2173 4743 2286 4814 (58)
2317 4743 2531 4814 (talpae.

2174 4766 2268 4812 (30
2317 4766 2531 4814 (.mpw.

2174 4766 2286 4955 (59;
2316 4815 2593 4896 Prostrato
2621 4829 2871 4879 manum.

2175 4887 2265 4955 (60
2318 4890 2650 4952 Pomgeret.

2175 4886 2284 4957 (60)
2318 4886 2650 4952 Porrigeret.

2172 4959 2286 5027 (61)
2320 4957 2580 5012 Persona.

2170 5030 2288 5098 (62)
2321 5033 2619 5098 Numanae.

2172 5091 2283 5171 (63)
2316 5091 2619 5171 Ejusmodi
2642 5097 2955 5171 orationes,
2984 5113 3114 5171 qnze
3135 5096 3207 5151 de
3228 5094 3527 5171 creatione
3547 5091 3747 5171 aetine

2100 5167 2379 5245 hominis,
2402 5168 2815 5245 _peccatn_Adas
2847 5185 2917 5245 ac
2957 5167 3359 5245 redemptione
3390 5167 3663 5245 tractant,
3690 5167 3745 5214 in

2101 5233 2772 5316 liturgiis’Orientalipm
2825 5244 2960 5316 ante
3006 5233 3504 5316 consecrationem

2101 5304 2613 5395 reperiuntur..(;f.
2650 5310 2896 5375 Constit.
2944 5315 3133 5392 apost.
3164 5304 3266 5379 vn,
3300 5310 3392 5379 35,
3422 5306 3519 5441 y;
3548 5304 3746 5375 liturg.

2101 5384 2263 5455 Copt.
2298 5384 2357 5455 S.
2390 5382 2613 5449 Bamlu,
2654 5382 2714 5438 S.
2749 5381 3009 5455 Gregorii
3039 5386 3097 5437 et
3124 5380 3201 5445 al.
3232 5380 3393 5455 apud
3472 5376 3743 5434 enaudot.

2200 5456 2290 5511 64)
2325 5454 2511 5510 Omne.

2180 5456 2290 5527 (64)
2325 5456 2511 5510 Omne.

2175 5530 2290 5596 (65)
2327 5527 2552 5595 Virtute,
2590 5523 2742 5581 sicut
2770 5528 2974 5596 postea
3002 5524 3231 5583 ratione.

2171 5594 2286 5673 (66)
2320 5594 2598 5673 gendum
2616 5594 3010 5673 amanuensis
3038 5609 3144 5673 pro
3170 5596 3417 5672 inferna.

2172 5667 2289 5748 (67)
2317 5667 2703 5729 εναοιίεαηάίσ.
