3844 6200
416 338 530 397 871

1202 332 1542 392 APPEND.
1587 333 1689 391 AD
1737 332 1921 391 SAZC.
1972 333 2047 391 Χ.
2081 366 2158 377 -
2189 331 2691 396 MUNUMENTA
2736 336 3051 398 LITURG.
3710 341 3788 399 873

417 484 672 535 sacrum,
692 464 1030 539 angelorum
1049 470 1167 521 tam
1201 467 1211 533 Ι
1248 465 1371 521 loca
1390 469 1584 519 tenere
1602 480 1776 535 quam
1797 480 2070 520 carmena
2097 467 2153 533 Α
2184 466 2388 522 Ιιιρευε
2410 465 2637 522 labores
2658 466 2972 524 miseratus
2992 468 3310 525 humanos.
3331 484 3502 524 cruce
3528 467 3621 524 sui
3639 485 3789 541 carpe

418 560 571 615 dona
604 556 703 629 qui
736 572 1130 628 supernarum
1159 553 1446 609 uirtutum
1479 557 1849 618 concentum,
1883 552 1939 607 in
1973 558 2073 608 tua

416 646 905 721 praedicationem
929 646 1041 716 (93)
1062 660 1367 714 sumemus
1390 643 1561 697 etiam
1584 641 2073 714 superioresvitae

421 737 716 794 affectum.
748 752 815 788 ex
848 733 1224 790 correctione.
1252 748 1580 787 sumamus.
1603 730 1705 786 illa
1732 729 1953 785 domini
1979 747 2077 786 no-

418 827 523 884 stri
556 810 668 883 1ὺῖ
693 810 811 898 Χᾙῖ
829 840 943 896 que
972 821 1031 877 in
1056 820 1455 892 memorialj95)
1479 819 1770 892 passionis
1801 836 1941 875 suae
1964 822 2069 875 tra-

428 918 587 974 dedit
618 916 798 971 uerba
831 910 1041 968 dicturi
1074 928 1129 984 p.
1164 910 1220 966 d.
1254 909 1360 975 Qui
1390 909 1599 981 pridie.
1834 960 1846 977 ,

485 1022 802 1061 οοιιεοτιο.
829 998 981 1060 Dbus
1009 998 1322 1056 Abraham.
1346 998 1490 1053 deus
1513 1002 1694 1053 Isaac.
1717 998 1862 1052 deus
1884 997 2059 1052 Iacob

416 1097 560 1152 deus
587 1099 643 1150 et
665 1098 832 1167 pater
854 1089 1078 1147 domini
1104 1088 1287 1144 nostri
1314 1073 1422 1143 ῐὶιῖἱ
1449 1072 1552 1160 Xpi
1578 1092 1639 1143 tu
1663 1087 1733 1142 de
1756 1086 1911 1142 caelis
1932 1086 2071 1143 tuis.

413 1185 702 1261 propitius
734 1182 1013 1238 affauens.
1038 1179 1147 1234 hoc
1177 1178 1536 1234 sacrificium
1570 1181 1856 1232 nostrum.
1887 1174 2077 1230 indul-

420 1274 750 1333 lentissima
793 1271 1006 1344 pietate
1055 1283 1425 1341 prosequere.
1461 1266 1764 1321 discendat
1797 1268 1804 1333 |
1839 1263 2075 1319 domine

418 1363 741 1438 plenitudo.
776 1358 1128 1433 magistatis.
1155 1355 1504 1419 diuinitatis,
1534 1354 1784 1427 pietatis.
1810 1352 2068 1419 uirtutis,

410 1450 917 1511 benedictionibus
949 1448 1062 1519 (95)
1097 1450 1150 1501 et
1192 1445 1411 1519 gloriae
1447 1449 1599 1499 tuae.
1635 1461 1711 1498 su
1734 1460 1843 1514 per
1884 1442 2070 1497 hunc

409 1558 677 1617 panem.
712 1543 779 1595 et
822 1553 1035 1608 super
1084 1535 1271 1590 hunc
1316 1533 1608 1588 calicem
1654 1537 1721 1588 et
1772 1531 1912 1586 fiat
1955 1547 2069 1585 no-

408 1635 536 1692 bis.
593 1628 916 1702 legitima
987 1623 1424 1681 eucharistia
1480 1621 1547 1676 in
1609 1621 2071 1676 transforma-

407 1724 599 1782 tione
659 1720 775 1791 (96)
835 1713 1155 1786 corporis
1212 1717 1277 1768 et
1334 1709 1719 1783 sanguinis
1776 1708 2067 1765 domini.

410 1817 475 1869 ut
505 1810 864 1883 quicumque
892 1809 949 1860 et
978 1804 1459 1873 cotienscumque
1488 1818 1556 1855 ex
1593 1800 1700 1855 hoc
1743 1816 1974 1871 panem.
2008 1802 2064 1853 et

407 1920 475 1958 ex
505 1901 616 1956 hoc
663 1896 840 1953 calice
890 1891 1296 1949 libaberimus.
1330 1907 1575 1945 suamus
1625 1888 1815 1943 nobis.
1871 1887 2058 1943 moni-

407 1994 691 2057 mentum,
718 1985 872 2041 ﬁdei.
898 1984 1182 2044 sincerem
1214 1980 1575 2037 dilectiones.
1602 1977 1918 2050 tranquilla
1943 1979 2057 2049 (97)

404 2098 567 2154 spem
608 2073 1068 2134 resurrectionis.
1103 2072 1292 2143 adque
1336 2067 1795 2126 immortalitatis
1827 2072 2058 2123 aeterne

403 2172 462 2226 in
496 2175 597 2224 tuo
629 2167 829 2238 filique
859 2164 965 2220 tui.
1000 2162 1176 2218 hac...

1058 2249 1273 2323 (MISSA
1314 2248 1405 2318 v.)

475 2344 853 2420 (ροηιεδιαιίο.)
888 2359 978 2398 res
1011 2340 1229 2413 gratiae
1260 2337 1570 2403 debitores,
1595 2336 1715 2408 iugi
1749 2334 2054 2391 continua-

406 2439 561 2493 tione
585 2436 1106 2507 (98),ueneremur,
1131 2445 1233 2483 seu
1254 2443 1386 2482 cum
1412 2424 1647 2497 publica
1665 2440 1867 2496 praece
1892 2439 2057 2478 sacra

402 2525 707 2582 adolemus
737 2520 963 2586 altaria,
993 2518 1120 2573 siue
1152 2532 1285 2571 cum
1314 2513 1552 2570 secretis
1576 2513 1861 2567 mentium
1889 2528 2057 2583 pene-

399 2610 649 2667 tralibus
688 2605 1005 2663 ineffabilia
1034 2604 1188 2658 dicta
1236 2620 1363 2675 quaa
1415 2601 1638 2668 feceris,
1677 2599 2053 2655 aestimantes

401 2701 576 2757 tacito
608 2698 876 2754 foucmus
918 2694 1169 2760 adfectu,
1217 2693 1412 2763 justae
1442 2690 1598 2744 enim
1653 2707 1761 2744 uox
1794 2689 1906 2761 (99)
1940 2693 2051 2743 tua;

402 2806 501 2846 rex
529 2787 814 2861 gentium.
849 2782 983 2855 quis
1016 2797 1130 2836 non
1163 2778 1411 2834 timebit.
1437 2783 1494 2833 et
1526 2776 1925 2851 magnificabit
1955 2794 2055 2833 no-

401 2895 535 2935 men
568 2880 757 2931 tuum.
781 2871 976 2928 nullae
998 2870 1234 2943 quidem
1258 2868 1429 2923 nobis
1452 2867 1643 2924 adhuc
1673 2864 1907 2938 cythare
1929 2882 2053 2938 per-

401 2970 631 3025 sonant.
656 2962 841 3021 sancti
874 2960 980 3018 tui.
1006 2959 1105 3032 qui
1152 2957 1399 3014 bestiam
1433 2954 1649 3012 saeculi
1682 2955 1878 3027 hujus.
1913 2972 2049 3011 con-

400 3054 598 3113 cordia
614 3053 898 3109 uirtutum
918 3045 1740 3122 perseveranteuicerint(l00)
1776 3047 1784 3112 |
1819 3043 2047 3099 nullum

400 3147 471 3202 de
503 3144 670 3201 nobis
701 3139 881 3213 Moysi
924 3138 1239 3194 canticum.
1273 3135 1374 3207 qui
1421 3135 1572 3189 inter
1612 3134 1825 3189 fluctus
1857 3133 2047 3188 adhuc

2183 558 2263 609 ris
2287 556 2397 610 triu
2410 556 2634 621 mfauit,
2650 557 2790 629 quid
2811 557 3018 630 loquar
3034 559 3102 614 ad
3125 564 3365 614 tuorum
3383 557 3615 613 cineres
3632 566 3791 629 mar-t5.

2183 662 2314 699 rum
2336 646 2591 717 torqueri
2615 646 2988 718 incorporeas
3020 652 3365 719 potestates,
3391 647 3513 702 urit
3542 647 3635 702 hic
3664 645 3793 703 limus

2182 749 2331 805 quos
2351 734 2589 790 ﬂamma
2609 752 2722 791 non
2747 735 2956 807 tangit,
2972 741 3207 808 torquet
3220 735 3427 791 fauilla
3445 752 3597 807 quos
3614 737 3792 807 ungula:

2182 839 2371 894 poena
2390 840 2504 878 non
2529 823 2586 878 in
2597 824 3022 880 uenit.auditur
3041 826 3299 898 gemitus
3318 838 3575 898 quorum
3594 830 3795 880 tormen-

2183 915 2241 965 ta
2262 928 2376 966 non
2402 911 2791 978 cernimus,et
2811 913 2953 969 haec
2974 930 3151 986 quam
3177 930 3398 987 magna
3428 914 3601 986 parui
3625 913 3794 969 laboris

2182 1016 2347 1071 prae-
2382 1003 2391 1068 |
2425 1001 2563 1068 mia,
2588 1000 2787 1057 infilex
2811 1001 3085 1074 uoluptas
3107 1004 3261 1075 quod
3285 1002 3425 1058 eicit
3447 1002 3663 1057 misera
3678 1018 3792 1056 caro.

2182 1088 2323 1160 quid
2347 1089 2457 1144 sibi
2484 1090 2725 1145 inuidet.
2751 1091 2823 1147 de
2848 1091 3007 1147 caelo
3032 1108 3094 1147 se
3124 1094 3386 1157 reuocat,
3403 1094 3463 1146 et
3486 1090 3610 1145 luto
3630 1091 3792 1145 reddit

2183 1193 2286 1232 nec
2317 1177 2426 1232 hoc
2461 1177 2677 1234 mirum
2711 1179 2758 1234 si
2800 1184 2955 1234 terra
2992 1180 3441 1251 praeponderat.
3475 1179 3579 1234 sed
3610 1179 3793 1251 quiatu

2182 1266 2418 1321 domine
2446 1267 2592 1322 deus
2622 1273 2788 1339 pater
2815 1268 3208 1339 omnipotens.
3234 1269 3294 1323 in
3324 1268 3415 1323 tui
3445 1267 3719 1340 unigeniti
3743 1267 3794 1321 le

2184 1357 2359 1408 natus
2390 1371 2629 1427 corpore
2659 1355 2886 1411 caelum
2935 1373 3043 1411 nos
3091 1374 3365 1429 separare
3398 1358 3553 1429 (104)
3586 1356 3792 1411 iussisti.

2181 1459 2253 1499 ne
2284 1460 2520 1515 quaeso.
2555 1445 2745 1517 patiar
2792 1446 2851 1501 ui
2900 1447 3108 1518 perire,
3143 1446 3313 1502 nobis
3372 1445 3790 1501 misericordiam

2180 1535 2343 1587 tuam
2375 1533 2519 1589 satis
2550 1534 2625 1589 sit
2656 1535 2811 1606 quod
2840 1534 3066 1590 inclusa
3091 1551 3334 1607 corpore
3363 1534 3564 1590 anima
3590 1534 3647 1589 in
3674 1534 3793 1605 leges

2181 1621 2394 1676 misera
2427 1623 2635 1678 transit
2664 1622 2885 1679 alienas
2923 1624 3270 1696 generisque
3315 1640 3506 1696 poena
3534 1624 3789 1678 communi

2181 1727 2284 1782 pro
2317 1728 2510 1767 errore
2560 1711 2735 1768 unius
2767 1718 2856 1769 est
2886 1711 3181 1784 persoluta
3213 1716 3223 1782 Ι
3256 1712 3636 1769 amiserimus
3676 1722 3790 1766 certe

2181 1800 2648 1873 proerogatiuam
2671 1806 2893 1857 naturae
2910 1819 3025 1857 non
3043 1802 3391 1857 amittamus
3414 1800 3788 1874 redemptionis

2170 1892 2303 1943 tuae
2324 1888 2593 1960 gratiam,
2611 1906 2862 1945 mercem
2887 1891 3067 1963 igitur
3081 1889 3321 1946 domine
3339 1894 3498 1945 tuam
3522 1889 3625 1945 tibi
3641 1906 3684 1944 εκ
3699 1906 3786 1952 rra,

2170 1993 2347 2047 quam
2380 1977 2459 2032 fili
2505 1979 2589 2032 tui
2641 1978 3006 2055 dilectissimi
3038 1979 3144 2034 tibi
3173 1995 3418 2052 corpore
3469 1978 3782 2050 conparasti.

2169 2064 2316 2119 nihil
2348 2064 2484 2120 huic
2513 2067 2673 2121 carni
2709 2067 2991 2123 debemus
3016 2072 3074 2123 et
3094 2067 3370 2140 sanguini
3396 2067 3782 2139 (105)jussum-

2168 2170 2279 2225 que
2306 2154 2609 2210 dominicae
2636 2156 3145 2228 redemptionis.ut
3167 2156 3666 2228 quemadmodum
3683 2153 3788 2210 scri-

2166 2246 2333 2312 ptum
2366 2248 2476 2299 est.
2508 2245 2697 2299 simus
2726 2245 2853 2299 eius
2876 2244 2975 2317 qui
3008 2263 3041 2300 a
3073 2244 3325 2300 mortuis
3354 2246 3783 2305 resurrexit.me~

2167 2331 2277 2386 rito
2308 2332 2435 2386 tibi.

2236 2437 2362 2475 ALIA
2392 2438 2784 2478 CONTESTATIO.
2815 2421 3065 2495 Dignum
3099 2427 3156 2478 et
3186 2421 3415 2478 iustum
3437 2426 3543 2478 est.
3569 2436 3780 2493 acquum

2164 2512 2219 2562 et
2249 2508 2469 2564 iustum
2504 2516 2611 2578 est,
2642 2528 2749 2566 nos
2779 2510 2884 2566 tibi
2915 2512 3134 2583 gratias
3165 2528 3341 2584 agere
3373 2514 3384 2582 Ι
3417 2515 3611 2567 sancte
3654 2518 3783 2582 pater

2164 2599 2535 2672 omnipotens
2568 2600 2720 2655 Deus
2753 2601 2853 2673 qui
2904 2600 3182 2673 quamuis
3216 2600 3639 2674 magnitudinis
3680 2604 3780 2652 tuae

2163 2688 2441 2745 meritum
2486 2690 2663 2762 digno
2712 2707 2981 2745 sermone
3031 2708 3144 2745 non
3190 2691 3465 2745 ualcuius
3512 2690 3777 2760 attingere,

2161 2774 2564 2834 laudistamen
2578 2779 2843 2835 debitum
2861 2779 3254 2836 libentissime
3268 2776 3775 2841 confitemur,cuius

2160 2882 2373 2922 nomen
2432 2867 2720 2924 inuictum
2770 2868 2918 2941 regit
2966 2867 3218 2936 caelum,
3251 2873 3471 2923 terram
3520 2866 3709 2931 maria,
3735 2870 3777 2919 et

2160 2972 2293 3011 cum
2325 2972 2391 3011 ex
2422 2961 2478 3012 te
2509 2956 2708 3013 omnia
2736 2961 2796 3013 tu
2830 2958 2890 3013 in
2921 2958 3196 3013 omnibus
3230 2957 3553 3022 inueneris,
3575 2954 3773 3012 esenim

2158 3048 2278 3100 tam
2306 3045 2612 3103 excellens.
2636 3050 2702 3102 ut
2727 3046 2882 3102 celsa
2902 3047 3238 3120 possedcas,
3261 3051 3386 3102 tam
3416 3043 3710 3119 dignabilis
3728 3048 3773 3096 ut

2159 3136 2386 3189 terrena
2420 3153 2535 3191 non
2566 3136 2823 3205 deseras,
2847 3137 2932 3192 sic
2963 3138 3141 3193 etiam
3176 3137 3310 3209 pius
3350 3146 3417 3191 ut
3459 3153 3563 3191 nec
3612 3132 3770 3189 inferis

399 3234 574 3291 istius
606 3228 821 3288 saeculi
854 3224 1211 3283 uolutamur.
1239 3223 1397 3279 nulla
1422 3241 1533 3278 uox
1560 3222 1899 3295 angelorum
1932 3222 2046 3277 nisi
2076 3197 2120 3263 (ἶ
2159 3221 2337 3292 desis,
2363 3241 2617 3296 namque
2646 3242 2781 3281 cum
2808 3230 2966 3281 totus
2998 3242 3230 3299 semper
3257 3230 3313 3281 et
3336 3225 3554 3298 ubique
3574 3224 3668 3288 sis,
3687 3220 3771 3275 cleo

400 3324 547 3380 forte
571 3320 810 3377 laudare
833 3334 939 3373 nos
959 3318 1227 3388 possunt,
1243 3312 1343 3385 qui
1367 3314 1571 3368 adesse
1595 3312 1763 3367 nobis
1787 3315 2045 3384 possent,

398 3429 534 3469 cum
565 3409 672 3466 fili
725 3406 828 3464 tui
879 3403 1339 3462 dilectissimi
1382 3418 1641 3474 corpus
1683 3417 2047 3457 sacramus

397 3506 466 3558 et
495 3517 569 3556 sa
586 3497 930 3572 nguinem,
955 3494 1055 3550 sed
1078 3493 1174 3566 pia
1194 3508 1334 3548 cura
1364 3508 1468 3564 pro
1499 3489 1735 3563 populo.
1758 3494 1813 3545 et
1845 3493 2049 3545 sancta

398 3607 502 3663 pro
556 3588 746 3644 salute
801 3584 988 3657 plebis
1019 3581 1222 3638 oratio.
1265 3585 1322 3636 et
1369 3596 1536 3635 mens
1584 3578 1763 3634 cultui
1824 3578 2050 3633 intenta

399 3678 599 3735 diuino
632 3676 680 3731 si
713 3692 829 3731 non
863 3676 1052 3747 potest
1080 3670 1443 3727 maiestatem
1468 3668 1614 3723 tanti
1637 3667 1830 3741 operis
1861 3666 2049 3739 exple-

398 3782 550 3833 care,
585 3764 790 3819 nititur
837 3767 1034 3816 tamen
1081 3776 1256 3815 nsum
1307 3757 1568 3814 concessi
1618 3756 1899 3825 muneris,
1936 3758 2046 3811 tre-

399 3858 703 3928 quentare,
745 3850 878 3923 quis
927 3849 1083 3904 enim
1118 3852 1127 3917 |
1161 3848 1345 3918 possit
1397 3845 1795 3917 perfuncturio
1843 3862 2044 3916 sensu,

398 3942 601 3999 diuina
630 3946 734 3996 tua
762 3937 1073 4012 praeterire
1106 3952 1369 4006 munera,
1396 3941 1460 3990 tu
1491 3934 1875 4007 corruptibili.
1902 3934 2045 3990 limo

396 4032 639 4103 lutoque
652 4024 884 4085 solubili
900 4026 1107 4097 spiritu
1125 4025 1273 4096 (101)
1288 4024 1439 4078 uitae
1457 4022 2047 4096 insufﬂaredignatus

396 4138 480 4189 es,
506 4118 804 4175 hominem
830 4114 1011 4171 fecisti
1035 4130 1163 4171 esse
1183 4113 1338 4185 quod
1366 4111 1533 4168 limos
1555 4115 1660 4166 est.
1687 4112 1834 4184 (102)
1861 4117 2043 4168 mate-

397 4211 664 4281 riamque
686 4204 1018 4273 mortalem,
1043 4204 1113 4259 ad
1140 4201 1454 4275 imaginem
1478 4200 2045 4274 similitudinemque

395 4303 559 4355 tuam
593 4293 840 4370 spiritali
873 4292 1188 4349 uiuificasti
1209 4293 1404 4365 vigore
1435 4295 1696 4362 naturae,
1720 4296 1787 4346 ut
1816 4290 2043 4364 pigram

393 4388 645 4444 humum
667 4384 1053 4456 hebetemque
1077 4381 1284 4437 limum
1306 4380 1517 4454 igneus
1544 4379 1728 4454 uigor.
1746 4380 1904 4434 intus
1927 4381 2047 4435 ani-

393 4480 601 4533 maret.
626 4473 913 4548 agilisque
944 4471 1109 4528 metu
1139 4487 1323 4527 uenae
1362 4469 1634 4543 tepentis.
1668 4486 1800 4526 caro
1846 4473 2047 4524 nostra

2158 3312 2377 3368 mentia
2422 3314 2747 3371 maiestatis
2777 3319 2911 3382 tuae,
2946 3321 2956 3386 |
3017 3319 3157 3370 nota
3186 3314 3486 3370 sideribus
3530 3312 3769 3386 patefacta

2156 3402 2405 3457 terrenis
2436 3403 2592 3475 apud
2623 3402 2841 3459 inferos
2880 3402 3255 3460 manifestata
3306 3402 3634 3476 perclaruit,
3663 3397 3771 3471 quia

2158 3490 2529 3548 miseratione
2550 3509 2666 3564 qua
2686 3492 2889 3565 polles.
2906 3492 2991 3549 sic
3010 3492 3185 3549 ﬁdem
3203 3493 3571 3548 credentium
3592 3488 3767 3563 pascis,

2157 3584 2222 3635 ut
2250 3579 2360 3635 hoc
2392 3584 2512 3636 tam
2541 3582 2776 3654 copioso
2803 3582 3163 3655 profetarum
3187 3598 3508 3637 numerum
3530 3575 3769 3653 (106)3pi-

2156 3668 2304 3723 ritus
2334 3674 2574 3726 sanctus
2607 3686 2839 3742 semper
2868 3674 3141 3743 operatus
3172 3670 3271 3736 sit,
3305 3686 3413 3724 nec
3452 3669 3766 3739 discrepans.

2156 3756 2304 3812 alter
2333 3757 2405 3812 ab
2437 3758 2549 3813 alio
2581 3759 2680 3815 sed
2731 3759 2927 3831 potius
2976 3759 3151 3814 deum
3204 3775 3392 3813 unum
3428 3763 3486 3813 et
3514 3758 3600 3813 dei
3626 3757 3763 3811 dona.

2156 3846 2349 3902 omnis
2374 3846 2622 3919 profetia
2640 3864 2897 3903 consona
2916 3864 3052 3903 voce
3074 3851 3341 3913 testatur,
3371 3852 3432 3901 ut
3460 3863 3528 3902 eo
3548 3847 3617 3900 sit
3635 3840 3768 3898 nobis

2156 3935 2467 3990 manifesta
2480 3936 2749 4003 fides.qui
2769 3936 3168 3992 abundantius
3187 3936 3551 4008 profetarum
3570 3948 3767 3989 numero

2155 4028 2212 4078 et
2232 4024 2568 4080 testimonio
2592 4026 2948 4098 perhibetur.
2974 4026 3406 4081 incrementum
3430 4044 3529 4080 ma
3559 4029 3569 4094 Ι
3599 4024 3677 4078 ius
3695 4021 3768 4076 ba-

2156 4112 2349 4169 bitura
2369 4114 2729 4171 credulitatis
2750 4117 2766 4188 (
2778 4116 2796 4171 Ι
2808 4116 2900 4187 07)
2925 4114 3169 4171 intentio
3200 4131 3338 4170 cum
3375 4113 3635 4179 conlatis,
3661 4111 3765 4167 hinc

2155 4207 2213 4257 et
2245 4202 2380 4258 inde
2406 4204 2539 4258 fidei
2564 4205 2845 4261 membris
2871 4203 3173 4277 plenitudo
3196 4205 3463 4276 corporis
3490 4202 3763 4258 inuenitur.

2155 4308 2261 4347 nec
2284 4291 2503 4347 frustra
2520 4292 2580 4348 in
2599 4293 2769 4349 nobis
2786 4310 2891 4366 per
2909 4293 3145 4349 saecula
3162 4289 3763 4359 nuntiantur,uidelicrt

2155 4399 2228 4437 ne
2260 4381 2703 4454 inopinantibus
2742 4383 3042 4438 accederet
3070 4382 3321 4438 caeleste
3351 4382 3700 4439 beneficium.
3723 4380 3762 4429 et

2155 4469 2394 4526 difficile
2424 4469 2754 4543 ignorantia
2802 4471 3062 4527 crederet
3110 4472 3265 4543 quod
3298 4471 3506 4527 statim
3553 4470 3758 4529 deberet,

393 4563 898 4636 uiuesceret,quid
924 4578 1152 4618 sumus.
1177 4565 1234 4617 et
1252 4564 1540 4632 quantum
1562 4575 1835 4614 eruemus
1868 4561 1878 4628 Ι
1910 4558 2047 4615 huic
2075 4566 2124 4631 Ι)
2156 4559 2300 4615 fides
2332 4559 2368 4614 ίι
2397 4558 2685 4615 luminata
2715 4560 3033 4633 suscipere,
3058 4559 3289 4615 traditis
3321 4561 3523 4633 itaque
3550 4557 3676 4630 legis
3692 4571 3759 4611 or-

390 4656 533 4712 limo
554 4654 734 4727 leges.
755 4652 891 4707 huic
913 4650 1053 4707 limo
1079 4650 1432 4723 profetarum
1459 4646 1694 4704 oracula
1710 4649 1859 4721 (103)
1879 4664 2049 4721 ange-

393 4743 585 4802 lorum
608 4741 934 4799 ministeria
951 4739 1301 4809 militarunt,
1317 4736 1452 4793 huic
1469 4736 1610 4793 limo
1628 4736 1753 4810 ipse
1769 4736 2046 4794 dominus

489 4938 581 4993 93)
614 4938 762 4993 Loco
795 4936 972 4993 ablat.

489 4940 560 4993 93
614 4940 762 4993 Loco
795 4940 952 4993 ablat

466 4940 581 5083 £94)
610 5010 952 5083 τηετηρτίαηι-

488 5079 581 5135 95)
615 5079 1018 5135 benedictionis.

488 5089 561 5135 95
615 5089 1018 5135 benedictionis.

466 5089 581 5224 (96)
614 5150 731 5224 liae
761 5150 832 5205 de
861 5165 999 5205 voce
1024 5148 1155 5205 vide
1184 5148 1600 5222 Prolegomena
1629 5150 1831 5204 nostra
1859 5146 1925 5202 D.

488 5221 583 5276 97)
616 5221 766 5276 Loco
797 5236 992 5275 aecus.

488 5228 558 5275 97
617 5228 766 5276 Loco
797 5236 992 5275 aecus.

464 5228 833 5366 i98)_l§iempe
862 5290 1071 5366 iterata
1096 5290 1455 5366 sanctissimi
1488 5287 2043 5366 sacrificii_celebra-

392 5361 573 5422 tione.
595 5361 786 5418 Verba
806 5361 1112 5433 sequentia
1137 5364 1354 5418 secretis
1381 5366 1437 5418 et
1467 5370 1616 5418 tanto
1646 5361 1716 5416 ad
1744 5361 2044 5433 ,Canonem

393 5437 590 5493 missa:
636 5432 981 5506 respiciunt,
1013 5448 1191 5506 quem
1241 5433 1394 5506 inde
1425 5449 1561 5506 voce
1609 5432 1858 5506 remissa
1904 5434 2045 5506 tunc

393 5509 568 5566 etiam
602 5501 910 5562 recitatum
946 5501 1126 5558 fuisse
1155 5502 1509 5559 concludas:
1546 5502 1863 5559 ineffabilia
1890 5501 2046 5557 dicta

394 5585 533 5637 sunt
550 5579 725 5635 verba
746 5574 1130 5633 institutionis
1146 5574 1531 5632 eucharistiaa.
1550 5575 1810 5630 Moxs.—
1827 5574 2043 5630 Forsan

394 5651 707 5727 legendum
740 5649 853 5708 erit
882 5649 1054 5706 dictu.
1090 5644 1154 5712 D,

2155 4648 2395 4704 dinibus
2415 4652 2471 4704 et
2489 4647 2790 4720 inspiratis
2810 4651 3169 4721 profetarum
3195 4649 3447 4705 uocibus
3477 4646 3676 4704 indicia
3693 4660 3764 4698 cu-

2156 4741 2486 4809 currerunt,
2509 4741 2575 4792 ut
2603 4753 2737 4793 cum
2768 4735 3001 4793 caelesti
3043 4738 3326 4795 beneﬁcio
3356 4737 3758 4812 gratularemur,

2248 4932 2339 5003 99)
2373 4933 2505 5005 Lg:g.
2538 4936 2667 4990 viae.
2702 4934 2999 4989 Musam-2a.

2255 4998 2381 5077 100)
2405 4998 2595 5061 Sincti
2640 5007 2729 5077 tui
2767 5005 2834 5061 de
2876 5006 3309 5077 persecutoribus
3336 5007 3457 5061 suis
3499 5011 3548 5061 et
3585 4998 3758 5058 diabolo

2154 5076 2589 5149 triumpharunt.
2624 5076 2935 5149 Mab.19'8_.
3264 5147 3313 5149 μ
3451 5147 3459 5149 _
3529 5145 3541 5149 _
3620 5142 3632 5149 .
3722 5140 3731 5149 .

2225 5142 2375 5219 (101)
2410 5147 2557 5204 Loco
2616 5147 2954 5203 accusativi.
3013 5151 3180 5203 Deest
3227 5142 3662 5204 abbreviationis
3695 5142 3755 5196 si-

2194 5233 2358 5273 num.

2153 5232 2358 5291 gnum.

2227 5289 2376 5346 (102)
2406 5292 2633 5346 erimus.

2252 5360 2375 5429 103)
2409 5361 2587 5428 Mab.,
2624 5360 2745 5429 190,
2777 5361 3001 5417 oracula
3030 5370 3237 5417 vatum.

2254 5432 2377 5488 104)
2407 5431 2652 5488 Videtur
2680 5432 3050 5488 mendosum.

2251 5503 2375 5574 105)
2408 5503 2575 5559 Rom.
2606 5521 2725 5574 vui,
2756 5504 2844 5559 12.

2252 5576 2375 5631 106)
2406 5591 2650 5631 numero.

2252 5638 2374 5717 107)
2407 5647 2585 5717 Mab.,
2615 5647 2741 5716 280,
2783 5662 2939 5704 muro
2987 5646 3329 5704 credulitatis
3374 5644 3599 5705 inclusit.
3646 5638 3751 5695 Cno-

2224 5289 2242 5722 ξ

2354 5432 2377 5722 ἓ
