3844 6200
405 284 523 346 8Ἶὸ

1200 283 1537 344 APPEND.
1579 282 1681 343 AD
1726 282 1912 342 SIEC.
1959 281 2030 340 X.
2064 314 2141 325 -—
2172 276 2671 342 MONUMENTA
2714 279 3031 341 LlTURG.
3667 278 3741 338 87h

401 417 549 473 biles
581 416 801 473 formas
831 414 1159 479 elementis,
1193 414 1568 488 stupentibus
1598 414 2045 479 addidisti,cum
2078 415 2129 481 Α
2234 416 2374 484 (post
2400 412 2883 482 communionem.)
2917 408 3133 466 Refesti
3190 410 3339 481 (127)
3388 425 3518 465 esca
3554 408 3742 465 caelesti.

394 507 536 563 solis
564 506 803 580 ignibus
833 509 998 562 tener
1027 505 1289 561 mundus
1309 506 1459 577 (123)
1481 504 1736 559 erubuit.
1756 508 1813 559 et
1842 502 2047 559 lunare

389 595 810 653 commercium
862 593 1025 651 rudis
1075 597 1232 650 terra
1266 595 1476 650 mirata
1522 597 1629 659 est,
1664 593 1772 648 hac
1802 610 1873 648 ne
1904 592 2048 647 haec

387 683 589 741 omnia
616 683 819 740 nullus
850 682 1145 740 habitator
1174 682 1702 755 ornaret,solisque
1734 682 1911 737 rebus
1941 698 2046 736 ua-

389 774 518 831 cuis
539 773 697 830 orbis
719 771 1228 840 intenderet,facta
1249 774 1340 828 est
1361 772 1431 827 de
1453 770 1594 826 limo
1618 770 1895 826 manibus
1926 770 2047 826 tuis

392 862 602 936 ﬁgura.
631 860 1022 936 praestantior.
1057 878 1236 934 quam
1271 877 1435 917 sacer
1483 860 1637 933 ignis
1671 862 1680 929 Ι
1715 860 1875 915 intus
1929 858 2048 915 ani-

395 954 601 1021 maret,
632 951 947 1024 pigrasque
976 966 1080 1023 per
1109 954 1302 1023 partes
1334 949 1506 1022 agilis
1536 949 1733 1005 anima
1784 948 2048 1004 uiuesce-

396 1042 505 1109 ret,
533 1039 781 1096 scrutari
814 1056 925 1095 non
956 1038 1090 1095 licet
1120 1044 1284 1111 pater
1317 1039 1596 1095 interiora
1626 1037 2046 1111 mysteria,tibi

397 1127 505 1186 soli
537 1127 728 1200 operis
759 1128 843 1184 tui
875 1132 1013 1185 nota
1044 1127 1341 1195 maiestas,
1375 1128 1515 1201 quid
1550 1127 1692 1183 illud
1722 1128 1781 1183 in
1812 1126 2049 1182 homine

395 1217 552 1291 quod
583 1216 839 1290 pauidus
868 1222 1050 1274 artus.
1070 1221 1342 1290 terraque
1368 1216 1691 1286 uiuentem,
1724 1215 1961 1272 clausus
1989 1215 2047 1270 in

394 1304 564 1362 uenis
581 1304 1113 1379 sanguis.interluit
1142 1306 1298 1378 quod
1330 1305 1554 1362 solutae
1586 1321 2050 1377 corporum.spe-

392 1394 512 1450 cies
541 1394 740 1450 neruis
768 1393 1097 1467 rigentibus
1134 1394 1512 1467 colliguntur,
1554 1399 1611 1448 et
1640 1393 1696 1447 in
1722 1393 1895 1449 terris
1926 1392 2051 1448 sola

388 1482 738 1539 uisceribus.
773 1499 909 1539 ossa
937 1482 1326 1551 redoleScunt,
1363 1483 1465 1538 sed
1496 1484 1651 1537 unde
1682 1486 1913 1538 tantum
1938 1482 2046 1537 mi-

391 1572 541 1628 seris
569 1571 895 1639 bonum,ut
925 1570 1043 1627 ﬁlio
1074 1576 1174 1627 tuo
1205 1571 1427 1645 tibique
1458 1571 1506 1626 si
1541 1573 1551 1642 |
1587 1571 1754 1627 miles
1797 1573 2047 1644 lingere-

389 1677 546 1727 mur,
590 1664 648 1716 et
696 1660 917 1732 aliquid
968 1661 1039 1715 de
1090 1664 1245 1716 terra
1292 1677 1421 1717 esse
1471 1666 1799 1717 aeternum.
1848 1662 2048 1716 beatae

394 1748 737 1806 maiestates
761 1752 893 1805 tuae
926 1755 1233 1823 praecepta
1262 1749 2049 1822 perdidimus,mortalesque

394 1855 633 1895 rursum
664 1837 725 1895 in
752 1843 969 1896 terram
1002 1856 1069 1894 ex
1100 1856 1219 1912 qua
1241 1855 1595 1895 ueneramus
1618 1839 1859 1895 inmersi
1885 1839 2053 1895 deﬂe-

396 1927 850 1995 bamus,a3terna
880 1928 1016 1984 doni
1040 1926 1125 1983 tui
1156 1928 1377 1984 amissa
1403 1928 1749 1993 solacia,sed
1773 1932 1873 1984 tua
1905 1927 2051 1984 mul-

397 2015 581 2090 tiplex
633 2015 886 2073 bonitas.
935 2016 1423 2090 inaestimataque
1464 2017 1764 2082 maiestas,
1795 2017 2050 2073 salutare

402 2105 651 2161 uerbum
684 2105 897 2162 misite
919 2104 1258 2178 caelo,quod
1292 2105 1533 2161 humani
1565 2106 1823 2179 corporis
1845 2106 2053 2162 inmix-

403 2194 562 2251 tione
589 2199 946 2251 concretum.
967 2195 1226 2268 perditas
1252 2195 1468 2250 saeculi
1496 2200 1709 2267 partes.
1726 2200 1785 2251 et‘
1802 2195 2051 2251 uulnera

402 2282 647 2357 antiqua
675 2287 925 2352 curaret,
956 2284 1151 2356 ipsum
1201 2284 1380 2356 igitur
1426 2301 1631 2340 omnes
1683 2284 1872 2358 angeli
1915 2302 2048 2340 cum

398 2364 737 2444 multiplici.
768 2372 943 2427 turba
973 2376 1331 2428 sanctorum.
1365 2372 1700 2431 incessabili
1733 2390 1874 2428 uoce
1905 2390 2047 2429 con-

401 2459 648 2517 laudant
677 2459 954 2515 dicentes.
988 2461 1131 2516 SSS.

471 2569 614 2638 (post
640 2568 909 2635 sanctus.)
936 2566 1093 2622 Hanc
1123 2566 1182 2623 in
1214 2566 1458 2625 excelsis
1488 2568 1708 2642 gloriae
1750 2574 1885 2625 tuae
1930 2569 2049 2625 lau-

398 2656 534 2710 dem
566 2671 955 2729 supernarum
985 2659 1386 2713 creaturarum
1420 2675 1560 2714 uoce
1591 2664 1919 2724 resonante,
1946 2677 2047 2714 no—

397 2742 492 2799 bis
512 2759 746 2816 quoque
769 2743 1005 2801 famulis
1026 2744 1144 2800 tuis
1165 2745 1458 2819 cognitam
1474 2747 1599 2803 ﬁeri
1624 2747 1809 2819 pietas
1826 2752 1927 2804 tua
1950 2766 2049 2804 uo-

397 2831 529 2902 luit,
560 2837 618 2890 et
646 2832 788 2890 haec
816 2833 1133 2906 praecunia
1161 2835 1411 2891 sedebus
1439 2836 1746 2892 celebrata.
1781 2836 2041 2895 sidereis.

397 2920 866 2994 magniﬁcentiae
894 2926 1029 2979 tuae
1058 2924 1432 2980 donum.non
1465 2924 1657 2982 solum
1688 2927 2044 2983 aoscendam

395 3010 637 3069 famulis
652 3010 790 3068 tuis.
811 3012 913 3069 sed
931 3012 1109 3069 etiam
1128 3012 1525 3070 himetandam
1541 3014 1683 3087 (124)
1709 3020 2043 3088 patuerunt,

396 3100 504 3165 Qui
534 3099 744 3173 pridie.

2162 501 2370 574 poculo
2404 500 2627 558 domini
2659 500 2901 557 recreati
2935 501 3041 557 deo
3072 499 3225 572 patri
3274 498 3635 571 omnipotenti
3662 498 3742 554 lan-

2159 592 2263 647 des
2294 594 2352 647 et
2380 591 2602 664 gratias
2631 591 2961 646 referamus
2984 608 3043 663 p.
3076 590 3136 645 d.

2230 678 2601 750 (benedictio)
2631 678 2850 733 Exaudi
2886 694 2994 734 nos
3020 676 3258 733 domine
3307 680 3368 732 et
3407 679 3621 749 praesta
3643 693 3743 749 quae

2162 769 2218 822 te
2249 765 2527 838 petimus,
2559 784 2761 839 pacem
2794 771 2958 823 tuam
2991 769 3000 836 |
3034 766 3355 838 perfectam
3405 764 3477 819 de
3516 763 3678 819 caelis.
3700 766 3743 819 de

2159 855 2330 911 nobis
2362 854 2533 912 hodie
2557 856 2869 928 paciﬁcum
2900 872 3137 929 quoque
3155 855 3319 911 hunc
3339 853 3514 929 diem.
3531 857 3583 909 et
3597 854 3743 909 citet-os

2162 944 2287 1000 dies
2318 944 2477 1000 uitae
2499 926 2733 1003 nostrae
2755 926 2967 1019 praesta
2996 926 3200 1018 pacem
3223 945 3357 1018 p.d.
3388 926 3510 1000 ιῖῑῖι.

2158 1020 2260 1102 ιῑῑ
2294 1036 2445 1105 (128)
2794 1034 3009 1104 (MISSA
3056 1035 3190 1101 γη.)

2164 1112 2569 1200 -—(praefutio.)
2593 1122 3243 1198 Supplicantes.humili
3265 1123 3584 1198 praece.dei
3603 1124 3746 1196 patris,

2157 1220 2215 1272 et
2247 1217 2470 1273 domini
2501 1216 2684 1272 nostri
2715 1215 2898 1272 Jhesu
2929 1213 3166 1271 Christi.
3200 1214 3563 1271 maiestatem
3596 1213 3747 1284 ubique

2158 1306 2580 1361 dominantem.
2614 1303 2827 1361 humili
2854 1319 3059 1376 praece
3088 1304 3529 1376 depraecemur,
3552 1319 3747 1359 commc-

2160 1395 2550 1451 morationem
2585 1393 2995 1465 facientes,pro
3019 1392 3300 1449 omnibus
3321 1390 3747 1465 epyscOpis,prae-

2160 1483 2395 1539 sbiteris
2425 1482 2770 1539 diaconibus
2802 1481 3265 1538 subdiaconibus
3289 1480 3659 1552 omnibusque
3674 1495 3747 1532 me

2160 1572 2366 1628 nistris
2396 1572 2541 1627 suis.
2575 1572 2661 1627 uti
2690 1589 2790 1627 eos
2822 1575 3023 1627 sancto
3071 1571 3283 1644 spiritu
3328 1574 3510 1644 regat.
3539 1569 3746 1624 deuotum

2158 1661 2272 1717 sibi
2310 1679 2377 1717 ac
2418 1661 2676 1718 dicatum
2711 1663 2720 1732 |
2754 1660 3055 1734 uirginum
3104 1660 3482 1733 podorem.et
3529 1657 3749 1713 contineno

2158 1751 2306 1806 tium
2339 1751 2705 1824 propositum
2736 1749 3030 1823 integrum
3080 1750 3140 1804 in
3174 1749 3462 1805 omnibus
3506 1748 3745 1802 intemera-

2159 1846 2403 1913 tumque
2431 1840 2712 1897 concedat
2730 1840 3045 1896 uiduarum
3066 1833 3745 1895 laboriosam.tolerantinm

2160 1947 2268 1986 sua
2299 1929 2674 1986 miseratione
2724 1928 3054 1996 confoueat,
3086 1926 3312 1984 orfanis
3346 1941 3575 2000 quoque
3610 1938 3741 1995 opem.

2160 2023 2414 2090 paterna;
2474 2018 2709 2090 pietatis
2766 2015 3070 2089 indulgeat
3127 2015 3299 2088 (129),
3330 2010 3743 2071 misericordibus

2161 2106 2619 2164 misericordiam
2647 2105 3213 2179 largiatur,aegrotis
3239 2103 3549 2160 medellam
3568 2100 3743 2161 tribuat,

2160 2198 2482 2253 ubertatem
2514 2212 2747 2268 quoque
2768 2200 2956 2251 terrae
2982 2199 3038 2249 et
3059 2194 3296 2266 frugum
3320 2191 3545 2265 copiam
3566 2186 3743 2245 summi-

2161 2285 2387 2354 nistret,
2415 2285 2678 2341 adflictos
2730 2283 2955 2356 poenis.
2988 2300 3055 2338 ae
3096 2282 3531 2337 uexationibus.
3562 2278 3741 2351 piasqne

2159 2375 2424 2431 omnium
2457 2390 2694 2448 praeces
2725 2373 2997 2429 exaudire
3029 2372 3308 2445 dignetur
3338 2388 3399 2444 p.
3432 2371 3490 2425 d.
3522 2368 3643 2433 (130)

2230 2464 2539 2535 (σοιιεειίο.)
2574 2462 2793 2519 Exaudi
2824 2479 2932 2517 nos
2961 2461 3107 2516 deus
3137 2464 3304 2533 pater
3331 2459 3673 2530 omnipotens
3707 2460 3744 2508 et

2157 2556 2390 2623 praesta
2415 2568 2529 2624 que
2561 2550 2817 2624 petimus
2849 2568 2953 2623 per
2981 2549 3355 2623 unigenitum
3386 2553 3446 2604 et
3464 2543 3744 2621 primogen'r

2158 2645 2279 2695 tom
2308 2640 2555 2696 Jhesum
2582 2639 2879 2695 Christum
2930 2638 3119 2695 ﬁlium
3176 2642 3350 2693 tuum
3405 2635 3676 2692 dominum
3708 2636 3743 2686 et

2157 2730 2331 2786 deum
2357 2733 2622 2786 nostrum
2646 2729 2944 2785 uiuentem
2977 2730 3437 2800 manantemque
3454 2730 3742 2781 tecumwm

2157 2820 2367 2893 spiritu
2399 2823 2599 2876 sancto
2631 2819 2690 2873 in
2714 2824 2951 2875 aeterna
2979 2816 3213 2874 saecula
3238 2815 3743 2872 saeculorumamen

2226 2912 2375 2979 (ante
2404 2910 2676 2977 nomina,)
2709 2907 2958 2964 Oremus
3012 2905 3302 2962 carissimi
3365 2922 3470 2978 pro
3525 2900 3744 2958 fratribus

2156 2998 2393 3054 nostris.
2422 2997 2521 3070 qui
2553 2998 2803 3054 offerunt
2833 2996 2940 3052 deo
2971 2998 3170 3051 nostro
3201 2992 3494 3066 spiritalia
3538 3003 3740 3051 munera,

2154 3090 2416 3158 petentes
2446 3090 2512 3142 ut
2541 3084 2854 3142 oblationis
2883 3083 3141 3141 illorum.
3172 3086 3412 3157 accepto
3435 3082 3574 3138 ferre
3598 3079 3741 3150 digne-

495 3191 505 3262 Ι
534 3156 676 3263 ipost
700 3156 969 3262 secreta).
986 3191 1229 3265 Respice
1258 3192 1439 3265 igitur
1466 3193 1921 3251 clementissime
1942 3212 2016 3268 pa

2163 3156 2272 3232 tur.
2306 3176 2580 3232 restituat
2610 3174 2747 3231 illis.
2780 3191 2884 3247 pro
2915 3173 3162 3230 modicis
3193 3175 3203 3245 Ι

392 3281 502 3334 ter.
527 3277 611 3333 ﬁli
644 3278 912 3336 instituta
933 3279 1211 3338 ecclesiae
1232 3280 1499 3355 mystiria
1519 3283 1894 3340 credentibus
1921 3301 2046 3340 mu-

393 3384 623 3463 nera,_'a
652 3367 1127 3463 supplicantibus
1157 3370 1353 3428 oblata
1399 3376 1456 3427 et
1486 3373 1779 3446 eroganda
1808 3373 2043 3447 supple-

392 3457 667 3515 cantibus
689 3475 746 3531 p.
780 3461 840 3517 d.
873 3457 995 3517 nm.

459 3566 612 3634 (ante
640 3568 940 3624 orationem
967 3567 1345 3640 dominicam.)
1389 3568 1617 3641 indigni
1667 3568 1905 3640 quidem
1950 3586 2045 3626 su-

391 3667 527 3709 mus
558 3653 799 3711 nomina
826 3655 1081 3713 ﬁliorum
1112 3655 1483 3729 omnipotens
1513 3657 1657 3713 deus
1688 3659 1786 3723 sed
1812 3658 2044 3715 iouente

389 3741 541 3813 (125)
566 3745 623 3797 te
653 3742 1055 3816 (126)domino
1089 3750 1286 3801 nostro
1314 3745 1494 3802 Jhesu
1518 3746 1744 3803 Christo
1775 3747 1895 3804 ﬁlio
1918 3753 2039 3805 tuo.

390 3826 530 3886 licet
555 3830 904 3903 tripidantes
932 3837 1130 3889 tamen
1161 3834 1556 3905 oboedientes,
1586 3836 1798 3892 humili
1849 3843 2042 3896 mente

390 3931 632 3974 oramus
660 3922 720 3975 et
744 3919 1030 3976 dicemus.

462 4015 603 4089 (post
632 4018 935 4074 orationem
961 4018 1339 4092 dominicam.)
1389 4019 1595 4077 Libera
1644 4040 1757 4078 nus
1804 4041 1838 4080 a
1884 4024 2037 4081 malo

390 4121 528 4162 nos-
561 4108 571 4176 |
604 4107 695 4161 tra
723 4105 985 4174 libertas,
1015 4109 1157 4180 quia
1184 4108 1292 4164 tibi
1325 4108 1458 4164 suli.
1495 4109 1634 4167 licet
1662 4129 1874 4185 augere
1917 4130 2037 4169 me-

388 4193 521 4251 rita.
554 4198 612 4251 et
640 4194 868 4253 demitti
899 4201 1154 4269 peccata.
1187 4214 1409 4255 euacua
1436 4215 1545 4256 nos
1580 4200 1760 4258 uitiis.
1794 4206 1852 4258 et
1882 4203 2039 4277 reple

387 4300 496 4341 nos
528 4284 871 4355 uirtutibus,
888 4290 954 4342 ut
984 4287 1349 4343 sanctiﬁcata
1370 4293 1543 4361 atque
1563 4294 1755 4347 auxta.
1776 4294 2037 4348 sanctiﬁ-

386 4376 478 4430 cet
505 4374 683 4431 corda
712 4375 854 4431 dum
887 4376 1164 4434 creditur.
1197 4376 1389 4433 deleat
1417 4383 1656 4449 peccata
1684 4381 1826 4436 dum
1849 4398 2037 4439 sume-

386 4465 576 4548 tgrmt
598 4462 693 4521 hic
723 4464 859 4522 etin
891 4469 1191 4523 aeternum
1216 4464 1364 4523 salui
1396 4483 1525 4524 esse
1547 4484 1879 4527 mereamus
1900 4473 2031 4545 p.d.

384 4568 512 4609 nm.

382 4723 607 4851 argi?)
636 4722 887 4783 Probata
935 4726 1223 4799 Falconia,
1256 4745 1404 4786 vers.
1460 4730 1602 4786 13οε
1635 4737 1786 4787 tener
1839 4734 2037 4790 mundi

633 4866 983 4947 imitandam.

488 4972 500 4988 .
590 4940 603 5001 )
626 4940 891 5005 Jubente).

488 4938 603 5011 e25)
626 4938 891 5011 iubente)-

381 5008 606 5133 “.(gﬂ)
636 5016 686 5064 te
714 5008 993 5070 abundat.
1028 5013 1216 5069 Moss.
1251 5015 1467 5071 Forsan
1499 5015 1813 5088 legendum
1866 5023 1957 5075 est
1980 5029 2033 5078 te

452 5148 604 5293 E127)
631 5152 840 5222 refecti.

477 5221 600 5289 128)
627 5222 796 5279 Mone
826 5226 993 5293 putat
1021 5224 1170 5281 duas
1217 5226 1265 5282 ci

477 5221 600 5304 128)
627 5221 796 5304 Mene
826 5226 993 5304 putat
1021 5224 1170 5281 duas
1217 5226 1392 5304 cifgas
1431 5230 1654 5298 deesse,
1689 5247 1900 5304 nempe
1927 5232 2024 5288 Vl.

2777 3290 2997 3362 (MISSA
3041 3289 3196 3363 VIII.)

2823 3380 3145 3454 (prwfatio)

2154 3488 2387 3545 Siderea
2418 3490 2488 3545 de
2521 3489 2657 3546 sede
2687 3487 2882 3544 nitens
2912 3488 3063 3544 bone
3092 3486 3368 3543 conditur
3396 3484 3570 3553 orbis,

2151 3581 2207 3633 te
2225 3578 2436 3651 pietate
2449 3579 2705 3651 probans
2722 3595 2839 3634 non
2856 3579 3058 3633 nostra
3069 3576 3165 3633 hic
3177 3575 3429 3633 crimina
3440 3568 3741 3649 piusas(l3l)

2152 3668 2447 3740 expositas
2476 3668 2721 3724 admitte
2752 3683 2973 3739 preces,
3006 3669 3062 3723 et
3092 3665 3285 3721 iudice
3313 3663 3468 3721 libra

2150 3756 2353 3813 mitior
2382 3756 2611 3829 aequali
2634 3774 2747 3813 non
2780 3756 3032 3812 reddens
3059 3754 3316 3827 pondere
3343 3768 3601 3826 poenam,

2151 3863 2377 3903 errores
2408 3846 2645 3919 ignosce
2675 3846 2870 3919 gregis
2893 3848 3208 3917 pastorque
3240 3843 3421 3899 ﬁdilis

2147 3936 2361 4009 ereptis
2382 3935 2592 3996 ohibus
2609 3936 2754 4004 (132)
2776 3933 3065 4008 paradissi
3094 3932 3308 4007 pabola
3331 3932 3561 3990 reddas.
3581 3928 3737 4003 p.d.n.

2822 4022 3129 4096 (collectio.)

2148 4114 2390 4170 Summe
2439 4118 2606 4170 satur
2654 4130 2871 4181 rerum,
2906 4112 3008 4185 qui
3059 4110 3247 4185 spinis
3293 4109 3483 4167 cultor
3510 4105 3737 4177 ad-lim-

3409 4200 3544 4273 [ptis
3570 4196 3689 4269 {133)

2147 4290 2466 4351 catholicae
2494 4291 2774 4349 ecclesiae
2801 4289 3092 4364 plantaria
3122 4290 3240 4347 ﬁda
3267 4288 3496 4355 locasti,

2144 4381 2333 4454 plecte
2358 4383 2502 4454 (134)
2530 4381 2730 4438 oculos
2761 4380 2832 4436 ad
2862 4385 3002 4437 uota
3030 4380 3186 4454 pius.
3213 4395 3321 4453 age
3350 4383 3542 4435 mente
3561 4388 3733 4434 sereni,

2143 4470 2287 4528 haec
2316 4475 2381 4527 ut
2408 4469 2735 4543 apostoleeo
2764 4469 3030 4527 fodeatur
3059 4470 3236 4526 uinea
3262 4472 3470 4536 rastro,

2064 4534 2112 4600 Β
2144 4559 2419 4616 adridens
2444 4534 2626 4627 ioliis,
2660 4558 2853 4616 uiuaci
2883 4558 3123 4632 palmite
3156 4573 3432 4624 uernaus,

2143 4733 2250 4789 lem
2273 4729 2536 4801 pudorem
2563 4737 2615 4786 et
2642 4730 2991 4785 continentiae
3015 4729 3354 4801 propositum
3381 4728 3655 4801 gloriosum
3674 4725 3736 4801 al-

2142 4819 2244 4875 quc
2272 4795 2490 4875 beatum
2518 4803 2583 4875 in
2606 4802 2859 4857 omnibus
2888 4795 3189 4875 custodiat;
3216 4795 3504 4875 viduarum
3550 4795 3734 4875 ιαρονέιξ

2140 4863 2258 4931 sam
2285 4874 2678 4930 continentiam
2704 4888 2808 4928 sua
2832 4863 3181 4929 miseratione
3198 4872 3508 4942 confoveat;
3528 4863 3737 4939 οιιρὴοηὶε

2139 4962 2293 5019 apem
2318 4946 2541 5019 pietatis
2564 4952 2813 5019 paternae
2839 4945 3137 5019 imprae}.

2211 5013 2359 5087 (130)
2388 5016 2474 5073 Cf.
2507 5013 2828 5072 orationem
2861 5013 3017 5087 apud
3050 5013 3297 5083 Mabill.,
3327 5014 3451 5069 294.

2211 5089 2358 5161 (131)
2386 5103 2603 5161 pensas.

2208 5159 2359 5230 (132)
2387 5159 2598 5217 ovibus.

2207 5224 2355 5300 (133)
2389 5231 2567 5298 Mab.,
2598 5231 2724 5299 251,
2761 5234 2903 5286 Deus
2941 5231 3059 5301 qui,
3090 5228 3290 5286 evulsis
3338 5224 3732 5301 mperstitimw

375 5289 552 5376 ut
581 5293 766 5376 missa
787 5289 990 5376 ordine
1016 5312 1171 5352 nona
1201 5297 1361 5376 s_it.S_i
1382 5304 1577 5357 tamen
1608 5289 1908 5359 a'numéro
1926 5304 2025 5376 VII
2134 5289 2421 5376 spinis.'in
2449 5289 2689 5376 Ecctesia
2710 5289 2809 5376 tua
2835 5289 3119 5376 plantaria
3140 5301 3279 5376 ﬁdei
3304 5289 3419 5376 alta
3451 5298 3626 5353 radice
3658 5304 3729 5376 pe-

375 5363 572 5422 missaa
603 5364 662 5421 S.
682 5363 1379 5447 germaniuregregiendo
1409 5375 2028 5447 numer_es,concordat
2133 5363 2317 5439 s'uisti,
2349 5368 2554 5447 respice
2581 5371 2648 5428 de
2672 5374 2802 5429 caelo
2820 5363 2872 5428 ét
2900 5374 3064 5429 visita
3090 5363 3325 5447 vineam
3348 5374 3524 5447 istam,
3554 5375 3601 5423 (λ
3620 5374 3729 5438 ἕπετ’

373 5452 659 5528 nutricius
772 5452 921 5528 cum
944 5435 1274 5528 ita
1291 5444 1354 5528 ut
1371 5441 1523 5528 alius
1549 5435 2024 5528 missarumﬁordo
2133 5454 2217 5501 sta
2245 5435 2326 5528 ut,
2361 5454 2411 5501 te
2433 5435 2728 5528 irrigante,
2760 5447 3004 5528 fructum
3302 5445 3363 5499 in
3390 5435 3729 5525 ιιρενῑαιεξᾳια

372 5522 502 5583 esse
529 5508 819 5583 videatur,
846 5524 925 5583 ex
948 5525 1064 5583 quo
1086 5509 1281 5565 missa
1312 5514 1578 5583 quaedam
1611 5514 1821 5572 desint.
1856 5516 1922 5571 D.

440 5581 590 5659 (129)
623 5581 799 5654 Mab.,
833 5581 1231 5657 253,’devotum
1260 5581 1591 5645 ac'tticatum
1632 5588 1744 5643 sibi
1772 5589 2021 5660 virgina-

2134 5526 2184 5573 te
2252 5518 2497 5574 tentante
2524 5515 2920 5573 incrementum
2947 5515 3160 5589 accepit
3179 5518 3243 5575 in
3268 5515 3527 5591 germine.

2206 5534 2353 5666 634)
2379 5589 2549 5664 plecte
2580 5605 2684 5664 pro
2711 5588 2881 5662 ﬂecte.

2264 5590 2353 5660 34)
2379 5589 2549 5664 plecte
2580 5605 2684 5664 pro
2711 5588 2881 5662 ﬂecte.
