3844 6200
118 274 226 333 877

104 405 337 473 ,ruscida
367 404 521 461 fonte
553 411 673 473 tuo,
704 403 864 460 nullo
895 407 1151 462 cruciata
1183 423 1417 479 uapore,

118 494 327 550 nutriat
355 498 606 551 aeternus
634 494 779 566 (135)
816 495 950 550 ﬁlici
982 496 1246 569 germine
1274 497 1518 562 fructus,

118 583 320 638 fertiles
350 584 521 653 (136),
537 587 592 638 et
608 581 835 655 placeat
861 584 1023 658 largo
1047 585 1366 642 uindimiae
1388 587 1537 655 (137)
1560 590 1749 658 partu.

98 724 107 733 .
701 672 849 744 (ante
873 673 1143 745 nomina.)

100 762 339 829 ,Adnuae
368 761 515 834 (138)
548 767 737 819 rector
779 778 974 835 opem,
1028 762 1315 836 uultuque
1374 764 1611 820 aduerte
1660 780 1748 821 se-

98 914 107 919 _
1437 853 1672 927 (eundo,

110 956 247 1011 quae
284 940 497 995 damus
541 940 684 995 acci-
714 940 724 1011 l
758 940 944 1013 piens,
978 942 1131 1015 quod
1163 941 1480 1014 poscimus,
1510 943 1633 1014 ipse
1664 957 1748 997 re-

1355 1031 1634 1103 [pendens
1658 1048 1672 1098 ;

108 1118 441 1189 etquamuis
463 1117 713 1191 trepidet
733 1119 966 1192 proprio
992 1118 1147 1175 mins
1178 1124 1329 1175 tacta
1356 1124 1552 1176 reatus
1575 1119 1743 1189 (139),

108 1205 192 1262 uel
219 1223 383 1262 sacra
412 1207 725 1264 reddentes
774 1208 1145 1264 commendet
1191 1225 1367 1265 causa
1396 1209 1744 1282 redimptus,

96 1294 206 1358 hoc
232 1294 481 1366 speciale
510 1296 736 1352 bonum
772 1296 1054 1364 tribuens,
1084 1301 1149 1351 ut
1179 1297 1349 1353 corde
1378 1297 1522 1352 ﬁdili

107 1383 369 1440 uiuamus
400 1385 665 1452 domino,
694 1385 1018 1444 moriamur
1046 1387 1290 1442 crimine
1320 1388 1543 1443 mundo
1574 1388 1742 1460 (140),

1499 1478 1578 1548 [ρ.
1613 1477 1670 1531 (1.

710 1578 850 1617 POS'I‘
890 1579 1131 1618 NOMINA.

108 1649 255 1714 Quod
288 1649 475 1723 poscit
506 1650 749 1707 diuinus
778 1651 983 1719 honor,
1018 1651 1171 1723 quod
1221 1650 1397 1705 funus
1441 1656 1743 1708 amantum

105 1740 372 1812 obsequio
404 1741 687 1797 reddente
716 1740 822 1795 deo
852 1738 1099 1795 solemni
1129 1740 1278 1809 (141)
1312 1740 1617 1808 tributum,

108 1828 433 1902 suppliciter
490 1829 798 1886 dominum
856 1846 961 1901 per
1016 1834 1154 1885 uota
1207 1829 1454 1901 gemella
1510 1847 1738 1902 praece-

98 1982 101 1987 ,
679 1973 688 1981 .
1308 1919 1466 1988 [IIIIur
1497 1920 1666 1988 (142),

102 2009 159 2063 ut
183 2024 323 2079 quos
353 2007 526 2081 culpa
558 2007 1029 2080 praemit,pietas
1058 2006 1336 2063 miserata
1359 2006 1565 2063 relaxit
1595 2008 1738 2081 (143)

123 2104 133 2166 |
162 2102 324 2168 atque
356 2098 686 2152 interventu
722 2096 869 2151 sacri
901 2094 1169 2152 libamini
1200 2096 1349 2167 (144)
1383 2096 1562 2152 huius

102 2186 210 2240 uita
234 2185 651 2259 superstitibus
682 2185 873 2250 detur,
907 2183 1274 2258 indulgentia
1318 2184 1553 2239 functis.
1587 2185 1735 2257 (145)

731 2363 825 2434 (ad
854 2366 1087 2435 pacem.)

96 2453 303 2508 Arbiter
330 2453 515 2520 orbis,
551 2467 694 2525 apex
725 2467 945 2521 rerum,
977 2453 1102 2525 spis
1134 2469 1249 2507 una
1282 2469 1534 2517 reorum,

99 2542 279 2597 tardus
309 2540 628 2610 uindictae,
663 2540 860 2596 uiniae
891 2539 1061 2610 celer,
1096 2541 1387 2598 inmemor
1417 2542 1556 2607 irae,

98 2630 185 2700 qui
213 2628 332 2686 loca
362 2629 679 2703 perquiris,
713 2629 948 2707 miseris
979 2629 1076 2684 ubi
1111 2648 1345 2703 parcere
1376 2631 1567 2704 possis

98 2718 333 2774 inuitans
364 2720 435 2774 ad
471 2718 629 2774 dona
657 2719 867 2792 magis,
901 2736 972 2774 ne
1003 2720 1249 2776 crimina
1300 2721 1533 2776 damnis
1566 2720 1730 2794 (146),

98 2814 241 2863 necte
296 2809 471 2864 ﬁdem
533 2807 787 2881 pepulis,
849 2824 1053 2881 pacem
1107 2826 1297 2865 serere
1324 2809 1471 2880 (147)
1504 2815 1735 2882 pectora

1464 2899 1662 2972 ﬁunge

99 2990 153 3040 ut
181 2990 407 3043 teneant
438 2986 662 3054 animo,
696 2986 852 3059 quod
891 2985 1111 3042 blanda
1151 3004 1255 3059 per
1283 3004 1371 3044 os-
1402 2988 1411 3059 |
1444 2987 1571 3043 cola
1600 3005 1733 3060 pro-

1193 3077 1384 3147 [dunt.
1413 3093 1469 3149 p.
1504 3077 1561 3131 d.
1590 3094 1662 3132 nr

703 3180 772 3220 C0
778 3180 1079 3220 NTESTATIO
1086 3205 1099 3218 .

1215 275 1479 338 MISS/ii
1521 276 1980 337 GALLICANAZ
2024 273 2397 337 UNDECIM.

1776 408 1829 476 Α
1860 423 1994 462 cum
2029 406 2255 463 ﬁerent.
2278 423 2391 462 uox
2413 422 2614 461 semen
2636 370 2760 461 erat
2780 407 2951 475 (151),
2973 424 3077 463 nec
3103 406 3332 464 distulit
3349 410 3512 464 ortus

3394 277 3514 335 878

1866 494 2179 568 imperium
2215 500 2423 551 natura
2453 511 2705 567 sequens
2732 513 2744 563 ;
2778 511 2912 551 mox
2946 495 3191 567 spiritus
3216 497 3334 552 oris
3366 498 3511 568 (152)

1863 584 2098 640 aethera
2127 583 2391 640 curuavit
2416 583 2542 641 sola
2573 584 2689 654 ﬁ),
2721 600 2827 640 nec
2855 587 3242 656 suetaequora
3271 583 3441 653 fudit,

1861 673 2287 745 materiamque
2317 671 2509 745 Operis
2541 670 2664 728 sola
2694 676 2783 728 est
2808 670 3018 744 largita
3048 670 3316 729 uolontas

1858 761 1942 817 Ne
1974 762 2238 818 defurme
2269 760 2475 834 iugum
2508 759 2719 816 similis
2747 760 2993 834 portarit
3019 760 3234 833 imago,

1858 850 2103 923 tigmine
2134 849 2346 907 seruile
2376 849 2547 906 latuit
2574 856 2842 923 regnator
2871 849 3015 922 (153)
3046 848 3282 921 Olimpi,

1858 944 1923 994 ut
1950 956 2059 995 sua
2088 938 2336 1012 gentiles
2368 939 2515 1012 (154)
2546 938 2858 1012 implerent
2886 942 3089 1011 coepta
3119 938 3353 995 furoris.

1857 1028 2000 1096 Quis
2031 1028 2201 1084 dolus
2233 1028 2500 1097 Herodis,
2532 1045 2665 1084 cum
2696 1028 2888 1086 tristia
2917 1027 3071 1085 bella
3097 1031 3382 1096 moueret,

1858 1117 2172 1186 infantum,
2207 1118 2487 1174 mandata
2518 1117 2693 1174 neci?
2723 1134 2869 1190 quos
2915 1116 3079 1173 ubire
3126 1120 3329 1189 raptus
3360 1116 3508 1189 (155)

1856 1206 2104 1263 uulnera
2135 1206 2467 1280 suscipiunt
2498 1205 2696 1279 paruis
2726 1206 2980 1263 errantia
3009 1206 3312 1273 membris,

1855 1295 1954 1350 uix
1983 1294 2257 1351 habitura
2286 1294 2505 1361 locum,
2535 1311 2832 1367 saeuoque
2862 1294 3095 1351 iubente
3123 1294 3397 1350 thirauno

1856 1384 2018 1440 nasci
2051 1401 2238 1457 poena
2268 1384 2353 1439 fu-
2383 1386 2395 1455 |
2426 1384 2489 1452 it,
2522 1384 2692 1455 cujus
2722 1383 2857 1439 tulit
2884 1380 3129 1455 impitus
3159 1400 3392 1439 aeuum.

1856 1490 2030 1546 quem
2064 1473 2313 1529 nesciuit
2344 1473 2460 1546 agi,
2493 1472 2593 1545 qui
2626 1473 2908 1545 pcrdedit.
2941 1490 2974 1528 ο
3004 1490 3159 1529 noua
3188 1473 3395 1529 mortis

1854 1562 2142 1633 condicio,
2174 1561 2337 1619 solus
2368 1562 2553 1618 uitam
2583 1579 2687 1635 pro
2715 1562 2828 1618 ﬁne
2857 1561 3075 1617 subire.

1855 1655 1912 1708 et
1941 1669 2073 1708 cum
2105 1652 2295 1724 prima
2325 1651 2449 1708 dies
2479 1655 2653 1724 atque
2683 1651 2894 1707 ultima
2924 1650 3002 1706 sit
3030 1649 3208 1707 simul
3239 1668 3376 1717 una,

1857 1758 2028 1813 posse
2059 1742 2248 1814 magis
2279 1758 2457 1814 quam
2489 1740 2639 1797 scire
2666 1739 2836 1796 mori.
2856 1739 2996 1807 Quis
3026 1739 3249 1795 lumine
3279 1740 3432 1797 sicco

1853 1835 1955 1886 aut
1983 1835 2217 1903 gemetu
2248 1834 2513 1887 cessante
2544 1834 2719 1903 queat
2748 1844 3073 1886 memorare
3106 1828 3294 1897 Pila'i,

1852 1921 2009 1991 quod
2032 1919 2247 1976 deﬂent
2272 1919 2568 1988 elimenta,
2584 1918 2954 1990 nefas?quod
2969 1918 3501 1990 judice(156)Chri-

3275 2008 3427 2078 [stus

1848 2099 2097 2154 subdere
2127 2114 2231 2170 pro
2263 2096 2470 2153 mundi
2504 2095 2690 2153 noluit
2719 2114 2826 2152 sua
2852 2096 3114 2152 membra
3142 2095 3395 2169 periclis,

1848 2192 1913 2243 ut
1943 2187 2237 2243 carnalem
2271 2188 2417 2259 (157)
2450 2187 2670 2243 malum
2702 2203 2835 2243 caro
2860 2185 3101 2241 soluerit
3127 2190 3184 2241 et
3215 2185 3368 2242 feros
3397 2184 3497 2241 ho-

3275 2274 3422 2344 [stis,

1844 2366 2013 2421 cuius
2044 2365 2117 2421 ab
2148 2365 2432 2437 injenium
2464 2367 2611 2434 (158)
2644 2367 2655 2436 ι
2689 2364 2982 2420 fluxerunt
3011 2362 3123 2419 tela
3151 2363 3383 2431 ueneni,

1844 2455 2111 2526 perderet
2141 2453 2369 2524 antiqui
2400 2453 2713 2510 lacrimosa
2744 2452 2969 2526 piacola
2998 2451 3155 2520 belli,

1846 2543 2087 2599 materia
2118 2547 2431 2616 superante
2464 2541 2587 2615 pari
2616 2560 2630 2610 ;
2664 2558 2769 2598 nec
2800 2541 3065 2597 criminis
3094 2540 3247 2597 ultra

1842 2649 1946 2705 per
1974 2631 2239 2688 subolem
2272 2631 2532 2705 proderit
2559 2631 2707 2703 (159)
2742 2648 2912 2688 onus.
2945 2630 3245 2689 damnatio
3268 2631 3417 2703 justi

1842 2718 2083 2776 libertas
2112 2726 2201 2776 est
2231 2722 2383 2777 facta
2412 2721 2545 2777 reis.
2579 2720 2663 2777 Da
2693 2720 2919 2777 semina
2949 2719 3112 2776 uerbi

1842 2826 1946 2883 per
1975 2815 2077 2865 tua
2104 2810 2278 2878 dona,
2313 2808 2456 2866 colis
2487 2810 2636 2880 (160)
2666 2800 2967 2883 signisque
3016 2809 3331 2866 noualibus
3364 2826 3492 2877 usa,

1843 2898 2089 2971 collegat
2109 2898 2224 2954 ista
2243 2915 2453 2955 manus
2470 2902 2526 2955 te
2542 2898 2930 2955 fructiﬁcante
2957 2897 3293 2971 manipolus
3321 2898 3490 2971 (161).

1841 2988 1912 3043 de
1940 2987 2156 3059 quibus
2186 2987 2312 3061 ipse
2342 2988 2428 3043 tui
2460 3004 2757 3060 conponas
2786 2987 2995 3044 horrea
3020 2985 3165 3043 caeli

1841 3076 2238 3149 triticiamque
2269 3077 2446 3132 {idem
2477 3075 2619 3132 lulio
2649 3080 2928 3149 pereunte
2958 3074 3189 3133 coronis
3215 3075 3386 3148 (162).

1761 3148 1804 3214 Ο
1841 3166 1948 3221 Per
1977 3148 2153 3238 quem
2185 3169 2394 3221 cuncta
2425 3148 2716 3237 tibi,quae
2735 3168 2875 3222 sunt
2893 3163 3186 3232 caelestia,
3217 3165 3233 3237 1
3263 3181 3496 3237 semper

97 3250 328 3326 Dignum
353 3258 409 3310 et
431 3253 658 3309 iustum
684 3257 917 3319 est,nos
933 3253 1152 3326 gratias
1183 3254 1286 3309 tibi
1311 3254 1499 3310 dicere
1519 3254 1730 3328 dignas
1838 3253 2168 3326 uirtnisque
2197 3258 2325 3311 toas
2355 3255 2504 3325 (163)
2533 3271 2698 3311 sacro
2729 3253 3121 3311 modolamine
3149 3270 3385 3311 carmen

96 3357 304 3399 summe
347 3343 500 3399 deus
550 3359 897 3415 semperque
937 3360 1182 3399 manens
1211 3343 1549 3399 dominatur
1583 3344 1728 3417 (148)

1392 3433 1654 3505 [ubique,

93 3523 142 3573 et
165 3521 257 3592 qui
288 3526 504 3577 cuneta
534 3524 743 3593 potens
774 3520 1026 3593 propriis
1057 3520 1317 3577 animata
1346 3521 1550 3594 figuris

93 3597 301 3666 arteﬁce
355 3610 508 3682 (149)
569 3626 837 3666 sermone
896 3610 1060 3679 facis,
1121 3610 1341 3681 quique
1398 3610 1555 3666 edita
1612 3627 1728 3667 eer-

93 3790 208 3843 ante
234 3789 440 3845 uidens
470 3803 785 3860 rerumque
812 3805 1016 3845 creans
1047 3788 1203 3860 (150)
1226 3697 1729 3860 peinsgrjiirlifi‘hr-

1482 3878 1653 3943 (mas.

152 3991 287 4064 (135)
320 3991 431 4048 hoc
461 3996 553 4048 est
580 3996 846 4049 aeternos.

151 4062 289 4133 (136)
314 4064 552 4190 {anili}.
727 4137 738 4148 ⁸

154 4134 288 4190 (137)
366 4151 458 4190 es.
494 4134 738 4190 vmdemz.

173 4134 288 4210 13?)
314 4134 458 4210 Leg.
494 4134 791 4191 vindemia.

175 4138 268 4189 137
320 4138 458 4210 Leg.
494 4138 761 4191 vindemia

175 4138 289 4278 138)
320 4207 523 4275 adnue,
557 4223 761 4263 annue.

176 4276 290 4419 139)
322 4278 459 4351 Leg.
491 4286 664 4335 reatu.

176 4348 270 4419 140
316 4348 401 4404 Cf.
436 4349 605 4419 Rom.
634 4366 664 4404 v

174 4348 288 4418 140)
316 4348 605 4404 ΟἰῗΗοω.
634 4365 715 4415 v1,
743 4352 799 4417 2,
838 4351 904 4404 1O
930 4367 943 4417 ;
974 4367 1092 4418 VIII,
1123 4349 1213 4406 12.
1238 4350 1382 4406 Hinc
1406 4350 1573 4405 Mone
1595 4367 1728 4405 con-

94 4413 256 4494 cludit
274 4413 516 4494 crimine
540 4418 664 4476 loco
683 4413 859 4494 dativi
883 4413 1055 4494 casus
1080 4413 1342 4494 positum
1361 4427 1418 4476 et
1434 4438 1536 4493 per
1561 4438 1728 4494 asyn-

1839 3341 2301 3415 angelorumque
2339 3343 2554 3399 chorus
2595 3346 2874 3399 resonant
2911 3342 3006 3399 his
3042 3343 3290 3400 uocibus
3322 3342 3489 3415 hym-

1839 3448 2200 3504 quaesumus
2212 3436 2277 3488 ut
2281 3432 2496 3503 jubeas
2509 3448 2665 3488 nunc
2677 3449 2784 3488 nos
2797 3432 2999 3487 audire
3012 3433 3486 3503 canentes[num:

1837 3520 2029 3596 etqtibi
2060 3520 2180 3576 sint
2207 3519 2473 3594 placitae,
2506 3520 2710 3578 laudes
2739 3537 2873 3577 cum
2904 3520 3157 3577 dicimus
3184 3520 3329 3577 istas

2083 3609 2199 3666 CUI
2417 3609 2498 3666 SS
2716 3610 2797 3666 SS
3015 3609 3097 3666 SS

2479 3699 2860 3773 (οοηιειςεαιίο.)

1837 3790 2090 3863 Dignum
2124 3804 2378 3861 aequum
2407 3805 2473 3845 ac
2504 3789 2729 3845 iustum
2768 3793 2876 3858 est,
2908 3787 3015 3845 tibi
3047 3805 3155 3845 nos
3187 3788 3315 3862 piae
3344 3788 3492 3861 (164)

2872 3877 3163 3953 [clangere
3192 3877 3421 3947 laudes,

1931 3994 2050 4067 149)
2086 3995 2320 4067 arleﬁee,
2354 3994 2696 4067 sicutinfra
2723 3995 2919 4051 servile
2947 4011 3051 4067 pro
3078 3995 3288 4052 servili.

2090 4065 2251 4149 L‘oc‘o‘
2267 4065 2714 4149 participiorum
2745 4065 2971 4123 corneae
2990 4071 3049 4123 et
3067 4083 3259 4123 creans
3281 4082 3491 4123 sensus

1836 4126 2014 4205 exigit
2038 4126 2419 4193 indicativum
2452 4126 2651 4205 carnis,
2684 4154 2856 4194 creas.

1905 4208 2055 4281 (151)
2088 4208 2266 4275 Mab.,
2300 4209 2440 4281 qaod
2470 4211 2767 4265 seminavit
2794 4209 2973 4281 verba.

1907 4278 2053 4352 (152)
2080 4278 2328 4352 necauet,‘
2340 4280 2450 4352 hoc
2462 4284 2563 4352 est
2580 4281 2775 4336 nexuit
2794 4279 3108 4352 legendum
3129 4294 3258 4352 esse
3270 4278 3488 4350 optime

1836 4350 2061 4406 notavit
2091 4349 2160 4406 cl.
2181 4350 2442 4406 Mueller.
2461 4350 2800 4417 Mone,eum
2825 4349 2934 4406 hoc
2964 4366 3080 4404 non
3110 4349 3491 4420 vidisset,pu-

1836 4421 1978 4478 tavit
2023 4420 2325 4493 elisionem
2376 4436 2525 4486 esse,
2559 4437 2663 4493 pro
2710 4429 2865 4476 sueta
2905 4436 3152 4491 wquora,
3180 4421 3395 4493 et‘sola
3426 4420 3485 4475 in

277 4499 328 4546 et
361 4492 673 4583 omissum.
707 4492 931 4583 Melius
950 4486 1145 4574 forsan
1178 4486 1467 4583 diceretur
1494 4486 1730 4583 crimine
1760 4519 1805 4583 Β
1836 4493 2011 4583 sqlida
2043 4491 2143 4583 vel
2157 4492 2393 4583 solidata
2423 4486 2794 4583 mutandum.
2815 4493 2917 4547 Est
2947 4486 3145 4546 autem
3174 4491 3292 4547 sola
3322 4507 3484 4546 num.

94 4558 389 4635 ablativum
406 4578 536 4618 esse
558 4563 736 4634 idque
759 4563 1000 4618 innuere
1024 4564 1080 4618 in
1105 4580 1221 4635 quo
1241 4564 1329 4620 vel
1348 4580 1463 4635 quo
1482 4564 1732 4619 moritur

94 4627 705 4706 Christianus,parte'm
729 4635 1051 4690 secundum
1086 4627 1262 4706 quam
1288 4627 1459 4691 viv'eri
1491 4634 1726 4703 desinit,

91 4703 275 4759 mundo
302 4721 436 4761 vero
469 4703 699 4760 dativus
728 4709 903 4774 esset,
935 4703 1201 4762 indicans
1232 4706 1402 4761 illum
1432 4706 1524 4760 cui
1557 4706 1729 4762 mori-

96 4775 197 4848 tur,
220 4776 315 4848 cui
346 4791 451 4848 per
480 4780 749 4843 mortem,
781 4776 1169 4833 desertionem
1201 4778 1482 4833 aufertur.
1514 4777 1581 4832 D.

155 4845 293 4917 (141)
321 4845 575 4904 solertiae.

76 4918 77 4921 “
157 4917 297 4990 (142)
323 4933 628 4990 precemur.

155 4988 295 5056 (143)
322 4988 552 5046 relaxet.

179 5059 303 5130 in)
327 5061 625 5119 libaminis.

540 5133 754 5217 191,_u§
800 5134 1180 5217 superelilibus
1228 5136 1415 5217 vitam,
1457 5133 1727 5217 defunctis

93 5203 321 5273 requiem
368 5203 603 5263 tribuas.
637 5203 788 5261 Male
838 5203 906 5260 ex
962 5204 1072 5260 hac
1122 5207 1383 5261 oratione
1439 5203 1728 5260 conclusit

96 5267 530 5353 Monne‘missam
551 5292 683 5353 esse
709 5292 812 5353 pro
844 5275 1169 5353 defunctis,
1185 5294 1301 5332 non
1333 5279 1630 5353 aut_em,ut
1658 5293 1728 5331 ex

95 5342 421 5418 praefatione
442 5351 616 5418 patet,
633 5348 691 5402 in
709 5342 996 5405 honorem
1020 5348 1121 5403 SS.
1148 5347 1577 5414 Innocentium,
1592 5363 1724 5402 cum

96 5414 276 5489 tamen
298 5415 353 5469 in
378 5414 625 5489 singulis
646 5419 847 5475 missis
869 5418 1051 5479 oratio
1084 5425 1207 5478 Post
1235 5421 1462 5477 nomina
1493 5420 1650 5474 vivos
1671 5423 1728 5474 et

98 5480 385 5561 defunctos
415 5480 677 5561 attingat.
712 5490 779 5545 D.

160 5554 300 5624 (146)
330 5557 445 5615 Hoc
472 5554 830 5619 estvdamnes.

160 5626 654 5771 82331.net:

184 5696 299 5763 148)
324 5696 647 5763 ἀονῆἱηαιον.

1840 4564 1992 4638 plur.
2011 4562 2430 4638 usitatissimis
2460 4563 2620 4618 vocis
2649 4563 2845 4638 solam.

1912 4636 2057 4708 (153)
2092 4635 2316 4708 Desunt
2345 4634 2711 4708 characteres
2731 4634 2847 4689 duo
2866 4631 3237 4708 posteriores.
3252 4632 3355 4687 Hie
3379 4633 3488 4688 for-

1837 4703 1943 4763 san
1975 4703 2321 4779 legebantur
2346 4713 2629 4779 regnatur,
2655 4704 2816 4779 _sieut
2845 4703 3044 4779 supra,
3077 4703 3415 4779 dominatur.

1908 4774 2061 4851 (154)
2088 4778 2231 4851 Cum
2263 4781 2321 4833 et
2350 4776 2569 4851 ethnici
2601 4776 2671 4831 ad
2707 4774 3254 4851 necem'inl'antium
3283 4779 3487 4831 contu-
3602 4832 3607 4835 _

1835 4848 2029 4914 lerint,
2064 4849 2351 4905 occisores
2379 4848 2606 4917 gentiles
2635 4850 2935 4903 vocantur.

1905 4922 2055 4989 (155)
2084 4920 2202 4977 Hoc
2231 4925 2319 4976 est
2348 4927 2546 4991 raptos.

1906 4991 2050 5064 (156)
2083 5008 2187 5063 quo
2207 4991 2411 5064 judice.

1930 5063 2052 5131 157)
2076 5064 2319 5131 carnale,
2353 5063 2530 5118 ferus.

1933 5135 2057 5202 158)
2085 5134 2218 5207 heg.
2253 5135 2502 5207 ingenio.

1932 5206 2051 5276 159)
2084 5205 2202 5261 Hoc
2233 5205 2333 5261 est“
2350 5205 2612 5276 prodiret.

1906 5277 2179 5353 (160)_per
2207 5284 2303 5353 lea
2328 5277 2473 5353 dona
2499 5277 2631 5353 colis
2675 5278 3153 5353 conjungendum
3197 5283 3322 5350 est;
3352 5279 3484 5335 colis

1836 5346 2043 5421 forsan
2062 5346 2188 5404 loco
2218 5348 2398 5421 futuri
2428 5349 2568 5405 coles
2598 5346 2853 5421 positum
2882 5346 2989 5407 e'st.
3023 5350 3090 5406 D.

1907 5420 2052 5492 (161)
2083 5420 2375 5492 maniplos.

1930 5491 2052 5548 162)
2083 5491 2280 5547 lolio...
2307 5506 2548 5548 coronas.

1928 5562 2054 5632 163)
2083 5569 2225 5628 luas,
2260 5562 2521 5619 virtutes.

1905 5633 2051 5714 (164)
2085 5633 2233 5693 Loco
2263 5634 2506 5694 vocativi
2531 5636 2641 5714 pie.
