3844 6200
333 282 452 341 879

1122 282 1459 343 APPEND.
1506 283 1607 343 AD
1653 282 1842 344 SEC.
1889 282 1963 343 Χ.
1998 302 2074 327 -°—
2108 282 2605 344 MONUMENTA
2647 282 2961 345 LITUHG.

3633 283 3738 341 880

330 402 455 486 lux,
500 412 616 484 uia,
670 412 817 481 uita,
868 414 1068 482 decus,
1119 414 1264 488 spis,
1315 415 1465 482 fons,
1519 419 1699 481 sator,
1745 415 1982 485 arbiter,
2012 418 2065 485 Α
2098 415 2540 488 propiciandam
2577 414 2841 472 diuinam
2879 413 3225 488 potentiam.
3261 413 3465 469 stabat
3487 412 3737 469 ﬁdelissi-

1688 504 1914 579 [auctor

336 594 544 669 gratia,
575 586 834 661 dulcido,
865 591 1169 665 sapientia,
1198 591 1387 666 gloria
1418 606 1687 667 regnum,

337 684 436 756 qui
470 681 597 739 sine
624 681 833 756 prin-1
865 680 1014 754 eipio
1048 685 1328 754 'pra‘estas
1380 684 1526 755 (165)
1573 683 1699 739 sine
1740 682 1853 739 llne
1884 698 1986 756 per

1554 773 1709 846 [eum
1742 774 1909 844 (166).

335 862 509 935 cujus
537 860 729 917 trinu‘s
756 854 904 932 apex
929 860 1136 916 statuit
1162 860 1275 916 tria
1306 861 1558 917 maxime
1582 862 1728 934 (167)
1763 876 1980 917 rerum.

336 950 444 1019 sol,
478 950 637 1018 luna,
670 951 847 1017 astra,
882 949 1052 1022 polus
1085 951 1390 1006 radiarunt
1415 948 1639 1006 lumine
1670 952 1979 1018 mundum,

335 1041 491 1096 funs.
526 1048 724 1112 pecus,
757 1036 956 1106 herba,
992 1036 1182 1095 frutex
1208 1045 1393 1095 terras
1426 1040 1682 1096 uariauit
1706 1041 1945 1107 honore,

328 1127 536 1201 piscis,
583 1126 825 1195 concha,
874 1125 1044 1200 lapis,
1095 1127 1204 1195 sal,
1262 1142 1466 1184 murex
1522 1144 1777 1202 aequora
1831 1146 1985 1185 com-

1618 1218 1736 1290 plet
1767 1220 1911 1290 (168)

334 1306 417 1361 sic
447 1302 743 1361 hominem
770 1305 1004 1377 ‘genitOr
1034 1305 1253 1361 tinxisti
1286 1306 1502 1361 ductile
1532 1312 1555 1375 (
1564 1306 1684 1372 169)
1710 1306 1851 1363 limo

333 1397 511 1469 atq‘u‘e
536 1393 865 1449 refcrm‘asti
895 1398 1025 1466 post
1046 1394 1297 1449 crimina
1330 1397 1485 1450 fonte
1517 1394 1762 1453 lauacri.

335 1481 490 1538 unde
518 1481 624 1538 tibi
658 1481 865 1537 merito
899 1492 1092 1537 rerum
1125 1483 1269 1539 deus
1300 1498 1420 1539 una
1447 1484 1665 1540 triades
1697 1487 1843 1559 (170)

336 1570 585 1627 uocibus
632 1569 914 1644 angelicis
960 1571 1106 1627 haec
1151 1572 1409 1628 carmine
1440 1579 1641 1629 sancta
1672 1575 1956 1649 resultat)

1688 1664 1801 1735 [cui
1833 1680 1911 1720 m.

953 1753 1093 1823 (post
1121 1751 1382 1824 sanctus.)

338 1839 481 1896 Uere
516 1837 818 1908 terribilis,
850 1844 1108 1906 sanctus,
1142 1843 1515 1911 metuendus,
1549 1843 1859 1910 amandus,

333 1928 624 1995 conditur,
657 1926 993 1998 instructor,
1029 1928 1371 1997 modiratur,
1406 1936 1583 1999 tutor,
1617 1938 1914 2005 operatur,

338 2017 438 2089 qui
471 2017 772 2089 proprium
802 2017 1092 2090 genitum,
1126 2036 1230 2091 per
1268 2036 1441 2092 quem
1488 2021 1764 2077 uirtutem
1797 2026 1987 2093 pater-

1581 2110 1740 2181 [nam
1774 2112 1919 2179 (17l)

333 2200 471 2250 tunc
501 2194 888 2251 adoliscentes
914 2197 1063 2267 (172)
1095 2196 1357 2252 formasti
1390 2199 1609 2254 exortia
1638 2200 1869 2266 mundi,

332 2282 563 2337 mittere
592 2282 730 2338 sede
758 2281 876 2355 poli
904 2283 1142 2338 demum
1169 2284 1449 2356 dignatus
1480 2303 1544 2341 es
1572 2286 1720 2353 orbi,

334 2368 437 2442 qui
466 2375 772 2443 reparatur
798 2372 940 2442 (173)
970 2371 1135 2427 adest
1164 2378 1499 2429 nostrarum
1533 2374 1887 2431 animarum.

1307 2479 1362 2534 p.
1398 2462 1453 2517 d.
1485 2481 1542 2518 n.
1577 2463 1677 2535 qui
1712 2463 1916 2535 pridie.

404 2551 551 2619 (post
576 2552 825 2613 secreta.)
857 2547 1121 2605 Misirere
1153 2550 1389 2606 domine
1440 2551 1818 2625 supplecibus
1853 2554 1970 2610 tuis

332 2639 391 2691 et
418 2634 727 2708 peticionis
759 2635 1063 2694 humiliate
1096 2641 1105 2707 Ι
1138 2639 1241 2693 tibi
1278 2639 1466 2712 plebis
1514 2642 1782 2714 placatus
1826 2629 1997 2704 inte]...

331 2722 479 2796 lege,
505 2727 739 2779 moueat
766 2728 822 2779 te
852 2724 925 2780 ad
958 2726 1707 2797 misericordia,inmenens
1729 2731 1899 2787 nobis
1914 2736 1991 2798 te,

329 2810 633 2868 deserente
680 2811 1020 2881 discrimen,
1057 2815 1257 2888 aspice
1307 2833 1684 2888 quaesomus.
1718 2818 1992 2875 lacrimas

329 2904 583 2956 nostras.
608 2899 872 2957 ubertate
896 2900 1159 2958 ﬂetuum.
1185 2904 1284 2959 uix
1307 2908 1572 2963 cadentis
1594 2908 1753 2965 audi.
1771 2908 1991 2981 singul-

324 2989 517 3045 tebus.
552 2986 922 3063 interpellata
969 2992 1246 3065 suspiria,
1282 2999 1337 3050 et
1388 3011 1623 3068 praesta
1671 2997 1731 3053 in
1766 2999 1987 3055 iudicio

326 3076 540 3134 liberos
558 3076 958 3152 quosuide‘s'in
978 3082 1343 3138 confessione
1362 3089 1748 3158 conpunctus.
1766 3092 1821 3143 et
1835 3102 1983 3160 quos

2093 523 2228 561 mus
2242 518 2468 563 seruus.
2486 505 2853 561 redundabat
2863 505 3125 578 cupiens.
3141 517 3291 577 gens
3308 501 3682 567 ceruicatam,
3695 508 3742 560 et

2093 595 2244 650 inter
2273 595 2537 667 dapsilis.
2553 595 2735 667 dapes
2760 595 3011 666 patriam
3042 592 3390 666 neglixerat.
3416 594 3559 663 jura
3580 594 3740 649 unius

2094 684 2371 740 mulieres
2418 683 2713 756 inpudice,
2760 688 3178 756 purtentuosae
3221 684 3373 746 (175)
3414 681 3742 738 colebantur

2094 772 2395 845 ﬁgmenta.
2431 776 2488 827 et
2517 770 2591 827 ad
2613 786 2916 827 sacrorum
2947 770 3356 827 uolumenum.
3390 768 3608 844 legalia
3628 781 3741 826 cono

2094 861 2506 917 temnebantur
2534 865 2862 933 praecepta,
2896 860 3218 933 conﬂagrat
3245 866 3307 914 at
3335 858 3741 933 Helias,super~

2095 966 2237 1007 num
2291 951 2478 1006 zelum
2538 965 2842 1016 accensus,
2877 950 2886 1019 |
2919 948 3207 1005 aduersus
3254 944 3564 1004 indometa
3610 950 3736 1017 (176)

2082 1039 2343 1117 plebem,
2366 1055 2502 1093 mox
2523 1037 2773 1110 imperat
2793 1036 3152 1104 aelementis,
3177 1036 3372 1093 caelos
3396 1036 3669 1109 praecepit
3686 1053 3739 1091 ac

2094 1128 2461 1183 nubebus.ne
2475 1144 2569 1183 ros
2583 1127 2874 1183 darentne
2887 1125 3390 1199 pluuias,lugebat
3404 1124 3588 1181 tellus
3599 1126 3743 1181 steri-

2095 1217 2199 1273 les.
2225 1217 2481 1272 ueduata
2511 1216 2754 1271 rosceda
2783 1220 2967 1288 prata.
2988 1219 3045 1271 et
3064 1220 3297 1271 terrena
3328 1213 3554 1270 sacries
3582 1212 3743 1286 palle-

2096 1305 2194 1360 bat
2224 1322 2325 1361 ora
2353 1305 2551 1360 ieiuna
2577 1306 2743 1375 (177).
2780 1301 3098 1376 placabiles
3122 1306 3330 1358 exorat
3360 1302 3574 1367 dinuo,
3597 1308 3651 1356 et
3670 1301 3742 1355 in-

2096 1395 2289 1449 brium
2345 1398 2689 1462 cataractae,
2725 1396 3078 1449 reserantur.
3110 1395 3168 1446 et
3214 1390 3479 1446 aetherio
3521 1406 3559 1446 ει
3594 1406 3741 1444 sacra

2087 1485 2255 1554 jobct
2301 1483 2644 1539 discendere
2692 1483 2907 1554 ignem.
2945 1485 3009 1536 ut
3051 1480 3325 1552 inpuluta
3355 1481 3507 1545 (178)
3542 1479 3740 1534 hostia.

2096 1572 2322 1628 siderea
2344 1576 2536 1627 nectat
2555 1572 2628 1627 ad
2643 1572 2768 1626 side
2790 1569 2803 1590 ’
2822 1570 2833 1590 ’
2853 1570 2864 1590 ’
2886 1570 3032 1633 (179)
3056 1570 3197 1642 quid
3221 1570 3333 1624 fuit
3353 1568 3570 1640 inquid
3594 1568 3741 1623 illum

2098 1662 2243 1734 (180)
2276 1661 2615 1717 mirificum.
2648 1675 2973 1717 summum-
3005 1661 3014 1730 ι
3047 1674 3162 1730 que
3201 1655 3473 1731 prodigio
3506 1662 3577 1712 ut
3604 1650 3740 1729 quod

2098 1750 2261 1822 prius
2287 1749 2644 1822 pulsauerat.
2667 1748 2985 1804 infernum.
3008 1752 3066 1803 et
3085 1746 3496 1802 mortet‘erum.
3512 1745 3643 1816 jam
3660 1760 3745 1800 an-

2096 1843 2252 1895 trum
2284 1837 2905 1903 defunctum,unicum
2928 1836 3114 1892 lilium
3141 1851 3408 1907 suaeque
3439 1833 3742 1890 matrired-

2096 1928 2257 1983 dedit
2285 1927 2514 1984 uiuum.
2547 1927 2639 1982 bis
2671 1926 3006 1982 uirtutebus
3046 1931 3270 1997 septus,
3305 1925 3377 1980 ad
3414 1923 3738 1996 angelorum

2100 2017 2224 2072 uita
2254 2017 2443 2089 pergit
2473 2032 2660 2072 serus.
2692 2019 2960 2087 raptatur
2996 2029 3239 2069 carruca
3264 2014 3666 2086 ﬂammegera.
3686 2012 3739 2066 et

2100 2107 2277 2180 igniis
2307 2106 2543 2162 uallatis
2565 2106 2753 2179 equis.
2781 2103 2940 2161 uolat
2958 2119 3065 2176 per
3083 2107 3262 2159 astra.
3288 2102 3564 2158 ascendit
3590 2116 3739 2173 ange-

2101 2196 2291 2252 lorum
2340 2196 2531 2251 cuniis
2576 2193 3001 2260 circumdatus,
3025 2194 3094 2264 jn
3126 2191 3321 2264 cuijus
3370 2188 3742 2246 translatione

2103 2302 2257 2342 unus
2279 2284 2444 2340 testis
2467 2284 2892 2339 est.Helisaeus
2916 2281 3259 2355 gloriosum.
3295 2281 3310 2353 |
3343 2296 3504 2336 nunc
3537 2279 3743 2334 fruetur

2101 2376 2367 2431 chorum.
2382 2374 2423 2434 (ιΙ
2437 2371 2847 2435 81)(ιοῐ11ειιιάειῐ
2868 2384 3061 2444 regem
3087 2370 3391 2426 sedentem
3416 2369 3478 2424 in
3499 2372 3741 2429 tronum.

2103 2464 2333 2521 merito.

2174 2568 2567 2610 CONTESTATIO.
2602 2550 2857 2624 Dignum
2911 2554 2969 2606 et
3012 2548 3236 2605 iustum
3284 2552 3360 2604 et.
3394 2562 3658 2620 aequum
3698 2540 3745 2600 et

2104 2642 2327 2698 iustum
2358 2645 2465 2697 est.
2500 2658 2607 2698 nos
2636 2640 2743 2695 tibi
2775 2655 3005 2712 semper
3032 2636 3251 2711 gratias
3300 2653 3497 2711 agere,
3525 2636 3743 2691 domine

2103 2736 2303 2788 sancte
2332 2735 2496 2803 pater
2522 2729 2893 2802 omnipotens
2913 2733 3143 2784 aeterne
3162 2727 3330 2796 deus,
3354 2730 3417 2781 tu
3451 2726 3514 2781 in
3540 2723 3742 2781 sanctis

2101 2821 2379 2876 laudibus
2407 2818 2697 2891 gloriaris,
2728 2823 2791 2872 tu
2819 2818 2876 2872 in
2920 2816 3097 2872 caelis
3148 2816 3437 2889 regnaris,
3470 2819 3540 2870 tu
3570 2828 3741 2888 agnus

2102 2907 2518 2966 immaculatus
2539 2913 2599 2963 tu
2625 2912 2788 2981 pater
2808 2908 2953 2976 (182)
2982 2910 3386 2978 sempeternus
3416 2922 3483 2961 es
3509 2904 3738 2967 filius,tu

2102 2999 2376 3071 splendor
2405 3013 2660 3064 sacrum,
2690 3002 2753 3052 tu
2781 2999 3109 3068 martyrum
3139 2998 3457 3050 coronatur
3486 2993 3738 3048 omnium

2100 3070 2430 3144 animarum
2481 3090 2794 3159 protectur.
2840 3086 3199 3150 orfanorum,
3233 3086 3244 3154 |
3277 3087 3497 3156 pastor.
3554 3082 3738 3137 vidua-

325 3166 553 3240 aspices
575 3167 818 3223 humilis
841 3182 943 3240 per
958 3172 1435 3229 ‘reatum.erictus
1460 3188 1766 3231 munerare
1783 3159 1981 3249 digne-
2010 3159 2053 3225 C
2092 3172 3355 3250 rum.gobernatur.caecoruminluminatur.
3373 3176 3733 3244 peccatorum

328 3257 410 3312 ris
438 3256 500 3312 i’n
531 3257 793 3329 praemio,
823 3258 1107 3333 mitigans
1140 3262 1150 3333 Ι

977 3367 1189 3430 (ΜΙδδΑ
1219 3371 1328 3432 IX.)

401 3452 492 3518 (ad
514 3463 831 3525 pacem)...
872 3453 1077 3526 spirito
1113 3462 1315 3513 sancto
1346 3457 1605 3527 nomine,
1638 3458 1696 3514 in
1737 3476 1978 3516 conmu-

328 3540 522 3610 nione,
548 3541 833 3598 omnium.
859 3548 1194 3600 sanctorum
1226 3546 1654 3603 remissionem.
1688 3548 1975 3605 omnium.

325 3634 681 3687 nostrorum.
702 3630 1040 3687 criminum.
1074 3634 1377 3691 credemus
1410 3636 1644 3692 domine
1675 3638 1829 3710 quod
1855 3638 1976 3695 haec

322 3718 494 3862 nobilis
524 3718 679 3775 fessa
706 3719 850 3782 (174)
874 3721 1214 3791 credulitate
1245 3725 1619 3796 poscentibus
1648 3729 1974 3799 praestabis

322 3818 377 3862 Β.
458 3846 472 3861 .

318 3818 377 3878 p.
412 3818 472 3862 α.

386 3904 783 3951 CONTESTATIO.
816 3894 1092 3969 Dignum.
1124 3904 1183 3954 et
1230 3900 1476 3973 iustum,
1509 3908 1567 3959 et
1614 3920 1871 3977 aequum
1916 3910 1974 3962 et

314 3982 561 4039 iustum.
592 3986 702 4040 est.
734 3998 843 4039 nes
875 3984 979 4040 tibi
1011 4002 1243 4060 semper
1266 3990 1491 4062 gratias
1523 4007 1712 4064 agere.
1733 3994 1971 4050 domine

313 4075 514 4129 sancte
544 4076 713 4145 pater
740 4074 1111 4146 omnipotens
1142 4082 1374 4134 aeterne
1414 4079 1579 4147 deus,
1614 4081 1713 4153 qui
1745 4082 1801 4138 in
1834 4101 1968 4140 san-

313 4163 545 4217 ctorum
576 4164 815 4217 tuorum
838 4161 1260 4236 patriarcarum
1293 4164 1517 4224 Heliam
1548 4170 1965 4228 famosissimo.

2090 3266 2325 3322 ueniam
2356 3264 2681 3338 promissor
2710 3262 3077 3336 captiuorum
3106 3260 3392 3317 liberatur
3422 3260 3598 3327 (183),
3627 3258 3733 3313 lan-

2089 3356 2394 3429 guentium
2412 3352 3069 3421 saluatur,mortuorum
3092 3346 3732 3421 suscitatur.paradyssi

2089 3444 2407 3519 plantatur,
2441 3443 2622 3499 maris
2654 3440 2972 3498 stabilitur.
3006 3439 3150 3496 caeli
3179 3442 3238 3495 et
3277 3443 3471 3494 terrae
3502 3437 3731 3493 fabrica-

2089 3540 2202 3603 tur,
2236 3533 2511 3607 gentibus
2550 3530 2933 3598 intellectum,
2968 3527 3370 3586 catecuminus
3423 3527 3498 3583 ad
3558 3525 3729 3599 bapti-

2086 3639 2280 3680 smum
2296 3619 3014 3695 prouocatur,presbiteris
3032 3612 3733 3689 sacerdotium,episwpis

2085 3711 2478 3785 apostolatum
2520 3711 2745 3779 datum,
2778 3714 2839 3764 tu
2872 3709 3106 3764 domine
3136 3705 3411 3763 caelestia
3442 3704 3727 3778 possedes,

2085 3802 2383 3857 terrestria
2426 3799 2674 3868 iudicas,
2718 3798 2947 3854 inferna
2992 3797 3271 3862 suscitas,
3302 3798 3545 3851 aeterna
3575 3796 3585 3864 Ι
3616 3808 3729 3848 mo-

2083 3890 2327 3957 deraris,
2361 3889 2567 3946 merito
2598 3887 2706 3943 tibi
2750 3886 2985 3943 domine
3032 3900 3239 3942 omnes
3284 3882 3499 3957 angeli.
3531 3883 3601 3939 N.
3633 3880 3724 3937 SS.

2082 3980 2181 4036 SS.
2218 3979 2321 4035 SS.

2733 4065 2970 4127 (M1581
2999 4064 3086 4127 Χ.)

2147 4181 2277 4232 Post
2293 4191 2615 4248 prosarium
2645 4174 2798 4229 Deus
2843 4177 3042 4229 sancte
3082 4169 3323 4229 eclisiae
3352 4169 3719 4237 constitutur,

312 4249 453 4307 dare
480 4249 760 4324 dignatus
779 4267 845 4308 es
864 4257 1060 4309 uatem
1092 4253 1459 4313 discurrebat
1486 4258 1638 4314 inter
1660 4261 1835 4316 deum
1868 4263 1878 4333 |
1910 4266 1968 4318 et
2074 4265 2356 4336 quistans
2381 4264 2439 4319 in
2467 4263 2660 4319 medio
2681 4261 3097 4335 discipolorum
3128 4256 3721 4326 tuorum,ueueratie-

311 4337 583 4440 homines
614 4339 780 4397 uirus
809 4339 1059 4415 legatus,
1086 4344 1374 4400 castitatis
1405 4344 1595 4403 balteo
1624 4348 1873 4418 cinctus,
1890 4351 1963 4407 ad
2072 4354 2163 4410 nis
2212 4352 2390 4410 huius
2449 4356 2815 4411 sacramenta
2870 4351 3139 4415 docuisti,
3183 4352 3422 4424 praesta
3470 4347 3554 4403 on'
3602 4360 3718 4401 meo

406 4537 531 4605 165)
557 4545 788 4605 perstas.

610 4626 679 4666 oc
702 4614 800 4688 est
824 4626 1002 4666 rem
1029 4610 1240 4688 Forma
1287 4612 1411 4688 haec
1455 4630 1581 4688 eam
1629 4632 1733 4688 pro
1779 4633 1963 4676 aevum

406 4537 531 4605 165)
557 4545 788 4665 ﬁerstas.
1990 4534 2038 4599 Ι)

379 4540 528 4734 {:66}
610 4626 679 4666 oc
707 4614 800 4666 est
824 4626 1002 4666 rem
1029 4610 1240 4667 Forma
1287 4612 1411 4695 haec
1455 4630 1581 4671 cum
1629 4632 1733 4688 pro
1779 4633 1963 4704 acvunt
2139 4552 2160 4763 ἓ

545 4679 758 4738 εωοιιιο
798 4698 877 4737 vn
925 4687 1108 4755 poetas
1157 4684 1362 4741 Franci
1418 4687 1754 4744 utebantur.
1788 4690 1962 4748 Verbi

306 4678 516 4755 adhuc
545 4679 758 4738 saculo
798 4698 877 4737 vn
925 4687 1108 4755 poetas
1157 4684 1362 4741 Franci
1418 4678 1754 4744 utebantur.
1788 4690 1962 4748 Verbi
2139 4678 2160 4755 ἓ
2168 4695 2269 4750 175

307 4754 752 4888 εταξιιξιέαίριᾳυε
792 4823 1011 4891 domum
1040 4826 1535 4891 non_e_xtinguenda
1568 4842 1664 4891 per
1692 4844 1832 4881 eum.

852 4888 1118 4949 (Mnrm.,
1153 4888 1293 4939 Thes.
1324 4888 1517 4940 Xnecd.
1549 4888 1637 4951 Ill,
1670 4896 1831 4955 1655.)

346 4963 522 5046 .(167)
554 4966 831 5048 maxima,
853 4967 1004 5021 sicut
1035 4967 1092 5021 in
1126 4967 1333 5025 ultimo
1371 4970 1550 5043 hujus
1582 4976 1955 5032 contestatio-

303 5050 397 5088 ms
425 5049 618 5101 versu,
651 5051 924 5091 carmma.

554 5103 702 5187 Haec.
722 5111 861 5187 sunt
889 5109 1000 5162 tria
1030 5112 1277 5187 maxima
1309 5128 1501 5187 rerum
1529 5131 1658 5186 qua;
1687 5117 1787 5173 ss,
1822 5119 1954 5174 Τινί..

300 5176 802 5256 ηἰφξὶλῐι-ἀίγῇῃὶε
829 5181 1182 5250 respondent
1213 5199 1227 5237 :
1262 5183 1493 5252 omium,
1528 5176 1702 5256 terra,
1735 5206 1915 5247 mare.

366 5245 521 5389 (ξιξ)

498 5322 519 5387 )
550 5318 761 5387 trudes

391 5319 519 5387 170)
550 5318 779 5387 triadas,
807 5318 919 5390 hoc
970 5327 1065 5378 est
1107 5323 1271 5390 trias,
1306 5324 1462 5380 sicut
1512 5325 1569 5381 in
1631 5329 1951 5389 serioribus

294 5389 811 5477 hymnisfheoteta‘,
842 5389 967 5448 loco
998 5394 1198 5477 theam
1230 5389 1495 5477 habetur.
1519 5399 1654 5464 Qus:
1685 5418 1754 5457 ex
1784 5402 1950 5477 igno-

293 5461 727 5536 rantialinguaa
757 5461 969 5520 Griecae
1001 5470 1128 5521 orta
1159 5470 1317 5521 sunt.

363 5534 512 5609 (171)
547 5534 682 5609 Leg.
718 5537 918 5609 virtute
940 5546 1199 5609 paterna.

362 5606 508 5694 (172)
541 5606 916 5668 adolescentis.

2167 4550 2295 4620 173)
2322 4557 2627 4622 reparator.

2166 4623 2291 4692 171)
2318 4623 2455 4693 fixa.

2391 4701 2647 4750 neruosa.

2363 4779 2465 4821 000
2496 4781 2692 4821 8.00118.

2168 4696 2269 4750 175
2391 4701 2647 4750 neruosa.

2165 4696 2290 4910 176i
2315 4708 2465 4821 ﬁco
2496 4781 2692 4848 aecus.

2165 4838 2264 4893 177
2319 4836 2448 4891 Haec
2491 4854 2588 4910 _vxx
2637 4853 2752 4891 non
2799 4852 3002 4892 versus
3049 4833 3505 4910 sunt
3551 4831 3709 4889 latins

2164 4838 2264 4893 177

2065 4906 2293 4964 viduata
2321 4907 2535 4964 roscida
2560 4916 2743 4980 prata,
2770 4915 2821 4963 et
2850 4915 3079 4980 terrena
3108 4908 3283 4980 sacris
3302 4906 3601 4980 patiebant
3624 4918 3709 4958 ora

2055 4982 2271 5064 jejuna,
2306 4980 2498 5107 Mﬁms.
2530 4975 2599 5019 —'-
2630 4979 2847 5034 Forsan
2881 4978 3192 5052 legendum
3234 4975 3462 5050 iejitm's,
3486 4975 3601 5030 hoc
3628 4981 3710 5030 est

2064 5068 2306 5107 munus.
2396 5092 2409 5105 .

2055 5068 2306 5124 Jejunns.
2330 5068 2409 5124 νυ.

2132 5123 2279 5195 (178)
2311 5121 2618 5195 impolluta.

2310 5162 2759 5250 .S'icwi'nwzodice
2805 5193 3071 5250 habetur.
3108 5162 3441 5266 Legendum
3479 5189 3704 5244 videtur

2057 5282 2118 5323 se
2183 5282 2230 5322 ε.

2183 5291 2206 5322 δ

2132 5336 2279 5408 (180)
2311 5339 2541 5408 inquam
2569 5336 2733 5391 illud.

2130 5411 2281 5477 (181)
2307 5410 2521 5481 fruitur
2547 5408 2731 5481 choro.

2129 5481 2279 5547 (182)
2307 5478 2460 5535 Loco
2488 5478 2749 5552 genitivi.

2129 5553 2275 5619 (183)
2308 5548 2854 5623 Mab.,’190,gtribuc
2881 5552 3109 5623 captivis
3139 5548 3574 5623 redemyticnem,
3605 5558 3700 5602 ar-

2056 5624 2136 5682 cis
2166 5625 2363 5695 visum,
2389 5621 2739 5700 peccantibus
2768 5621 3164 5682 rcmiséz’oncm.
