3844 6200
288 298 407 362 887
1075 300 1410 364 APPEND.
1459 302 1560 363 AD
1605 298 1790 363 SrEC.
1838 300 1911 362 X.
1946 335 2023 345 —
2053 299 2550 365 MONUMENTA
2596 304 2913 368 LITURG.
3573 308 3663 373 m

292 442 351 519 ξ.
385 434 595 519 Tecla“
953 454 1070 492 ora.
1241 436 1512 519 Porsinna,
1812 454 1931 492 ora.
1965 437 2021 503 Α
2052 437 2313 490 Auunxo
2344 454 2576 495 summo
2608 438 2880 510 pontiﬁce
2909 444 2968 497 et
2996 439 3338 497 uniuersale
3365 459 3526 515 papa
3560 446 3661 502 vita'

293 508 657 605 arguam.
1149 510 1209 564 ει
1243 508 1461 605 esse
1661 587 1674 605 .

2149 524 2413 597 demptor
2442 508 2672 594 mundi,
3365 508 3385 515 ”
3402 508 3523 587 tulo
3541 535 3667 605 jura.

301 584 361 675 ξ’
389 580 687 675 Ξῗεῖῗὲξ1⁸’
1162 579 1918 675 ρ-,²Ῡί3ἶη⁶Ῑ⁸9.³.α⁷²⁶ί⁰ν¹⁴”²;,,
2057 613 2268 670 Sancte
2301 613 2486 675 Petre,
3401 619 3565 675 tuloi

303 624 363 711 Ξ.
398 624 687 723 Brigida,’
1162 651 1375 723 Sancta
1401 653 1590 723 Anna,

2150 624 2268 670 acte
2301 624 2486 682 Petre,
3401 624 3523 676 tulo
3543 624 3668 694 jura.

301 701 363 782 ἐξ
395 701 727 789 Hist—aiis,
1157 701 1616 790 sf'iiéﬁsIABEEﬁ,
1829 701 1940 707 ’Ἦ
2057 701 2161 758 Vel
2191 702 2343 759 alius
2373 703 2642 773 Sanctus,
2669 704 2873 777 quales
2901 706 3179 776 volueris,

303 797 363 852 S.
396 793 705 860 Genovefa,
1156 788 1223 848 °S.
1258 793 1491 861 Helena,
1602 788 1607 790 ⁷
2059 792 2280 848 Exaudi
2313 792 2559 849 Christe.

304 868 363 961 ἓ.
1257 864 1639 961 ξεξιξίἶξιᾲωιμ
2064 882 2289 936 Kaaoco
2318 881 2806 939 excellentissimo
2842 887 2901 939 et
2946 900 2980 939 a
3027 884 3145 941 Deo
3175 891 3473 953 coronato,
3507 904 3675 961 magno

308 939 367 995 S.
403 935 712 1007 Perpetua,
1171 937 1229 991 S.
1267 935 1661 1061 Radegumlis,

309 1010 370 1066 S.
405 1006 694 1066 Felicitas.
1169 1008 1227 1062 S.
1260 1007 1423 1063 Nada
1448 1023 1523 1066 ιιι.

2158 974 2190 1025 4
2219 969 2461 1045 paciﬁca
2493 986 2627 1047 rege
2667 971 3024 1028 Francorum
3073 978 3132 1030 et
3176 935 3676 1048 Langobardoruom,

405 1048 739 1142 ‘szg'ﬁgﬁéh,
2136 1076 2200 1114 ac
2229 1058 2471 1131 patricio
2505 1059 2903 1117 Romanorum
2934 1060 3053 1118 vita
3080 1066 3139 1118 et
3166 1062 3425 1119 victoria.

311 1152 371 1226 ξ.
404 1150 694 1226 Susanna,
1170 1150 1230 1226 ξ.
1261 1150 1464 1226 Solita,
2065 1148 2329 1205 Salvator
2359 1148 2589 1215 mundi,
3412 1153 3536 1210 tulo
3555 1155 3681 1226 jura.

312 1223 367 1315 ἓ.
403 1221 569 1315 Spes,
1261 1220 1606 1315 Itt‘Iarionijlla,

2166 1242 2278 1293 icte
2308 1237 2620 1304 Johannis,
3411 1243 3537 1297 tulo
3556 1220 3684 1315 iuva.

313 1294 372 1348 S.
408 1291 592 1357 Fides,
1174 1293 1233 1347 S.
1267 1291 1606 1361 Concordia,

313 1365 373 1419 S.
406 1362 651 1419 Caritas.
1174 1364 1232 1419 S.
1266 1364 1556 1419 Susanna.

2065 1291 2168 1381 Vel
2198 1291 2649 1395 aliussanctus,
2678 1327 2870 1399 qualis
2900 1327 3174 1385 volueris.

317 1403 376 1489 ἐξ
408 1403 744 1507 ῐὲἰξόᾘῖιιει,
1175 1403 1237 1490 si
1266 1403 1556 1507 Ἆῖιῖιὲἔξὲζ

2071 1415 2287 1472 Exaudi
2320 1415 2564 1472 Christe.

319 1506 379 1589 ἓ.
414 1503 748 1589 Medrisma,
1278 1503 1551 1589 beonilla,
2072 1505 2270 1560 PIPINO
2299 1509 2357 1561 et
2385 1509 2618 1561 Kanono
2647 1504 3033 1563 nobilissimis
3064 1506 3208 1563 ﬁliis
3229 1509 3365 1581 ejus
3393 1510 3693 1565 vita.Sancli

320 1576 387 1669 ἓ,
415 1576 771 1669 Solempuia,
1268 1577 1313 1669 .1
1306 1577 1510 1669 quilla,

2174 1592 2323 1661 llius,
2355 1592 2560 1668 quales
2588 1593 2866 1663 volueris,
3260 1576 3279 1581 v
3426 1597 3548 1654 tnlo
3562 1598 3692 1669 jura.

323 1647 385 1772 ἒξ
411 1645 760 1772 ἕῗιξεδέτῗιῗζηι,
1183 1649 1242 1772 ξς
1276 1646 1536 1772 ξζῗξὲξξζ
2075 1683 2296 1772 Exaudi
2330 1682 2584 1740 Christe.

411 1720 779 1874 Elaﬁgzﬁk,
1274 1720 1608 1865 ﬁlgggﬁa,
1997 1808 2046 1874 Β
2078 1771 2277 1874 Pramo
2309 1788 2441 1874 rege
2471 1772 2990 1872 hangobardorum
3020 1774 3163 1831 vita.

328 1860 389 1916 S.
426 1859 670 1917 Romula
1464 1859 1484 1865 ⁷
1998 1859 2046 1874 ³¹
2084 1861 2280 1917 Sancti
2313 1859 2598 1930 Mauricii,
3426 1863 3548 1921 tulo
3568 1865 3697 1936 jura.

2082 1949 2183 2005 Vel
2217 1949 2368 2006 alius
2398 1952 2667 2019 Sanctus,
2692 1949 2896 2022 quales
2925 1950 3200 2009 volueris.

327 2036 527 2097 Sancti
551 2037 766 2112 angeli,
1536 2047 1695 2099 orate
1724 2060 1830 2117 pro
1860 2059 1973 2099 me.
2086 2038 2306 2095 Exaudi
2338 2039 2584 2096 Christe.

326 2126 524 2183 Sancti
554 2126 905 2202 archangeli,
1536 2137 1697 2190 orate
1728 2150 1831 2206 pro
1862 2149 1976 2190 me.
2088 2127 2409 2185 CHLODOVIO
2440 2143 2573 2202 rege
2606 2128 3049 2202 Aquitaniorum
3081 2130 3223 2187 vita.

329 2217 525 2273 Sancti
558 2216 775 2286 throni,
1538 2227 1697 2279 orate
1727 2239 1830 2295 pro
1864 2239 1979 2279 me.
2090 2217 2300 2274 Sancte
2331 2218 2597 2284 Martine,
3310 2207 3317 2213 ’
3430 2221 3547 2276 talo
3565 2221 3696 2292 jura.

331 2306 556 2363 Sanctze
588 2306 1037 2375 dominationes,
1542 2316 1702 2367 orate
1735 2329 1837 2384 pro
1869 2327 1980 2368 me.
2092 2306 2196 2363 Vel
2227 2305 2380 2363 alius
2410 2312 2669 2376 sanctus,
2701 2305 2911 2379 quales
2939 2306 3211 2365 volueris.

336 2395 534 2455 Sancti
565 2395 953 2468 principatus,
1544 2405 1702 2456 orate
1735 2417 1837 2473 pro
1870 2418 1983 2457 me.
2096 2396 2315 2452 Exaudi
2348 2395 2592 2453 Christe.

340 2485 567 2541 Sanctae
600 2488 936 2556 potestates,
1545 2494 1705 2545 orate
1740 2507 1842 2562 pro
1872 2506 1986 2545 me.
2101 2484 2507 2541 Fasrnmomm
2536 2485 2747 2557 reginae
2780 2484 2941 2541 salus
2973 2489 3029 2541 et
3057 2485 3198 2541 vita.

344 2574 568 2628 Sanctae
598 2572 861 2641 virtutes,
1552 2582 1711 2634 orate
1741 2596 1844 2650 pro
1876 2595 1989 2635 me.
2098 2573 2256 2630 Alias
2285 2575 2568 2647 virginem
2600 2573 3070 2648 Christi,,quales
3100 2574 3357 2632 volueris

342 2665 563 2717 Sancta:
588 2660 912 2728 cherubim,
966 2704 973 2707 .
1558 2672 1715 2723 orate
1744 2685 1847 2740 pro
1876 2683 1991 2723 me.
2103 2663 2324 2718 Exaudi
2355 2664 2600 2719 Christe.

344 2750 568 2806 Sancta:
598 2750 916 2823 seraphim,
1556 2772 1715 2815 orata
1745 2774 1849 2830 pro
1878 2772 1997 2815 me.
2105 2752 2391 2809 Omnibus
2412 2753 2715 2825 judicibus
2743 2752 2831 2810 vel
2853 2757 3060 2809 cuncto
3090 2752 3370 2810 exercitui
3406 2755 3717 2810 Francorum

348 2840 565 2897 Omnes
596 2839 956 2913 patriarchae,
1558 2852 1715 2902 orate
1748 2863 1850 2918 pro
1881 2862 1993 2903 me.
2174 2841 2291 2897 vita
2320 2845 2376 2897 cl
2405 2840 2666 2898 victoria.

349 2929 565 2986 Omnes
595 2930 909 3003 prophetae,
1565 2939 1724 2991 orate
1754 2952 1857 3007 pro
1882 2950 1994 2991 'ne.
2107 2931 2316 2987 Sancte
2349 2930 2632 3003 Remcgii,
3451 2931 3565 2988 tulo
3582 2931 3716 3002 jura.

349 3018 566 3076 Omnes
595 3018 981 3093 evangelista,
1558 3028 1716 3080 orate
1748 3041 1851 3098 pro
1882 3039 1996 3080 me.
2105 3020 2373 3077 Christus
2401 3019 2599 3088 vincit,
2630 3019 2901 3079 Christus
2926 3023 3150 3094 regnat,
3183 3020 3457 3079 Christus
3492 3020 3718 3094 imperat

349 3110 567 3167 Omnes
600 3109 867 3183 apostoli,
1559 3118 1717 3171 orate
1748 3131 1851 3187 pro
1883 3127 1996 3169 me.
2034 3175 2069 3187 _
2109 3110 2279 3182 Kyrie
2310 3108 2548 3178 eleison,
2578 3106 2805 3166 Christe
2834 3109 3075 3171 eleison.

349 3205 565 3263 Omnes
597 3175 901 3274 martyres,
1556 3207 1715 3260 orate
1745 3175 1849 3275 pro
1880 3218 1992 3259 me.
2028 3175 2071 3243 θ
2110 3175 2277 3256 Pater
2306 3200 2378 3254 de
2406 3175 2565 3254 caelis
2594 3199 2770 3266 Deus,
2794 3198 3071 3255 miserere
3099 3198 3290 3255 nobis.

353 3293 570 3350 Omnes
599 3289 981 3356 confessorcs,
1556 3296 1718 3348 orato
1749 3308 1852 3364 pro
1884 3307 1998 3347 me.
2112 3288 2292 3345 Filius
2325 3288 2677 3360 Redemptor
2705 3287 2887 3354 Deus,
2904 3287 3181 3345 miserere
3203 3288 3401 3345 nobis.

354 3381 571 3438 Omnes
602 3381 959 3445 sanctorum,
1569 3384 1728 3437 orate
1753 3398 1856 3454 pro
1886 3396 2000 3436 me.
2112 3377 2364 3451 Spiritus
2394 3383 2634 3433 sanctus
2663 3376 2839 3449 Deus,
2873 3377 3148 3435 miserere
3177 3377 3374 3436 nobis.

357 3468 651 3543 Propitius
680 3472 824 3536 esto,
1233 3467 1440 3526 Libera
1470 3487 1576 3527 nos
1610 3469 1870 3531 Domine.
1903 3478 2004 3526 ter.
2114 3466 2220 3531 Qui
2251 3483 2313 3522 es
2346 3466 2538 3523 trinus
2567 3469 2625 3523 et
2654 3484 2829 3535 unus,
2863 3466 3139 3524 miserere
3172 3466 3367 3523 nobis.

359 3557 649 3633 Propitius
678 3560 823 3624 esto,
1201 3557 1374 3613 Parce
1407 3558 1575 3615 nobis
1606 3559 1870 3616 Domine.
1904 3566 2003 3615 ter.
2116 3556 2244 3628 Ipse
2276 3556 2549 3628 idemque
2582 3555 2893 3629 benignus.

359 3649 445 3706 Ab
476 3645 635 3703 omni
665 3644 840 3712 malo,
1238 3645 1445 3702 Libera
1474 3665 1580 3703 nos
1618 3648 1875 3704 Domine.
1910 3654 2007 3704 (cr.
2119 3646 2333 3701 Sancta
2362 3643 2540 3718 Virgo
2571 3644 2889 3718 virginum,
3312 3661 3419 3699 ora
3450 3661 3550 3717 pro
3576 3640 3733 3698 nobis.

363 3739 718 3802 Peccatores,
1240 3734 1445 3791 Libera
1475 3753 1582 3793 nos
1609 3735 1875 3794 Domine.
1909 3745 2010 3793 ter.
2122 3736 2338 3790 Sancta
2365 3734 2465 3790 Dei
2498 3731 2771 3807 genitrix,
3636 3745 3735 3787 ora.

368 3826 442 3882 Ut
471 3840 671 3897 pacem
703 3823 902 3889 dones,
1282 3825 1362 3879 Te
1391 3841 1688 3898 rogamus,
1721 3827 1857 3883 audi
1885 3843 2013 3883 nos.
2124 3825 2339 3880 Sancta
2368 3823 2571 3891 Maria,
3639 3834 3739 3874 ora.

370 3915 452 3971 Te
481 3926 807 3985 precamur,
840 3911 1005 3967 Pater
1034 3916 1251 3979 sancte,
1717 3915 1854 3971 audi
1885 3931 2016 3985 nos.
2125 3913 2336 3968 Sancte
2367 3912 2551 3980 Petre,
3644 3923 3740 3961 orr.

373 4001 667 4065 Miserere,
701 3999 870 4055 Pater
896 4003 1119 4067 sancte,
1718 4004 1856 4060 audi
1887 4021 2016 4060 nos.
2129 4002 2341 4057 Sancte
2372 4000 2570 4069 Paule,
3644 4008 3742 4052 ora.

374 4092 484 4147 Pro
515 4086 935 4154 sacerdotibus,
1580 4092 1660 4148 Te
1689 4108 2019 4166 precamus.
2128 4091 2338 4147 Sancte
2368 4090 2650 4156 Andreas,

377 4179 485 4235 Pro
516 4177 675 4234 omni
718 4176 904 4251 gradu
943 4176 1251 4246 Ecclesiae,
1284 4179 1366 4235 Te
1396 4193 1690 4253 rogamus,
1725 4182 1863 4239 audi
1893 4199 2021 4238 nos.
2133 4181 2349 4236 Omnes
2381 4177 2593 4245 sancti,
3271 4180 3437 4233 orate
3461 4193 3561 4251 pro
3586 4172 3744 4231 nobis.

377 4266 608 4343 Indigni
638 4282 868 4335 sumus,
1277 4268 1416 4325 Jesu
1448 4268 1694 4336 Christe,
1726 4270 1864 4328 audi
1896 4287 2022 4329 nos.
2132 4268 2391 4325 Gratiam
2422 4272 2585 4324 tuam
2622 4267 2791 4324 nobis
2819 4268 3094 4334 concede,
3129 4263 3394 4322 Domine.

379 4359 487 4415 Pro
517 4356 676 4413 omni
708 4354 922 4429 populo
953 4355 1257 4425 catholico,
1280 4358 1361 4413 Te
1391 4374 1716 4430 precamus,
1735 4360 1871 4416 audi
1897 4377 2024 4416 nos.
2136 4357 2428 4414 Gaudium
2460 4362 2517 4412 et
2536 4373 2737 4430 pacem
2769 4357 2924 4412 dona
2954 4355 3145 4423 nobis,
3176 4354 3452 4411 Domine.

382 4446 543 4505 Flius
574 4443 692 4513 Dei,
1255 4447 1334 4505 Te
1366 4464 1691 4519 precamus,
1725 4448 1861 4504 audi
1897 4466 2026 4505 nos.
2135 4444 2328 4502 Vitam
2359 4449 2416 4502 et
2445 4446 2756 4502 sanitatem
2790 4444 3041 4501 concede
3072 4442 3262 4511 nobis,
3295 4442 3560 4498 Domine.

381 4538 583 4610 Agnus
609 4534 706 4591 Dei
740 4534 837 4607 qui
869 4531 1023 4591 tollit
1062 4539 1297 4608 peccata
1343 4536 1569 4605 mundi,
1617 4537 1844 4594 Christe
1890 4538 2029 4594 audi
2062 4549 2109 4614 D
2138 4536 2222 4591 Ab
2252 4533 2509 4590 inimicis
2538 4534 2756 4590 nostris
2784 4538 2948 4589 tuere
2979 4549 3107 4600 nos,
3144 4530 3407 4588 Domine.

454 4642 586 4685 nos.
1068 4638 1077 4649 '
2064 4613 2086 4614 ἢ
2142 4625 2307 4680 Dona
2334 4622 2503 4680 nobis
2550 4621 2817 4690 Domine,
2850 4624 3087 4694 peccata
3134 4623 3360 4688 nostra,
3408 4633 3581 4694 parco
3614 4613 3748 4673 nobis

387 4714 556 4788 Kyrie
581 4712 821 4781 eleison,
853 4721 952 4771 ter.
2216 4712 2480 4769 Domine.

388 4801 656 4858 Christus
698 4800 896 4870 vincit,
949 4800 1215 4858 Christus
1264 4807 1487 4876 regnat,
1539 4801 1804 4858 Christus
1848 4802 2034 4875 impe—
2146 4802 2329 4859 Filius
2352 4801 2473 4869 Dei,
3299 4798 3574 4857 miserere
3596 4792 3752 4855 nobis.

461 4894 572 4956 rat,
603 4898 703 4946 ter.
2147 4890 2310 4964 Kyrie
2339 4890 2579 4956 eleison,
2611 4888 2839 4946 Christe
2869 4888 3090 4945 eleison

462 4977 643 5045 illius,
677 4978 883 5050 quales
911 4978 1181 5047 volueris,
2145 4982 2231 5037 Tu
2265 4980 2432 5048 mihi,
2455 4980 2960 5048 Christe,concede
2990 4996 3272 5046 sororem,
3308 4977 3544 5034 nomine
3572 4976 3758 5031 Rmu-

394 5066 614 5123 Exaudi
644 5066 886 5124 Christe.
2255 5086 2394 5138 nam,
2421 5086 2550 5126 esse
2580 5069 2902 5137 beatam,ut
2931 5068 3037 5125 tibi
3069 5084 3304 5141 semper
3332 5066 3544 5124 serviat
3569 5062 3670 5119 illa.

1804 5351 2393 5383 «mw——
