  <div class='ocr_page' id='page_1' title='image "/cluster/home/n/w/nwhite01/storage/ocr_20150623/138/uva.x000829786/458.png"; bbox 0 0 3844 6200; ppageno 0'>
   <div class='ocr_carea' id='block_1_1' title="bbox 29 324 133 387">
    <p class='ocr_par' dir='ltr' id='par_1_1' title="bbox 29 324 133 387">
     <span class='ocr_line' id='line_1_1' title="bbox 29 324 133 387; baseline 0.048 -5"><span class='ocrx_word' id='word_1_1' title='bbox 29 324 133 387; x_wconf 80' lang='lat'>897</span> 
     </span>
    </p>
   </div>
   <div class='ocr_carea' id='block_1_2' title="bbox 93 443 1352 518">
    <p class='ocr_par' dir='ltr' id='par_1_2' title="bbox 93 443 1352 518">
     <span class='ocr_line' id='line_1_2' title="bbox 93 443 1352 518; baseline -0.008 -9"><span class='ocrx_word' id='word_1_2' title='bbox 93 467 270 509; x_wconf 78' lang='lat' dir='ltr'>veram</span> <span class='ocrx_word' id='word_1_3' title='bbox 301 447 686 516; x_wconf 81' lang='lat' dir='ltr'>concordiam,</span> <span class='ocrx_word' id='word_1_4' title='bbox 720 449 894 518; x_wconf 88' lang='lat' dir='ltr'>atque</span> <span class='ocrx_word' id='word_1_5' title='bbox 921 443 1221 502; x_wconf 80' lang='lat' dir='ltr'>victoriam</span> <span class='ocrx_word' id='word_1_6' title='bbox 1253 445 1352 500; x_wconf 85' lang='lat' dir='ltr'>do-</span> 
     </span>
    </p>
   </div>
   <div class='ocr_carea' id='block_1_3' title="bbox 93 539 498 614">
    <p class='ocr_par' dir='ltr' id='par_1_3' title="bbox 93 539 498 614">
     <span class='ocr_line' id='line_1_3' title="bbox 93 539 498 614; baseline -0.012 -16"><span class='ocrx_word' id='word_1_7' title='bbox 93 558 218 598; x_wconf 79' lang='lat' dir='ltr'>nare</span> <span class='ocrx_word' id='word_1_8' title='bbox 246 539 498 614; x_wconf 81' lang='lat' dir='ltr'>digneris</span> 
     </span>
    </p>
   </div>
   <div class='ocr_carea' id='block_1_4' title="bbox 36 626 1383 704">
    <p class='ocr_par' dir='ltr' id='par_1_4' title="bbox 36 626 1383 704">
     <span class='ocr_line' id='line_1_4' title="bbox 36 626 1383 704; baseline -0.007 -17"><span class='ocrx_word' id='word_1_9' title='bbox 36 633 95 688; x_wconf 83' lang='lat' dir='ltr'>Ut</span> <span class='ocrx_word' id='word_1_10' title='bbox 121 630 424 704; x_wconf 83' lang='lat' dir='ltr'>episcopos,</span> <span class='ocrx_word' id='word_1_11' title='bbox 457 631 513 683; x_wconf 92' lang='lat' dir='ltr'>et</span> <span class='ocrx_word' id='word_1_12' title='bbox 543 626 781 682; x_wconf 87' lang='lat' dir='ltr'>abbates</span> <span class='ocrx_word' id='word_1_13' title='bbox 810 629 1060 691; x_wconf 85' lang='lat' dir='ltr'>nostros,</span> <span class='ocrx_word' id='word_1_14' title='bbox 1084 626 1150 679; x_wconf 79' lang='lat' dir='ltr'>et</span> <span class='ocrx_word' id='word_1_15' title='bbox 1177 631 1383 680; x_wconf 81' lang='lat' dir='ltr'>omnes</span> 
     </span>
    </p>
   </div>
   <div class='ocr_carea' id='block_1_5' title="bbox 95 712 1394 790">
    <p class='ocr_par' dir='ltr' id='par_1_5' title="bbox 95 712 1394 790">
     <span class='ocr_line' id='line_1_5' title="bbox 95 712 1394 790; baseline -0.005 -16"><span class='ocrx_word' id='word_1_16' title='bbox 95 717 548 790; x_wconf 86' lang='lat' dir='ltr'>congregationes</span> <span class='ocrx_word' id='word_1_17' title='bbox 575 713 692 769; x_wconf 85' lang='lat' dir='ltr'>illis</span> <span class='ocrx_word' id='word_1_18' title='bbox 723 712 1070 769; x_wconf 70' lang='lat' dir='ltr'>cor&#39;nmissss</span> <span class='ocrx_word' id='word_1_19' title='bbox 1100 712 1158 768; x_wconf 81' lang='lat' dir='ltr'>in</span> <span class='ocrx_word' id='word_1_20' title='bbox 1185 716 1394 768; x_wconf 75' lang='lat' dir='ltr'>sancta</span> 
     </span>
    </p>
   </div>
   <div class='ocr_carea' id='block_1_6' title="bbox 94 802 1006 880">
    <p class='ocr_par' dir='ltr' id='par_1_6' title="bbox 94 802 1006 880">
     <span class='ocr_line' id='line_1_6' title="bbox 94 802 1006 880; baseline -0.004 -17"><span class='ocrx_word' id='word_1_21' title='bbox 94 807 350 880; x_wconf 79' lang='lat' dir='ltr'>religione</span> <span class='ocrx_word' id='word_1_22' title='bbox 371 820 714 861; x_wconf 79' lang='lat' dir='ltr'>conservare</span> <span class='ocrx_word' id='word_1_23' title='bbox 745 802 1006 876; x_wconf 78' lang='lat' dir='ltr'>digneris</span> 
     </span>
    </p>
   </div>
   <div class='ocr_carea' id='block_1_7' title="bbox 37 889 1386 969">
    <p class='ocr_par' dir='ltr' id='par_1_7' title="bbox 37 889 1386 969">
     <span class='ocr_line' id='line_1_7' title="bbox 37 889 1386 969; baseline -0.007 -15"><span class='ocrx_word' id='word_1_24' title='bbox 37 899 96 954; x_wconf 75' lang='lat' dir='ltr'>Ut</span> <span class='ocrx_word' id='word_1_25' title='bbox 121 894 608 969; x_wconf 72' lang='lat' dir='ltr'>congregationem</span> <span class='ocrx_word' id='word_1_26' title='bbox 632 896 902 948; x_wconf 79' lang='lat' dir='ltr'>nostram</span> <span class='ocrx_word' id='word_1_27' title='bbox 932 891 994 946; x_wconf 81' lang='lat' dir='ltr'>in</span> <span class='ocrx_word' id='word_1_28' title='bbox 1026 895 1230 948; x_wconf 76' lang='lat' dir='ltr'>sancta</span> <span class='ocrx_word' id='word_1_29' title='bbox 1256 889 1386 946; x_wconf 77' lang='lat' dir='ltr'>reii-</span> 
     </span>
    </p>
   </div>
   <div class='ocr_carea' id='block_1_8' title="bbox 97 973 905 1058">
    <p class='ocr_par' dir='ltr' id='par_1_8' title="bbox 97 973 905 1058">
     <span class='ocr_line' id='line_1_8' title="bbox 97 973 905 1058; baseline -0.002 -19"><span class='ocrx_word' id='word_1_30' title='bbox 97 986 247 1058; x_wconf 85' lang='lat' dir='ltr'>gione</span> <span class='ocrx_word' id='word_1_31' title='bbox 279 979 616 1039; x_wconf 78' lang='lat' dir='ltr'>conservare</span> <span class='ocrx_word' id='word_1_32' title='bbox 647 973 905 1054; x_wconf 81' lang='lat' dir='ltr'>digneris</span> 
     </span>
    </p>
   </div>
   <div class='ocr_carea' id='block_1_9' title="bbox 39 1069 1376 1144">
    <p class='ocr_par' dir='ltr' id='par_1_9' title="bbox 39 1069 1376 1144">
     <span class='ocr_line' id='line_1_9' title="bbox 39 1069 1376 1144; baseline -0.007 -13"><span class='ocrx_word' id='word_1_33' title='bbox 39 1075 96 1131; x_wconf 86' lang='lat' dir='ltr'>Ut</span> <span class='ocrx_word' id='word_1_34' title='bbox 123 1077 381 1130; x_wconf 80' lang='lat' dir='ltr'>cunctum</span> <span class='ocrx_word' id='word_1_35' title='bbox 415 1070 695 1144; x_wconf 88' lang='lat' dir='ltr'>populum</span> <span class='ocrx_word' id='word_1_36' title='bbox 727 1069 1143 1134; x_wconf 76' lang='lat' dir='ltr'>Christianum,</span> <span class='ocrx_word' id='word_1_37' title='bbox 1176 1076 1376 1140; x_wconf 78' lang='lat' dir='ltr'>pacem</span> 
     </span>
    </p>
   </div>
   <div class='ocr_carea' id='block_1_10' title="bbox 96 1158 1649 1231">
    <p class='ocr_par' dir='ltr' id='par_1_10' title="bbox 96 1158 1649 1231">
     <span class='ocr_line' id='line_1_10' title="bbox 96 1158 1649 1231; baseline -0.005 -14"><span class='ocrx_word' id='word_1_38' title='bbox 96 1167 145 1217; x_wconf 89' lang='lat' dir='ltr'>et</span> <span class='ocrx_word' id='word_1_39' title='bbox 171 1162 467 1227; x_wconf 69' lang='lat' dir='ltr'>unitatem,</span> <span class='ocrx_word' id='word_1_40' title='bbox 498 1160 714 1215; x_wconf 79' lang='lat' dir='ltr'>donare</span> <span class='ocrx_word' id='word_1_41' title='bbox 741 1158 1004 1231; x_wconf 73' lang='lat' dir='ltr'>digneris</span> <span class='ocrx_word' id='word_1_42' title='bbox 1439 1161 1495 1211; x_wconf 84' lang='lat' dir='ltr'>te</span> <span class='ocrx_word' id='word_1_43' title='bbox 1527 1161 1649 1228; x_wconf 77' lang='lat' dir='ltr'>reg.</span> 
     </span>
    </p>
   </div>
   <div class='ocr_carea' id='block_1_11' title="bbox 41 1241 1440 1323">
    <p class='ocr_par' dir='ltr' id='par_1_11' title="bbox 41 1241 1440 1323">
     <span class='ocr_line' id='line_1_11' title="bbox 41 1241 1440 1323; baseline -0.006 -16"><span class='ocrx_word' id='word_1_44' title='bbox 41 1253 96 1307; x_wconf 77' lang='lat' dir='ltr'>[Tt</span> <span class='ocrx_word' id='word_1_45' title='bbox 125 1245 616 1323; x_wconf 74' lang='lat' dir='ltr'>congregationem</span> <span class='ocrx_word' id='word_1_46' title='bbox 645 1241 912 1303; x_wconf 74' lang='lat' dir='ltr'>omnium</span> <span class='ocrx_word' id='word_1_47' title='bbox 943 1250 1280 1302; x_wconf 77' lang='lat' dir='ltr'>sanctorum</span> <span class='ocrx_word' id='word_1_48' title='bbox 1307 1250 1440 1300; x_wconf 83' lang='lat' dir='ltr'>tuo-</span> 
     </span>
    </p>
   </div>
   <div class='ocr_carea' id='block_1_12' title="bbox 97 1336 1301 1395">
    <p class='ocr_par' dir='ltr' id='par_1_12' title="bbox 97 1336 1301 1395">
     <span class='ocr_line' id='line_1_12' title="bbox 97 1336 1301 1395; baseline -0.003 -1"><span class='ocrx_word' id='word_1_49' title='bbox 97 1357 213 1395; x_wconf 88' lang='lat' dir='ltr'>rum</span> <span class='ocrx_word' id='word_1_50' title='bbox 243 1339 298 1393; x_wconf 89' lang='lat' dir='ltr'>in</span> <span class='ocrx_word' id='word_1_51' title='bbox 329 1345 428 1393; x_wconf 92' lang='lat' dir='ltr'>tuo</span> <span class='ocrx_word' id='word_1_52' title='bbox 460 1341 662 1393; x_wconf 85' lang='lat' dir='ltr'>sancto</span> <span class='ocrx_word' id='word_1_53' title='bbox 686 1336 924 1392; x_wconf 74' lang='lat' dir='ltr'>servitio</span> <span class='ocrx_word' id='word_1_54' title='bbox 945 1343 1301 1390; x_wconf 71' lang='lat' dir='ltr'>conservare</span> 
     </span>
    </p>
   </div>
   <div class='ocr_carea' id='block_1_13' title="bbox 98 1427 334 1501">
    <p class='ocr_par' dir='ltr' id='par_1_13' title="bbox 98 1427 334 1501">
     <span class='ocr_line' id='line_1_13' title="bbox 98 1427 334 1501; baseline -0.008 -17"><span class='ocrx_word' id='word_1_55' title='bbox 98 1427 334 1501; x_wconf 85' lang='lat' dir='ltr'>digneris</span> 
     </span>
    </p>
   </div>
   <div class='ocr_carea' id='block_1_14' title="bbox 1430 537 1636 604">
    <p class='ocr_par' dir='ltr' id='par_1_14' title="bbox 1430 537 1636 604">
     <span class='ocr_line' id='line_1_14' title="bbox 1430 537 1636 604; baseline -0.005 -17"><span class='ocrx_word' id='word_1_56' title='bbox 1430 537 1487 588; x_wconf 90' lang='lat' dir='ltr'>te</span> <span class='ocrx_word' id='word_1_57' title='bbox 1515 539 1636 604; x_wconf 77' lang='lat' dir='ltr'>reg.</span> 
     </span>
    </p>
   </div>
   <div class='ocr_carea' id='block_1_15' title="bbox 1429 804 1641 872">
    <p class='ocr_par' dir='ltr' id='par_1_15' title="bbox 1429 804 1641 872">
     <span class='ocr_line' id='line_1_15' title="bbox 1429 804 1641 872; baseline -0.009 -16"><span class='ocrx_word' id='word_1_58' title='bbox 1429 804 1486 856; x_wconf 77' lang='lat' dir='ltr'>te</span> <span class='ocrx_word' id='word_1_59' title='bbox 1518 805 1641 872; x_wconf 75' lang='lat' dir='ltr'>reg.</span> 
     </span>
    </p>
   </div>
   <div class='ocr_carea' id='block_1_16' title="bbox 1434 979 1646 1050">
    <p class='ocr_par' dir='ltr' id='par_1_16' title="bbox 1434 979 1646 1050">
     <span class='ocr_line' id='line_1_16' title="bbox 1434 979 1646 1050; baseline -0.014 -17"><span class='ocrx_word' id='word_1_60' title='bbox 1434 979 1491 1033; x_wconf 73' lang='lat' dir='ltr'>te</span> <span class='ocrx_word' id='word_1_61' title='bbox 1522 985 1646 1050; x_wconf 86' lang='lat' dir='ltr'>rog.</span> 
     </span>
    </p>
   </div>
   <div class='ocr_carea' id='block_1_17' title="bbox 992 305 2408 377">
    <p class='ocr_par' dir='ltr' id='par_1_17' title="bbox 992 305 2408 377">
     <span class='ocr_line' id='line_1_17' title="bbox 992 305 2408 377; baseline -0.004 -4"><span class='ocrx_word' id='word_1_62' title='bbox 992 310 1335 374; x_wconf 62' lang='lat' dir='ltr'>Ll&#39;l‘ANIz‘E</span> <span class='ocrx_word' id='word_1_63' title='bbox 1379 308 1480 369; x_wconf 86' lang='lat' dir='ltr'>ET</span> <span class='ocrx_word' id='word_1_64' title='bbox 1523 305 1970 368; x_wconf 79' lang='lat' dir='ltr'>OltA&#39;l‘lUNES</span> <span class='ocrx_word' id='word_1_65' title='bbox 2014 306 2408 377; x_wconf 67' lang='lat' dir='ltr'>ANTIQUAS.</span> 
     </span>
    </p>
   </div>
   <div class='ocr_carea' id='block_1_18' title="bbox 1675 437 3166 513">
    <p class='ocr_par' dir='ltr' id='par_1_18' title="bbox 1675 437 3166 513">
     <span class='ocr_line' id='line_1_18' title="bbox 1675 437 3166 513; baseline 0.003 -18"><span class='ocrx_word' id='word_1_66' title='bbox 1675 441 1729 506; x_wconf 74' lang='grc' dir='ltr'><strong>Α</strong></span> <span class='ocrx_word' id='word_1_67' title='bbox 1757 437 1832 495; x_wconf 98' lang='lat' dir='ltr'>Ut</span> <span class='ocrx_word' id='word_1_68' title='bbox 1857 437 2229 511; x_wconf 53' lang='lat' dir='ltr'>regularibus</span> <span class='ocrx_word' id='word_1_69' title='bbox 2261 438 2590 513; x_wconf 84' lang='lat' dir='ltr'>disciplinis</span> <span class='ocrx_word' id='word_1_70' title='bbox 2623 456 2728 496; x_wconf 87' lang='lat' dir='ltr'>nos</span> <span class='ocrx_word' id='word_1_71' title='bbox 2755 439 3043 498; x_wconf 77' lang='lat' dir='ltr'>instruere</span> <span class='ocrx_word' id='word_1_72' title='bbox 3073 441 3166 498; x_wconf 83' lang='lat' dir='ltr'>di-</span> 
     </span>
    </p>
   </div>
   <div class='ocr_carea' id='block_1_19' title="bbox 1825 528 3408 612">
    <p class='ocr_par' dir='ltr' id='par_1_19' title="bbox 1825 528 3408 612">
     <span class='ocr_line' id='line_1_19' title="bbox 1825 528 3408 612; baseline 0.004 -30"><span class='ocrx_word' id='word_1_73' title='bbox 1825 528 2023 600; x_wconf 84' lang='lat' dir='ltr'>gneris</span> <span class='ocrx_word' id='word_1_74' title='bbox 3195 536 3252 586; x_wconf 85' lang='lat' dir='ltr'>t&#39;e</span> <span class='ocrx_word' id='word_1_75' title='bbox 3284 548 3408 612; x_wconf 78' lang='lat' dir='ltr'>rog_</span> 
     </span>
    </p>
   </div>
   <div class='ocr_carea' id='block_1_20' title="bbox 1751 617 3106 692">
    <p class='ocr_par' dir='ltr' id='par_1_20' title="bbox 1751 617 3106 692">
     <span class='ocr_line' id='line_1_20' title="bbox 1751 617 3106 692; baseline 0.004 -18"><span class='ocrx_word' id='word_1_76' title='bbox 1751 618 1820 674; x_wconf 88' lang='lat' dir='ltr'>Ut</span> <span class='ocrx_word' id='word_1_77' title='bbox 1849 617 2056 674; x_wconf 87' lang='lat' dir='ltr'>oculos</span> <span class='ocrx_word' id='word_1_78' title='bbox 2085 618 2503 676; x_wconf 67' lang='lat' dir='ltr'>misericordia</span> <span class='ocrx_word' id='word_1_79' title='bbox 2533 623 2645 675; x_wconf 70' lang='lat' dir='ltr'>tuae</span> <span class='ocrx_word' id='word_1_80' title='bbox 2677 637 2853 692; x_wconf 88' lang='lat' dir='ltr'>super</span> <span class='ocrx_word' id='word_1_81' title='bbox 2882 631 2990 678; x_wconf 83' lang='lat' dir='ltr'>nos</span> <span class='ocrx_word' id='word_1_82' title='bbox 3019 633 3106 678; x_wconf 85' lang='lat' dir='ltr'>re-</span> 
     </span>
    </p>
   </div>
   <div class='ocr_carea' id='block_1_21' title="bbox 1824 708 3409 791">
    <p class='ocr_par' dir='ltr' id='par_1_21' title="bbox 1824 708 3409 791">
     <span class='ocr_line' id='line_1_21' title="bbox 1824 708 3409 791; baseline 0.007 -29"><span class='ocrx_word' id='word_1_83' title='bbox 1824 708 2035 764; x_wconf 82' lang='lat' dir='ltr'>ducere</span> <span class='ocrx_word' id='word_1_84' title='bbox 2062 708 2323 782; x_wconf 88' lang='lat' dir='ltr'>digneris</span> <span class='ocrx_word' id='word_1_85' title='bbox 3195 720 3251 772; x_wconf 85' lang='lat' dir='ltr'>te</span> <span class='ocrx_word' id='word_1_86' title='bbox 3280 725 3409 791; x_wconf 63' lang='lat' dir='ltr'>reg.</span> 
     </span>
    </p>
   </div>
   <div class='ocr_carea' id='block_1_22' title="bbox 1755 797 3117 872">
    <p class='ocr_par' dir='ltr' id='par_1_22' title="bbox 1755 797 3117 872">
     <span class='ocr_line' id='line_1_22' title="bbox 1755 797 3117 872; baseline 0.004 -18"><span class='ocrx_word' id='word_1_87' title='bbox 1755 797 1826 854; x_wconf 87' lang='lat' dir='ltr'>Ut</span> <span class='ocrx_word' id='word_1_88' title='bbox 1857 797 2028 854; x_wconf 87' lang='lat' dir='ltr'>nobis</span> <span class='ocrx_word' id='word_1_89' title='bbox 2059 803 2329 854; x_wconf 89' lang='lat' dir='ltr'>sanctum</span> <span class='ocrx_word' id='word_1_90' title='bbox 2363 798 2638 872; x_wconf 77' lang='lat' dir='ltr'>angelum</span> <span class='ocrx_word' id='word_1_91' title='bbox 2674 805 2841 857; x_wconf 90' lang='lat' dir='ltr'>tuum</span> <span class='ocrx_word' id='word_1_92' title='bbox 2870 819 2904 859; x_wconf 73' lang='grc' dir='ltr'>ι</span> <span class='ocrx_word' id='word_1_93' title='bbox 2925 803 3117 859; x_wconf 73' lang='lat' dir='ltr'>tutela</span> 
     </span>
    </p>
   </div>
   <div class='ocr_carea' id='block_1_23' title="bbox 1823 875 3412 971">
    <p class='ocr_par' dir='ltr' id='par_1_23' title="bbox 1823 875 3412 971">
     <span class='ocr_line' id='line_1_23' title="bbox 1823 875 3412 971; baseline 0.006 -29"><span class='ocrx_word' id='word_1_94' title='bbox 1823 887 2084 943; x_wconf 80' lang='lat' dir='ltr'>mitttere</span> <span class='ocrx_word' id='word_1_95' title='bbox 2114 887 2377 960; x_wconf 73' lang='lat' dir='ltr'>digneris</span> <span class='ocrx_word' id='word_1_96' title='bbox 2509 875 2514 878; x_wconf 70' lang='grc'><em>’</em></span> <span class='ocrx_word' id='word_1_97' title='bbox 3189 897 3253 951; x_wconf 78' lang='lat' dir='ltr'>te</span> <span class='ocrx_word' id='word_1_98' title='bbox 3291 909 3412 971; x_wconf 82' lang='lat' dir='ltr'>mg.</span> 
     </span>
    </p>
   </div>
   <div class='ocr_carea' id='block_1_24' title="bbox 1759 973 3177 1054">
    <p class='ocr_par' dir='ltr' id='par_1_24' title="bbox 1759 973 3177 1054">
     <span class='ocr_line' id='line_1_24' title="bbox 1759 973 3177 1054; baseline 0.006 -25"><span class='ocrx_word' id='word_1_99' title='bbox 1759 973 1832 1029; x_wconf 84' lang='lat' dir='ltr'>Ut</span> <span class='ocrx_word' id='word_1_100' title='bbox 1860 973 2090 1030; x_wconf 72' lang='lat' dir='ltr'>veniam</span> <span class='ocrx_word' id='word_1_101' title='bbox 2113 975 2194 1029; x_wconf 79' lang='lat' dir='ltr'>de</span> <span class='ocrx_word' id='word_1_102' title='bbox 2225 975 2476 1047; x_wconf 77' lang='lat' dir='ltr'>peccatis</span> <span class='ocrx_word' id='word_1_103' title='bbox 2507 977 2725 1033; x_wconf 76' lang='lat' dir='ltr'>uestris</span> <span class='ocrx_word' id='word_1_104' title='bbox 2745 980 3030 1054; x_wconf 71' lang='lat' dir='ltr'>consequi</span> <span class='ocrx_word' id='word_1_105' title='bbox 3061 994 3177 1038; x_wconf 84' lang='lat' dir='ltr'>me-</span> 
     </span>
    </p>
   </div>
   <div class='ocr_carea' id='block_1_25' title="bbox 1830 1069 3412 1147">
    <p class='ocr_par' dir='ltr' id='par_1_25' title="bbox 1830 1069 3412 1147">
     <span class='ocr_line' id='line_1_25' title="bbox 1830 1069 3412 1147; baseline 0.009 -32"><span class='ocrx_word' id='word_1_106' title='bbox 1830 1069 2086 1117; x_wconf 83' lang='lat' dir='ltr'>reamur.</span> <span class='ocrx_word' id='word_1_107' title='bbox 3203 1076 3260 1129; x_wconf 84' lang='lat' dir='ltr'>te</span> <span class='ocrx_word' id='word_1_108' title='bbox 3290 1089 3412 1147; x_wconf 86' lang='lat' dir='ltr'>rog.</span> 
     </span>
    </p>
   </div>
   <div class='ocr_carea' id='block_1_26' title="bbox 1764 1151 3148 1216">
    <p class='ocr_par' dir='ltr' id='par_1_26' title="bbox 1764 1151 3148 1216">
     <span class='ocr_line' id='line_1_26' title="bbox 1764 1151 3148 1216; baseline 0.007 -10"><span class='ocrx_word' id='word_1_109' title='bbox 1764 1151 1834 1206; x_wconf 91' lang='lat' dir='ltr'>Ut</span> <span class='ocrx_word' id='word_1_110' title='bbox 1861 1151 2134 1207; x_wconf 88' lang='lat' dir='ltr'>inimicos</span> <span class='ocrx_word' id='word_1_111' title='bbox 2161 1157 2373 1208; x_wconf 69' lang='lat' dir='ltr'>sanctas</span> <span class='ocrx_word' id='word_1_112' title='bbox 2405 1152 2504 1208; x_wconf 89' lang='lat' dir='ltr'>Dei</span> <span class='ocrx_word' id='word_1_113' title='bbox 2537 1152 2803 1210; x_wconf 69' lang='lat' dir='ltr'>Ecclesiae</span> <span class='ocrx_word' id='word_1_114' title='bbox 2833 1153 3148 1216; x_wconf 68' lang='lat' dir='ltr'>humilium</span> 
     </span>
    </p>
   </div>
   <div class='ocr_carea' id='block_1_27' title="bbox 1835 1239 3414 1323">
    <p class='ocr_par' dir='ltr' id='par_1_27' title="bbox 1835 1239 3414 1323">
     <span class='ocr_line' id='line_1_27' title="bbox 1835 1239 3414 1323; baseline 0.007 -29"><span class='ocrx_word' id='word_1_115' title='bbox 1835 1239 2095 1312; x_wconf 84' lang='lat' dir='ltr'>digneris</span> <span class='ocrx_word' id='word_1_116' title='bbox 3206 1253 3262 1305; x_wconf 86' lang='lat' dir='ltr'>te</span> <span class='ocrx_word' id='word_1_117' title='bbox 3293 1256 3414 1323; x_wconf 76' lang='lat' dir='ltr'>reg.</span> 
     </span>
    </p>
   </div>
   <div class='ocr_carea' id='block_1_28' title="bbox 1765 1329 3416 1412">
    <p class='ocr_par' dir='ltr' id='par_1_28' title="bbox 1765 1329 3416 1412">
     <span class='ocr_line' id='line_1_28' title="bbox 1765 1329 3416 1412; baseline 0.007 -30"><span class='ocrx_word' id='word_1_118' title='bbox 1765 1329 1837 1383; x_wconf 90' lang='lat' dir='ltr'>Ut</span> <span class='ocrx_word' id='word_1_119' title='bbox 1867 1333 2100 1401; x_wconf 88' lang='lat' dir='ltr'>gentem</span> <span class='ocrx_word' id='word_1_120' title='bbox 2133 1345 2424 1401; x_wconf 87' lang='lat' dir='ltr'>paganam</span> <span class='ocrx_word' id='word_1_121' title='bbox 2456 1333 2822 1406; x_wconf 79' lang='lat' dir='ltr'>confringere</span> <span class='ocrx_word' id='word_1_122' title='bbox 2856 1335 3116 1407; x_wconf 74' lang='lat' dir='ltr'>digneris</span> <span class='ocrx_word' id='word_1_123' title='bbox 3204 1342 3261 1394; x_wconf 88' lang='lat' dir='ltr'>te</span> <span class='ocrx_word' id='word_1_124' title='bbox 3292 1353 3416 1412; x_wconf 85' lang='lat' dir='ltr'>reg.</span> 
     </span>
    </p>
   </div>
   <div class='ocr_carea' id='block_1_29' title="bbox 1769 1419 3132 1481">
    <p class='ocr_par' dir='ltr' id='par_1_29' title="bbox 1769 1419 3132 1481">
     <span class='ocr_line' id='line_1_29' title="bbox 1769 1419 3132 1481; baseline 0.005 -7"><span class='ocrx_word' id='word_1_125' title='bbox 1769 1419 1838 1474; x_wconf 89' lang='lat' dir='ltr'>Ut</span> <span class='ocrx_word' id='word_1_126' title='bbox 1867 1431 1977 1474; x_wconf 88' lang='lat' dir='ltr'>nos</span> <span class='ocrx_word' id='word_1_127' title='bbox 2010 1419 2262 1474; x_wconf 85' lang='lat' dir='ltr'>famulos</span> <span class='ocrx_word' id='word_1_128' title='bbox 2291 1424 2424 1475; x_wconf 88' lang='lat' dir='ltr'>tuos</span> <span class='ocrx_word' id='word_1_129' title='bbox 2449 1421 2504 1476; x_wconf 90' lang='lat' dir='ltr'>in</span> <span class='ocrx_word' id='word_1_130' title='bbox 2537 1424 2637 1477; x_wconf 87' lang='lat' dir='ltr'>tuo</span> <span class='ocrx_word' id='word_1_131' title='bbox 2669 1428 2868 1478; x_wconf 86' lang='lat' dir='ltr'>sancto</span> <span class='ocrx_word' id='word_1_132' title='bbox 2902 1423 3132 1481; x_wconf 75' lang='lat' dir='ltr'>servitio</span> 
     </span>
    </p>
   </div>
   <div class='ocr_carea' id='block_1_30' title="bbox 41 1507 3418 1590">
    <p class='ocr_par' dir='ltr' id='par_1_30' title="bbox 41 1507 3418 1590">
     <span class='ocr_line' id='line_1_30' title="bbox 41 1507 3418 1590; baseline 0 -18"><span class='ocrx_word' id='word_1_133' title='bbox 41 1517 99 1573; x_wconf 78' lang='lat' dir='ltr'>Ut</span> <span class='ocrx_word' id='word_1_134' title='bbox 125 1515 617 1589; x_wconf 63' lang='lat' dir='ltr'>computat/tionem</span> <span class='ocrx_word' id='word_1_135' title='bbox 651 1514 862 1580; x_wconf 80' lang='lat' dir='ltr'>cordis,</span> <span class='ocrx_word' id='word_1_136' title='bbox 885 1518 953 1568; x_wconf 79' lang='lat' dir='ltr'>et</span> <span class='ocrx_word' id='word_1_137' title='bbox 983 1514 1200 1568; x_wconf 80' lang='lat' dir='ltr'>fontem</span> <span class='ocrx_word' id='word_1_138' title='bbox 1231 1513 1416 1583; x_wconf 79' lang='lat' dir='ltr'>lacry-</span> <span class='ocrx_word' id='word_1_139' title='bbox 1831 1507 2132 1564; x_wconf 65' lang='lat' dir='ltr'>custodire</span> <span class='ocrx_word' id='word_1_140' title='bbox 2161 1514 2216 1564; x_wconf 86' lang='lat' dir='ltr'>et</span> <span class='ocrx_word' id='word_1_141' title='bbox 2247 1509 2571 1565; x_wconf 82' lang='lat' dir='ltr'>confortare</span> <span class='ocrx_word' id='word_1_142' title='bbox 2601 1512 2861 1584; x_wconf 88' lang='lat' dir='ltr'>digneris</span> <span class='ocrx_word' id='word_1_143' title='bbox 3213 1519 3267 1571; x_wconf 92' lang='lat' dir='ltr'>te</span> <span class='ocrx_word' id='word_1_144' title='bbox 3293 1526 3418 1590; x_wconf 84' lang='lat' dir='ltr'>rog.</span> 
     </span>
    </p>
   </div>
   <div class='ocr_carea' id='block_1_31' title="bbox 99 1598 3029 1671">
    <p class='ocr_par' dir='ltr' id='par_1_31' title="bbox 99 1598 3029 1671">
     <span class='ocr_line' id='line_1_31' title="bbox 99 1598 3029 1671; baseline -0.001 -9"><span class='ocrx_word' id='word_1_145' title='bbox 99 1614 309 1662; x_wconf 80' lang='lat' dir='ltr'>marum</span> <span class='ocrx_word' id='word_1_146' title='bbox 341 1603 513 1660; x_wconf 81' lang='lat' dir='ltr'>nobis</span> <span class='ocrx_word' id='word_1_147' title='bbox 545 1604 727 1658; x_wconf 74' lang='lat' dir='ltr'>dones</span> <span class='ocrx_word' id='word_1_148' title='bbox 1445 1605 1501 1654; x_wconf 86' lang='lat' dir='ltr'>te</span> <span class='ocrx_word' id='word_1_149' title='bbox 1533 1613 1657 1671; x_wconf 87' lang='lat' dir='ltr'>rog.</span> <span class='ocrx_word' id='word_1_150' title='bbox 1771 1599 1842 1652; x_wconf 91' lang='lat' dir='ltr'>Ut</span> <span class='ocrx_word' id='word_1_151' title='bbox 1867 1602 2112 1654; x_wconf 89' lang='lat' dir='ltr'>cunctos</span> <span class='ocrx_word' id='word_1_152' title='bbox 2144 1598 2415 1654; x_wconf 87' lang='lat' dir='ltr'>inimicos</span> <span class='ocrx_word' id='word_1_153' title='bbox 2445 1604 2502 1654; x_wconf 88' lang='lat' dir='ltr'>et</span> <span class='ocrx_word' id='word_1_154' title='bbox 2533 1601 2895 1659; x_wconf 88' lang='lat' dir='ltr'>adversarios</span> <span class='ocrx_word' id='word_1_155' title='bbox 2925 1618 3029 1659; x_wconf 44' lang='lat' dir='ltr'>noi-</span> 
     </span>
    </p>
   </div>
   <div class='ocr_carea' id='block_1_32' title="bbox 44 1686 3419 1769">
    <p class='ocr_par' dir='ltr' id='par_1_32' title="bbox 44 1686 3419 1769">
     <span class='ocr_line' id='line_1_32' title="bbox 44 1686 3419 1769; baseline -0.002 -18"><span class='ocrx_word' id='word_1_156' title='bbox 44 1697 102 1751; x_wconf 73' lang='grc' dir='ltr'>[ι</span> <span class='ocrx_word' id='word_1_157' title='bbox 128 1700 375 1767; x_wconf 89' lang='lat' dir='ltr'>tempora</span> <span class='ocrx_word' id='word_1_158' title='bbox 406 1691 726 1764; x_wconf 87' lang='lat' dir='ltr'>tranquilla</span> <span class='ocrx_word' id='word_1_159' title='bbox 756 1691 925 1748; x_wconf 91' lang='lat' dir='ltr'>nobis</span> <span class='ocrx_word' id='word_1_160' title='bbox 955 1692 1138 1747; x_wconf 89' lang='lat' dir='ltr'>dones</span> <span class='ocrx_word' id='word_1_161' title='bbox 1447 1692 1505 1744; x_wconf 85' lang='lat' dir='ltr'>te</span> <span class='ocrx_word' id='word_1_162' title='bbox 1527 1704 1657 1759; x_wconf 52' lang='lat' dir='ltr'>&#39;rog.</span> <span class='ocrx_word' id='word_1_163' title='bbox 1835 1692 1994 1744; x_wconf 81' lang='lat' dir='ltr'>stros</span> <span class='ocrx_word' id='word_1_164' title='bbox 2025 1686 2337 1743; x_wconf 87' lang='lat' dir='ltr'>humiliare</span> <span class='ocrx_word' id='word_1_165' title='bbox 2367 1687 2626 1761; x_wconf 83' lang='lat' dir='ltr'>digneris</span> <span class='ocrx_word' id='word_1_166' title='bbox 3205 1697 3265 1750; x_wconf 80' lang='lat' dir='ltr'>te</span> <span class='ocrx_word' id='word_1_167' title='bbox 3296 1705 3419 1769; x_wconf 77' lang='lat' dir='ltr'>mg,</span> 
     </span>
    </p>
   </div>
   <div class='ocr_carea' id='block_1_33' title="bbox 45 1775 3113 1879">
    <p class='ocr_par' dir='ltr' id='par_1_33' title="bbox 45 1775 3113 1879">
     <span class='ocr_line' id='line_1_33' title="bbox 45 1775 3113 1879; baseline 0.001 -45"><span class='ocrx_word' id='word_1_168' title='bbox 45 1785 99 1840; x_wconf 83' lang='lat' dir='ltr'>Ut</span> <span class='ocrx_word' id='word_1_169' title='bbox 125 1782 582 1879; x_wconf 74' lang='lat' dir='ltr'>emendationem</span> <span class='ocrx_word' id='word_1_170' title='bbox 615 1781 994 1879; x_wconf 44' lang='lat' dir='ltr'>nobis-dones</span> <span class='ocrx_word' id='word_1_171' title='bbox 1184 1867 1196 1879; x_wconf 44' lang='lat'><strong><em>.</em></strong></span> <span class='ocrx_word' id='word_1_172' title='bbox 1342 1867 1355 1879; x_wconf 48' lang='lat'><strong><em>‘</em></strong></span> <span class='ocrx_word' id='word_1_173' title='bbox 1387 1867 1396 1876; x_wconf 35' lang='grc' dir='ltr'><strong>ο</strong></span> <span class='ocrx_word' id='word_1_174' title='bbox 1448 1782 1505 1833; x_wconf 78' lang='lat' dir='ltr'>te</span> <span class='ocrx_word' id='word_1_175' title='bbox 1535 1791 1658 1848; x_wconf 87' lang='lat' dir='ltr'>rog.</span> <span class='ocrx_word' id='word_1_176' title='bbox 1691 1807 1739 1879; x_wconf 63' lang='grc' dir='ltr'><strong>Β</strong></span> <span class='ocrx_word' id='word_1_177' title='bbox 1772 1777 1843 1833; x_wconf 90' lang='lat' dir='ltr'>Ut</span> <span class='ocrx_word' id='word_1_178' title='bbox 1859 1781 2113 1879; x_wconf 55' lang='lat' dir='ltr'>functos</span> <span class='ocrx_word' id='word_1_179' title='bbox 2141 1775 2341 1833; x_wconf 76' lang='lat' dir='ltr'>fideles</span> <span class='ocrx_word' id='word_1_180' title='bbox 2372 1778 2593 1834; x_wconf 91' lang='lat' dir='ltr'>amicos</span> <span class='ocrx_word' id='word_1_181' title='bbox 2625 1784 2858 1836; x_wconf 87' lang='lat' dir='ltr'>nostros</span> <span class='ocrx_word' id='word_1_182' title='bbox 2889 1780 3113 1838; x_wconf 69' lang='lat' dir='ltr'>salvere</span> 
     </span>
    </p>
   </div>
   <div class='ocr_carea' id='block_1_34' title="bbox 48 1866 3420 1945">
    <p class='ocr_par' dir='ltr' id='par_1_34' title="bbox 48 1866 3420 1945">
     <span class='ocr_line' id='line_1_34' title="bbox 48 1866 3420 1945; baseline 0 -17"><span class='ocrx_word' id='word_1_183' title='bbox 48 1874 102 1928; x_wconf 91' lang='lat' dir='ltr'>Ut</span> <span class='ocrx_word' id='word_1_184' title='bbox 128 1871 628 1945; x_wconf 85' lang='lat' dir='ltr'>compunctionem</span> <span class='ocrx_word' id='word_1_185' title='bbox 663 1869 856 1926; x_wconf 89' lang='lat' dir='ltr'>cordis</span> <span class='ocrx_word' id='word_1_186' title='bbox 887 1873 942 1924; x_wconf 90' lang='lat' dir='ltr'>et</span> <span class='ocrx_word' id='word_1_187' title='bbox 974 1867 1232 1941; x_wconf 90' lang='lat' dir='ltr'>corporis</span> <span class='ocrx_word' id='word_1_188' title='bbox 1265 1867 1435 1922; x_wconf 89' lang='lat' dir='ltr'>nobis</span> <span class='ocrx_word' id='word_1_189' title='bbox 1696 1866 1738 1879; x_wconf 74' lang='lat'><strong><em>&quot;</em></strong></span> <span class='ocrx_word' id='word_1_190' title='bbox 1839 1866 2104 1937; x_wconf 79' lang='lat' dir='ltr'>digneris</span> <span class='ocrx_word' id='word_1_191' title='bbox 3209 1877 3266 1928; x_wconf 85' lang='lat' dir='ltr'>te</span> <span class='ocrx_word' id='word_1_192' title='bbox 3298 1879 3420 1945; x_wconf 82' lang='lat' dir='ltr'>rog.</span> 
     </span>
    </p>
   </div>
   <div class='ocr_carea' id='block_1_35' title="bbox 101 1954 3117 2026">
    <p class='ocr_par' dir='ltr' id='par_1_35' title="bbox 101 1954 3117 2026">
     <span class='ocr_line' id='line_1_35' title="bbox 101 1954 3117 2026; baseline 0.002 -17"><span class='ocrx_word' id='word_1_193' title='bbox 101 1963 263 2017; x_wconf 76' lang='lat' dir='ltr'>dones</span> <span class='ocrx_word' id='word_1_194' title='bbox 537 1954 543 1958; x_wconf 83' lang='grc'><strong>’</strong></span> <span class='ocrx_word' id='word_1_195' title='bbox 1446 1959 1504 2008; x_wconf 81' lang='lat' dir='ltr'>te</span> <span class='ocrx_word' id='word_1_196' title='bbox 1535 1968 1658 2025; x_wconf 84' lang='lat' dir='ltr'>rog.</span> <span class='ocrx_word' id='word_1_197' title='bbox 1773 1955 1844 2010; x_wconf 88' lang='lat' dir='ltr'>Ut</span> <span class='ocrx_word' id='word_1_198' title='bbox 1871 1958 2113 2010; x_wconf 75' lang='lat' dir='ltr'>Cunctos</span> <span class='ocrx_word' id='word_1_199' title='bbox 2140 1955 2358 2026; x_wconf 86' lang='lat' dir='ltr'>gradus</span> <span class='ocrx_word' id='word_1_200' title='bbox 2391 1955 2770 2014; x_wconf 85' lang='lat' dir='ltr'>ecclesiastici</span> <span class='ocrx_word' id='word_1_201' title='bbox 2801 1959 3025 2015; x_wconf 80' lang='lat' dir='ltr'>ordinis</span> <span class='ocrx_word' id='word_1_202' title='bbox 3057 1959 3117 2015; x_wconf 91' lang='lat' dir='ltr'>in</span> 
     </span>
    </p>
   </div>
   <div class='ocr_carea' id='block_1_36' title="bbox 50 2042 3418 2122">
    <p class='ocr_par' dir='ltr' id='par_1_36' title="bbox 50 2042 3418 2122">
     <span class='ocr_line' id='line_1_36' title="bbox 50 2042 3418 2122; baseline -0.001 -16"><span class='ocrx_word' id='word_1_203' title='bbox 50 2053 105 2106; x_wconf 83' lang='lat' dir='ltr'>Ut</span> <span class='ocrx_word' id='word_1_204' title='bbox 131 2052 265 2106; x_wconf 87' lang='lat' dir='ltr'>aeris</span> <span class='ocrx_word' id='word_1_205' title='bbox 297 2047 640 2121; x_wconf 88' lang='lat' dir='ltr'>temperiem</span> <span class='ocrx_word' id='word_1_206' title='bbox 674 2045 844 2101; x_wconf 82' lang='lat' dir='ltr'>nobis</span> <span class='ocrx_word' id='word_1_207' title='bbox 875 2045 1057 2100; x_wconf 79' lang='lat' dir='ltr'>dones</span> <span class='ocrx_word' id='word_1_208' title='bbox 1449 2048 1505 2096; x_wconf 84' lang='lat' dir='ltr'>te</span> <span class='ocrx_word' id='word_1_209' title='bbox 1537 2055 1658 2113; x_wconf 89' lang='lat' dir='ltr'>rog.</span> <span class='ocrx_word' id='word_1_210' title='bbox 1841 2047 2041 2099; x_wconf 75' lang='lat' dir='ltr'>sancta</span> <span class='ocrx_word' id='word_1_211' title='bbox 2072 2042 2350 2115; x_wconf 85' lang='lat' dir='ltr'>religione</span> <span class='ocrx_word' id='word_1_212' title='bbox 2381 2060 2722 2101; x_wconf 87' lang='lat' dir='ltr'>conservare</span> <span class='ocrx_word' id='word_1_213' title='bbox 2752 2045 3010 2120; x_wconf 81' lang='lat' dir='ltr'>digneris</span> <span class='ocrx_word' id='word_1_214' title='bbox 3212 2054 3267 2105; x_wconf 89' lang='lat' dir='ltr'>te</span> <span class='ocrx_word' id='word_1_215' title='bbox 3295 2060 3418 2122; x_wconf 87' lang='lat' dir='ltr'>rog.</span> 
     </span>
    </p>
   </div>
   <div class='ocr_carea' id='block_1_37' title="bbox 51 2132 3127 2198">
    <p class='ocr_par' dir='ltr' id='par_1_37' title="bbox 51 2132 3127 2198">
     <span class='ocr_line' id='line_1_37' title="bbox 51 2132 3127 2198; baseline -0 -4"><span class='ocrx_word' id='word_1_216' title='bbox 51 2140 105 2194; x_wconf 89' lang='lat' dir='ltr'>Ut</span> <span class='ocrx_word' id='word_1_217' title='bbox 131 2141 363 2194; x_wconf 81' lang='lat' dir='ltr'>fructum</span> <span class='ocrx_word' id='word_1_218' title='bbox 385 2143 565 2192; x_wconf 61' lang='lat' dir='ltr'>terra</span> <span class='ocrx_word' id='word_1_219' title='bbox 593 2138 731 2190; x_wconf 85' lang='lat' dir='ltr'>dare</span> <span class='ocrx_word' id='word_1_220' title='bbox 759 2140 818 2189; x_wconf 88' lang='lat' dir='ltr'>et</span> <span class='ocrx_word' id='word_1_221' title='bbox 841 2148 1182 2189; x_wconf 76' lang='lat' dir='ltr'>conservare</span> <span class='ocrx_word' id='word_1_222' title='bbox 1214 2133 1296 2188; x_wconf 90' lang='lat' dir='ltr'>di-</span> <span class='ocrx_word' id='word_1_223' title='bbox 1774 2132 1844 2187; x_wconf 89' lang='lat' dir='ltr'>Ut</span> <span class='ocrx_word' id='word_1_224' title='bbox 1875 2133 2154 2188; x_wconf 76' lang='lat' dir='ltr'>fratribus</span> <span class='ocrx_word' id='word_1_225' title='bbox 2185 2134 2420 2198; x_wconf 87' lang='lat' dir='ltr'>nostris,</span> <span class='ocrx_word' id='word_1_226' title='bbox 2454 2139 2512 2189; x_wconf 91' lang='lat' dir='ltr'>et</span> <span class='ocrx_word' id='word_1_227' title='bbox 2543 2134 2822 2191; x_wconf 82' lang='lat' dir='ltr'>omnibus</span> <span class='ocrx_word' id='word_1_228' title='bbox 2851 2135 3127 2193; x_wconf 81' lang='lat' dir='ltr'>ﬁdelibus</span> 
     </span>
    </p>
   </div>
   <div class='ocr_carea' id='block_1_38' title="bbox 103 2221 3100 2300">
    <p class='ocr_par' dir='ltr' id='par_1_38' title="bbox 103 2221 3100 2300">
     <span class='ocr_line' id='line_1_38' title="bbox 103 2221 3100 2300; baseline 0 -18"><span class='ocrx_word' id='word_1_229' title='bbox 103 2229 278 2300; x_wconf 80' lang='lat' dir='ltr'>gneris</span> <span class='ocrx_word' id='word_1_230' title='bbox 1453 2226 1508 2273; x_wconf 82' lang='lat' dir='ltr'>te</span> <span class='ocrx_word' id='word_1_231' title='bbox 1537 2235 1658 2291; x_wconf 79' lang='lat' dir='ltr'>reg.</span> <span class='ocrx_word' id='word_1_232' title='bbox 1842 2221 2093 2275; x_wconf 76' lang='lat' dir='ltr'>inﬁrmis</span> <span class='ocrx_word' id='word_1_233' title='bbox 2120 2221 2368 2277; x_wconf 79' lang='lat' dir='ltr'>salutem</span> <span class='ocrx_word' id='word_1_234' title='bbox 2397 2223 2697 2279; x_wconf 81' lang='lat' dir='ltr'>mentiset</span> <span class='ocrx_word' id='word_1_235' title='bbox 2723 2225 2982 2298; x_wconf 84' lang='lat' dir='ltr'>corporis</span> <span class='ocrx_word' id='word_1_236' title='bbox 3013 2243 3100 2281; x_wconf 87' lang='lat' dir='ltr'>re-</span> 
     </span>
    </p>
   </div>
   <div class='ocr_carea' id='block_1_39' title="bbox 51 2311 3416 2392">
    <p class='ocr_par' dir='ltr' id='par_1_39' title="bbox 51 2311 3416 2392">
     <span class='ocr_line' id='line_1_39' title="bbox 51 2311 3416 2392; baseline -0.003 -21"><span class='ocrx_word' id='word_1_237' title='bbox 51 2313 105 2371; x_wconf 84' lang='lat' dir='ltr'>Ut</span> <span class='ocrx_word' id='word_1_238' title='bbox 131 2318 331 2372; x_wconf 80' lang='lat' dir='ltr'>fontem</span> <span class='ocrx_word' id='word_1_239' title='bbox 361 2315 756 2388; x_wconf 82' lang='lat' dir='ltr'>lacrymarum</span> <span class='ocrx_word' id='word_1_240' title='bbox 789 2311 956 2368; x_wconf 86' lang='lat' dir='ltr'>nobis</span> <span class='ocrx_word' id='word_1_241' title='bbox 984 2312 1212 2367; x_wconf 77' lang='lat' dir='ltr'>tribuas</span> <span class='ocrx_word' id='word_1_242' title='bbox 1450 2316 1506 2365; x_wconf 80' lang='lat' dir='ltr'>te</span> <span class='ocrx_word' id='word_1_243' title='bbox 1537 2322 1658 2381; x_wconf 81' lang='lat' dir='ltr'>reg.</span> <span class='ocrx_word' id='word_1_244' title='bbox 1843 2311 2054 2366; x_wconf 86' lang='lat' dir='ltr'>stituas</span> <span class='ocrx_word' id='word_1_245' title='bbox 3208 2321 3264 2373; x_wconf 70' lang='lat' dir='ltr'>te</span> <span class='ocrx_word' id='word_1_246' title='bbox 3295 2329 3416 2392; x_wconf 58' lang='lat' dir='ltr'>mg,</span> 
     </span>
    </p>
   </div>
   <div class='ocr_carea' id='block_1_40' title="bbox 48 2399 3057 2478">
    <p class='ocr_par' dir='ltr' id='par_1_40' title="bbox 48 2399 3057 2478">
     <span class='ocr_line' id='line_1_40' title="bbox 48 2399 3057 2478; baseline 0 -19"><span class='ocrx_word' id='word_1_247' title='bbox 48 2406 104 2459; x_wconf 87' lang='lat' dir='ltr'>Ut</span> <span class='ocrx_word' id='word_1_248' title='bbox 131 2406 382 2478; x_wconf 82' lang='lat' dir='ltr'>spiritum</span> <span class='ocrx_word' id='word_1_249' title='bbox 415 2403 770 2476; x_wconf 54' lang='lat' dir='ltr'>paenitentiae</span> <span class='ocrx_word' id='word_1_250' title='bbox 793 2402 967 2456; x_wconf 66' lang='lat' dir='ltr'>nobis</span> <span class='ocrx_word' id='word_1_251' title='bbox 995 2402 1241 2456; x_wconf 79' lang='lat' dir='ltr'>tribuas.</span> <span class='ocrx_word' id='word_1_252' title='bbox 1447 2403 1504 2453; x_wconf 84' lang='lat' dir='ltr'>te</span> <span class='ocrx_word' id='word_1_253' title='bbox 1533 2414 1658 2470; x_wconf 86' lang='lat' dir='ltr'>rog.</span> <span class='ocrx_word' id='word_1_254' title='bbox 1774 2400 1844 2455; x_wconf 84' lang='lat' dir='ltr'>Ut</span> <span class='ocrx_word' id='word_1_255' title='bbox 1877 2400 1932 2454; x_wconf 91' lang='lat' dir='ltr'>in</span> <span class='ocrx_word' id='word_1_256' title='bbox 1965 2399 2116 2464; x_wconf 87' lang='lat' dir='ltr'>viam</span> <span class='ocrx_word' id='word_1_257' title='bbox 2149 2399 2330 2472; x_wconf 84' lang='lat' dir='ltr'>pacis,</span> <span class='ocrx_word' id='word_1_258' title='bbox 2367 2405 2422 2456; x_wconf 86' lang='lat' dir='ltr'>et</span> <span class='ocrx_word' id='word_1_259' title='bbox 2449 2402 2751 2460; x_wconf 86' lang='lat' dir='ltr'>charitatis</span> <span class='ocrx_word' id='word_1_260' title='bbox 2785 2421 2888 2460; x_wconf 90' lang='lat' dir='ltr'>nos</span> <span class='ocrx_word' id='word_1_261' title='bbox 2919 2404 3057 2459; x_wconf 83' lang='lat' dir='ltr'>diri-</span> 
     </span>
    </p>
   </div>
   <div class='ocr_carea' id='block_1_41' title="bbox 51 2489 3421 2569">
    <p class='ocr_par' dir='ltr' id='par_1_41' title="bbox 51 2489 3421 2569">
     <span class='ocr_line' id='line_1_41' title="bbox 51 2489 3421 2569; baseline 0.001 -20"><span class='ocrx_word' id='word_1_262' title='bbox 51 2496 104 2549; x_wconf 89' lang='lat' dir='ltr'>Ut</span> <span class='ocrx_word' id='word_1_263' title='bbox 128 2511 304 2550; x_wconf 80' lang='lat' dir='ltr'>veram</span> <span class='ocrx_word' id='word_1_264' title='bbox 334 2491 738 2565; x_wconf 78' lang='lat' dir='ltr'>pcenitentiam</span> <span class='ocrx_word' id='word_1_265' title='bbox 771 2489 938 2545; x_wconf 88' lang='lat' dir='ltr'>nobis</span> <span class='ocrx_word' id='word_1_266' title='bbox 964 2490 1278 2544; x_wconf 86' lang='lat' dir='ltr'>concedere</span> <span class='ocrx_word' id='word_1_267' title='bbox 1307 2492 1363 2542; x_wconf 84' lang='lat' dir='ltr'>et</span> <span class='ocrx_word' id='word_1_268' title='bbox 1842 2503 1947 2563; x_wconf 84' lang='lat' dir='ltr'>gas</span> <span class='ocrx_word' id='word_1_269' title='bbox 3212 2500 3267 2552; x_wconf 87' lang='lat' dir='ltr'>te</span> <span class='ocrx_word' id='word_1_270' title='bbox 3295 2507 3421 2569; x_wconf 83' lang='lat' dir='ltr'>rog.</span> 
     </span>
    </p>
   </div>
   <div class='ocr_carea' id='block_1_42' title="bbox 103 2579 3128 2655">
    <p class='ocr_par' dir='ltr' id='par_1_42' title="bbox 103 2579 3128 2655">
     <span class='ocr_line' id='line_1_42' title="bbox 103 2579 3128 2655; baseline 0.001 -18"><span class='ocrx_word' id='word_1_271' title='bbox 103 2593 353 2655; x_wconf 86' lang='lat' dir='ltr'>peragere</span> <span class='ocrx_word' id='word_1_272' title='bbox 384 2580 648 2654; x_wconf 80' lang='lat' dir='ltr'>digneris</span> <span class='ocrx_word' id='word_1_273' title='bbox 1450 2580 1507 2630; x_wconf 86' lang='lat' dir='ltr'>te</span> <span class='ocrx_word' id='word_1_274' title='bbox 1537 2591 1660 2647; x_wconf 82' lang='lat' dir='ltr'>rog.</span> <span class='ocrx_word' id='word_1_275' title='bbox 1773 2579 1846 2634; x_wconf 89' lang='lat' dir='ltr'>Ut</span> <span class='ocrx_word' id='word_1_276' title='bbox 1877 2579 2155 2635; x_wconf 77' lang='lat' dir='ltr'>fratribus</span> <span class='ocrx_word' id='word_1_277' title='bbox 2186 2581 2425 2646; x_wconf 85' lang='lat' dir='ltr'>nostris,</span> <span class='ocrx_word' id='word_1_278' title='bbox 2459 2586 2516 2636; x_wconf 91' lang='lat' dir='ltr'>et</span> <span class='ocrx_word' id='word_1_279' title='bbox 2545 2583 2821 2638; x_wconf 91' lang='lat' dir='ltr'>omnibus</span> <span class='ocrx_word' id='word_1_280' title='bbox 2854 2582 3128 2640; x_wconf 79' lang='lat' dir='ltr'>ﬁdelibus</span> 
     </span>
    </p>
   </div>
   <div class='ocr_carea' id='block_1_43' title="bbox 52 2667 3110 2744">
    <p class='ocr_par' dir='ltr' id='par_1_43' title="bbox 52 2667 3110 2744">
     <span class='ocr_line' id='line_1_43' title="bbox 52 2667 3110 2744; baseline 0.001 -18"><span class='ocrx_word' id='word_1_281' title='bbox 52 2673 106 2726; x_wconf 88' lang='lat' dir='ltr'>Ut</span> <span class='ocrx_word' id='word_1_282' title='bbox 131 2671 543 2744; x_wconf 88' lang='lat' dir='ltr'>indulgentiam</span> <span class='ocrx_word' id='word_1_283' title='bbox 578 2673 633 2724; x_wconf 90' lang='lat' dir='ltr'>et</span> <span class='ocrx_word' id='word_1_284' title='bbox 664 2667 1067 2723; x_wconf 86' lang='lat' dir='ltr'>remissionem</span> <span class='ocrx_word' id='word_1_285' title='bbox 1101 2667 1364 2721; x_wconf 85' lang='lat' dir='ltr'>omnium</span> <span class='ocrx_word' id='word_1_286' title='bbox 1842 2668 2134 2724; x_wconf 84' lang='lat' dir='ltr'>defunctis</span> <span class='ocrx_word' id='word_1_287' title='bbox 2165 2670 2425 2742; x_wconf 86' lang='lat' dir='ltr'>requiem</span> <span class='ocrx_word' id='word_1_288' title='bbox 2459 2675 2734 2727; x_wconf 68' lang='lat' dir='ltr'>aeternam</span> <span class='ocrx_word' id='word_1_289' title='bbox 2769 2673 2986 2728; x_wconf 87' lang='lat' dir='ltr'>donare</span> <span class='ocrx_word' id='word_1_290' title='bbox 3010 2674 3110 2729; x_wconf 71' lang='lat' dir='ltr'>&#39;di-</span> 
     </span>
    </p>
   </div>
   <div class='ocr_carea' id='block_1_44' title="bbox 107 2756 3420 2838">
    <p class='ocr_par' dir='ltr' id='par_1_44' title="bbox 107 2756 3420 2838">
     <span class='ocr_line' id='line_1_44' title="bbox 107 2756 3420 2838; baseline 0.002 -23"><span class='ocrx_word' id='word_1_291' title='bbox 107 2765 452 2831; x_wconf 85' lang='lat' dir='ltr'>peccatorum</span> <span class='ocrx_word' id='word_1_292' title='bbox 485 2762 826 2813; x_wconf 82' lang='lat' dir='ltr'>nostrorum</span> <span class='ocrx_word' id='word_1_293' title='bbox 859 2757 1028 2812; x_wconf 86' lang='lat' dir='ltr'>nobis</span> <span class='ocrx_word' id='word_1_294' title='bbox 1059 2756 1240 2810; x_wconf 88' lang='lat' dir='ltr'>dones</span> <span class='ocrx_word' id='word_1_295' title='bbox 1452 2759 1509 2809; x_wconf 81' lang='lat' dir='ltr'>te</span> <span class='ocrx_word' id='word_1_296' title='bbox 1534 2764 1660 2826; x_wconf 65' lang='grc' dir='ltr'>τος.</span> <span class='ocrx_word' id='word_1_297' title='bbox 1845 2757 2040 2829; x_wconf 86' lang='lat' dir='ltr'>gneris</span> <span class='ocrx_word' id='word_1_298' title='bbox 3209 2769 3264 2820; x_wconf 90' lang='lat' dir='ltr'>te</span> <span class='ocrx_word' id='word_1_299' title='bbox 3297 2779 3420 2838; x_wconf 87' lang='lat' dir='ltr'>rog.</span> 
     </span>
    </p>
   </div>
   <div class='ocr_carea' id='block_1_45' title="bbox 53 2845 3102 2921">
    <p class='ocr_par' dir='ltr' id='par_1_45' title="bbox 53 2845 3102 2921">
     <span class='ocr_line' id='line_1_45' title="bbox 53 2845 3102 2921; baseline 0.001 -19"><span class='ocrx_word' id='word_1_300' title='bbox 53 2849 107 2902; x_wconf 69' lang='lat' dir='ltr'>tit</span> <span class='ocrx_word' id='word_1_301' title='bbox 132 2849 359 2921; x_wconf 83' lang='lat' dir='ltr'>gratiam</span> <span class='ocrx_word' id='word_1_302' title='bbox 390 2847 583 2903; x_wconf 77' lang='lat' dir='ltr'>sancti</span> <span class='ocrx_word' id='word_1_303' title='bbox 613 2845 868 2918; x_wconf 77' lang='lat' dir='ltr'>Spiritus</span> <span class='ocrx_word' id='word_1_304' title='bbox 897 2845 1173 2900; x_wconf 76' lang='lat' dir='ltr'>cordibus</span> <span class='ocrx_word' id='word_1_305' title='bbox 1203 2859 1302 2898; x_wconf 79' lang='lat' dir='ltr'>ao-</span> <span class='ocrx_word' id='word_1_306' title='bbox 1775 2847 1846 2902; x_wconf 87' lang='lat' dir='ltr'>Ut</span> <span class='ocrx_word' id='word_1_307' title='bbox 1875 2852 2097 2920; x_wconf 83' lang='lat' dir='ltr'>gentes,</span> <span class='ocrx_word' id='word_1_308' title='bbox 2133 2864 2260 2920; x_wconf 65' lang='lat' dir='ltr'>quae</span> <span class='ocrx_word' id='word_1_309' title='bbox 2293 2849 2350 2903; x_wconf 91' lang='lat' dir='ltr'>in</span> <span class='ocrx_word' id='word_1_310' title='bbox 2387 2866 2493 2904; x_wconf 90' lang='lat' dir='ltr'>sua</span> <span class='ocrx_word' id='word_1_311' title='bbox 2527 2849 2750 2905; x_wconf 81' lang='lat' dir='ltr'>feritate</span> <span class='ocrx_word' id='word_1_312' title='bbox 2779 2852 3102 2920; x_wconf 80' lang='lat' dir='ltr'>conﬁdunt,</span> 
     </span>
    </p>
   </div>
   <div class='ocr_carea' id='block_1_46' title="bbox 106 2932 3422 3014">
    <p class='ocr_par' dir='ltr' id='par_1_46' title="bbox 106 2932 3422 3014">
     <span class='ocr_line' id='line_1_46' title="bbox 106 2932 3422 3014; baseline 0 -23"><span class='ocrx_word' id='word_1_313' title='bbox 106 2937 231 2992; x_wconf 84' lang='lat' dir='ltr'>stris</span> <span class='ocrx_word' id='word_1_314' title='bbox 259 2937 578 2993; x_wconf 90' lang='lat' dir='ltr'>clementer</span> <span class='ocrx_word' id='word_1_315' title='bbox 604 2935 913 2989; x_wconf 84' lang='lat' dir='ltr'>infundere</span> <span class='ocrx_word' id='word_1_316' title='bbox 944 2932 1203 3005; x_wconf 81' lang='lat' dir='ltr'>digneris</span> <span class='ocrx_word' id='word_1_317' title='bbox 1454 2935 1510 2985; x_wconf 81' lang='lat' dir='ltr'>te</span> <span class='ocrx_word' id='word_1_318' title='bbox 1540 2945 1662 3003; x_wconf 85' lang='lat' dir='ltr'>rog.</span> <span class='ocrx_word' id='word_1_319' title='bbox 1845 2935 2078 2988; x_wconf 86' lang='lat' dir='ltr'>dextera</span> <span class='ocrx_word' id='word_1_320' title='bbox 2107 2938 2207 2989; x_wconf 89' lang='lat' dir='ltr'>tua</span> <span class='ocrx_word' id='word_1_321' title='bbox 2240 2939 2618 2991; x_wconf 90' lang='lat' dir='ltr'>conterantur</span> <span class='ocrx_word' id='word_1_322' title='bbox 3217 2945 3271 2997; x_wconf 86' lang='lat' dir='ltr'>te</span> <span class='ocrx_word' id='word_1_323' title='bbox 3300 2955 3422 3014; x_wconf 67' lang='grc' dir='ltr'>τος.</span> 
     </span>
    </p>
   </div>
   <div class='ocr_carea' id='block_1_47' title="bbox 56 3018 3332 3099">
    <p class='ocr_par' dir='ltr' id='par_1_47' title="bbox 56 3018 3332 3099">
     <span class='ocr_line' id='line_1_47' title="bbox 56 3018 3332 3099; baseline 0.001 -20"><span class='ocrx_word' id='word_1_324' title='bbox 56 3025 110 3079; x_wconf 93' lang='lat' dir='ltr'>Ut</span> <span class='ocrx_word' id='word_1_325' title='bbox 136 3027 314 3092; x_wconf 84' lang='lat' dir='ltr'>ﬁdem,</span> <span class='ocrx_word' id='word_1_326' title='bbox 341 3041 504 3097; x_wconf 89' lang='lat' dir='ltr'>spem</span> <span class='ocrx_word' id='word_1_327' title='bbox 533 3027 596 3078; x_wconf 86' lang='lat' dir='ltr'>et</span> <span class='ocrx_word' id='word_1_328' title='bbox 615 3018 968 3078; x_wconf 57' lang='lat' dir='ltr'>&#39;chtritatem</span> <span class='ocrx_word' id='word_1_329' title='bbox 997 3020 1171 3076; x_wconf 86' lang='lat' dir='ltr'>nobis</span> <span class='ocrx_word' id='word_1_330' title='bbox 1201 3021 1383 3077; x_wconf 85' lang='lat' dir='ltr'>dones</span> <span class='ocrx_word' id='word_1_331' title='bbox 1454 3025 1510 3075; x_wconf 86' lang='lat' dir='ltr'>te</span> <span class='ocrx_word' id='word_1_332' title='bbox 1539 3037 1663 3092; x_wconf 85' lang='lat' dir='ltr'>rog.</span> <span class='ocrx_word' id='word_1_333' title='bbox 1777 3025 1848 3080; x_wconf 90' lang='lat' dir='ltr'>Ut</span> <span class='ocrx_word' id='word_1_334' title='bbox 1877 3023 2174 3079; x_wconf 88' lang='lat' dir='ltr'>civitatem</span> <span class='ocrx_word' id='word_1_335' title='bbox 2207 3025 2380 3080; x_wconf 90' lang='lat' dir='ltr'>istam</span> <span class='ocrx_word' id='word_1_336' title='bbox 2413 3029 2914 3099; x_wconf 82' lang='lat' dir='ltr'>protegere,atque</span> <span class='ocrx_word' id='word_1_337' title='bbox 2944 3027 3143 3084; x_wconf 81' lang='lat' dir='ltr'>defen-</span> <span class='ocrx_word' id='word_1_338' title='bbox 3327 3068 3332 3071; x_wconf 60' lang='grc'>‹</span> 
     </span>
    </p>
   </div>
   <div class='ocr_carea' id='block_1_48' title="bbox 57 3108 3425 3192">
    <p class='ocr_par' dir='ltr' id='par_1_48' title="bbox 57 3108 3425 3192">
     <span class='ocr_line' id='line_1_48' title="bbox 57 3108 3425 3192; baseline 0.002 -24"><span class='ocrx_word' id='word_1_339' title='bbox 57 3115 113 3168; x_wconf 90' lang='lat' dir='ltr'>Ut</span> <span class='ocrx_word' id='word_1_340' title='bbox 137 3111 294 3170; x_wconf 76' lang='lat' dir='ltr'>iidem</span> <span class='ocrx_word' id='word_1_341' title='bbox 327 3119 550 3170; x_wconf 87' lang='lat' dir='ltr'>rectam</span> <span class='ocrx_word' id='word_1_342' title='bbox 583 3108 752 3168; x_wconf 77' lang='lat' dir='ltr'>nobis</span> <span class='ocrx_word' id='word_1_343' title='bbox 774 3112 963 3167; x_wconf 78' lang='lat' dir='ltr'>dones</span> <span class='ocrx_word' id='word_1_344' title='bbox 1461 3114 1515 3164; x_wconf 89' lang='lat' dir='ltr'>te</span> <span class='ocrx_word' id='word_1_345' title='bbox 1541 3120 1663 3181; x_wconf 85' lang='lat' dir='ltr'>rog.</span> <span class='ocrx_word' id='word_1_346' title='bbox 1702 3177 1737 3192; x_wconf 50' lang='grc' dir='ltr'><em>η</em></span> <span class='ocrx_word' id='word_1_347' title='bbox 1847 3114 1981 3168; x_wconf 81' lang='lat' dir='ltr'>dere</span> <span class='ocrx_word' id='word_1_348' title='bbox 2011 3113 2268 3186; x_wconf 86' lang='lat' dir='ltr'>digneris</span> <span class='ocrx_word' id='word_1_349' title='bbox 2465 3139 2469 3146; x_wconf 91' lang='lat'><strong><em>-</em></strong></span> <span class='ocrx_word' id='word_1_350' title='bbox 3216 3124 3270 3175; x_wconf 82' lang='lat' dir='ltr'>te</span> <span class='ocrx_word' id='word_1_351' title='bbox 3300 3133 3425 3192; x_wconf 86' lang='lat' dir='ltr'>rog.</span> 
     </span>
    </p>
   </div>
   <div class='ocr_carea' id='block_1_49' title="bbox 50 3199 972 3275">
    <p class='ocr_par' dir='ltr' id='par_1_49' title="bbox 50 3199 972 3275">
     <span class='ocr_line' id='line_1_49' title="bbox 50 3199 972 3275; baseline -0.002 -20"><span class='ocrx_word' id='word_1_352' title='bbox 50 3203 106 3256; x_wconf 90' lang='lat' dir='ltr'>Ut</span> <span class='ocrx_word' id='word_1_353' title='bbox 132 3204 359 3275; x_wconf 79' lang='lat' dir='ltr'>gratiam</span> <span class='ocrx_word' id='word_1_354' title='bbox 388 3207 559 3258; x_wconf 79' lang='lat' dir='ltr'>tuam</span> <span class='ocrx_word' id='word_1_355' title='bbox 591 3199 761 3256; x_wconf 77' lang='lat' dir='ltr'>nobis</span> <span class='ocrx_word' id='word_1_356' title='bbox 792 3201 972 3254; x_wconf 85' lang='lat' dir='ltr'>dones</span> 
     </span>
    </p>
   </div>
   <div class='ocr_carea' id='block_1_50' title="bbox 52 3285 1385 3366">
    <p class='ocr_par' dir='ltr' id='par_1_50' title="bbox 52 3285 1385 3366">
     <span class='ocr_line' id='line_1_50' title="bbox 52 3285 1385 3366; baseline -0.002 -21"><span class='ocrx_word' id='word_1_357' title='bbox 52 3291 107 3346; x_wconf 88' lang='lat' dir='ltr'>Ut</span> <span class='ocrx_word' id='word_1_358' title='bbox 131 3293 194 3348; x_wconf 79' lang='lat' dir='ltr'>ad</span> <span class='ocrx_word' id='word_1_359' title='bbox 221 3293 426 3366; x_wconf 83' lang='lat' dir='ltr'>gaudia</span> <span class='ocrx_word' id='word_1_360' title='bbox 451 3297 674 3347; x_wconf 66' lang='lat' dir='ltr'>aeterna</span> <span class='ocrx_word' id='word_1_361' title='bbox 702 3305 812 3345; x_wconf 87' lang='lat' dir='ltr'>nos</span> <span class='ocrx_word' id='word_1_362' title='bbox 842 3285 1156 3362; x_wconf 80' lang='lat' dir='ltr'>perducere</span> <span class='ocrx_word' id='word_1_363' title='bbox 1185 3287 1385 3360; x_wconf 78' lang='lat' dir='ltr'>digne-</span> 
     </span>
    </p>
   </div>
   <div class='ocr_carea' id='block_1_51' title="bbox 105 3381 1664 3449">
    <p class='ocr_par' dir='ltr' id='par_1_51' title="bbox 105 3381 1664 3449">
     <span class='ocr_line' id='line_1_51' title="bbox 105 3381 1664 3449; baseline -0.003 -14"><span class='ocrx_word' id='word_1_364' title='bbox 105 3383 176 3438; x_wconf 86' lang='lat' dir='ltr'>ris</span> <span class='ocrx_word' id='word_1_365' title='bbox 1455 3381 1513 3431; x_wconf 68' lang='lat' dir='ltr'>te</span> <span class='ocrx_word' id='word_1_366' title='bbox 1535 3389 1664 3449; x_wconf 84' lang='lat' dir='ltr'>&#39;rog.</span> 
     </span>
    </p>
   </div>
   <div class='ocr_carea' id='block_1_52' title="bbox 54 3466 1318 3542">
    <p class='ocr_par' dir='ltr' id='par_1_52' title="bbox 54 3466 1318 3542">
     <span class='ocr_line' id='line_1_52' title="bbox 54 3466 1318 3542; baseline -0.002 -18"><span class='ocrx_word' id='word_1_367' title='bbox 54 3469 107 3525; x_wconf 87' lang='lat' dir='ltr'>Ut</span> <span class='ocrx_word' id='word_1_368' title='bbox 132 3471 518 3528; x_wconf 84' lang='lat' dir='ltr'>misericordia</span> <span class='ocrx_word' id='word_1_369' title='bbox 551 3475 608 3526; x_wconf 78' lang='lat' dir='ltr'>et</span> <span class='ocrx_word' id='word_1_370' title='bbox 639 3466 826 3542; x_wconf 71' lang='lat' dir='ltr'>pietas</span> <span class='ocrx_word' id='word_1_371' title='bbox 851 3467 957 3524; x_wconf 63' lang='lat' dir='ltr'>tua</span> <span class='ocrx_word' id='word_1_372' title='bbox 982 3475 1095 3523; x_wconf 77' lang='lat' dir='ltr'>nos</span> <span class='ocrx_word' id='word_1_373' title='bbox 1124 3473 1318 3522; x_wconf 72' lang='lat' dir='ltr'>custo-</span> 
     </span>
    </p>
   </div>
   <div class='ocr_carea' id='block_1_53' title="bbox 108 3561 216 3616">
    <p class='ocr_par' dir='ltr' id='par_1_53' title="bbox 108 3561 216 3616">
     <span class='ocr_line' id='line_1_53' title="bbox 108 3561 216 3616; baseline 0.019 -2"><span class='ocrx_word' id='word_1_374' title='bbox 108 3561 216 3616; x_wconf 84' lang='lat' dir='ltr'>diat</span> 
     </span>
    </p>
   </div>
   <div class='ocr_carea' id='block_1_54' title="bbox 51 3646 1350 3724">
    <p class='ocr_par' dir='ltr' id='par_1_54' title="bbox 51 3646 1350 3724">
     <span class='ocr_line' id='line_1_54' title="bbox 51 3646 1350 3724; baseline -0.002 -23"><span class='ocrx_word' id='word_1_375' title='bbox 51 3647 107 3702; x_wconf 88' lang='lat' dir='ltr'>Ut</span> <span class='ocrx_word' id='word_1_376' title='bbox 133 3649 214 3705; x_wconf 90' lang='lat' dir='ltr'>hic</span> <span class='ocrx_word' id='word_1_377' title='bbox 243 3656 296 3706; x_wconf 90' lang='lat' dir='ltr'>et</span> <span class='ocrx_word' id='word_1_378' title='bbox 325 3651 384 3707; x_wconf 90' lang='lat' dir='ltr'>in</span> <span class='ocrx_word' id='word_1_379' title='bbox 418 3654 771 3724; x_wconf 81' lang='lat' dir='ltr'>perpetuum</span> <span class='ocrx_word' id='word_1_380' title='bbox 805 3663 914 3704; x_wconf 88' lang='lat' dir='ltr'>nos</span> <span class='ocrx_word' id='word_1_381' title='bbox 945 3646 1238 3703; x_wconf 73' lang='lat' dir='ltr'>custodire</span> <span class='ocrx_word' id='word_1_382' title='bbox 1267 3646 1350 3700; x_wconf 86' lang='lat' dir='ltr'>di-</span> 
     </span>
    </p>
   </div>
   <div class='ocr_carea' id='block_1_55' title="bbox 105 3740 279 3809">
    <p class='ocr_par' dir='ltr' id='par_1_55' title="bbox 105 3740 279 3809">
     <span class='ocr_line' id='line_1_55' title="bbox 105 3740 279 3809; baseline 0.011 -15"><span class='ocrx_word' id='word_1_383' title='bbox 105 3740 279 3809; x_wconf 76' lang='lat' dir='ltr'>gnaris</span> 
     </span>
    </p>
   </div>
   <div class='ocr_carea' id='block_1_56' title="bbox 52 3824 1655 3898">
    <p class='ocr_par' dir='ltr' id='par_1_56' title="bbox 52 3824 1655 3898">
     <span class='ocr_line' id='line_1_56' title="bbox 52 3824 1655 3898; baseline 0 -19"><span class='ocrx_word' id='word_1_384' title='bbox 52 3824 108 3880; x_wconf 90' lang='lat' dir='ltr'>Ut</span> <span class='ocrx_word' id='word_1_385' title='bbox 132 3826 241 3883; x_wconf 89' lang='lat' dir='ltr'>dies</span> <span class='ocrx_word' id='word_1_386' title='bbox 266 3839 322 3884; x_wconf 87' lang='lat' dir='ltr'>et</span> <span class='ocrx_word' id='word_1_387' title='bbox 347 3834 514 3885; x_wconf 88' lang='lat' dir='ltr'>actus</span> <span class='ocrx_word' id='word_1_388' title='bbox 549 3832 784 3883; x_wconf 85' lang='lat' dir='ltr'>nostros</span> <span class='ocrx_word' id='word_1_389' title='bbox 817 3826 873 3882; x_wconf 92' lang='lat' dir='ltr'>in</span> <span class='ocrx_word' id='word_1_390' title='bbox 907 3831 1008 3881; x_wconf 90' lang='lat' dir='ltr'>tua</span> <span class='ocrx_word' id='word_1_391' title='bbox 1037 3842 1178 3898; x_wconf 88' lang='lat' dir='ltr'>pace</span> <span class='ocrx_word' id='word_1_392' title='bbox 1203 3824 1398 3896; x_wconf 89' lang='lat' dir='ltr'>dispo-</span> <span class='ocrx_word' id='word_1_393' title='bbox 1652 3896 1655 3898; x_wconf 94' lang='lat'><em>_</em></span> 
     </span>
    </p>
   </div>
   <div class='ocr_carea' id='block_1_57' title="bbox 104 3916 1665 3985">
    <p class='ocr_par' dir='ltr' id='par_1_57' title="bbox 104 3916 1665 3985">
     <span class='ocr_line' id='line_1_57' title="bbox 104 3916 1665 3985; baseline -0.001 -16"><span class='ocrx_word' id='word_1_394' title='bbox 104 3931 197 3973; x_wconf 87' lang='lat' dir='ltr'>nas</span> <span class='ocrx_word' id='word_1_395' title='bbox 1457 3916 1512 3968; x_wconf 78' lang='lat' dir='ltr'>te</span> <span class='ocrx_word' id='word_1_396' title='bbox 1541 3925 1665 3985; x_wconf 77' lang='lat' dir='ltr'>reg.</span> 
     </span>
    </p>
   </div>
   <div class='ocr_carea' id='block_1_58' title="bbox 53 4001 1421 4080">
    <p class='ocr_par' dir='ltr' id='par_1_58' title="bbox 53 4001 1421 4080">
     <span class='ocr_line' id='line_1_58' title="bbox 53 4001 1421 4080; baseline 0.001 -24"><span class='ocrx_word' id='word_1_397' title='bbox 53 4001 108 4057; x_wconf 85' lang='lat' dir='ltr'>Ut</span> <span class='ocrx_word' id='word_1_398' title='bbox 131 4006 462 4080; x_wconf 71' lang='lat' dir='ltr'>obsequium</span> <span class='ocrx_word' id='word_1_399' title='bbox 495 4010 713 4064; x_wconf 63' lang='lat' dir='ltr'>nostra:</span> <span class='ocrx_word' id='word_1_400' title='bbox 745 4005 1043 4062; x_wconf 86' lang='lat' dir='ltr'>servitutis</span> <span class='ocrx_word' id='word_1_401' title='bbox 1074 4001 1421 4060; x_wconf 89' lang='lat' dir='ltr'>rationabile</span> 
     </span>
    </p>
   </div>
   <div class='ocr_carea' id='block_1_59' title="bbox 104 4093 266 4152">
    <p class='ocr_par' dir='ltr' id='par_1_59' title="bbox 104 4093 266 4152">
     <span class='ocr_line' id='line_1_59' title="bbox 104 4093 266 4152; baseline 0.031 -5"><span class='ocrx_word' id='word_1_402' title='bbox 104 4093 266 4152; x_wconf 79' lang='lat' dir='ltr'>facias</span> 
     </span>
    </p>
   </div>
   <div class='ocr_carea' id='block_1_60' title="bbox 1459 3558 1664 3626">
    <p class='ocr_par' dir='ltr' id='par_1_60' title="bbox 1459 3558 1664 3626">
     <span class='ocr_line' id='line_1_60' title="bbox 1459 3558 1664 3626; baseline 0.005 -17"><span class='ocrx_word' id='word_1_403' title='bbox 1459 3558 1516 3610; x_wconf 88' lang='lat' dir='ltr'>te</span> <span class='ocrx_word' id='word_1_404' title='bbox 1542 3569 1664 3626; x_wconf 90' lang='lat' dir='ltr'>rog.</span> 
     </span>
    </p>
   </div>
   <div class='ocr_carea' id='block_1_61' title="bbox 1453 3737 1664 3806">
    <p class='ocr_par' dir='ltr' id='par_1_61' title="bbox 1453 3737 1664 3806">
     <span class='ocr_line' id='line_1_61' title="bbox 1453 3737 1664 3806; baseline -0.009 -17"><span class='ocrx_word' id='word_1_405' title='bbox 1453 3737 1511 3789; x_wconf 85' lang='lat' dir='ltr'>te</span> <span class='ocrx_word' id='word_1_406' title='bbox 1542 3743 1664 3806; x_wconf 66' lang='grc' dir='ltr'>νος.</span> 
     </span>
    </p>
   </div>
   <div class='ocr_carea' id='block_1_62' title="bbox 1458 4095 1664 4163">
    <p class='ocr_par' dir='ltr' id='par_1_62' title="bbox 1458 4095 1664 4163">
     <span class='ocr_line' id='line_1_62' title="bbox 1458 4095 1664 4163; baseline 0.01 -17"><span class='ocrx_word' id='word_1_407' title='bbox 1458 4095 1513 4147; x_wconf 82' lang='lat' dir='ltr'>te</span> <span class='ocrx_word' id='word_1_408' title='bbox 1539 4099 1664 4163; x_wconf 64' lang='lat' dir='ltr'>mg.</span> 
     </span>
    </p>
   </div>
   <div class='ocr_carea' id='block_1_63' title="bbox 53 4180 1664 4253">
    <p class='ocr_par' dir='ltr' id='par_1_63' title="bbox 53 4180 1664 4253">
     <span class='ocr_line' id='line_1_63' title="bbox 53 4180 1664 4253; baseline 0.012 -19"><span class='ocrx_word' id='word_1_409' title='bbox 53 4180 107 4236; x_wconf 83' lang='lat' dir='ltr'>Ut</span> <span class='ocrx_word' id='word_1_410' title='bbox 131 4184 293 4241; x_wconf 83' lang='lat' dir='ltr'>vitam</span> <span class='ocrx_word' id='word_1_411' title='bbox 324 4191 604 4244; x_wconf 67' lang='lat' dir='ltr'>aeternam</span> <span class='ocrx_word' id='word_1_412' title='bbox 637 4186 806 4241; x_wconf 88' lang='lat' dir='ltr'>nobis</span> <span class='ocrx_word' id='word_1_413' title='bbox 835 4185 1016 4241; x_wconf 88' lang='lat' dir='ltr'>dones</span> <span class='ocrx_word' id='word_1_414' title='bbox 1450 4186 1510 4236; x_wconf 57' lang='grc' dir='ltr'>τε</span> <span class='ocrx_word' id='word_1_415' title='bbox 1537 4193 1664 4253; x_wconf 66' lang='lat'>1‘08-</span> 
     </span>
    </p>
   </div>
   <div class='ocr_carea' id='block_1_64' title="bbox 51 4268 1401 4347">
    <p class='ocr_par' dir='ltr' id='par_1_64' title="bbox 51 4268 1401 4347">
     <span class='ocr_line' id='line_1_64' title="bbox 51 4268 1401 4347; baseline 0.001 -23"><span class='ocrx_word' id='word_1_416' title='bbox 51 4268 106 4325; x_wconf 86' lang='lat' dir='ltr'>Ut</span> <span class='ocrx_word' id='word_1_417' title='bbox 131 4273 341 4333; x_wconf 80' lang='lat' dir='ltr'>animas</span> <span class='ocrx_word' id='word_1_418' title='bbox 372 4271 607 4335; x_wconf 73' lang='lat' dir='ltr'>nostras</span> <span class='ocrx_word' id='word_1_419' title='bbox 635 4279 694 4331; x_wconf 84' lang='lat' dir='ltr'>et</span> <span class='ocrx_word' id='word_1_420' title='bbox 724 4278 1035 4347; x_wconf 76' lang='lat' dir='ltr'>parentum</span> <span class='ocrx_word' id='word_1_421' title='bbox 1066 4276 1401 4329; x_wconf 82' lang='lat' dir='ltr'>nostrorum</span> 
     </span>
    </p>
   </div>
   <div class='ocr_carea' id='block_1_65' title="bbox 105 4361 1043 4435">
    <p class='ocr_par' dir='ltr' id='par_1_65' title="bbox 105 4361 1043 4435">
     <span class='ocr_line' id='line_1_65' title="bbox 105 4361 1043 4435; baseline 0.004 -20"><span class='ocrx_word' id='word_1_422' title='bbox 105 4361 166 4415; x_wconf 88' lang='lat' dir='ltr'>ab</span> <span class='ocrx_word' id='word_1_423' title='bbox 187 4369 391 4423; x_wconf 69' lang='lat' dir='ltr'>aeterna</span> <span class='ocrx_word' id='word_1_424' title='bbox 419 4364 798 4422; x_wconf 86' lang='lat' dir='ltr'>damnatione</span> <span class='ocrx_word' id='word_1_425' title='bbox 828 4363 1043 4435; x_wconf 89' lang='lat' dir='ltr'>eripias</span> 
     </span>
    </p>
   </div>
   <div class='ocr_carea' id='block_1_66' title="bbox 51 4445 1145 4512">
    <p class='ocr_par' dir='ltr' id='par_1_66' title="bbox 51 4445 1145 4512">
     <span class='ocr_line' id='line_1_66' title="bbox 51 4445 1145 4512; baseline 0.005 -10"><span class='ocrx_word' id='word_1_426' title='bbox 51 4445 107 4503; x_wconf 90' lang='lat' dir='ltr'>Ut</span> <span class='ocrx_word' id='word_1_427' title='bbox 131 4459 376 4512; x_wconf 78' lang='lat' dir='ltr'>errantes</span> <span class='ocrx_word' id='word_1_428' title='bbox 404 4455 478 4512; x_wconf 86' lang='lat' dir='ltr'>ad</span> <span class='ocrx_word' id='word_1_429' title='bbox 508 4454 666 4510; x_wconf 84' lang='lat' dir='ltr'>viam</span> <span class='ocrx_word' id='word_1_430' title='bbox 697 4463 867 4510; x_wconf 78' lang='lat' dir='ltr'>suam</span> <span class='ocrx_word' id='word_1_431' title='bbox 898 4452 1145 4508; x_wconf 84' lang='lat' dir='ltr'>reducas</span> 
     </span>
    </p>
   </div>
   <div class='ocr_carea' id='block_1_67' title="bbox 1451 4364 1661 4433">
    <p class='ocr_par' dir='ltr' id='par_1_67' title="bbox 1451 4364 1661 4433">
     <span class='ocr_line' id='line_1_67' title="bbox 1451 4364 1661 4433; baseline 0 -18"><span class='ocrx_word' id='word_1_432' title='bbox 1451 4364 1510 4415; x_wconf 82' lang='lat' dir='ltr'>te</span> <span class='ocrx_word' id='word_1_433' title='bbox 1540 4374 1661 4433; x_wconf 77' lang='lat' dir='ltr'>reg.</span> 
     </span>
    </p>
   </div>
   <div class='ocr_carea' id='block_1_68' title="bbox 1451 3177 3228 3270">
    <p class='ocr_par' dir='ltr' id='par_1_68' title="bbox 1451 3177 3228 3270">
     <span class='ocr_line' id='line_1_68' title="bbox 1451 3177 3228 3270; baseline 0.007 -18"><span class='ocrx_word' id='word_1_434' title='bbox 1451 3202 1506 3252; x_wconf 62' lang='grc' dir='ltr'>ω</span> <span class='ocrx_word' id='word_1_435' title='bbox 1539 3177 1660 3270; x_wconf 77' lang='lat' dir='ltr'>reg.</span> <span class='ocrx_word' id='word_1_436' title='bbox 1695 3177 1739 3245; x_wconf 63' lang='grc' dir='ltr'>(ἶ</span> <span class='ocrx_word' id='word_1_437' title='bbox 1779 3202 1850 3258; x_wconf 93' lang='lat' dir='ltr'>Ut</span> <span class='ocrx_word' id='word_1_438' title='bbox 1878 3177 2120 3258; x_wconf 51' lang='lat' dir='ltr'>cunctovs</span> <span class='ocrx_word' id='word_1_439' title='bbox 2149 3201 2349 3258; x_wconf 82' lang='lat' dir='ltr'>fideles</span> <span class='ocrx_word' id='word_1_440' title='bbox 2377 3206 2509 3258; x_wconf 84' lang='lat' dir='ltr'>tuos</span> <span class='ocrx_word' id='word_1_441' title='bbox 2541 3202 2872 3260; x_wconf 85' lang='lat' dir='ltr'>habitantes</span> <span class='ocrx_word' id='word_1_442' title='bbox 2903 3207 2957 3261; x_wconf 92' lang='lat' dir='ltr'>in</span> <span class='ocrx_word' id='word_1_443' title='bbox 2993 3221 3059 3262; x_wconf 86' lang='lat' dir='ltr'>ea</span> <span class='ocrx_word' id='word_1_444' title='bbox 3091 3221 3228 3263; x_wconf 80' lang='lat' dir='ltr'>con-</span> 
     </span>
    </p>
   </div>
   <div class='ocr_carea' id='block_1_69' title="bbox 1849 3289 2368 3363">
    <p class='ocr_par' dir='ltr' id='par_1_69' title="bbox 1849 3289 2368 3363">
     <span class='ocr_line' id='line_1_69' title="bbox 1849 3289 2368 3363; baseline -0.002 -16"><span class='ocrx_word' id='word_1_445' title='bbox 1849 3307 2077 3347; x_wconf 81' lang='lat' dir='ltr'>servare</span> <span class='ocrx_word' id='word_1_446' title='bbox 2106 3289 2368 3363; x_wconf 88' lang='lat' dir='ltr'>digneris</span> 
     </span>
    </p>
   </div>
   <div class='ocr_carea' id='block_1_70' title="bbox 3216 3302 3426 3370">
    <p class='ocr_par' dir='ltr' id='par_1_70' title="bbox 3216 3302 3426 3370">
     <span class='ocr_line' id='line_1_70' title="bbox 3216 3302 3426 3370; baseline 0.019 -18"><span class='ocrx_word' id='word_1_447' title='bbox 3216 3302 3270 3353; x_wconf 85' lang='lat' dir='ltr'>te</span> <span class='ocrx_word' id='word_1_448' title='bbox 3299 3309 3426 3370; x_wconf 61' lang='grc' dir='ltr'>τος.</span> 
     </span>
    </p>
   </div>
   <div class='ocr_carea' id='block_1_71' title="bbox 1779 3379 3428 3458">
    <p class='ocr_par' dir='ltr' id='par_1_71' title="bbox 1779 3379 3428 3458">
     <span class='ocr_line' id='line_1_71' title="bbox 1779 3379 3428 3458; baseline 0.004 -22"><span class='ocrx_word' id='word_1_449' title='bbox 1779 3381 1850 3436; x_wconf 88' lang='lat' dir='ltr'>Ut</span> <span class='ocrx_word' id='word_1_450' title='bbox 1880 3379 2050 3435; x_wconf 84' lang='lat' dir='ltr'>hodie</span> <span class='ocrx_word' id='word_1_451' title='bbox 2081 3379 2207 3434; x_wconf 87' lang='lat' dir='ltr'>sine</span> <span class='ocrx_word' id='word_1_452' title='bbox 2239 3384 2471 3452; x_wconf 87' lang='lat' dir='ltr'>peccato</span> <span class='ocrx_word' id='word_1_453' title='bbox 2503 3397 2609 3436; x_wconf 88' lang='lat' dir='ltr'>nos</span> <span class='ocrx_word' id='word_1_454' title='bbox 2639 3383 2936 3439; x_wconf 88' lang='lat' dir='ltr'>custodias</span> <span class='ocrx_word' id='word_1_455' title='bbox 3217 3391 3272 3442; x_wconf 89' lang='lat' dir='ltr'>te</span> <span class='ocrx_word' id='word_1_456' title='bbox 3293 3399 3428 3458; x_wconf 71' lang='lat' dir='ltr'>reg.</span> 
     </span>
    </p>
   </div>
   <div class='ocr_carea' id='block_1_72' title="bbox 1778 3468 3426 3548">
    <p class='ocr_par' dir='ltr' id='par_1_72' title="bbox 1778 3468 3426 3548">
     <span class='ocr_line' id='line_1_72' title="bbox 1778 3468 3426 3548; baseline 0.004 -23"><span class='ocrx_word' id='word_1_457' title='bbox 1778 3470 1850 3526; x_wconf 78' lang='lat' dir='ltr'>Ut</span> <span class='ocrx_word' id='word_1_458' title='bbox 1880 3485 1987 3525; x_wconf 90' lang='lat' dir='ltr'>nos</span> <span class='ocrx_word' id='word_1_459' title='bbox 2019 3469 2293 3525; x_wconf 84' lang='lat' dir='ltr'>exaudire</span> <span class='ocrx_word' id='word_1_460' title='bbox 2315 3468 2574 3542; x_wconf 88' lang='lat' dir='ltr'>digneris</span> <span class='ocrx_word' id='word_1_461' title='bbox 3215 3478 3272 3531; x_wconf 85' lang='lat' dir='ltr'>te</span> <span class='ocrx_word' id='word_1_462' title='bbox 3302 3489 3426 3548; x_wconf 82' lang='lat' dir='ltr'>reg.</span> 
     </span>
    </p>
   </div>
   <div class='ocr_carea' id='block_1_73' title="bbox 1777 3558 3426 3638">
    <p class='ocr_par' dir='ltr' id='par_1_73' title="bbox 1777 3558 3426 3638">
     <span class='ocr_line' id='line_1_73' title="bbox 1777 3558 3426 3638; baseline 0.003 -23"><span class='ocrx_word' id='word_1_463' title='bbox 1777 3559 1849 3615; x_wconf 82' lang='lat' dir='ltr'>Ut</span> <span class='ocrx_word' id='word_1_464' title='bbox 1874 3558 2044 3615; x_wconf 87' lang='lat' dir='ltr'>nobis</span> <span class='ocrx_word' id='word_1_465' title='bbox 2076 3558 2340 3614; x_wconf 89' lang='lat' dir='ltr'>misereri</span> <span class='ocrx_word' id='word_1_466' title='bbox 2371 3558 2630 3632; x_wconf 86' lang='lat' dir='ltr'>digneris</span> <span class='ocrx_word' id='word_1_467' title='bbox 3215 3569 3273 3619; x_wconf 88' lang='lat' dir='ltr'>te</span> <span class='ocrx_word' id='word_1_468' title='bbox 3304 3579 3426 3638; x_wconf 81' lang='lat' dir='ltr'>rog.</span> 
     </span>
    </p>
   </div>
   <div class='ocr_carea' id='block_1_74' title="bbox 1779 3647 2608 3720">
    <p class='ocr_par' dir='ltr' id='par_1_74' title="bbox 1779 3647 2608 3720">
     <span class='ocr_line' id='line_1_74' title="bbox 1779 3647 2608 3720; baseline 0.001 -16"><span class='ocrx_word' id='word_1_469' title='bbox 1779 3648 1886 3704; x_wconf 75' lang='lat' dir='ltr'>Fili</span> <span class='ocrx_word' id='word_1_470' title='bbox 1918 3647 2040 3716; x_wconf 90' lang='lat' dir='ltr'>Dei,</span> <span class='ocrx_word' id='word_1_471' title='bbox 2074 3651 2130 3704; x_wconf 87' lang='lat' dir='ltr'>te</span> <span class='ocrx_word' id='word_1_472' title='bbox 2159 3663 2280 3720; x_wconf 90' lang='lat' dir='ltr'>rog.</span> <span class='ocrx_word' id='word_1_473' title='bbox 2311 3648 2447 3704; x_wconf 86' lang='lat' dir='ltr'>audi</span> <span class='ocrx_word' id='word_1_474' title='bbox 2482 3665 2608 3705; x_wconf 89' lang='lat' dir='ltr'>nos.</span> 
     </span>
    </p>
   </div>
   <div class='ocr_carea' id='block_1_75' title="bbox 1779 3737 2751 3810">
    <p class='ocr_par' dir='ltr' id='par_1_75' title="bbox 1779 3737 2751 3810">
     <span class='ocr_line' id='line_1_75' title="bbox 1779 3737 2751 3810; baseline 0.002 -17"><span class='ocrx_word' id='word_1_475' title='bbox 1779 3737 1982 3793; x_wconf 83' lang='lat' dir='ltr'>Pastor</span> <span class='ocrx_word' id='word_1_476' title='bbox 2010 3737 2178 3805; x_wconf 89' lang='lat' dir='ltr'>bone,</span> <span class='ocrx_word' id='word_1_477' title='bbox 2212 3741 2267 3793; x_wconf 91' lang='lat' dir='ltr'>te</span> <span class='ocrx_word' id='word_1_478' title='bbox 2299 3753 2422 3810; x_wconf 88' lang='lat' dir='ltr'>rog.</span> <span class='ocrx_word' id='word_1_479' title='bbox 2457 3737 2593 3794; x_wconf 88' lang='lat' dir='ltr'>audi</span> <span class='ocrx_word' id='word_1_480' title='bbox 2617 3752 2751 3795; x_wconf 82' lang='lat' dir='ltr'>nos.</span> 
     </span>
    </p>
   </div>
   <div class='ocr_carea' id='block_1_76' title="bbox 1779 3826 2960 3900">
    <p class='ocr_par' dir='ltr' id='par_1_76' title="bbox 1779 3826 2960 3900">
     <span class='ocr_line' id='line_1_76' title="bbox 1779 3826 2960 3900; baseline 0.001 -18"><span class='ocrx_word' id='word_1_481' title='bbox 1779 3826 2130 3899; x_wconf 74' lang='lat' dir='ltr'>Redemptor</span> <span class='ocrx_word' id='word_1_482' title='bbox 2161 3826 2388 3893; x_wconf 90' lang='lat' dir='ltr'>mundi,</span> <span class='ocrx_word' id='word_1_483' title='bbox 2417 3831 2473 3882; x_wconf 89' lang='lat' dir='ltr'>te</span> <span class='ocrx_word' id='word_1_484' title='bbox 2505 3843 2628 3900; x_wconf 90' lang='lat' dir='ltr'>rog.</span> <span class='ocrx_word' id='word_1_485' title='bbox 2661 3827 2800 3883; x_wconf 92' lang='lat' dir='ltr'>audi</span> <span class='ocrx_word' id='word_1_486' title='bbox 2835 3846 2960 3886; x_wconf 88' lang='lat' dir='ltr'>nos.</span> 
     </span>
    </p>
   </div>
   <div class='ocr_carea' id='block_1_77' title="bbox 1777 3915 2866 3989">
    <p class='ocr_par' dir='ltr' id='par_1_77' title="bbox 1777 3915 2866 3989">
     <span class='ocr_line' id='line_1_77' title="bbox 1777 3915 2866 3989; baseline 0.001 -17"><span class='ocrx_word' id='word_1_487' title='bbox 1777 3915 2041 3972; x_wconf 77' lang='lat' dir='ltr'>Salvator</span> <span class='ocrx_word' id='word_1_488' title='bbox 2070 3915 2298 3981; x_wconf 89' lang='lat' dir='ltr'>mundi,</span> <span class='ocrx_word' id='word_1_489' title='bbox 2329 3919 2384 3972; x_wconf 88' lang='lat' dir='ltr'>te</span> <span class='ocrx_word' id='word_1_490' title='bbox 2415 3932 2538 3989; x_wconf 91' lang='lat' dir='ltr'>rog.</span> <span class='ocrx_word' id='word_1_491' title='bbox 2571 3917 2706 3972; x_wconf 88' lang='lat' dir='ltr'>audi</span> <span class='ocrx_word' id='word_1_492' title='bbox 2739 3933 2866 3973; x_wconf 91' lang='lat' dir='ltr'>nos.</span> 
     </span>
    </p>
   </div>
   <div class='ocr_carea' id='block_1_78' title="bbox 1778 4004 3215 4080">
    <p class='ocr_par' dir='ltr' id='par_1_78' title="bbox 1778 4004 3215 4080">
     <span class='ocr_line' id='line_1_78' title="bbox 1778 4004 3215 4080; baseline 0.002 -19"><span class='ocrx_word' id='word_1_493' title='bbox 1778 4005 2061 4061; x_wconf 74' lang='lat' dir='ltr'>Mediator</span> <span class='ocrx_word' id='word_1_494' title='bbox 2089 4004 2190 4060; x_wconf 92' lang='lat' dir='ltr'>Dei</span> <span class='ocrx_word' id='word_1_495' title='bbox 2220 4008 2277 4060; x_wconf 89' lang='lat' dir='ltr'>et</span> <span class='ocrx_word' id='word_1_496' title='bbox 2308 4004 2640 4074; x_wconf 87' lang='lat' dir='ltr'>hominum,</span> <span class='ocrx_word' id='word_1_497' title='bbox 2661 4010 2730 4062; x_wconf 86' lang='lat' dir='ltr'>&#39;te</span> <span class='ocrx_word' id='word_1_498' title='bbox 2762 4023 2883 4080; x_wconf 90' lang='lat' dir='ltr'>rog.</span> <span class='ocrx_word' id='word_1_499' title='bbox 2917 4007 3052 4064; x_wconf 80' lang='lat' dir='ltr'>audi</span> <span class='ocrx_word' id='word_1_500' title='bbox 3085 4019 3215 4064; x_wconf 87' lang='lat' dir='ltr'>nos.</span> 
     </span>
    </p>
   </div>
   <div class='ocr_carea' id='block_1_79' title="bbox 1774 4092 3428 4168">
    <p class='ocr_par' dir='ltr' id='par_1_79' title="bbox 1774 4092 3428 4168">
     <span class='ocr_line' id='line_1_79' title="bbox 1774 4092 3428 4168; baseline 0.004 -20"><span class='ocrx_word' id='word_1_501' title='bbox 1774 4095 1976 4167; x_wconf 71' lang='lat' dir='ltr'>Agnus</span> <span class='ocrx_word' id='word_1_502' title='bbox 2008 4093 2108 4149; x_wconf 92' lang='lat' dir='ltr'>Dei</span> <span class='ocrx_word' id='word_1_503' title='bbox 2142 4094 2240 4165; x_wconf 89' lang='lat' dir='ltr'>qui</span> <span class='ocrx_word' id='word_1_504' title='bbox 2273 4092 2430 4150; x_wconf 90' lang='lat' dir='ltr'>tollis</span> <span class='ocrx_word' id='word_1_505' title='bbox 2451 4098 2706 4166; x_wconf 84' lang='lat' dir='ltr'>peccata</span> <span class='ocrx_word' id='word_1_506' title='bbox 2753 4097 2982 4165; x_wconf 90' lang='lat' dir='ltr'>mundi,</span> <span class='ocrx_word' id='word_1_507' title='bbox 3014 4111 3186 4168; x_wconf 84' lang='lat' dir='ltr'>parce</span> <span class='ocrx_word' id='word_1_508' title='bbox 3233 4098 3428 4166; x_wconf 77' lang='lat' dir='ltr'>nobis,</span> 
     </span>
    </p>
   </div>
   <div class='ocr_carea' id='block_1_80' title="bbox 1848 4181 2108 4238">
    <p class='ocr_par' dir='ltr' id='par_1_80' title="bbox 1848 4181 2108 4238">
     <span class='ocr_line' id='line_1_80' title="bbox 1848 4181 2108 4238; baseline -0.004 0"><span class='ocrx_word' id='word_1_509' title='bbox 1848 4181 2108 4238; x_wconf 89' lang='lat' dir='ltr'>Domine.</span> 
     </span>
    </p>
   </div>
   <div class='ocr_carea' id='block_1_81' title="bbox 1773 4269 3352 4344">
    <p class='ocr_par' dir='ltr' id='par_1_81' title="bbox 1773 4269 3352 4344">
     <span class='ocr_line' id='line_1_81' title="bbox 1773 4269 3352 4344; baseline 0.002 -18"><span class='ocrx_word' id='word_1_510' title='bbox 1773 4273 1974 4344; x_wconf 86' lang='lat' dir='ltr'>Agnus</span> <span class='ocrx_word' id='word_1_511' title='bbox 2005 4270 2105 4326; x_wconf 92' lang='lat' dir='ltr'>Dei</span> <span class='ocrx_word' id='word_1_512' title='bbox 2139 4270 2237 4342; x_wconf 90' lang='lat' dir='ltr'>qui</span> <span class='ocrx_word' id='word_1_513' title='bbox 2270 4269 2426 4326; x_wconf 88' lang='lat' dir='ltr'>tollis</span> <span class='ocrx_word' id='word_1_514' title='bbox 2458 4275 2694 4343; x_wconf 88' lang='lat' dir='ltr'>peccata</span> <span class='ocrx_word' id='word_1_515' title='bbox 2725 4272 2953 4341; x_wconf 90' lang='lat' dir='ltr'>mundi,</span> <span class='ocrx_word' id='word_1_516' title='bbox 2981 4273 3191 4328; x_wconf 82' lang='lat' dir='ltr'>exaudi</span> <span class='ocrx_word' id='word_1_517' title='bbox 3226 4287 3352 4337; x_wconf 86' lang='lat' dir='ltr'>nos,</span> 
     </span>
    </p>
   </div>
   <div class='ocr_carea' id='block_1_82' title="bbox 1847 4359 2109 4416">
    <p class='ocr_par' dir='ltr' id='par_1_82' title="bbox 1847 4359 2109 4416">
     <span class='ocr_line' id='line_1_82' title="bbox 1847 4359 2109 4416; baseline 0 -1"><span class='ocrx_word' id='word_1_518' title='bbox 1847 4359 2109 4416; x_wconf 86' lang='lat' dir='ltr'>Domine.</span> 
     </span>
    </p>
   </div>
   <div class='ocr_carea' id='block_1_83' title="bbox 1452 4442 3427 4523">
    <p class='ocr_par' dir='ltr' id='par_1_83' title="bbox 1452 4442 3427 4523">
     <span class='ocr_line' id='line_1_83' title="bbox 1452 4442 3427 4523; baseline 0 -18"><span class='ocrx_word' id='word_1_519' title='bbox 1452 4455 1508 4506; x_wconf 89' lang='lat' dir='ltr'>te</span> <span class='ocrx_word' id='word_1_520' title='bbox 1539 4461 1660 4522; x_wconf 82' lang='lat' dir='ltr'>reg.</span> <span class='ocrx_word' id='word_1_521' title='bbox 1693 4442 1740 4507; x_wconf 93' lang='lat' dir='ltr'>D</span> <span class='ocrx_word' id='word_1_522' title='bbox 1769 4452 1972 4523; x_wconf 82' lang='lat' dir='ltr'>Agnus</span> <span class='ocrx_word' id='word_1_523' title='bbox 2001 4447 2102 4504; x_wconf 92' lang='lat' dir='ltr'>Dei</span> <span class='ocrx_word' id='word_1_524' title='bbox 2135 4447 2234 4520; x_wconf 92' lang='lat' dir='ltr'>qui</span> <span class='ocrx_word' id='word_1_525' title='bbox 2266 4447 2425 4504; x_wconf 88' lang='lat' dir='ltr'>tollis</span> <span class='ocrx_word' id='word_1_526' title='bbox 2457 4452 2692 4522; x_wconf 87' lang='lat' dir='ltr'>peccata</span> <span class='ocrx_word' id='word_1_527' title='bbox 2737 4447 2964 4517; x_wconf 83' lang='lat' dir='ltr'>mundi,</span> <span class='ocrx_word' id='word_1_528' title='bbox 2995 4447 3274 4504; x_wconf 84' lang='lat' dir='ltr'>miserere</span> <span class='ocrx_word' id='word_1_529' title='bbox 3322 4461 3427 4506; x_wconf 73' lang='lat' dir='ltr'>no~</span> 
     </span>
    </p>
   </div>
   <div class='ocr_carea' id='block_1_84' title="bbox 1839 4537 1956 4595">
    <p class='ocr_par' dir='ltr' id='par_1_84' title="bbox 1839 4537 1956 4595">
     <span class='ocr_line' id='line_1_84' title="bbox 1839 4537 1956 4595; baseline -0.009 0"><span class='ocrx_word' id='word_1_530' title='bbox 1839 4537 1956 4595; x_wconf 86' lang='lat' dir='ltr'>his.</span> 
     </span>
    </p>
   </div>
   <div class='ocr_carea' id='block_1_85' title="bbox 1117 4911 2328 5008">
    <p class='ocr_par' dir='ltr' id='par_1_85' title="bbox 1117 4911 2328 5008">
     <span class='ocr_line' id='line_1_85' title="bbox 1117 4911 2328 5008; baseline -0.003 -1"><span class='ocrx_word' id='word_1_531' title='bbox 1117 4911 1596 5008; x_wconf 77' lang='lat' dir='ltr'>LITANUE</span> <span class='ocrx_word' id='word_1_532' title='bbox 1651 4919 2328 5007; x_wconf 71' lang='lat' dir='ltr'>BYZUNTINAE‘.</span> 
     </span>
    </p>
   </div>
   <div class='ocr_carea' id='block_1_86' title="bbox 709 5087 2726 5170">
    <p class='ocr_par' dir='ltr' id='par_1_86' title="bbox 709 5087 2726 5170">
     <span class='ocr_line' id='line_1_86' title="bbox 709 5087 2726 5170; baseline -0.002 -18"><span class='ocrx_word' id='word_1_533' title='bbox 709 5089 897 5170; x_wconf 81' lang='lat' dir='ltr'>(Apud</span> <span class='ocrx_word' id='word_1_534' title='bbox 929 5095 1154 5166; x_wconf 73' lang='lat' dir='ltr'>Duno&#39;d,</span> <span class='ocrx_word' id='word_1_535' title='bbox 1188 5089 1420 5153; x_wconf 65' lang='lat' dir='ltr'>Histoire</span> <span class='ocrx_word' id='word_1_536' title='bbox 1447 5087 1512 5152; x_wconf 72' lang='lat' dir='ltr'>de</span> <span class='ocrx_word' id='word_1_537' title='bbox 1540 5095 1757 5169; x_wconf 72' lang='lat' dir='ltr'>l&#39;Egilise</span> <span class='ocrx_word' id='word_1_538' title='bbox 1783 5096 1849 5152; x_wconf 83' lang='lat' dir='ltr'>de</span> <span class='ocrx_word' id='word_1_539' title='bbox 1877 5089 2170 5163; x_wconf 69' lang='lat' dir='ltr'>Besancon,</span> <span class='ocrx_word' id='word_1_540' title='bbox 2196 5097 2346 5149; x_wconf 71' lang='lat' dir='ltr'>&quot;tom.</span> <span class='ocrx_word' id='word_1_541' title='bbox 2382 5093 2426 5162; x_wconf 89' lang='grc' dir='ltr'>Ι,</span> <span class='ocrx_word' id='word_1_542' title='bbox 2451 5096 2726 5164; x_wconf 75' lang='lat' dir='ltr'>preures.)</span> 
     </span>
    </p>
   </div>
   <div class='ocr_carea' id='block_1_87' title="bbox 51 5405 1017 5492">
    <p class='ocr_par' dir='ltr' id='par_1_87' title="bbox 51 5405 1017 5492">
     <span class='ocr_line' id='line_1_87' title="bbox 51 5405 1017 5492; baseline 0.003 -23"><span class='ocrx_word' id='word_1_543' title='bbox 51 5412 197 5483; x_wconf 79' lang='lat' dir='ltr'>Kyrie</span> <span class='ocrx_word' id='word_1_544' title='bbox 226 5417 475 5492; x_wconf 63' lang='lat' dir='ltr'>eleysOn.</span> <span class='ocrx_word' id='word_1_545' title='bbox 498 5405 733 5476; x_wconf 76' lang='lat' dir='ltr'>Christe</span> <span class='ocrx_word' id='word_1_546' title='bbox 759 5417 1017 5491; x_wconf 64' lang='lat' dir='ltr'>&#39;elcymn.</span> 
     </span>
    </p>
   </div>
   <div class='ocr_carea' id='block_1_88' title="bbox 49 5498 569 5565">
    <p class='ocr_par' dir='ltr' id='par_1_88' title="bbox 49 5498 569 5565">
     <span class='ocr_line' id='line_1_88' title="bbox 49 5498 569 5565; baseline 0.023 -12"><span class='ocrx_word' id='word_1_547' title='bbox 49 5498 159 5557; x_wconf 86' lang='lat' dir='ltr'>Chri</span> <span class='ocrx_word' id='word_1_548' title='bbox 173 5510 251 5559; x_wconf 70' lang='lat' dir='ltr'>ste</span> <span class='ocrx_word' id='word_1_549' title='bbox 280 5509 415 5563; x_wconf 80' lang='lat' dir='ltr'>audi</span> <span class='ocrx_word' id='word_1_550' title='bbox 446 5525 569 5565; x_wconf 87' lang='lat' dir='ltr'>nos.</span> 
     </span>
    </p>
   </div>
   <div class='ocr_carea' id='block_1_89' title="bbox 53 5587 688 5669">
    <p class='ocr_par' dir='ltr' id='par_1_89' title="bbox 53 5587 688 5669">
     <span class='ocr_line' id='line_1_89' title="bbox 53 5587 688 5669; baseline 0.008 -21"><span class='ocrx_word' id='word_1_551' title='bbox 53 5587 199 5650; x_wconf 81' lang='lat' dir='ltr'>Pater</span> <span class='ocrx_word' id='word_1_552' title='bbox 228 5597 293 5654; x_wconf 83' lang='lat' dir='ltr'>de</span> <span class='ocrx_word' id='word_1_553' title='bbox 323 5597 482 5655; x_wconf 75' lang='lat' dir='ltr'>caelis</span> <span class='ocrx_word' id='word_1_554' title='bbox 516 5599 688 5669; x_wconf 81' lang='lat' dir='ltr'>Deus,</span> 
     </span>
    </p>
   </div>
   <div class='ocr_carea' id='block_1_90' title="bbox 1178 5597 1670 5657">
    <p class='ocr_par' dir='ltr' id='par_1_90' title="bbox 1178 5597 1670 5657">
     <span class='ocr_line' id='line_1_90' title="bbox 1178 5597 1670 5657; baseline 0.006 -3"><span class='ocrx_word' id='word_1_555' title='bbox 1178 5597 1449 5656; x_wconf 88' lang='lat' dir='ltr'>Miserere</span> <span class='ocrx_word' id='word_1_556' title='bbox 1479 5597 1670 5657; x_wconf 83' lang='lat' dir='ltr'>nobis.</span> 
     </span>
    </p>
   </div>
   <div class='ocr_carea' id='block_1_91' title="bbox 2931 5413 3428 5471">
    <p class='ocr_par' dir='ltr' id='par_1_91' title="bbox 2931 5413 3428 5471">
     <span class='ocr_line' id='line_1_91' title="bbox 2931 5413 3428 5471; baseline 0 -2"><span class='ocrx_word' id='word_1_557' title='bbox 2931 5413 3206 5471; x_wconf 87' lang='lat' dir='ltr'>misercrc</span> <span class='ocrx_word' id='word_1_558' title='bbox 3236 5413 3428 5469; x_wconf 90' lang='lat' dir='ltr'>nobis.</span> 
     </span>
    </p>
   </div>
   <div class='ocr_carea' id='block_1_92' title="bbox 2931 5501 3427 5558">
    <p class='ocr_par' dir='ltr' id='par_1_92' title="bbox 2931 5501 3427 5558">
     <span class='ocr_line' id='line_1_92' title="bbox 2931 5501 3427 5558; baseline 0 -1"><span class='ocrx_word' id='word_1_559' title='bbox 2931 5503 3206 5558; x_wconf 88' lang='lat' dir='ltr'>miserere</span> <span class='ocrx_word' id='word_1_560' title='bbox 3239 5501 3427 5557; x_wconf 90' lang='lat' dir='ltr'>nobis.</span> 
     </span>
    </p>
   </div>
   <div class='ocr_carea' id='block_1_93' title="bbox 2932 5589 3429 5650">
    <p class='ocr_par' dir='ltr' id='par_1_93' title="bbox 2932 5589 3429 5650">
     <span class='ocr_line' id='line_1_93' title="bbox 2932 5589 3429 5650; baseline 0.006 -4"><span class='ocrx_word' id='word_1_561' title='bbox 2932 5591 3208 5648; x_wconf 84' lang='lat' dir='ltr'>miserere</span> <span class='ocrx_word' id='word_1_562' title='bbox 3235 5589 3429 5650; x_wconf 74' lang='lat' dir='ltr'>nobis.</span> 
     </span>
    </p>
   </div>
   <div class='ocr_carea' id='block_1_94' title="bbox 1787 5407 2714 5489">
    <p class='ocr_par' dir='ltr' id='par_1_94' title="bbox 1787 5407 2714 5489">
     <span class='ocr_line' id='line_1_94' title="bbox 1787 5407 2714 5489; baseline -0.003 -15"><span class='ocrx_word' id='word_1_563' title='bbox 1787 5418 1891 5474; x_wconf 83' lang='lat' dir='ltr'>Fili</span> <span class='ocrx_word' id='word_1_564' title='bbox 1914 5407 2272 5489; x_wconf 70' lang='lat' dir='ltr'>Redemptor</span> <span class='ocrx_word' id='word_1_565' title='bbox 2302 5413 2507 5470; x_wconf 75' lang='lat' dir='ltr'>mundi</span> <span class='ocrx_word' id='word_1_566' title='bbox 2540 5417 2714 5483; x_wconf 83' lang='lat' dir='ltr'>Deus,</span> 
     </span>
    </p>
   </div>
   <div class='ocr_carea' id='block_1_95' title="bbox 1786 5506 2462 5579">
    <p class='ocr_par' dir='ltr' id='par_1_95' title="bbox 1786 5506 2462 5579">
     <span class='ocr_line' id='line_1_95' title="bbox 1786 5506 2462 5579; baseline -0.007 -16"><span class='ocrx_word' id='word_1_567' title='bbox 1786 5506 2039 5579; x_wconf 88' lang='lat' dir='ltr'>Spiritus</span> <span class='ocrx_word' id='word_1_568' title='bbox 2065 5507 2262 5561; x_wconf 85' lang='lat' dir='ltr'>sancte</span> <span class='ocrx_word' id='word_1_569' title='bbox 2275 5509 2462 5573; x_wconf 72' lang='lat' dir='ltr'>Deus,</span> 
     </span>
    </p>
   </div>
   <div class='ocr_carea' id='block_1_96' title="bbox 1784 5592 2678 5666">
    <p class='ocr_par' dir='ltr' id='par_1_96' title="bbox 1784 5592 2678 5666">
     <span class='ocr_line' id='line_1_96' title="bbox 1784 5592 2678 5666; baseline -0.002 -13"><span class='ocrx_word' id='word_1_570' title='bbox 1784 5596 2000 5654; x_wconf 85' lang='lat' dir='ltr'>Sancta</span> <span class='ocrx_word' id='word_1_571' title='bbox 2028 5592 2287 5652; x_wconf 71' lang='lat' dir='ltr'>Trinitas</span> <span class='ocrx_word' id='word_1_572' title='bbox 2318 5606 2473 5651; x_wconf 80' lang='lat' dir='ltr'>unus</span> <span class='ocrx_word' id='word_1_573' title='bbox 2501 5592 2678 5666; x_wconf 77' lang='lat' dir='ltr'>Deus,</span> 
     </span>
    </p>
   </div>
  </div>
