3844 6200
434 304 550 363 899

439 436 654 490 Sancta
679 431 884 498 Maria,

439 524 654 579 Sancta
684 523 871 576 mater
895 517 1334 586 misericordiae,

437 613 652 669 Sancte
682 607 949 676 Michael,

437 701 649 757 Sancte
679 696 930 765 Gabriel,
1966 707 2090 746 ora.

433 789 644 844 Sancte
675 784 954 858 Raphael,
1963 796 2089 834 ora.

430 876 650 933 Omnes
683 873 868 931 sancti
903 871 1097 946 angeli
1121 875 1180 927 et
1209 868 1568 943 archangeli,
1591 871 1754 926 orate
1774 884 1878 940 pro
1898 866 2087 923 nobis.

429 966 646 1022 Omnes
677 961 870 1019 sancti
902 962 1205 1018 beatorum
1254 958 1570 1032 spirituum
1621 955 1876 1022 ordines,
1907 959 2086 1011 orate.

428 1055 644 1109 Omnes
676 1050 860 1107 sancti
897 1048 1079 1105 ccelici
1109 1048 1286 1116 cives,
1906 1047 2083 1100 orate.

1971 531 2093 570 ora.

1971 619 2092 657 0P8.

428 1143 638 1198 Sancte
668 1141 926 1197 Joannes
959 1138 1244 1211 Baptista,
1962 1150 2083 1189 ora.

426 1231 642 1287 Omnes
672 1229 865 1285 sancti
898 1226 1240 1302 patriarchae
1272 1230 1328 1281 et
1359 1224 1674 1298 prophetae,
1901 1226 2080 1278 orate.

428 1321 636 1377 Sancte
667 1319 850 1387 Petre,
1955 1327 2079 1365 ora.

427 1409 640 1466 Sancte
672 1405 864 1474 Paule,
1955 1417 2078 1455 ora.

423 1498 634 1554 Sancte
664 1496 914 1557 Andrea,
1954 1506 2075 1544 ora.

422 1586 633 1642 Sancte
661 1585 939 1649 Joannes,
1954 1594 2075 1632 ora.

421 1675 632 1731 Sancte
661 1673 895 1741 Jacobe,
1950 1683 2073 1721 ora.

1946 1773 2067 1811 ora.

422 1765 632 1820 Sancte
661 1762 908 1830 Thema,

421 1854 631 1909 Sancte
659 1852 894 1920 Jacobs,
1947 1862 2067 1900 ora.

418 1946 627 1998 Sancte
654 1939 1095 2009 Bartholomaee,
1945 1951 2066 1990 ora.

417 2033 633 2087 Omnes
664 2029 851 2086 sancti
883 2027 1152 2102 apostoli,
1883 2028 2064 2079 orate.

415 2120 631 2177 Omnes
662 2117 852 2176 sancti
883 2116 1272 2188 evangelista,
1883 2117 2062 2168 orate.

414 2211 630 2267 Omnes
661 2209 848 2265 sancti
879 2205 1151 2281 discipuli
1179 2204 1434 2275 Domini,
1881 2207 2061 2256 orate.

412 2300 628 2356 Omnes
659 2297 846 2355 sancti
878 2297 1239 2361 innocentes,
1883 2295 2061 2346 orate.

411 2389 622 2446 Sancte
647 2389 944 2444 S'rspsws
1939 2396 2052 2434 ora.

411 2479 620 2534 Sancte
647 2474 941 2540 Vincenti,
1938 2487 2057 2526 ora.

411 2566 621 2621 Sancte
653 2563 948 2630 Laurenti,
1937 2576 2056 2614 ora.

411 2654 622 2710 Sancte
651 2651 918 2725 Agapite,
1936 2665 2055 2703 ora.

409 2743 620 2798 Sancte
654 2739 913 2798 Ferreole
945 2740 990 2811 (Ι
1003 2741 1042 2812 ),
1934 2754 2054 2792 ora.

409 2833 616 2889 Sancte
649 2830 902 2897 Ferruci,
1933 2843 2053 2882 ora.

408 2922 617 2978 Sancte
645 2919 862 2987 Antidi,
1931 2932 2052 2970 ora.
2086 2939 2088 2941 ν

407 3012 620 3068 Omnes
651 3007 838 3067 sancti
870 3011 1176 3082 martyres,
1871 3007 2050 3059 orate.

405 3103 613 3159 Sancte
644 3098 910 3168 Martine,
1930 3109 2049 3148 ora.

403 3193 620 3252 Sancte,
639 3189 878 3258 Aniane,
1931 3198 2050 3238 ora.

1929 3288 2052 3329 οπο.

1928 3378 2049 3417 0P8.

403 3282 616 3339 Sancte
644 3279 998 3346 Desiderate,

403 3372 613 3428 Sancte
642 3369 883 3434 Donate,

403 3461 613 3517 Sancte
643 3457 912 3514 Prothadi
925 3498 938 3523 ,
1929 3467 2048 3506 ora.

401 3550 610 3606 Sancte
639 3545 889 3612 Anatoli,
1927 3557 2047 3595 ora.

402 3639 612 3695 Sancte
637 3635 891 3703 Nicolae,
1928 3646 2049 3684 ora.

399 3727 617 3782 Omnes
645 3723 830 3780 sancti
863 3723 1247 3791 confessores,
1873 3723 2051 3774 orate.

400 3815 615 3870 Sancta
645 3813 934 3880 Felicitas,
1929 3825 2051 3864 ora.

399 3903 614 3958 Sancta
645 3901 949 3975 Perpetua,
1928 3914 2050 3953 ora.

396 3995 611 4047 Sancta
635 3990 882 4064 Agathe,
1927 4003 2048 4043 ora.

398 4081 615 4137 Sancta
640 4081 852 4153 Agnes,
1389 4129 1393 4134 .
1927 4093 2051 4131 ora.

397 4169 610 4227 Sancta
640 4169 843 4238 Lucia,
1929 4181 2050 4221 ora.

397 4260 613 4316 Sancta
643 4256 878 4324 Cecilia,
1927 4270 2049 4310 ora.

396 4349 611 4405 Sancta
639 4347 822 4403 Maria
848 4345 1208 4420 Magdelene,
1929 4360 2048 4399 ora.

394 4438 610 4494 Omnes
641 4440 854 4493 sanctae
885 4435 1161 4510 virgines,
1870 4435 2049 4488 orate.

392 4526 607 4582 Omnes
640 4525 861 4594 Sancti,

392 4614 684 4688 PrOpitius
713 4619 858 4682 esto,

391 4704 687 4778 Propitius
714 4709 858 4772 esto,

394 4794 480 4849 Ab
505 4793 673 4850 hoste
705 4792 887 4864 malo,

388 4885 438 4938 A
473 4881 678 4937 morbo
709 4881 886 4949 malo,

388 4967 476 5024 Ab
504 4966 738 5022 insidiis
769 4966 1012 5035 diaboli,

387 5059 434 5112 A
464 5055 870 5128 persecutione
899 5055 1143 5124 inimici,

386 5147 434 5202 A
462 5147 708 5201 ventura
737 5143 845 5217 ira,

1379 4612 1553 4667 Parce
1583 4611 1752 4666 nobis
1783 4609 2047 4666 Domine.

1410 4701 1616 4756 Libera
1649 4717 1754 4755 nos
1787 4698 2049 4755 Domine.

1821 4787 2049 4843 Libera.

1819 4875 2050 4932 Libera.

1821 4963 2046 5019 Libera.

1404 5055 1610 5110 Libera
1640 5070 1750 5110 nos
1778 5052 2042 5110 Domine.

1842 5141 2047 5198 libera.

460 5305 536 5378 (1)
569 5303 735 5362 Saint
767 5304 992 5361 Ferréol
1023 5308 1113 5361 est
1150 5304 1222 5361 ici
1255 5321 1327 5378 au
1363 5319 1510 5378 rang
1539 5304 1642 5360 des
1687 5308 1958 5377 martyre,
1992 5310 2050 5361 et

386 5375 640 5465 ‘no'n’des
670 5379 938 5465 évéques,
957 5391 1161 5465 ‘parce
1176 5393 1294 5465 qjue
1315 5375 1401 5465 les
1421 5375 1685 5465 Anigartyrs
1703 5375 2046 5465 “precedent

386 5396 504 5436 non
535 5393 640 5434 aes
670 5393 938 5502 eveques,
973 5393 1145 5465 parce
1176 5393 1289 5448 que
1315 5393 1400 5432 les
1432 5393 1685 5448 martyre
1733 5393 2044 5448 precedent

385 5451 472 5528 les
500 5451 749 5528 éveques
784 5445 974 5528 _.ans_l
999 5447 1171 5528 ordne
1199 5447 1302 5502 des
1340 5446 1869 5528 litanieshcomme‘
1886 5465 1963 5528 o_n_
1992 5448 2044 5505 le

384 5523 502 5580 voit
533 5517 680 5578 dans
712 5519 885 5576 celles
917 5519 987 5575 de
1011 5517 1243 5590 l’Eglise
1269 5518 1629 5590 romaine,ou
1654 5519 1807 5572 saint
1834 5519 2040 5576 Fabicn

386 5611 534 5673 pape
564 5599 622 5655 et
651 5596 876 5671 martyr
905 5607 977 5650 en
1006 5588 1122 5648 250'
1142 5593 1233 5648 est
1263 5603 1397 5648 avec
1429 5588 1514 5647 les
1565 5595 1836 5665 martyre,
1869 5598 2043 5651 avant

1221 296 1557 356 API‘END.
1606 295 1706 354 AD
1752 293 1940 354 SAEC.
1991 293 2062 350 Χ.
2103 325 2177 334 --
2211 293 2714 354 MONUMENTA
2756 293 3070 355 Ll'l'UltG.
3688 300 3756 354 961]

1627 426 1740 482 Ora
1770 441 1874 498 pro
1902 424 2094 481 nobis.
2127 428 2180 494 Α
2209 427 2254 480 Α
2289 423 2545 498 periculo
2577 425 2806 493 mortis,

3629 426 3758 484 libera

2206 514 2292 569 Ab
2324 514 2482 570 omni
2513 513 2689 580 malo,
3628 515 3758 574 libera.

2206 602 2314 659 Per
2344 619 2577 660 crucem
2608 607 2796 674 tuam,

2188 691 2311 747 ‘Per
2341 691 2828 748 resurrectionem
2858 695 3042 761 tuam,
3630 691 3760 749 libera

2203 780 2309 836 Per
2338 781 2742 838 ascensionem
2774 785 2959 848 tuam,
3628 781 3759 837 libera

2204 869 2310 925 Per
2339 871 2654 928 adventum
2686 870 2940 944 Spiritus
2969 871 3162 928 sancti
3189 869 3483 944 paracleti,
3629 871 3761 927 libera.

2203 959 2560 1031 Peccatores,
3137 961 3219 1015 Te
3249 977 3520 1033 rogamus
3548 961 3662 1015 audi
3686 980 3761 1016 nos.

2198 1047 2270 1104 Ut
2301 1066 2503 1122 pacem
2537 1049 2708 1106 nobis
2732 1050 2935 1119 dones,
3464 1056 3517 1105 te
3548 1066 3762 1122 rogamus.

2201 1137 2273 1192 Ut
2299 1138 2448 1194 iram
2481 1143 2537 1194 et
2567 1138 2989 1211 inignationem
3018 1143 3182 1194 tuam
3206 1156 3242 1194 a
3262 1138 3429 1195 nobis
3452 1139 3675 1204 auferas,
3721 1147 3762 1192 is.

2195 1225 2269 1282 Ut
2296 1226 2699 1284 misericordia
2728 1232 2788 1284 et
2816 1227 3003 1299 pietas
3034 1232 3136 1284 tua
3168 1245 3275 1284 nos
3300 1227 3601 1294 custodiat,
3722 1235 3762 1281 ts.

2138 1317 2152 1328 '
2193 1315 2267 1370 Ut
2298 1317 2466 1372 nobis
2498 1334 2662 1390 spem
2695 1320 2914 1372 certam
2944 1317 3148 1386 dones,

2192 1404 2267 1458 Ut
2299 1405 2473 1460 fidem
2498 1409 2715 1461 rectam
2750 1405 2919 1462 nobis
2945 1406 3194 1475 tribuas,
3720 1413 3761 1458 te,

2190 1492 2264 1548 Ut
2293 1494 2636 1550 charitatem
2660 1495 2975 1567 perfectam
3011 1495 3180 1550 nobis
3209 1495 3498 1561 conteras,
3720 1502 3761 1548 te.

2190 1581 2263 1637 Ut
2292 1588 2636 1639 cunctorum
2679 1585 2735 1639 in
2789 1584 2956 1639 nobis
3003 1583 3282 1640 vitiorum
3334 1587 3590 1639 monstra
3630 1585 3764 1637 morti-

2259 1673 2416 1740 fices,
3717 1679 3760 1725 te.

2103 1795 2150 1860 Β
2187 1762 2261 1818 Ut
2293 1763 2558 1818 omnium
2592 1762 2650 1819 in
2693 1755 2864 1820 nobis
2911 1762 3325 1836 prerogativas
3371 1761 3639 1818 virtutum
3676 1761 3764 1814 vivi-

2255 1853 2415 1917 ﬁces,
3715 1855 3761 1902 te.

2179 1941 2253 1998 Ut
2279 1941 2448 1997 nobis
2496 1958 2599 2013 per
2644 1941 3110 1998 incarnationem
3171 1946 3357 2008 tuam,
3406 1940 3680 1995 introitum
3717 1940 3759 1992 ad

2249 2031 2463 2087 Sancta
2493 2035 2837 2087 sanctorum
2859 2030 3106 2104 pandas,
3302 2045 3305 2047 ·
3715 2035 3760 2081 te.

2177 2118 2251 2174 Ut
2283 2135 2386 2191 per
2417 2119 2526 2176 hoc
2553 2118 2944 2176 conscientias
2977 2125 3209 2175 nostras
3241 2119 3535 2191 puriﬁces,
3713 2122 3760 2168 te.

2176 2207 2247 2263 Ut
2276 2224 2380 2280 per
2408 2208 2517 2264 hoc
2539 2213 2981 2266 sacrosanctum
3007 2209 3603 2280 mysterium,animas
3623 2211 3667 2262 et
3685 2221 3762 2260 cor-

2245 2314 2388 2369 pora
2417 2303 2618 2354 nostra
2648 2314 2910 2361 renoves,
3715 2301 3760 2347 te

2173 2385 2246 2440 Ut
2276 2385 2384 2442 hoc
2415 2386 2675 2443 terribile
2704 2386 3195 2460 mysterium,non
3226 2386 3388 2442 sinas
3419 2387 3581 2442 nobis
3608 2382 3762 2438 tieriad

2164 2471 2482 2543 judicium,
3715 2480 3760 2524 te.

2174 2561 2246 2617 Ut
2276 2562 2386 2617 hoc
2432 2563 2725 2619 ineffabile
2772 2569 3232 2630 sacramentum,
3266 2565 3505 2620 mundis
3554 2561 3761 2618 manibus

2245 2655 2588 2720 tractemus,
3711 2656 3757 2702 ίθ·

2168 2739 2246 2795 Ut
2276 2741 2440 2813 puris
2473 2742 2774 2798 mentibus
2805 2759 3138 2809 sumamus,
3709 2747 3755 2791 te.

2166 2830 2239 2886 Ut
2272 2830 2700 2906 indulgentiam
2735 2833 3000 2890 omnium
3025 2835 3398 2906 peccatorum
3428 2847 3530 2904 per
3554 2831 3649 2886 hoc
3665 2845 3757 2882 con-

2235 2921 2402 2993 sequi
2435 2937 2786 2994 mereamur,
3704 2921 3754 2970 te.

2165 3009 2237 3065 Ut
2267 3026 2368 3082 per
2397 3009 2505 3065 hoc
2537 3010 2641 3066 tibi
2674 3010 2957 3068 inhaerere
2986 3010 3308 3079 valeamus,
3705 3013 3753 3058 te.

2163 3098 2236 3154 Ut
2265 3115 2367 3171 per
2398 3098 2502 3154 hoc
2533 3103 2596 3154 tu
2629 3099 2689 3155 in
2721 3100 2911 3169 nobis,
2945 3104 3003 3156 et
3035 3117 3141 3156 nos
3171 3100 3231 3156 in
3263 3105 3326 3155 te
3343 3115 3582 3155 manere
3618 3095 3754 3151 valea-
3818 3095 3819 3164 ξ

2093 3165 2138 3233 C
2237 3165 2392 3257 11-1118,
2899 3165 2906 3169 ’
3100 3191 3180 3245 Te
3213 3206 3492 3263 rogamus
3521 3187 3641 3243 audi
3670 3199 3754 3238 nos.

2161 3276 2235 3331 Ut
2262 3277 2511 3349 gratiam
2534 3277 2722 3334 sancti
2745 3276 3305 3350 Spiritus,cordibus
3332 3279 3547 3334 nostris
3567 3275 3752 3332 clemen-

2231 3369 2320 3421 ter
2348 3366 2657 3423 infundere
2689 3366 2970 3440 digneris,
3704 3367 3753 3414 te.

2163 3454 2238 3510 Ut
2267 3459 2547 3514 cunctum
2595 3455 2880 3529 populum
2932 3455 3356 3525 Christianum,
3395 3453 3756 3529 pretiosissima
3818 3521 3819 3524 η

2233 3545 2519 3618 sanguine
2550 3549 2649 3600 tuo
2674 3546 3418 3618 redcmptum,conservare
3439 3543 3754 3618 digneris,te.

2163 3633 2236 3688 Ut
2267 3634 2437 3690 nobis
2467 3633 2664 3692 locum
2695 3633 3046 3706 paenitentia":
3074 3634 3280 3702 dones,
3705 3635 3753 3681 te.

2163 3722 2237 3779 Ut
2265 3723 2542 3780 omnibus
2573 3722 2846 3788 ﬁdelibus
2886 3723 3180 3780 defunctis
3230 3723 3493 3795 requiem
3540 3724 3756 3776 teter-nam
3818 3763 3819 3784 ξ

2234 3813 2436 3880 dones,
3705 3810 3754 3859 te.

2162 3901 2236 3958 Ut
2266 3918 2375 3958 nos
2404 3901 2678 3959 exaudire
2707 3901 2990 3976 digneris,
3705 3899 3754 3947 te.
3818 3901 3819 3904 ‘

2162 3989 2270 4046 Fili
2304 3991 2428 4059 Dei,
3111 3991 3191 4049 Te
3222 4007 3500 4063 rogamus
3524 3987 3647 4044 audi
3667 3999 3755 4038 nos.

2160 4081 2362 4153 Agnus
2394 4079 2491 4136 Dei
2523 4080 2623 4153 qui
2674 4080 2831 4137 tollis
2883 4083 3118 4153 peccata
3168 4080 3398 4147 mundi,
3431 4080 3596 4135 Parce
3636 4070 3756 4128 nobis

2234 4169 2496 4225 Domine.
3077 4185 3080 4187 '
3467 4221 3484 4236 .

2160 4260 2362 4331 Agnus
2394 4258 2494 4315 Dei
2546 4259 2648 4332 qui
2695 4259 2854 4316 tollis
2903 4263 3140 4334 peccata
3189 4259 3424 4330 mundi,
3477 4257 3660 4319 Libera
3686 4264 3759 4305 nos

2234 4347 2498 4404 Domine.

2161 4437 2361 4509 Agnus
2395 4437 2496 4492 Dei
2547 4437 2646 4510 qui
2698 4437 2855 4495 tollis
2905 4441 3142 4510 peccata
3190 4437 3598 4507 mundi,Dona
3635 4427 3761 4486 nobis

1868 4525 2047 4576 orate.
2081 4540 2128 4606 Ι)
2162 4542 2362 4597 pacem
2375 4566 2387 4579 .

2161 4613 2388 4669 Christe
2419 4613 2552 4668 audi
2585 4630 2709 4668 nos.

2743 4736 3006 4809 Sequitur
3034 4739 3228 4792 oratio.

2232 4879 2339 4934 Per
2369 4879 2582 4934 merita
2600 4878 2810 4934 horum
2831 4881 2889 4934 et
2909 4878 3176 4935 omnium
3195 4884 3532 4935 sanctorum
3553 4880 3758 4931 tuorum.

2161 4985 2335 5042 parce
2391 4968 2657 5036 Domine,
2705 4967 2946 5041 indulge
2995 4972 3052 5023 et
3099 4968 3398 5024 miserere.
3455 4965 3758 5022 Auferame

2163 5056 2452 5130 quidquid
2484 5055 2590 5112 tibi
2620 5055 2893 5130 displicet
2921 5056 2980 5111 in
3024 5072 3138 5112 me.
3172 5056 3417 5130 Suscipe
3465 5047 3757 5112 sacriﬁcium

2164 5147 2234 5202 de
2261 5145 2537 5203 manibus
2568 5145 2736 5213 meis,
2771 5145 2998 5217 placide
3027 5149 3082 5201 et
3113 5145 3386 5218 benigne.
3420 5145 3582 5216 Eripe
3612 5153 3685 5194 me
3709 5133 3756 5185 de

2159 5306 2244 5364 les
2276 5304 2465 5364 saiuts
2495 5322 2675 5379 papes
2706 5310 2762 5379 et
2789 5306 3178 5362 confesseurs.
3205 5304 3380 5360 Aussi
3408 5305 3550 5379 dans
3594 5292 3752 5379 nostr
3818 5329 3819 5336 η

2159 5379 2286 5436 nies
2316 5364 2746 5434 saint‘Férréol
2797 5382 2884 5433 est
2934 5379 3170 5433 nommé
3218 5393 3354 5432 avec
3405 5374 3554 5431 saint
3595 5364 3750 5425 Amida

2158 5454 2396 5522 martyr,
2431 5450 2530 5522 qui
2563 5466 2596 5503 a
2628 5448 2785 5504 aussi
2820 5449 2909 5504 été
2937 5448 3065 5522 l'un
3091 5448 3161 5504 de
3185 5464 3290 5502 nos
3311 5449 3552 5518 évéques
3572 5461 3585 5509 ;
3609 5445 3657 5496 et
3679 5448 3750 5522 me

2155 5520 2352 5577 autre‘s
2397 5520 2582 5575 sa’ints
2625 5522 2872 5591 échucs
2930 5520 3299 5576 confesseurs
3354 5522 3484 5574 sont
3540 5520 3748 5570 nomméi

2153 5594 2300 5654 dans
2333 5609 2413 5650 un
2445 5591 2614 5650 ordre
2643 5590 2990 5667 pos’térieur.
