3844 6200
1530 390 1928 406 W

400 396 1528 431 Μ

1187 257 1520 320 APPEND.
1567 254 1668 315 AD
1713 251 1902 313 SEC.
1949 249 2020 308 X.
2058 281 2131 291 —
2161 244 2661 306 MUNUMENTA
2708 242 3025 304 LI'I‘URG.
3653 234 3723 294 9lll

1929 387 2211 399 ..._._———————

1491 555 2129 651 ORATIONES
2190 549 2706 665 QUlEDAM

1350 757 1542 831 (Apud
1581 752 1846 821 Bandini,
1881 750 2123 821 Catalog.
2154 748 2286 805 bibl.
2320 751 2513 817 Laur.,
2545 760 2678 818 pag.
2714 743 2861 814 183.)

1936 920 2308 941 ...ρ-ο--υ-Ἀ-

397 1105 522 1163 VIII
573 1104 708 1160 ΚΑι.
764 1100 1070 1157 Οοτοιῐαε.
1130 1098 1238 1152 Pro
1290 1091 1642 1163 emiceptione
1704 1087 1761 1144 S.
1820 1085 2047 1143 Joannis
2076 1082 2131 1149 Α

1082 1168 1362 1239 Baptistae.

470 1266 675 1322 Oratio.
710 1259 1092 1332 Omnipotens
1140 1252 1492 1326 sempiterno
1524 1248 1697 1312 Deus,
1726 1246 1831 1319 qui
1878 1244 2049 1301 insti-

395 1360 524 1411 tuta
551 1350 761 1425 legalia
796 1354 853 1405 et
882 1351 1217 1403 sanctorum
1241 1339 1529 1415 praeconia
1551 1337 1965 1410 prophetarum
1988 1332 2046 1387 in

397 1420 1031 1511 diebus'conceptionis
1062 1431 1213 1488 beati
1248 1429 1519 1502 Baptistae
1549 1420 2047 1496 Joannisimples-

397 1527 1141 1604 ti,praesta,qua3sumus,ut
1161 1517 1529 1575 cessantibus
1552 1511 2045 1588 signiﬁcationum

396 1600 633 1697 ﬁguris,
659 1616 787 1689 ipsa
817 1612 908 1670 sui
934 1608 1404 1669 manifestatione
1460 1604 1676 1661 veritas
1720 1600 2044 1673 eloquetur.

397 1710 526 1778 Per,
555 1714 657 1764 etc.

469 1798 615 1855 Secr.
649 1798 731 1851 Da
772 1806 1131 1867 quaesumus,
1188 1782 1519 1842 misericors
1552 1785 1725 1849 Deus,
1766 1781 1837 1835 ut
1885 1792 2047 1850 mys-

399 1886 529 1943 ticis
557 1862 828 1941 Ecclesiae
854 1885 969 1937 tua:
999 1877 1154 1935 beati
1183 1872 1452 1947 Baptistae
1483 1868 1729 1927 Joannis
1773 1862 2046 1934 exordiis,

400 1979 459 2031 et
488 1972 669 2031 sacris
700 1969 930 2027 erudita
956 1963 1260 2041 praeconiis
1291 1962 1362 2019 ad
1397 1961 1543 2017 iram
1575 1957 1805 2015 venturi
1840 1953 2047 2027 judicii

401 2062 807 2121 declinandam
856 2058 1065 2133 dignos
1096 2052 1304 2111 salutis
1345 2051 1570 2106 fructus
1592 2046 1816 2120 jugiter
1844 2060 2047 2117 opere-

398 2157 515 2210 tur.
547 2150 675 2218 Per,
704 2157 803 2206 etc.

471 2240 551 2297 Ad
591 2256 784 2295 comm.
841 2234 1108 2300 Benedic,
1161 2230 1422 2297 Domine,
1476 2225 1702 2299 plebem
1751 2226 1943 2286 tuum,
1994 2224 2048 2274 et

401 2328 556 2387 beati
607 2327 852 2385 Joannis
905 2322 1174 2395 Baptista:
1222 2312 1729 2391 deprecationibus
1759 2309 2050 2367 confiden-

399 2424 521 2476 tem
553 2417 743 2473 tribue
769 2409 1047 2484 consequi
1092 2405 1414 2466 devotionis
1444 2402 1749 2460 auxilium.
1787 2403 1914 2467 Per,
1949 2405 2047 2453 etc.

533 2524 682 2579 VIII.
712 2520 773 2578 Io
804 2520 1103 2576 Oc'ronnls.
1128 2516 1346 2572 Sancta
1374 2518 1639 2584 reparata:
1663 2507 1917 2577 virginis.

472 2611 735 2669 Concede
761 2622 1122 2681 quaesumus.
1150 2602 1408 2669 Domine,
1424 2598 1696 2656 ﬁdelibus
1728 2596 1845 2651 tuis
1876 2594 2052 2666 digne

402 2704 619 2758 sanctae
671 2698 968 2770 Reparatae
1015 2692 1307 2750 celebrare
1361 2687 1661 2762 mysteria,
1692 2683 1887 2757 utqui
1917 2684 2047 2756 ejus

401 2788 689 2847 solemnia
731 2784 975 2841 fideliter
1006 2784 1392 2855 exequuntur,
1440 2781 1501 2833 et
1540 2776 1636 2831 hic
1675 2771 2049 2845 experiantur

402 2876 714 2946 auxilium,
744 2880 801 2931 et
847 2870 1187 2935 aeternitatis
1232 2867 1533 2925 effectibus
1581 2861 2045 2938 apprehendant.

402 2967 528 3035 Per,
560 2973 658 3023 etc-

442 3055 617 3112 ‘Secr.
651 3053 781 3110 Ηωο
812 3052 986 3123 dona,
1025 3050 1291 3123 petimus
1340 3042 1599 3114 Domine,
1645 3039 1909 3114 placatus
1958 3036 2046 3093 in-

400 3145 590 3213 tende,
621 3146 680 3199 et
734 3146 798 3201 ut
845 3139 956 3216 ipsi
1005 3135 1389 3212 acceptabiles
1438 3132 1646 3199 simus,
1693 3127 2046 3187 sacrificium

400 3234 594 3291 cordis
625 3215 994 3293 contritiOne,
1026 3226 1149 3282 hate
1192 3224 1389 3281 hostia
1437 3220 1725 3296 prmcibus
1774 3215 2047 3290 martyris

399 3329 513 3380 tua:
546 3321 843 3394 Reparatm
874 3317 980 3374 tibi
1012 3315 1225 3391 placita
1255 3314 1646 3369 consecretur.
1681 3306 1808 3375 Per,
1838 3314 1936 3361 etc.

471 3411 676 3468 Comm.
709 3408 839 3463 Haec
887 3422 996 3463 nos
1027 3402 1362 3461 communio
1391 3399 1591 3475 gratiae
1616 3403 1760 3465 tuae,
1780 3394 2047 3469 petimus

397 3499 664 3566 Domine,
695 3497 801 3553 tibi
832 3495 1037 3552 reddat
1065 3496 1353 3566 acceptos,
1386 3495 1444 3545 et
1491 3485 1704 3544 divinis
1754 3481 2047 3558 mysteriis

396 3589 688 3646 instauret
716 3589 917 3641 nostra
946 3582 1121 3639 corda
1149 3578 1422 3653 martyris
1442 3582 1556 3634 tuze
1576 3576 1875 3648 Reparatse
1897 3588 2050 3628 com-

398 3673 743 3734 memoratio
769 3671 1118 3730 veneranda.
1150 3670 1278 3740 Per,
1306 3676 1405 3725 etc.

395 3845 1035 3877 ..εκ-...μ-ἀ--ι-Δ--ω--η-ι-ε-

2078 2469 2125 2534 Β

2318 1078 2447 1135 VIII
2470 1080 2608 1134 Κλι.
2639 1068 3063 1132 Ravennates.
3096 1066 3357 1128 Miniatis
3380 1069 3638 1139 martyris.

2230 1185 2435 1241 Oratio.
2487 1183 2868 1254 Omnipotens
2915 1179 3288 1251 sempiterne
3348 1174 3520 1239 Deus,
3566 1170 3647 1243 qui
3682 1187 3743 1243 per

2157 1274 2411 1348 gloriosa
2435 1271 2588 1328 bella
2616 1244 2952 1326 certaminis
2983 1244 3067 1323 ad.
3086 1262 3467 1321 immortales
3492 1260 3745 1331 triumphos
3802 1244 3803 1259 “

2159 1365 2444 1435 martyres
2474 1357 2731 1417 extulisti
2762 1358 3063 1413 Miniatem
3097 1361 3155 1410 et
3187 1354 3392 1409 socios
3421 1353 3560 1422 ejus,
3589 1350 3648 1403 da
3666 1364 3745 1401 cor-

2159 1452 2335 1508 dibus
2366 1449 2582 1506 nostris
2605 1448 2845 1521 dignam
2877 1462 2980 1518 pro
3008 1460 3220 1500 eorum
3272 1437 3748 1497 commemoratione

2157 1540 2443 1608 laetitiam,
2479 1542 2544 1596 ut
2581 1551 2835 1611 quorum
2884 1549 3127 1608 corpora
3176 1532 3284 1605 pio
3334 1544 3531 1586 amore
3571 1525 3751 1585 celebra-

2160 1646 2317 1696 mus,
2349 1644 2547 1684 eorum
2581 1624 2851 1698 precibus
2881 1623 3256 1693 adjuvemur.
3286 1619 3421 1686 Per,
3450 1625 3544 1674 etc.

2226 1719 2375 1774 Socr.
2409 1715 2675 1790 Salutate
2696 1710 3081 1777 sacriﬁcium,
3103 1707 3392 1775 Domine,
3414 1704 3747 1780 populantemi

2158 1822 2390 1879 semper
2414 1803 2773 1875 exultet,quo
2803 1805 2861 1857 et
2889 1799 3121 1855 debitus
3150 1796 3357 1854 honor
3386 1793 3563 1852 sacris
3589 1796 3746 1863 marty-

2158 1896 2323 1953 ribus
2348 1893 2671 1961 exhibetur,
2702 1894 2761 1948 et
2786 1886 3281 1967 sanctiﬁcationis
3327 1888 3443 1942 tua:
3490 1899 3673 1940 munus
3692 1896 3748 1935 ic-

2159 1984 2431 2058 quiritur.
2463 1984 2590 2049 Per,
2621 1989 2721 2039 etc.

2229 2074 2306 2129 Ad
2330 2089 2523 2129 comm.
2555 2069 2921 2127 Celebrantes
2947 2070 3280 2140 martyrum
3304 2069 3541 2121 tuorum
3559 2058 3750 2119 Miniatis

2158 2168 2217 2219 et
2249 2162 2540 2218 sociorum
2573 2161 2702 2232 ejus
2745 2142 2975 2213 beatam
3022 2155 3402 2230 passionem,
3434 2154 3663 2226 ipsorum
3684 2164 3747 2203 no-

2159 2252 2272 2324 bis,
2330 2265 2691 2324 quaasnmus,
2734 2248 2878 2303 ﬁant
2931 2244 3363 2303 intercessione
3424 2239 3672 2298 salutaria
3710 2236 3747 2289 in

2160 2359 2411 2415 quorum
2435 2338 2713 2397 natalitiis
2734 2340 2874 2393 sunt
2891 2334 3259 2392 exsultanter
3279 2329 3723 2405 impleta.Per,ctt.

2522 2475 2602 2531 Io.
2635 2474 2778 2530 Nov.
2811 2472 2867 2529 S.
2903 2470 3076 2528 Britii
3087 2469 3456 2541 confessoris.

2234 2592 2573 2666 Propitiare,
2607 2588 2868 2656 Domine,
2901 2583 3116 2660 populo
3146 2590 3276 2651 tuo,
3310 2587 3380 2640 ut
3409 2598 3575 2655 quem
3605 2579 3653 2634 in
3675 2576 3747 2631 Ire

2155 2681 2532 2756 quentatione
2564 2678 2718 2735 beati
2748 2674 3067 2735 sacerdotis
3100 2677 3163 2733 et
3188 2670 3550 2730 confessoris
3575 2668 3644 2723 tui
3670 2666 3747 2722 [tri-

2154 2772 2217 2828 tii
2249 2771 2462 2829 tribuis
2492 2770 2795 2837 interesse,
2846 2763 3207 2841 protectione
3254 2766 3542 2836 perpetua
3579 2771 3746 2827 semper

2155 2860 2335 2919 facias
2365 2877 2495 2917 esse
2525 2874 2818 2915 securum.
2851 2854 2974 2923 Per,
3003 2862 3103 2911 etc.

2225 2950 2371 3006 Secr.
2404 2948 2580 3004 Grata
2604 2942 2709 3003 tibi
2743 2942 2862 3002 sint
2892 2959 3236 3017 quasumus
3270 2938 3533 3005 Domine,
3562 2947 3743 2993 meum

2156 3057 2281 3112 qme
2312 3038 2371 3093 in
2398 3037 2552 3094 beati
2572 3035 2891 3093 sacerdotis
2910 3038 2968 3090 et
2983 3032 3341 3093 confessoris
3354 3030 3445 3086 tui
3467 3026 3615 3083 Britii
3632 3038 3743 3078 com-

2155 3127 2574 3184 memoratione
2623 3124 2962 3191 deferimus,
3014 3116 3418 3187 obsecrantes,
3469 3123 3743 3189 utquam

2155 3214 2587 3288 prosequimur,
2621 3204 3032 3285 contingamus
3060 3213 3120 3266 et
3157 3214 3379 3265 mente.
3416 3208 3534 3275 Per,
3562 3212 3643 3260 ste.

2226 3304 2322 3359 Ad.
2355 3319 2547 3359 comm.
2578 3302 2811 3368 Praesta,
2855 3316 3219 3373 quaesumus,
3264 3298 3529 3365 Domine,
3562 3299 3616 3351 ut
3636 3288 3742 3347 benti

2155 3393 2475 3450 sacerdotis
2503 3397 2560 3448 et
2608 3389 2959 3447 confessoris
2986 3388 3073 3446 tui
3112 3388 3306 3455 Britii,
3328 3388 3510 3459 cujus
3538 3380 3746 3441 festivita-

2156 3487 2272 3539 tem
2337 3481 2725 3549 celebramus,
2782 3479 3052 3552 precibus
3106 3476 3539 3551 indulgentiam
3590 3466 3742 3528 sentia-

2157 3589 2311 3628 mus.
2342 3572 2469 3638 Per,
2499 3578 2599 3626 etc.

1040 3828 3736 3868 _________________‘_________________.______.._.—.

1230 4012 1820 4108 ΡΟΕΝῙἹἘΝΊ
1850 4014 2107 4113 IALE
2189 4014 2231 4102 (

2189 4006 2963 4102 GERUNDENSE

1368 4196 1570 4271 (Apud
1594 4194 1822 4265 ‘Florez,
1855 4192 2072 4269 Espana
2109 4190 2379 4263 Sagrada,
2411 4195 2555 4248 tom.
2591 4189 2812 4262 XLIII.)

736 4394 751 4405 .
856 4352 1251 4409 Paenitentiam
1281 4351 1654 4408 reconciliatio
1673 4350 1837 4423 juxta
1878 4348 2167 4420 antiquam
2197 4345 2453 4403 Ecclesia:
2484 4342 2847 4402 Gerundensis
2876 4339 3339 4399 consuetudinem.

1882 4508 2283 4523 ἡ

459 4662 617 4720 Hora
643 4650 791 4718 nona
846 4657 1151 4723 decantata,
1198 4657 1274 4712 sit
1316 4657 1600 4730 episcopus
1648 4654 1872 4712 indutus
1917 4651 2118 4719 albaC
2154 4650 2511 4718 servaverint,
2542 4656 2594 4704 et
2638 4648 2691 4704 si
2717 4646 3018 4719 etiamipsi
3038 4642 3345 4702 sacerdotes
3386 4642 3575 4699 adlice
3602 4629 3733 4700 GM“

385 4752 545 4821 stola,
598 4766 790 4823 cappa,
824 4756 874 4806 et
910 4747 1016 4804 duo
1067 4744 1446 4802 archidiaconi
1494 4760 1621 4800 cum
1673 4759 1733 4801 eo
1784 4744 1846 4798 in
1897 4739 2038 4797 albis

384 4842 539 4898 stolis
566 4840 686 4894 sine
713 4838 1042 4905 dalmaticis,
1068 4843 1120 4892 et
1146 4833 1509 4891 subdiaconus
1545 4849 1690 4888 unus
1718 4840 1769 4887 et
1798 4830 2040 4901 acolythi

385 4928 492 4985 duo
521 4928 690 4983 simul
720 4928 780 4981 in
810 4926 951 4982 albis
979 4932 1031 4981 et
1057 4940 1183 4980 cum
1210 4938 1371 4979 cruce
1398 4930 1449 4979 et
1477 4920 1821 4977 candelabris
1847 4934 2035 4975 accen-

382 5018 486 5083 sis,
515 5024 566 5071 et
593 5031 718 5071 cum
748 5030 891 5086 aqua
937 5013 1213 5070 benedicta
1241 5029 1255 5069 :
1289 5019 1342 5068 et
1389 5013 1665 5084 episcopus
1700 5010 1885 5066 veniat
1908 5024 2039 5066 cum

385 5106 505 5161 illis
533 5111 733 5159 etcum
763 5103 913 5159 omni
939 5103 1082 5158 clero
1110 5118 1281 5174 usque
1308 5100 1379 5157 ad
1402 5108 1587 5173 portas
1612 5099 1855 5155 ecclesiae
1889 5097 2038 5153 nihil

385 5191 631 5250 dicendo.
665 5191 922 5262 Stentque
968 5198 1265 5263 praesentes
1317 5188 1398 5245 ibi
1447 5197 1605 5245 extra
1653 5189 1801 5260 ipsas
1828 5187 2038 5259 januas

383 5282 627 5340 ecclesiae
664 5281 984 5353 paenitentes
1034 5279 1132 5351 qui
1178 5276 1571 5335 reconciliandi
1621 5284 1769 5332 sunt.
1810 5276 2038 5347 Sintque

382 5388 509 5429 cum
538 5371 656 5428 illis
700 5368 999 5425 sacerdotes
1045 5383 1253 5434 eorum,
1306 5367 1405 5438 qui
1451 5365 1515 5421 de
1558 5366 1960 5421 conversatione
1986 5371 2039 5419 et

383 5459 757 5519 emendatione
804 5459 933 5514 vita?
982 5458 1227 5528 ipsorum
1259 5454 1656 5527 paenitentiam,
1689 5461 1740 5509 et
1780 5454 1832 5508 si
1874 5452 2039 5522 digne

380 5551 761 5630 paenitentiam
789 5549 900 5607 sibi
935 5545 1259 5621 unjunctam
1279 5560 1380 5621 pro
1411 5542 1533 5600 totis
1560 5541 1773 5598 viribus
1800 5542 1916 5598 suis
1942 5541 2037 5599 ob-

2144 4741 2263 4811 ﬁcii
2289 4740 2381 4795 sui
2408 4738 2586 4794 debito
2637 4736 2873 4793 sollicite
2916 4734 3275 4811 vigilaverint
3319 4738 3557 4807 (312‘;pr
3596 4734 3734 4781 ml

2145 4829 2523 4886 testimonium
2566 4826 2773 4901 ferant.
2826 4825 3090 4901 Dicatque
3162 4838 3309 4878 unus
3372 4816 3733 4877 armum

2143 4918 2356 4974 excelsa
2375 4932 2498 4973 voce
2520 4923 2671 4971 stans
2698 4922 2857 4971 ecetra
2891 4917 3035 4985 fores
3063 4913 3306 4968 ecclesiae
3329 4927 3453 4966 cum
3473 4904 3732 4982 ptenin-

2145 5007 2290 5063 bus:

2214 5095 2414 5163 Adest,
2448 5094 2493 5150 0
2522 5092 2872 5150 venerabilis
2901 5090 3178 5164 pontifex,
3210 5093 3448 5162 tempus
3466 5083 3729 5154 acceptum.

2146 5184 2268 5241 dies
2300 5183 2734 5257 propitiationis
2759 5181 2964 5238 divinae
3011 5184 3069 5236 et
3114 5177 3324 5236 salutis
3370 5177 3618 5233 humane
3649 5177 3729 5237 quo

2145 5289 2307 5329 mors
2337 5272 2644 5328 interitum
2669 5274 2725 5328 et
2754 5268 2873 5326 vita
2901 5274 3117 5325 (eterna
3147 5267 3372 5340 accepit
3399 5258 3725 5339 principium:

2146 5362 2381 5435 quando
2414 5361 2473 5417 in
2518 5360 2750 5417 vineam
2801 5357 3031 5415 Domini
3078 5355 3333 5414 Sabaoth
3382 5355 3466 5411 sic
3510 5354 3727 5408 novorum

2146 5450 2430 5523 plantatio
2461 5449 2728 5505 facienda
2758 5455 2865 5517 est,
2900 5452 2966 5503 ut
2992 5449 3275 5520 purgetur
3302 5439 3601 5501 exsecratio
3615 5436 3726 5523 velt!-

2147 5517 2621 5606 statis.Quamvis
2652 5537 2805 5596 enim
2839 5537 2913 5595 ad
2955 5517 3133 5593 viam:
3159 5533 3441 5591 bonitatis
3475 5534 3529 5589 et
3552 5517 3725 5603 pietatis
