3844 6200
86 343 190 401 905
1160 340 1774 404 PCENI'I‘ENTIALE
1819 338 2364 412 GERUNDENSE.

84 471 172 526 Dei
202 468 338 526 nihil
368 468 642 543 temporis
670 468 850 540 vacet,
883 468 1040 529 nunc
1086 476 1282 529 tamen
1328 470 1544 546 largior
1588 489 1692 546 per
1717 468 1771 544 Ᾱ
1806 468 1937 549 quos
1964 468 2261 538 sacerdotes
2283 481 2351 538 de
2377 468 2616 553 singulis
2644 468 2762 540 suis
2796 468 3038 557 propriis
3058 469 3460 557 "tamdiu:

82 559 475 632 indulgentiam
506 565 594 617 est
622 561 892 617 remissio
922 562 1186 618 omnium
1218 566 1606 634 peccatorum,
1641 568 1698 619 et
1804 569 1985 629 dicens
2016 590 2035 627 :
2068 572 2238 646 Digni
2289 576 2428 629 sunt
2476 572 2878 629 reconciliari?
2907 579 2939 639 ιῆ
2967 575 3279 646 Presbyteri
3307 595 3325 631 :
3358 576 3455 634 Di-

80 647 707 721 copiosiorpergratiam
721 650 1048 722 assumptio
1062 652 1700 725 renascentium-Au‘ge-
1778 659 1925 731 igni.
1954 663 2018 716 Et
2048 642 2197 717 elidat
2225 664 2306 717 eis
2335 665 2616 735 episcopus
2646 680 2659 717 :
2693 661 3010 719 Vobiscum
3062 642 3361 721 maneant.
3396 667 3463 723 Et

80 736 974 809 murregeuerandis;crescimus
992 739 1487 796 reversis.Lavant
1507 758 1694 814 aqua,
1804 750 1884 804 ,ςέο
1914 751 2119 805 intrent
2148 766 2332 807 omnes
2358 752 2417 807 in
2448 753 2691 819 ecclesia,
2720 760 2941 808 cantare
2972 752 3272 823 incipiente
3319 752 3462 810 hanc

77 826 249 881 lavant
277 825 560 913 lacrymte.
591 827 1153 905 Indeest‘gaudium
1185 830 1696 907 vocatorum,binc
1802 838 2160 910 antiplwnam
2191 857 2209 893 :
2230 842 2351 905 _Cor
2387 840 2703 909 mundum.
2724 843 2899 913 Cum}
2907 840 3121 913 psalmo
3178 840 3456 913 Miserere

77 913 255 1003 laetitia
281 901 348 970 de
368 901 745 972 absolutione
763 901 1206 989 paenitentiam.
1243 901 1382 975 Inde
1411 923 1500 975 est
1538 920 1692 992 quod
1803 901 1937 995 mei,
1954 927 2125 983 Deus.
2147 902 2298 983 Alter
2314 929 2458 999 psal.
2487 948 2505 983 :
2538 901 3455 1003 Misereremei,D-eus,quonia.m

77 1002 344 1075 supplices
372 1003 456 1059 tui
486 1008 800 1077 postquam
823 1004 882 1061 in
905 1007 1096 1063 varias
1114 1007 1430 1064 criminum
1451 1009 1690 1079 formas,

76 1092 374 1164 neglectum
408 1094 817 1150 mandatorum
850 1095 1169 1152 caelestium
1200 1104 1257 1152 et
1286 1099 1519 1153 merum
1542 1087 1691 1171 ‘pro-

76 1181 332 1237 babilium
350 1184 815 1256 transgressione
832 1185 1186 1255 ceciderunt,
1210 1186 1502 1243 humiliati
1517 1193 1692 1260 atque

74 1271 316 1342 prostrati
348 1271 685 1345 prophetica
716 1289 851 1329 voce
878 1273 1137 1331 clamant
1156 1274 1416 1333 dicentes
1447 1293 1460 1331 :
1494 1272 1689 1333 Pecca-

71 1361 225 1415 vimus
248 1376 368 1415 cum
393 1361 643 1433 patribus
671 1365 891 1431 nostris,
926 1364 1129 1436 injuste
1152 1365 1384 1439 egimus,
1419 1367 1690 1438 iniquita-

70 1456 159 1503 tem
180 1450 429 1519 fecimus;
448 1450 725 1507 miserere
755 1442 959 1518 nostri,
975 1452 1241 1523 Domine,
1262 1454 1537 1511 miserere
1558 1473 1690 1512 nos-

68 1526 237 1621 tri;‘e_t
263 1539 651 1612 evangelicam
681 1528 882 1597 vocem
915 1560 1030 1600 non
1054 1544 1270 1600 frustm
1290 1548 1429 1600 aure
1453 1544 1688 1618 capien-

68 1630 177 1682 tes:
210 1628 353 1684 Beati
400 1630 496 1700 qui
544 1622 752 1705 lugent,
788 1633 1048 1704 quoniam
1095 1632 1204 1706 ipsi
1238 1634 1683 1703 consolabuntur,

70 1708 725 1785 manducaverunt,sicut
755 1718 1039 1793 scriptum
1071 1726 1181 1787 est,
1204 1739 1414 1794 panem
1435 1722 1683 1791 doloris;

70 1802 311 1877 lacrymis
340 1810 591 1862 stratum
625 1807 1098 1881 rigaverunt,cor
1126 1829 1301 1867 suum
1326 1810 1524 1883 luctu,
1558 1829 1682 1868 cor-
1714 1849 1762 1914 B

70 1910 162 1963 pus
190 1911 349 1949 suum
381 1895 719 1981 afﬂixerunt
737 1897 1080 1975 jejuniis,ut
1108 1901 1438 1977 animarum
1473 1902 1685 1979 recipe-

73 1987 175 2037 rent
200 1996 368 2055 quam
400 1984 776 2056 perdiderant
824 1988 1158 2044 sanitatem.
1199 1988 1446 2046 Unicum
1484 1989 1684 2064 itaque

70 2076 141 2152 est
166 2072 496 2145 pmnitentiaa
529 2066 1057 2150 sutl‘ragium,quod
1080 2083 1137 2133 et
1153 2066 1401 2152 singulis
1422 2080 1680 2152 prodest,

70 2150 114 2215 et
132 2161 382 2241 omnibus
413 2161 473 2218 in
507 2180 820 2221 commune
846 2167 1155 2243 succurrit.

125 2250 218 2306 lloc
244 2252 413 2332 ﬁnito,
444 2259 550 2309 stet
576 2255 854 2328 episcopus
886 2257 943 2311 in
977 2258 1113 2312 ostio
1145 2258 1386 2314 ecclesia:
1415 2265 1466 2314 et
1510 2260 1681 2332 faciat

67 2329 458 2396 exhortationem
486 2341 560 2396 ad
585 2345 922 2414 pwnitentes.
956 2342 1058 2400 Sed
1105 2346 1237 2418 quia
1283 2346 1399 2402 dies
1441 2329 1560 2404 haec
1583 2364 1683 2420 per

68 2429 164 2498 ipsa
206 2428 459 2485 hodierna
522 2446 685 2503 opera
743 2432 1030 2488 medicina:
1077 2437 1253 2491 nostri
1291 2435 1677 2509 Redemptoris,

69 2532 171 2586 quae
188 2510 339 2574 nobis
362 2521 688 2589 evangelica
736 2521 891 2578 lectio
935 2532 1304 2594 repraesentat,
1338 2524 1453 2581 dies
1493 2536 1573 2582 est
1601 2543 1676 2582 re-

68 2607 314 2663 missionis
342 2616 392 2664 et
420 2610 638 2687 gratite,
671 2610 807 2682 ipsis
838 2611 1320 2679 ingemiscentibus
1366 2622 1418 2670 et
1460 2616 1678 2687 magnis

70 2694 289 2766 lacrymis
315 2705 365 2753 et
397 2684 983 2779 profundis‘suspiriis
1006 2717 1222 2758 morum
1250 2684 1679 2761 emendationem

66 2786 481 2853 promittentibus,
512 2789 863 2859 paenitentia:
906 2789 1118 2861 pondus
1166 2808 1336 2863 usque
1375 2794 1432 2848 in
1463 2801 1677 2850 octavas

68 2878 358 2932 Pentecostes
384 2877 815 2934 misericorditer
833 2880 1061 2950 relaxet,
1093 2889 1145 2937 et
1172 2881 1316 2955 dicat
1356 2883 1498 2958 hanc
1527 2884 1676 2939 anti-

68 2962 271 3033 phonam
310 2981 428 3022 cum
471 2975 640 3023 cantu
673 2985 692 3022 :
723 2967 949 3036 Venite,
980 2969 1190 3038 venite,
1222 2969 1430 3038 venite,
1463 2971 1599 3042 ﬁlii;
1628 2982 1680 3030 et

71 3052 239 3108 chorus
288 3056 651 3127 respondeat:
679 3056 889 3112 Audite
944 3074 1057 3123 me,
1118 3058 1388 3115 timorem
1445 3062 1676 3118 Domini

70 3139 254 3198 docebo
280 3159 395 3199 vos.
426 3145 491 3200 Et
516 3143 783 3200 diaconus
808 3162 878 3200 ex
902 3155 1062 3217 parte
1087 3149 1467 3219 paenitentiam
1486 3150 1634 3207 dicat
1658 3170 1677 3207 :

1780 1002 2180 1071 ~conculcavit.
2214 1017 2364 1072 Alter
2385 1018 2584 1089 psalm.
2618 1036 2637 1073 :
2671 1016 2945 1074 Miserere
2975 1016 3110 1085 mei,
3137 1021 3307 1087 Deus,
3341 1019 3451 1074 mi~

1784 1094 1989 1160 “serere
2016 1094 2157 1160 'mei.
2188 1107 2484 1177 Postquam
2512 1114 2691 1162 autem
2738 1122 2919 1162 omnes
2965 1106 3362 1162 reconciliandi
3391 1110 3451 1163 in

1799 1191 2023 1247 ecclesia
2050 1194 2261 1263 luci-int
2289 1194 2605 1263 introducti,
2633 1195 2913 1268 episcopus
2941 1203 3068 1251 ante
3095 1194 3268 1251 altare
3287 1212 3448 1268 pros-

1798 1273 2048 1336 ternatur
2074 1298 2198 1336 cum
2226 1274 2497 1338 ministris
2542 1285 2659 1338 suis
2704 1291 2756 1339 et
2797 1285 3202 1355 pcenitentibus.
3249 1285 3447 1341 Finitis

1796 1385 1919 1426 vero
1941 1370 2223 1442 praedictis
2248 1373 2479 1444 psalmis
2506 1388 2632 1445 cum
2654 1373 2975 1449 antipliona,
2999 1372 3248 1450 dicatur:
3273 1374 3444 1449 Kyrie

1797 1456 2017 1535 eleison
2059 1468 2111 1516 et
2165 1461 2330 1519 Pater
2372 1465 2588 1519 noster.
2620 1463 2687 1533 Et
2712 1464 2944 1537 episcopt.
2977 1481 2998 1518 :
3028 1462 3291 1537 Domine,
3320 1479 3441 1539 non

1795 1549 2120 1605 secundum
2152 1553 2388 1622 peccata
2418 1550 2750 1623 nostra,etc.
2782 1555 2837 1617 ιῆ.
2856 1551 3059 1627 Neque
3089 1552 3438 1628 secundum,

1792 1643 1890 1691 etc.
1924 1636 2189 1708 Domine,
2224 1636 2305 1709 ne,
2321 1638 2660 1695 memineris
2686 1638 3090 1714 iniquitatum,
3123 1647 3222 1711 etc.
3246 1640 3442 1715 ii.’Cito

1794 1724 2114 1799 anticipant
2142 1744 2271 1797 nos,
2301 1736 2402 1784 etc.
2434 1728 2701 1801 Oremus.
2735 1727 2971 1796 Adesto,
3002 1728 3441 1805 Dominehsup-

1796 1813 2206 1886 plicationibus
2252 1816 2489 1889 nostris,
2523 1821 2580 1873 et
2629 1833 2743 1883 me,
2777 1816 2881 1890 qui
2926 1817 3101 1891 etiam
3153 1815 3445 1889 medicina

1792 1906 1896 1958 tua
1927 1903 2154 1975 primus
2185 1903 2995 1981 indigeo,clementervexaudi
3012 1922 3026 1975 ;
3044 1900 3108 1961 et
3126 1902 3302 1981 quem
3322 1923 3442 1981 non

1792 1990 2073 2048 electione
2100 1993 2313 2065 meriti,
2345 1993 2447 2050 sed
2498 1992 2649 2050 dono
2702 1993 2901 2075 gratim
2942 1997 3055 2049 tuae
3085 1994 3442 2067 constituisti

1793 2079 1983 2153 operis
2013 2080 2192 2155 hujus
2223 2082 2583 2148 ministrum,
2613 2082 2689 2139 da
2717 2080 2993 2153 ﬁduciam
3024 2082 3132 2159 .tui
3177 2082 3440 2159 muneris

1790 2170 2165 2245 exsequendi,
2197 2175 2255 2227 et
2283 2170 2406 2245 ipse
2438 2170 2497 2226 in
2529 2174 2728 2228 nostro
2759 2160 3085 2247 ministerio
3119 2172 3275 2245 quod
3312 2176 3439 2241 tua:

1790 2256 2024 2328 pietatis
2055 2263 2163 2326 est,
2196 2275 2455 2330 operare.
2489 2259 2612 2328 Per,
2633 2267 2735 2333 etc.
2756 2259 2947 2337 Oratio
2969 2258 3047 2336 ad
3076 2260 3436 2335 reconcilian-

1786 2345 1918 2402 dum
1950 2365 1969 2400 :
2003 2346 2605 2426 Praesta,quaesumus,
2632 2348 2897 2415 Domine,
2913 2347 3151 2425 famulis
3176 2349 3295 2425 tuis
3316 2364 3436 2423 pm;

1790 2433 2048 2490 nitentia;
2079 2435 2356 2504 fructum,
2390 2441 2456 2513 ut
2485 2437 2755 2511 Ecclesia:
2789 2442 2925 2513 tuae,
2947 2454 2982 2493 a
3004 2438 3177 2513 cuius
3207 2436 3439 2511 integri-

1786 2526 1905 2578 tate
1935 2524 2236 2581 deviarant
2265 2525 2986 2603 peccando,admissor’um
3018 2525 3438 2599 reddanturin-

1787 2612 1944 2667 noxii
1976 2614 2205 2670 veniam
2235 2615 2665 2689 consequendo.
2695 2614 2822 2691 Per.
2851 2622 2949 2671 etc.
2965 2615 3128 2691 Alia:
3150 2619 3302 2690 Deus
3318 2614 3435 2689 hu-

1788 2701 1946 2756 mani
1968 2701 2196 2781 generis
2209 2701 2630 2777 benignissime
2659 2703 2928 2781 conditor
2940 2708 2999 2765 et
3006 2696 3437 2781 misericordis-

1788 2788 1934 2846 sime
1980 2776 2471 2864 reformator,qui
2512 2791 2812 2847 hominem
2848 2776 3068 2849 invidia
3108 2776 3327 2865 diaboli
3362 2791 3436 2847 ab

1785 2878 2108 2935 aeternitate
2131 2879 2421 2955 dejectum
2445 2879 2603 2937 unici
2616 2880 2745 2937 Filii
2768 2880 2854 2935 tui
2883 2880 3169 2955 sanguine
3191 2879 3435 2955 redemi-

1786 2965 2117 3034 sti,viviﬁca
2129 2954 2236 3024 bos
2258 2954 2511 3025 famulos
2523 2972 2656 3026 tuos
2678 2984 2826 3043 quos
2849 2967 2954 3043 tibi
2970 2954 3307 3041 nullatenus
3318 2985 3438 3037 mo-

1786 3054 1832 3109 ri
1865 3055 2182 3135 desideras,
2215 3062 2273 3113 et
2298 3056 2400 3135 qui
2431 3074 2546 3115 non
2576 3054 2937 3133 derelinquis
2963 3057 3183 3132 devios,
3197 3073 3435 3131 assume

1785 3149 2093 3201 correctos.
2120 3146 2387 3202 Moveant
2416 3140 2693 3218 pietatem
2723 3151 2909 3214 tuam,
2934 3140 3297 3218 quaesumus,
3318 3150 3432 3202 Do-

74 3227 360 3288 Flectamus
392 3250 605 3306 genua.
642 3234 844 3290 Deinde
874 3214 1018 3291 dicat
1046 3214 1185 3293 alter
1227 3236 1489 3294 diaconus
1517 3257 1536 3294 :
1572 3241 1675 3295 Le-
1707 3214 1751 3281 ε
1791 3232 2186 3300 mine,horum
2203 3214 3429 3308 famulorumtuorumlacrvmosasuspiﬁa.

71 3323 191 3374 vate.
234 3325 297 3377 Et
333 3322 567 3378 secundo
614 3331 823 3395 repetat
873 3325 1148 3397 episcopus
1169 3344 1189 3381 :
1221 3326 1441 3392 Venite,
1464 3329 1675 3394 venite,

1787 3325 1872 3380 'I‘u
1891 3340 2094 3380 eorum
2112 3325 2346 3380 medere
2361 3322 2813 3380 vulneribus.'l‘u
2824 3322 3165 3408 jacentibus
3186 3338 3428 3379 manum

72 3408 249 3478 venite,
280 3411 413 3481 lilii;
444 3420 495 3468 et
527 3411 724 3469 chorus
753 3430 772 3467 :
802 3413 1012 3469 Audite
1043 3414 1433 3480 me,timorem
1446 3417 1677 3475 Domini
1776 3413 2016 3507 porrige
2045 3411 2386 3487 εᾷιυῐᾶνθων
2415 3429 2488 3469 ne
2516 3411 2774 3469 Εοειθεία
2802 3417 2904 3468 tu“
2932 3410 3131 3484 aliqua
3167 3411 3427 3485 corporis

73 3494 256 3553 docebo
300 3516 415 3557 vos.
465 3501 534 3557 Et
585 3501 999 3558 archidiaconus
1029 3520 1048 3557 :
1078 3500 1405 3561 Flectamus
1452 3502 1676 3579 genua;

72 3591 113 3637 et
135 3586 256 3641 alter
288 3605 299 3643 :
333 3589 559 3645 Levate.
601 3590 667 3646 Et
713 3591 993 3664 episcopus
1016 3611 1036 3648 :
1065 3592 1289 3658 Venite,
1321 3594 1531 3663 venite,
1582 3611 1679 3651 ve-

74 3671 186 3741 nite,
215 3675 324 3733 lilii.
357 3680 421 3735 Et
465 3680 665 3735 chorus
696 3698 714 3734 :
740 3680 949 3759 Audite
978 3697 1092 3759 me,
1124 3682 1395 3737 timorem
1444 3683 1677 3740 Domini

74 3760 255 3821 docebo
280 3784 395 3823 vos.
426 3769 491 3824 Et
517 3756 935 3824 archidiaconus
965 3788 983 3825 :
1015 3756 1275 3826 Accedite
1317 3771 1386 3827 ad
1438 3780 1573 3828 eum
1622 3764 1682 3830 et

74 3846 464 3925 illuminamini,
499 3861 562 3913 et
590 3856 768 3913 facies
811 3861 1012 3914 vestrae
1062 3876 1177 3915 non
1225 3861 1676 3920 confundentur.

76 3938 166 4005 Quo
195 3944 359 4013 ﬁnito,
385 3946 531 4002 dicat
559 3947 738 4003 clerus
765 3946 973 4003 divisus
998 3964 1099 4020 per
1124 3950 1349 4005 chorum
1367 3951 1535 4023 juxta
1563 3958 1679 4025 epi-

74 4042 257 4100 scOpum
295 4042 459 4091 totum
493 4036 775 4109 psalmum
803 4054 822 4091 :
853 4037 1197 4094 Benedicam
1248 4040 1573 4097 Dominum
1618 4042 1678 4098 in

76 4118 506 4197 omnitempore;
541 4133 594 4181 et
623 4126 846 4182 interim
872 4126 1003 4182 dum
1016 4127 1261 4198 psalmus
1282 4130 1380 4185 iste
1402 4136 1676 4199 cantatur,

72 4210 349 4274 paenitentes
374 4222 637 4271 corruant
656 4214 726 4271 ad
750 4214 910 4288 pedes
935 4218 1193 4289 episcopi,
1209 4219 1392 4290 sicque
1416 4222 1683 4292 prostrati

70 4293 271 4366 jaceant,
302 4304 648 4375 quoadusque
686 4304 935 4376 psalmus
981 4305 1214 4375 ﬁniatur
1240 4310 1327 4376 (in
1382 4312 1632 4381 margine
1660 4329 1679 4365 :

76 4382 146 4437 hic
182 4404 368 4460 aquam
416 4392 755 4448 benedictam
801 4401 1067 4466 spargat).
1121 4394 1232 4464 Quo
1280 4397 1446 4467 dicto,
1484 4401 1681 4456 innuat

76 4474 312 4547 episcopus
366 4479 531 4537 alteri
576 4480 802 4538 diacono
851 4476 1060 4538 dicente
1091 4500 1109 4537 :
1142 4481 1373 4554 Levate;
1402 4494 1451 4542 et
1494 4478 1683 4544 statim

1786 3498 1877 3559 sui
1894 3494 2162 3574 portione
2182 3506 2543 3570 vastetur,ne
2563 3518 2703 3575 grex
2728 3505 2870 3557 tuus
2890 3501 3306 3558 detrimentum
3329 3517 3429 3574 pa-

1785 3592 1990 3659 tiatur,
2021 3591 2195 3649 ne'de
2226 3590 2457 3657 familiae
2486 3595 2599 3648 tua:
2629 3591 2845 3667 damno
2876 3589 3151 3645 inimicus
3188 3588 3426 3657 exultet,

1788 3697 1860 3736 ne
1892 3686 2090 3737 renato
2120 3679 2347 3735 lavacro
2378 3679 2619 3735 salutari
2651 3695 2809 3734 mors
2832 3680 3093 3735 secunda
3114 3677 3429 3750 possideat.

1787 3769 1918 3826 Tibi
1975 3768 2136 3843 ergo,
2160 3758 2432 3837 Domine,
2455 3762 2757 3841 ‘siipplices
2816 3784 3037 3840 preces,
3065 3766 3171 3822 tibi
3230 3767 3432 3824 fletum

1787 3849 1983 3917 cordis
2014 3858 2392 3915 effundimus.
2418 3859 2505 3913 Tu
2536 3874 2709 3931 parce
2735 3857 3245 3927 confitentibus,ut
3269 3855 3352 3912 sic
3373 3856 3434 3912 in

1787 3948 1896 4005 hac
1923 3947 2278 4005 mortalitate
2306 3952 2541 4021 peccata
2568 3964 2677 4003 sua
2704 3950 2760 4003 te
2807 3946 3119 4019 adjuvante
3161 3944 3432 4017 deﬂeant,

1788 4038 2041 4111 qualiter
2070 4037 2130 4094 in
2160 4038 2452 4094 tremendi
2473 4036 2687 4108 judicii
2717 4036 2811 4093 die
2831 4035 3183 4094 sententiam
3207 4037 3433 4093 aeterne

1787 4126 2186 4183 damnationis
2217 4127 2489 4194 evadant,
2507 4130 2565 4182 et
2594 4125 2859 4182 nesciant
2885 4124 3040 4196 quod
3071 4128 3249 4181 terret
3278 4122 3339 4178 in
3358 4127 3437 4178 te-

1789 4216 2008 4282 nebris,
2035 4216 2190 4288 quod
2222 4216 2431 4273 stridet
2460 4216 2520 4271 in
2568 4213 2847 4282 ﬂammis,
2877 4217 3053 4285 atque
3099 4212 3175 4268 ah
3219 4210 3434 4269 erroris

1786 4305 1881 4361 via
1910 4305 1981 4360 ad
2008 4303 2118 4359 iter
2169 4303 2381 4360 reversi
2400 4301 2671 4375 justitite,
2700 4308 3075 4373 nequaquam
3106 4297 3260 4355 ultra
3294 4296 3432 4375 vul-

1788 4393 2029 4450 neribus
2078 4393 2432 4459 saucientur,
2466 4390 2568 4447 sed
2628 4390 2923 4461 integrum
2978 4388 3059 4446 sit
3108 4387 3195 4443 eis
3257 4390 3433 4458 atque

1786 4486 2134 4556 perpetuum
2185 4484 2241 4537 et
2281 4480 2439 4553 quod
2485 4479 2676 4552 gratia
2721 4482 2824 4535 tua
2870 4475 3139 4543 contulit,
3171 4479 3229 4532 et
3273 4475 3431 4547 Quod

76 4574 267 4653 iurgant
286 4570 623 4639 paenitentes,
638 4578 690 4625 et
721 4570 849 4625 dum
881 4570 1184 4643 offeruntur
1200 4574 1446 4649 episcopo
1475 4593 1511 4630 a
1529 4593 1681 4649 pres-
1712 4587 1760 4653 D
1792 4571 2191 4629 misericordia
2243 4574 2346 4626 tua
2412 4568 2762 4624 reformavit.
2824 4567 2930 4622 Per
2978 4564 3273 4653 eumdem,
3327 4570 3429 4621 etc.

80 4646 250 4719 byteris
285 4659 398 4713 suis
444 4667 505 4715 ut
552 4675 638 4715 eos
680 4658 797 4731 ipse
840 4661 1007 4716 matri
1050 4659 1308 4719 Ecclesim
1348 4646 1679 4732 recanciliet,

78 4741 276 4811 accipiat
328 4762 501 4803 unum
555 4764 625 4804 ex
683 4750 818 4821 ipsis
866 4749 1269 4821 paenitentibus,
1300 4760 1349 4808 et
1391 4752 1685 4823 inten'eget

78 4841 210 4884 suum
250 4832 611 4908 presbyterum
658 4837 883 4894 dicens:
914 4836 1138 4911 Dignus
1184 4843 1273 4895 est
1325 4836 1683 4899 reconciliari

81 4913 199 5005 (tum
223 4928 437 4992 cantu)?
468 4927 756 4998 Presbyter
785 4944 804 4981 :
838 4926 1076 4999 Dignus.
1098 4928 1161 4983 Et
1189 4929 1335 4985 dicat
1365 4932 1643 5005 episcopus
1665 4950 1685 4988 :

80 5000 264 5097 Tecum
294 5018 550 5082 maneat;
583 5021 635 5070 et
660 5014 749 5070 det
768 5017 1060 5087 paenitenti
1084 5033 1268 5089 pacem
1306 5000 1489 5076 dicens
1521 5000 1552 5076 ί
1573 5021 1687 5097 Pus

80 5092 265 5152 tecum.
294 5101 356 5155 Et
398 5111 581 5173 postea
611 5105 681 5160 ab
712 5106 827 5176 ipso
878 5108 1169 5177 pcenitenti
1213 5110 1403 5165 exteri
1429 5092 1689 5167 similite;

80 5194 233 5240 omnes
254 5193 561 5259 pwnitentes
589 5194 839 5249 osculum
884 5196 1036 5266 pacis
1085 5198 1377 5269 accipiant.
1406 5192 1473 5255 Et
1505 5203 1691 5257 statim

80 5271 327 5347 episcopus
354 5280 647 5353 interroget
677 5284 877 5339 iterum
906 5286 1301 5343 universaliter
1327 5296 1512 5347 amnes
1553 5278 1690 5348 reli-

1789 4663 1914 4719 Alia
1971 4662 2147 4720 oratio
2175 4679 2195 4717 :
2235 4660 2599 4732 Majestate’m
2654 4666 2819 4713 t‘uam
2877 4652 3174 4727 supplices
3225 4652 3432 4725 depre-

1790 4769 2012 4821 camur,
2045 4750 2414 4823 omnipotens
2444 4748 2618 4816 Deus,
2651 4750 2717 4802 ut
2743 4745 2837 4802 his
2869 4742 3106 4800 famulis
3151 4746 3210 4799 et
3239 4742 3438 4799 famu-

1783 4840 1962 4897 'labus
2012 4841 2131 4896 tuis
2181 4840 2355 4912 longo
2403 4836 2675 4909 equalore
2717 4832 3066 4907 poenitentia
3125 4829 3435 4888 maceratis

1793 4929 2185 4988 miserationis
2215 4933 2326 4984 tum
2376 4926 2603 4983 veniam
2648 4923 2850 4997 largiri
2903 4920 3184 4995 digneris,
3214 4926 3279 4977 ut
3325 4936 3438 4977 nu-

1791 5019 1958 5093 ptiali
2011 5022 2170 5074 veste
2227 5020 2461 5088 recepta
2517 5015 2588 5071 ad
2647 5011 2900 5085 regalem
2959 5024 3225 5067 mensam
3282 5008 3438 5067 unde

1794 5108 1961 5182 ejecti
1994 5108 2223 5164 fuerant
2253 5110 2589 5161 mereantur
2616 5101 2879 5171 introire,
2911 5116 3033 5174 per,
3063 5108 3164 5157 etc.
3215 5099 3438 5170 Ultima,

1794 5200 1940 5255 utin
1992 5195 2183 5254 ordine
2226 5192 2769 5252 recommendationis
2815 5190 2901 5249 vel
2941 5191 3002 5248 in
3047 5196 3290 5249 extrerm
3330 5202 3441 5244 un-

1797 5291 1997 5347 ctione.

1662 5524 1669 5535 ι

365 5756 625 5829 ΡΑτῐιοι.
671 5762 1050 5832 CXXXVIII.

3050 5755 3135 5854 se
