3844 6200
452 292 570 359 907
1225 296 1560 358 APPEND.
1608 297 1712 358 AD
1757 296 1947 357 SEC.
1994 296 2066 357 X.
2103 330 2177 339 —-
2222 294 2724 359 MONUMENTA
2770 296 3082 360 LITURG.
3713 302 3783 358 tibi

1296 621 1517 710 NEC
1532 619 2168 710 BOLOGIUM
2240 620 3007 710 GERUNDENSE

446 854 558 921 Ea:
628 853 857 917 Adonis
929 852 1375 935 Martyrologio
1456 852 1673 915 sceculo
1763 871 1826 914 x1
1896 862 2166 994 exorato,
2230 862 2286 914 et
2365 854 2425 914 ιή
2496 853 2736 917 ecclesia
2807 851 3180 916 Gerundew’
3245 861 3571 928 asservato,
3633 849 3797 912 desum-

633 991 644 994 _
2069 954 2109 994 υ
2142 953 2260 994 um.

2060 953 2260 1010 ptum.

1751 1085 1943 1158 (Apud
1976 1083 2192 1154 Florez,
2222 1087 2324 1142 ubi
2347 1086 2562 1159 supra.)

1941 1272 2340 1284 ——-—.

448 1397 523 1458 III
556 1398 698 1457 Idus
722 1398 1242 1457 Januarii.Eodem
1275 1397 1369 1454 die
1398 1397 1543 1453 obiit
1564 1397 1947 1470 Berengarius
1968 1398 2103 1452 Ter—
2130 1398 2186 1466 Α
2287 1396 2622 1454 carnatione
2651 1395 2903 1454 Domini.

516 1487 898 1545 rachonensis
918 1486 1393 1560 archiepiscopus
1421 1503 1575 1541 anno
1605 1486 1843 1541 MXCIX.
2206 1485 2329 1542 Kal.
2361 1488 2511 1559 Aug.
2545 1486 2761 1541 Eodem
2793 1485 2885 1542 die
2915 1484 3061 1541 obiit
3092 1484 3151 1540 P.
3187 1485 3255 1541 G.
3284 1485 3517 1559 (Petrus
3531 1484 3804 1542 Gerunden.

446 1576 521 1633 IV
547 1576 675 1632 Kal.
709 1576 925 1633 Martii.
960 1576 1176 1631 Eodem
1208 1575 1302 1631 die
1328 1575 1471 1632 obiit
1493 1575 1878 1648 Raymundus
1901 1592 2095 1631 comes
2277 1573 2382 1647 sis)
2414 1574 2747 1648 episc0pus,
2780 1575 2881 1647 qui
2920 1573 3090 1630 valde
3128 1574 3382 1648 diligens
3427 1574 3799 1630 Gerundensen:

516 1682 670 1722 anno
701 1664 993 1721 dominice
1022 1664 1407 1720 trabeationis
1438 1663 1557 1719 XVI
1591 1667 1722 1736 post
1755 1663 1829 1719 M.
2278 1663 2481 1719 sedem
2509 1662 2911 1736 cxercens,qui
2932 1663 2993 1718 in
3016 1679 3084 1719 ea
3104 1661 3317 1719 diversi
3343 1662 3586 1720 honoris
3606 1663 3801 1718 ordinet;

446 1753 497 1811 II
529 1752 770 1811 Kalend.
804 1752 975 1809 Mart.
1009 1754 1231 1827 Eodem
1256 1753 1347 1808 die
1392 1752 1536 1808 obiit
1589 1753 1957 1809 Senderedus
2005 1771 2096 1809 ar-
2278 1753 2351 1807 ob
2386 1750 2481 1807 Dei
2518 1751 2824 1826 genitricis
2856 1767 3113 1808 amorem
3142 1752 3444 1808 vocatione
3475 1752 3666 1808 divina
3687 1751 3805 1806 ﬁta:

519 1841 920 1916 cbipresbyter
949 1858 1102 1898 anno
1135 1840 1543 1898 DCCCCLXVI.
2280 1840 2495 1897 meruit
2524 1840 2804 1898 caelibem.

446 1931 542 1988 XV
574 1929 696 1987 Kal.
731 1930 888 1986 Maii.
938 1930 1154 1987 Eodem
1206 1929 1300 1987 die
1348 1930 1572 1986 obitum
1621 1930 1905 2004 Arnulphi
1963 1930 2097 1986 illu-
2209 1929 2307 1985 XII
2343 1928 2473 1985 Kal.
2510 1928 2643 2001 Sep.
2679 1929 2891 1984 Eodem
2925 1929 3018 1985 die
3047 1930 3276 1986 obitum
3310 1931 3480 1986 Atoni
3534 1930 3803 2003 episoopid

518 2018 795 2077 strissimi
857 2019 1113 2093 episcopi
1190 2019 1557 2076 Gerundensi
1635 2036 1788 2076 anno
1864 2019 2097 2076 Domini
2246 2022 2247 2027 “
2281 2018 2681 2091 Ermcngaudi
2716 2017 2971 2074 comitis.
3004 2018 3220 2074 Eodem
3253 2020 3349 2075 dic
3378 2020 3508 2077 obit
3527 2017 3801 2076 Guillelmus

516 2107 901 2177 DCCCCLXX,
938 2108 1039 2181 qui
1072 2108 1215 2164 rexit
1246 2108 1560 2165 Ecclesiam
1613 2126 1750 2164 ann.
1783 2127 1874 2176 xv,
1909 2126 2096 2165 mens.
2280 2106 2541 2163 Guii'redi
2570 2124 2724 2163 anno
2776 2107 3093 2162 Dominica:
3143 2109 3570 2164 incarnationis
3598 2107 3797 2165 MLWII.

515 2214 616 2265 vn,
650 2197 802 2253 dieb.
836 2201 895 2253 et
922 2197 1044 2264 VII,
1079 2198 1118 2253 ι.
1153 2214 1306 2254 anno
1334 2215 1435 2265 xv,
1461 2199 1617 2271 quod
1650 2198 1865 2253 sumsit
1896 2197 2102 2254 Lotha-
2210 2196 2285 2252 IlI
2317 2197 2464 2252 Non.
2500 2196 2633 2268 Sep.
2668 2196 2880 2251 Eodem
2909 2196 3003 2254 die
3031 2196 3178 2252 obiit
3221 2198 3558 2254 Bernardus
3608 2195 3799 2253 Umberti

512 2285 637 2341 rius
668 2303 767 2343 rex
797 2286 1153 2342 Francorum
1181 2287 1508 2343 exordium.
2283 2286 2464 2357 hujus
2489 2286 2647 2341 sedis
2669 2285 2981 2359 cpiscopus
3006 2303 3158 2342 anno
3185 2286 3801 2358 Dom.incarn.Cleost

444 2373 522 2430 ιχ
551 2374 673 2431 Kal.
696 2374 853 2431 Maii.
877 2375 1093 2431 Eodem
1125 2376 1218 2431 die
1250 2392 1404 2431 anno
1425 2375 1538 2431 CXI
1561 2380 1693 2449 post
1715 2375 2097 2431 millesimum
2282 2373 2685 2431 millesimum.

519 2463 666 2518 obiit
696 2462 1141 2535 Ermengaudus
1166 2464 1467 2521 Elenensis
1500 2464 1732 2536 praesul.
2210 2464 2257 2517 V
2290 2463 2425 2519 Idus
2447 2462 2572 2518 Oct.
2597 2463 2810 2519 Eodem
2834 2463 2928 2518 die
2949 2464 3094 2518 obiit
3109 2464 3369 2520 Sicardis
3393 2469 3576 2520 mater
3594 2462 3798 2520 Bel-nardi

448 2550 582 2606 VIII
615 2550 713 2605 Kal
725 2550 1097 2607 .Junii.Anno
1117 2552 1535 2609 incarnationis
1558 2552 1871 2619 Dominicis
1889 2554 2100 2609 LXXVI
2280 2551 2556 2625 episcopi.

520 2643 656 2711 post
683 2638 1088 2707 millesimum,
1121 2657 1234 2696 era
1264 2657 1452 2705 ucxw,
1478 2641 1793 2698 indictione
1817 2657 1939 2710 xm,
1959 2643 2102 2697 obiit
2208 2641 2303 2696 XV
2335 2640 2452 2696 Kal.
2489 2646 2616 2697 nec.
2651 2641 2867 2697 Eodem
2898 2641 2991 2697 die
3020 2641 3165 2697 obiit
3196 2642 3583 2714 Berengarius
3631 2643 3798 2697 Gerun-

517 2728 1143 2835 domnus‘Remundus
1172 2729 1504 2801 Berengarii
1536 2747 1733 2787 comes
1782 2731 2099 2787 Barchino-
2129 2768 2176 2835 Β
2281 2729 2480 2832 densis
2511 2730 2820 2835 episcopus
2849 2748 2987 2787 ann.
3014 2730 3181 2787 XCIII
3216 2735 3349 2804 post
3381 2731 3729 2788 millesimum
3750 2727 3796 2781 ab

522 2815 723 2872 nensis
751 2818 808 2872 et
836 2816 1118 2873 marchio.
2129 2815 2176 2835 "
2277 2819 2504 2875 incarn.
2537 2819 2785 2875 Domini.

451 2902 525 2960 IV
553 2902 691 2961 Idus
718 2903 881 2961 Julii.
909 2905 1125 2962 Eodem
1158 2906 1251 2963 die
1280 2906 1425 2963 obiit
1456 2906 1659 2964 Petrus
1699 2907 1882 2964 Pontii
1916 2907 2097 2979 hujus
2205 2908 2405 2965 Nonis.
2461 2909 2593 2965 Dec.
2646 2908 2802 2965 Obiit
2849 2910 3234 2982 Raymundus
3284 2909 3608 2984 Berengarii
3651 2921 3791 2964 comes

516 2992 672 3049 sedis
703 2992 1057 3063 archilevita,
1083 2996 1183 3068 qui
1215 2996 1362 3052 obiit
1392 2997 1451 3052 in
1483 2996 1849 3070 expeditione
1898 2996 2095 3053 Hiero-
2277 2998 2547 3053 Barchin.

513 3080 866 3155 solymitana
896 3100 1049 3141 anno
1075 3084 1294 3142 XCVIII
1326 3091 1458 3157 post
1491 3084 1873 3141 millesimum
1905 3085 1978 3141 ab
2012 3086 2097 3142 in-

1646 3426 1965 3516 MISSA
2026 3428 2667 3518 IETHIOPUM

1119 3607 1304 3679 QUAE
1344 3605 1588 3666 ETIAM
1633 3604 2152 3668 APPELLATDR
2199 3604 2493 3668 CANON
2535 3604 3148 3668 UNIVE'RSALIS.

1291 3755 1647 3828 (Bibliotheca
1677 3757 1906 3813 Patrum
1932 3757 2198 3825 maxima,
2224 3755 2551 3830 Supplem.,
2582 3760 2725 3813 tom.
2756 3757 2999 3827 XXVII.)

632 4056 691 4096 IN
730 4055 949 4097 NOMINB
988 4057 1210 4109 PATRIS,
1251 4056 1318 4096 ET
1355 4055 1488 4097 FILII
1527 4059 1594 4098 PT
1631 4060 1892 4102 SPIRITUS

2265 4045 2478 4103 Panem
2505 4043 2634 4101 cmli
2660 4043 2822 4101 dedit
2848 4043 2955 4100 eis.

942 4160 947 4165 -
1043 4127 1259 4169 εΑΝοτι·
1301 4130 1481 4168 AM“-
2268 4143 2484 4200 Panem
2515 4141 2871 4215 Angelorum
2901 4140 3281 4197 manducavit
3309 4141 3505 4199 homo.

506 4219 714 4309 ςὴονωδ
743 4220 942 4309 incipit
968 4238 987 4275 :
1018 4217 1288 4309 Alleluia.
1442 4308 1449 4309 7

2268 4242 2495 4297 Lavabo
2524 4240 2677 4296 inter
2707 4240 3044 4297 innocentes
3076 4256 3292 4296 manus
3312 4256 3500 4309 meas,
3518 4242 3571 4295 et
3587 4235 3780 4294 circum-

499 4308 618 4383 Ego
647 4311 844 4365 autem
872 4308 932 4364 in
962 4308 1342 4365 multitudine
1374 4308 1788 4367 misericordia:
1828 4314 1961 4380 tute,
1994 4311 2081 4367 in-
2194 4331 2345 4387 dabo
2372 4329 2554 4389 auare
2582 4333 2774 4395 tuum,
2802 4328 3062 4386 nomine.

429 4397 719 4507 “2153172
1234 4506 1277 4507 77
1310 4506 1315 4507 7
1346 4493 1384 4507 7‘
1544 4494 1555 4507 ,
1692 4506 1695 4507 7
1766 4489 1778 4501 ,
2064 4506 2073 4507 7
2264 4436 2533 4506 Circuivi,
2575 4440 2632 4493 et
2680 4435 2979 4491 immolavi
3023 4434 3083 4491 in
3130 4434 3513 4492 tabernaculo
3541 4435 3654 4507 ejus
3686 4430 3778 4485 hos-

493 4486 764 4543 Adorabo
795 4487 868 4549 ad
901 4486 1191 4561 templum
1223 4493 1496 4546 sanctum
1540 4494 1731 4559 tuum,
1763 4489 1823 4546 in
1872 4489 2082 4546 timore
2190 4486 2815 4584 tiaggéiérgﬁéh—i;

424 4578 549 4630 tuo.

491 4663 826 4721 Confitebor
849 4665 977 4733 tibi,
1011 4665 1276 4734 Domine,
1308 4666 1369 4722 in
1395 4670 1517 4724 toto
1549 4668 1722 4724 corde
1754 4684 1904 4734 meo,
1929 4684 2078 4740 quo-

425 4752 587 4808 niam
616 4754 907 4811 exaudisti
935 4755 1113 4812 verba
1141 4755 1260 4813 oris
1291 4756 1428 4811 mei.

497 4843 559 4897 In
592 4848 907 4916 conspectu
928 4843 1272 4917 angelorum
1304 4844 1554 4918 psallam
1587 4845 1983 4902 tibi.adorabo
2005 4846 2077 4902 ad

423 4930 711 5002 templum
744 4937 1013 4989 sanctum
1046 4938 1239 4990 tuum.

2263 4623 2486 4683 Parasti
2518 4624 2577 4678 in
2609 4626 2921 4696 conspectu
2956 4638 3085 4678 meo
3118 4639 3390 4678 mensam
3422 4624 3677 4679 adversus
3708 4628 3776 4670 eos

2190 4713 2291 4785 qui
2323 4712 2610 4783 tribulant
2640 4730 2751 4768 me.
2890 4710 2896 4715 ’

2264 4808 2648 4883 Impinguasti
2682 4808 2806 4865 oleo
2839 4812 3014 4881 caput
3044 4824 3265 4876 meum,
3299 4812 3355 4864 et
3384 4807 3532 4865 calix
3560 4820 3699 4862 meus
3719 4800 3777 4855 in-

2189 4898 2423 4977 ebrians
2455 4914 2632 4971 quam
2664 4896 2978 4971 praeclarus
3007 4896 3124 4953 est!

494 4995 839 5076 sacerdotes
869 5021 954 5076 tui
988 5021 1313 5078 induantur
1333 5022 1653 5095 justitiam,
1688 5027 1743 5079 et
1773 5024 1958 5080 sancti
1990 5022 2077 5080 tui
2190 5092 2200 5095 7
2258 5003 2509 5095 ϐαιίςθω
2567 5002 2843 5062 salum?“
2890 5002 3197 5076 αοοίΡίθοΠιι
3230 5008 3290 5059 ει
3348 5020 3557 5060 nomen
3601 4995 3774 5057 Domini

422 5104 815 5164 exsultatione
844 5108 1157 5166 exsultent.
1337 5092 1353 5095 ⁷
2183 5092 2486 5150 invocabo.

491 5196 781 5267 Asperges
802 5213 918 5264 me,
949 5196 1215 5268 Domine,
1240 5199 1515 5272 hyssopo,
1544 5205 1601 5257 et
1630 5201 1991 5271 mundnbor;
2017 5206 2075 5259 et
2256 5188 2625 5260 Benedictus,
2662 5189 2763 5263 qui
2795 5189 2952 5247 venit
2982 5190 3041 5246 in
3073 5190 3312 5246 nomine
3356 5188 3609 5246 Domini!
3638 5186 3769 5241 Bent“

419 5282 645 5340 lavabis
674 5299 789 5351 me,
822 5290 879 5341 et
909 5302 1087 5357 super
1117 5287 1307 5342 nivem
1332 5288 1667 5345 dealbabor.
2184 5280 2444 5337 diximus
2471 5279 2637 5336 vobis
2668 5280 2738 5335 de
2769 5280 2943 5335 domo
2976 5278 3227 5334 Domini.

487 5372 759 5447 Amplius
789 5372 920 5431 lava
950 5390 1042 5430 me
1073 5375 1146 5430 ab
1178 5375 1487 5447 iniquitate
1513 5395 1661 5447 mea,
1686 5383 1742 5434 et
1770 5396 1805 5435 a
1833 5384 2070 5452 peccato
2097 5419 2147 5485 D
2254 5378 2441 5448 Salve,
2497 5382 2685 5435 mater
2740 5380 2962 5445 nostra,
3020 5376 3277 5432 Ecclesia
3333 5380 3551 5442 sancta,
3598 5366 3764 5485 m‘unill

417 5479 549 5522 meo
578 5463 803 5520 munda
832 5479 947 5520 ωθο
2097 5455 2147 5485 υ
2180 5469 2420 5542 pariete,
2474 5472 2679 5524 ornata
2735 5465 2983 5540 topazio,
3039 5465 3228 5522 Mater
3284 5470 3500 5534 nostra,
3549 5455 3759 5518 Ecclesia,

487 5553 554 5613 Et
579 5553 654 5611 ab
685 5551 895 5611 alienis
926 5567 1099 5627 parce
1129 5568 1292 5609 servo
1325 5555 1444 5607 tuo.
2181 5557 2357 5614 salve.
