3844 6200
55 323 161 383 909

1367 315 1603 377 MISSA
1643 311 2106 377 ETHIOPUM.

3322 321 3442 381 910

117 454 195 507 'l‘u
219 469 279 507 es
308 467 409 507 vas
439 449 583 506 illud
618 450 748 523 puri
779 451 1002 518 auri,in
1026 467 1140 523 quo
1172 455 1295 505 erat
1324 465 1538 504 manna
1557 447 1682 504 abs-
1710 446 1766 512 Α
1796 447 2074 517 ell‘udisti,
2109 449 2196 504 fac
2232 465 2385 504 nunc
2419 454 2485 505 ut
2515 467 2724 505 manus
2757 454 2869 506 tua:
2903 451 3020 506 sint
3066 467 3243 525 super
3283 452 3439 508 hunc

51 541 426 611 conditum,et
455 543 518 594 tu
554 557 613 594 es
647 539 1089 595 tabernaculum
1122 538 1679 610 panis,descendens

51 631 112 686 de
138 628 292 697 coelo,
326 629 591 702 praebens
623 629 899 684 omnibus
926 628 1102 684 vitam
1137 629 1195 683 in
1223 627 1524 683 szeculum.

221 753 278 792 IN
316 753 540 791 NOMINE
578 752 798 803 PATRIS,
840 753 906 791 ET
944 753 1095 801 FILII,
1136 752 1203 791 ET
1240 751 1486 790 SPIRITUS

637 824 853 863 SANCTI.
894 825 1070 863 ΑΜΕΝ.

109 897 232 952 Ante
255 896 439 952 omnia
468 896 715 952 sacerdos
763 895 897 951 dicit
946 896 1218 951 orationes
1263 902 1537 966 sequentes
1577 909 1676 965 pro

47 985 265 1048 ecclesia,
299 992 348 1039 et
376 985 555 1039 altari
579 992 632 1040 et
661 983 996 1040 indumentis
1021 999 1210 1040 eorum
1241 1003 1259 1038 :

113 1072 356 1138 Domine,
375 1073 534 1128 Deus
565 1078 778 1139 noster,
794 1078 856 1128 tu
879 1090 940 1128 es
971 1072 1132 1129 solus
1161 1071 1527 1143 sanctus,qui
1550 1088 1674 1126 om-

48 1162 204 1216 nibus
232 1166 328 1216 tua
360 1161 592 1216 occulta
621 1161 831 1216 virtute
866 1161 1387 1217 sanctiﬁcationcm
1439 1159 1670 1215 dedisti.

49 1250 130 1305 Sic
155 1254 228 1314 te,
260 1249 525 1316 Domine,
560 1249 854 1322 supplices
885 1266 1193 1305 exoramus
1224 1253 1288 1304 ut
1319 1249 1468 1304 hanc
1499 1247 1676 1304 eccle-

47 1339 198 1403 siam,
230 1342 284 1392 et
303 1355 482 1410 super
513 1339 624 1394 hoc
655 1338 855 1404 altare,
891 1344 947 1394 et
972 1356 1150 1411 super
1178 1338 1377 1394 omnia
1406 1337 1476 1394 ad
1509 1353 1675 1392 sacra

49 1426 298 1499 mysteria
351 1431 696 1499 praeparata,
759 1426 1040 1499 Spiritum
1114 1431 1382 1482 sanctum
1443 1426 1675 1481 mittere

47 1515 308 1587 digneris;
332 1520 389 1571 et
418 1515 636 1571 iterum
671 1515 936 1581 benedic,
969 1516 1290 1581 sanctiﬁca,
1323 1520 1379 1570 et
1410 1515 1482 1570 ab
1513 1514 1672 1569 omni

49 1602 251 1658 macula
281 1608 336 1658 et
365 1602 690 1675 pollutione
713 1605 935 1660 munda
955 1609 1105 1671 ea,et
1137 1602 1280 1659 nihil
1303 1601 1674 1658 incredulita-

49 1694 112 1747 tis
140 1697 190 1746 et
214 1691 503 1747 immundi
534 1693 593 1747 in
633 1692 717 1747 eis
762 1697 1080 1748 remaneat.
1115 1696 1222 1748 Fac
1253 1692 1388 1747 huic
1419 1690 1673 1747 ecclesia:

48 1787 93 1835 et
110 1779 265 1835 altari
284 1797 375 1836 res
399 1781 655 1836 mundae
678 1785 733 1836 et
763 1780 995 1846 electas,
1025 1781 1178 1836 sicut
1207 1784 1512 1851 argentum
1544 1781 1674 1853 igne
1711 1814 1753 1877 Β

50 1869 441 1935 examinatum,
475 1870 812 1942 probatum,
844 1875 901 1924 et
944 1874 1258 1941 purgatum
1317 1868 1673 1950 septuplum.

49 1957 236 2014 Perfice
284 1962 347 2014 ut
389 1975 574 2030 super
610 1973 678 2014 ea
704 1958 781 2014 sit
812 1958 1156 2031 mysterium
1201 1959 1408 2024 Patris,
1445 1957 1589 2025 Filii,
1623 1961 1678 2013 et

51 2047 278 2118 Spiritus
309 2047 521 2113 sancti,
557 2065 732 2113 nunc,
766 2053 821 2102 et
853 2064 1103 2120 semper,
1137 2052 1195 2102 et
1225 2047 1284 2102 in
1329 2048 1541 2102 saecula
1571 2065 1677 2103 saa-

52 2135 314 2190 culorum.
344 2139 556 2192 Amen.

107 2226 272 2280 Finita
300 2227 568 2291 oratione,
598 2227 822 2281 vestitur
848 2226 1042 2290 altare,
1073 2233 1124 2280 et
1151 2233 1545 2296 praenarantur
1570 2240 1681 2279 om-

49 2315 124 2368 nia
153 2315 215 2369 ad
241 2316 601 2386 sacriﬁcium,
636 2322 688 2370 et
712 2317 958 2386 sequitur
987 2333 1006 2369 :

109 2403 347 2471 Domine,
379 2402 631 2458 Domine
653 2403 1136 2470 Deus,scrutator
1165 2401 1356 2458 cordis
1382 2401 1670 2467 omnium,

52 2491 131 2562 qui
181 2493 520 2548 manifestas
581 2491 947 2557 abscondita,
979 2496 1036 2547 et
1093 2491 1308 2557 omnia,
1334 2497 1389 2546 et
1446 2489 1678 2563 singula

54 2581 353 2652 cognoscis;
383 2586 443 2636 tu
477 2598 545 2637 es
575 2585 836 2647 sanctus,
873 2580 1182 2650 quiescens
1213 2592 1389 2652 super
1418 2586 1672 2635 sanctos.

59 2669 129 2722 Tu
157 2669 306 2724 solus
354 2669 480 2724 sine
536 2672 794 2740 peccato,
822 2673 1030 2740 potens
1083 2667 1272 2724 delere
1305 2672 1558 2740 peccata.
1589 2670 1673 2724 'l‘u

53 2757 164 2823 scis,
195 2757 454 2824 Domine,
489 2758 649 2829 quod
682 2757 817 2812 huic
849 2757 1124 2830 mysterio
1153 2762 1371 2822 sancto,
1407 2758 1560 2828 quod
1608 2773 1675 2812 ex

51 2849 94 2898 te
119 2847 379 2916 procedit,
411 2847 762 2902 immundus
793 2863 962 2913 sum;
997 2863 1112 2901 non
1163 2851 1252 2901 est
1303 2845 1446 2901 mihi
1497 2847 1674 2902 facies

52 2935 554 3007 appropinquandi,
586 2951 774 3007 neque
819 2951 885 2990 os
931 2935 1161 2990 laudem
1204 2939 1365 2990 tuam
1409 2940 1672 2990 sanctam

53 3023 332 3093 aperiendi,
355 3028 411 3079 et
430 3024 656 3096 gratias
676 3023 905 3096 agendi.
922 3023 1030 3079 Sed
1055 3022 1244 3078 solum
1272 3027 1505 3094 propter
1527 3023 1676 3077 mul-

54 3110 330 3167 titudinem
352 3112 801 3168 miserationum
833 3116 1069 3167 tuarum
1092 3128 1263 3183 parce
1292 3111 1459 3182 mihi,
1488 3113 1675 3168 Domi-

57 3216 132 3264 ne,
163 3200 288 3272 quia
316 3205 585 3273 peccator
605 3218 758 3255 sum.
794 3201 1008 3256 Praesta
1038 3203 1094 3254 et
1119 3201 1368 3256 concede
1400 3200 1676 3268 mihi,Do-
1704 3180 1746 3245 (ἶ

60 3287 286 3357 mine,(si
312 3291 368 3344 in
393 3290 548 3344 hanc
571 3289 774 3344 horam
799 3287 1259 3344 misericordiam
1285 3289 1597 3362 inveniam)
1621 3295 1678 3345 et

59 3377 202 3432 mitte
234 3379 566 3446 desursum,
588 3376 1267 3444 Domine,l‘ortitudinem
1291 3383 1452 3434 tuam
1483 3385 1548 3434 ut
1575 3384 1679 3435 tua

58 3471 228 3522 sancta
258 3467 534 3541 mysteria
567 3467 780 3538 dignus
812 3466 1032 3521 efﬁciar
1070 3483 1480 3523 consummare
1505 3485 1676 3540 prop-

59 3556 129 3606 ter
146 3554 488 3612 voluntatem
513 3559 569 3610 et
593 3553 854 3610 laetitiam
878 3554 1068 3610 cordis
1091 3555 1198 3609 tui.
1216 3556 1340 3610 Fiat
1371 3555 1674 3611 incensum

65 3644 108 3693 et
132 3643 328 3699 oblatio
357 3644 467 3700 ista
500 3645 690 3699 bonus
722 3644 865 3698 odor
894 3643 952 3696 in
985 3648 1297 3715 conspectu
1346 3648 1468 3711 tuo,
1501 3649 1559 3700 et
1591 3650 1673 3713 tu,

62 3732 270 3788 Domine
299 3739 518 3798 noster,
553 3737 610 3787 et
639 3731 902 3788 Salvator
935 3737 1132 3787 noster
1161 3733 1299 3788 Jesu
1331 3733 1677 3801 Christe,sis

64 3819 356 3888 nobiscum,
383 3826 440 3877 et
469 3821 714 3877 benedic
746 3838 872 3876 nos.
906 3822 986 3874 'l‘u
1016 3839 1079 3876 es
1111 3819 1206 3876 ille
1238 3821 1335 3893 qui
1368 3821 1526 3878 deles
1550 3839 1678 3894 pec-

66 3911 170 3963 cata
195 3915 408 3977 nostra,
441 3915 500 3966 et
528 3909 893 3965 illuminator
921 3908 1128 3964 animae
1161 3911 1538 3978 nostra),vita,
1574 3929 1676 3984 po-

65 3996 217 4052 tentia
245 4004 460 4068 nostra,
485 4003 544 4054 et
575 3997 849 4053 introitus
879 4003 1101 4066 noster;
1138 3999 1242 4053 tibi
1274 3999 1505 4071 agimus
1545 4017 1674 4073 gra-

67 4082 157 4139 tias
183 4103 358 4159 usque
388 4088 461 4144 ad
493 4088 693 4144 sedem
725 4091 907 4154 tuam,
942 4104 1116 4155 nunc,
1151 4092 1206 4143 et
1234 4105 1484 4162 semper,
1517 4095 1574 4144 et
1617 4091 1674 4145 in

67 4172 249 4229 saecula
276 4175 644 4232 saeculorum.
679 4176 884 4230 Amen.

523 4263 705 4320 Oratio
733 4281 900 4336 super
924 4273 1202 4337 patenum.

125 4352 345 4410 Domine
402 4353 560 4410 Deus
609 4356 824 4420 noster,
871 4353 1007 4409 Jesu
1067 4353 1313 4422 Christe,
1348 4355 1448 4427 qui
1508 4373 1682 4429 super

69 4435 264 4511 lignum
296 4448 512 4499 sanctze
544 4442 734 4498 crucis
788 4459 1002 4498 manus
1055 4447 1188 4498 tuas
1231 4445 1563 4512 extendisti,
1598 4447 1681 4501 sic

1791 535 2050 591 calicem.
2081 543 2106 602 f
2143 539 2412 604 Benedic,
2444 544 2472 605 ’r
2507 539 2826 607 sanctifica,
2854 545 2881 604 τ
2918 544 2976 594 et
3011 540 3256 611 purifica
3279 559 3436 607 eum,

1790 629 1854 678 ut
1887 625 1943 680 in
1980 643 2046 681 eo
2079 627 2324 698 sanguis
2355 632 2490 682 tuus
2521 633 2760 684 sanctus
2791 633 3187 696 consecretur,
3216 629 3276 684 in
3328 630 3439 687 hac

1787 712 2034 769 ecclesia
2077 718 2180 770 tua
2225 715 2560 788 apostolica.
2594 716 2725 772 Tibi
2782 715 2987 790 gloria,
3021 733 3158 772 cum
3215 717 3438 789 optimo

1765 802 1956 872 Patre
1981 807 2102 868 tuo,
2137 809 2193 858 et
2222 804 2442 876 Spiritu
2469 809 2891 874 sancto,nunc,
2925 810 2982 861 et
3011 822 3263 878 semper,
3291 811 3348 862 et
3378 805 3437 861 in

1789 891 2002 946 saecula
2035 892 2404 949 smculorum.
2437 896 2642 950 Amen.

1859 980 2211 1049 Benedictio,
2245 983 2488 1054 puritas,
2521 988 2548 1046 i
2584 987 2640 1038 et
2684 983 2930 1039 dulcedo
2979 983 3253 1040 omnibus
3300 1001 3433 1039 san-

1785 1069 2023 1141 guinem
2044 1075 2212 1125 tuum
2237 1071 2556 1142 pretiosum
2591 1072 2983 1137 sumentibus,
3001 1072 3251 1127 alitbeos
3280 1089 3431 1128 vere.

1783 1159 1985 1215 Amen.

1785 1264 1968 1339 Oratio
2024 1283 2189 1338 super
2232 1268 2441 1322 coclear
2482 1284 2582 1340 per
2629 1268 2768 1339 quod
2818 1270 3005 1324 lancea
3049 1270 3227 1324 crucis
3256 1269 3431 1339 signi-

2506 1340 2720 1409 ﬁcatur.

1855 1425 2097 1481 Domine
2121 1427 2273 1482 Deus
2292 1428 2618 1500 noster,qui
2641 1428 2801 1485 Isaiae
2825 1429 3116 1502 prophetas
3137 1434 3195 1485 et
3210 1429 3430 1485 famulo

1784 1518 1884 1570 tuo
1945 1518 2010 1568 ut
2061 1521 2322 1572 cerneret
2371 1517 2688 1589 seraphim,
2721 1518 3034 1573 carbonem
3067 1518 3318 1590 ignitum
3361 1520 3430 1574 de

1784 1603 2069 1658 sacriﬁcio
2101 1603 2319 1676 forcipe
2350 1605 2793 1677 suscipientem,
2828 1610 2885 1661 et
2914 1604 3068 1661 labia
3100 1607 3229 1676 ejus
3259 1623 3430 1662 mun-

1783 1691 2041 1760 dantem,
2076 1694 2389 1748 concedere
2421 1693 2696 1766 dignatus
2726 1710 2809 1760 es,
2843 1693 2927 1749 sic
2959 1694 3126 1750 Pater
3166 1693 3431 1766 omnipo-

1783 1784 1933 1843 tens,
1967 1781 2251 1836 Dominus
2299 1785 2513 1848 noster,
2547 1787 2605 1836 et
2663 1783 2820 1839 Deus
2868 1787 3083 1849 noster,
3126 1783 3434 1840 continens

1784 1869 2002 1932 omnia,
2019 1870 2270 1926 concede
2301 1875 2367 1925 ut
2388 1887 2602 1926 manus
2622 1875 2733 1926 tua;
2766 1871 2885 1928 sint
2917 1889 3094 1944 super
3123 1871 3273 1927 hanc
3305 1871 3432 1928 lan-

1784 1973 1964 2023 ceam,
2000 1963 2066 2012 ut
2095 1975 2306 2030 corpus
2336 1965 2394 2014 et
2423 1960 2772 2030 sanguinem
2807 1959 3130 2032 pretiosum
3165 1960 3293 2016 Filii
3345 1960 3431 2016 tui

1783 2046 1939 2100 unici
1958 2046 2187 2102 Domini
2213 2048 2417 2116 nostri,
2433 2052 2491 2102 et
2510 2047 2632 2115 Dei,
2652 2051 2709 2103 et
2729 2049 3047 2104 Salvatoris
3078 2048 3263 2104 nostri
3289 2049 3430 2105 Jesu

1783 2133 2016 2200 Christi,
2053 2136 2226 2207 digne
2271 2135 2604 2192 ministrare
2647 2137 2853 2207 possit,
2888 2137 3136 2193 Benedic
3183 2154 3360 2206 nunc,
3398 2142 3426 2205 ’τ

1785 2223 2104 2290 sanctifica,
2141 2230 2168 2290 Jr
2205 2229 2260 2279 et
2307 2224 2550 2296 puriﬁca
2583 2231 2610 2291 ’r
2645 2241 2797 2289 eam,
2829 2226 2904 2281 da
2954 2225 3005 2281 ei
3059 2226 3333 2282 virtutem
3376 2231 3434 2282 et

1783 2311 2051 2384 gloriam,
2075 2312 2225 2368 sicut
2254 2312 2458 2386 forcipi
2488 2313 2594 2368 illi.
2628 2314 2755 2368 Tibi
2787 2314 2974 2385 gloria
2993 2331 3128 2370 cum
3162 2315 3300 2371 Filio
3332 2319 3432 2371 tuo

1784 2400 1979 2465 unico,
2012 2417 2143 2455 cum
2178 2401 2397 2472 Spiritu
2423 2405 2646 2468 saneto,
2681 2418 2856 2469 nunc,
2887 2406 2943 2458 et
2974 2418 3224 2474 semper,
3257 2407 3316 2457 et
3373 2402 3432 2458 in

1784 2487 1997 2543 saecula
2027 2489 2394 2545 saeculorum.
2427 2491 2633 2545 Amen.

1854 2577 2124 2644 Virtus,t
2163 2579 2508 2644 benedictio,
2537 2584 2564 2643 ’r
2598 2579 2980 2634 sanctificatio
3013 2585 3227 2636 sanctae
3250 2579 3436 2635 Trini-

1785 2665 1940 2733 tatis,
1969 2667 2027 2721 in
2062 2667 2210 2722 hanc
2239 2667 2545 2723 ecclesiam
2576 2666 2760 2722 sancti
2792 2668 2860 2723 N.
2885 2668 2954 2723 de
2980 2668 3158 2724 Sceva
3178 2670 3276 2737 (1).
3302 2669 3432 2724 Tibi

1783 2754 1970 2828 gloria
2017 2773 2148 2810 cum
2203 2757 2344 2811 Filio
2393 2760 2514 2821 tuo,
2551 2760 2608 2810 et
2657 2755 2876 2828 Spiritu
2906 2761 3128 2824 sancto,
3163 2774 3339 2826 nunc,
3374 2762 3432 2814 et

1784 2861 2036 2916 semper,
2068 2849 2124 2899 et
2154 2844 2213 2901 in
2245 2844 2458 2900 saecula
2488 2845 2856 2900 saeculorum.
2887 2845 3094 2900 Amen.

1784 2950 1969 3007 Oratio
1996 2967 2158 3023 super
2185 2953 2433 3007 arculam
2481 2953 2539 3007 in
2564 2968 2692 3036 qua
2733 2953 2960 3022 ponitur
3006 2951 3180 3007 hostia
3216 2969 3317 3023 pro
3346 2970 3429 3009 sa-

2489 3024 2714 3093 oriﬁcio.

1854 3112 2096 3167 Domine
2131 3117 2278 3167 Deus
2310 3115 2524 3181 noster,
2560 3111 2658 3182 qui
2708 3111 2768 3166 in
2815 3117 3011 3167 monte
3051 3112 3212 3168 Sinai
3245 3112 3428 3184 Moysi

1785 3218 1947 3256 servo
1979 3206 2034 3257 et
2063 3200 2354 3273 propheta
2385 3205 2484 3255 tuo
2515 3199 2836 3272 praecepisti
2878 3205 2944 3256 ut
2973 3199 3156 3256 electa
3187 3218 3430 3273 congre-

1783 3293 2229 3362 garet,quorum
2253 3306 2396 3344 usus
2428 3294 2551 3344 erat
2580 3289 2638 3342 in
2672 3289 2997 3344 ministerio
3020 3288 3238 3358 altaris,
3260 3307 3425 3359 arcae,

1785 3385 1839 3434 et
1869 3379 2186 3434 sanctuarii
2217 3378 2275 3432 in
2297 3377 2674 3434 tabernaculo
2696 3378 3430 3447 tuo,nunc,Domine,Deus

1785 3469 1983 3520 noster
2003 3465 2392 3537 omnipotens,
2419 3469 2632 3536 praesta
2653 3469 2717 3520 ut
2738 3481 2947 3520 manus
2973 3470 3084 3520 tua:
3117 3466 3234 3522 sint
3255 3483 3433 3538 super

1784 3553 1936 3610 hanc
1969 3552 2250 3622 arculam,
2285 3559 2342 3608 et
2371 3553 2548 3626 imple
2579 3571 2706 3609 eam
2741 3555 2972 3621 virtute,
3008 3554 3347 3611 fortitudine
3375 3561 3434 3612 et

1785 3641 2025 3713 peritate
2055 3646 2112 3696 et
2139 3642 2327 3714 gratia
2358 3642 2610 3713 Spiritus
2641 3640 2826 3697 sancti
2857 3642 2928 3696 ad
2962 3643 3210 3715 gloriam
3241 3648 3426 3711 tuam,

1785 3734 1848 3784 ut
1880 3730 1938 3784 in
1966 3747 2035 3785 ea
2063 3730 2399 3801 perﬁciatur
2423 3747 2635 3801 corpus
2666 3729 2823 3786 unici
2855 3731 3088 3787 Domini
3120 3733 3430 3800 nostri,Dei

1785 3819 1990 3887 nostri,
2022 3823 2078 3874 ct
2124 3818 2460 3888 Salvatoris,
2493 3819 2634 3875 Jesu
2691 3820 2924 3888 Christi,
2959 3821 3017 3876 in
3068 3821 3176 3878 hac
3224 3827 3430 3878 sancta

1783 3907 2030 3964 ecclesia
2059 3908 2395 3981 apostolica.
2419 3908 2545 3964 Tibi
2567 3907 2846 3980 gloria,et
2878 3909 3018 3964 Filio
3044 3914 3144 3966 tuo
3176 3911 3432 3979 unico,et

1789 3996 2033 4069 Spiritui
2063 4002 2285 4066 sancto,
2319 4014 2494 4068 nunc,
2529 4001 2584 4052 et
2613 4014 2864 4070 semper,
2897 3998 3040 4054 etin
3067 4001 3280 4058 saecula
3326 4019 3436 4058 sae-

1789 4085 2077 4140 culorum.
2109 4089 2308 4141 Amen.

1862 4173 2457 4240 J[Sanctificationem
2535 4174 2975 4247 acceptabilem,
3026 4178 3434 4236 remissionem

1788 4267 2159 4335 peccatorum
2192 4263 2470 4318 concedat
2501 4263 2670 4318 nobis
2703 4263 2856 4319 Deus
2887 4263 3073 4332 Pater,
3098 4266 3191 4319 cui
3223 4265 3440 4335 laus,et

1790 4352 1995 4419 honor,
2028 4367 2204 4417 nunc,
2237 4355 2294 4406 et
2323 4367 2573 4426 semper,
2606 4355 2663 4406 et
2692 4351 2751 4406 in
2803 4351 3016 4407 saecula
3063 4353 3435 4411 saeculorum.

1789 4444 1997 4498 Amen.

72 4543 220 4603 super
258 4531 428 4588 istam
483 4536 758 4604 patenam
791 4532 1056 4602 extende,
1089 4549 1205 4604 qua
1235 4537 1403 4589 tuum
1449 4531 1680 4591 sacrum
1717 4544 1760 4607 ι)
1862 4529 2092 4602 Quando
2120 4528 2366 4585 sacerdos
2395 4529 2550 4600 oﬂ‘ert
2580 4528 2815 4585 hostiam
2864 4546 3028 4601 super
3075 4531 3271 4601 altare,
3303 4531 3439 4588 dicit

73 4631 256 4690 corpus
300 4620 696 4688 ministratur;
739 4620 982 4676 Benedic
1019 4626 1046 4687 ῒ
1081 4638 1256 4687 nunc,
1291 4623 1594 4679 sanctiﬁca
1631 4630 1688 4681 et

76 4710 264 4762 munda
282 4713 503 4778 eam,ut
534 4725 746 4782 corpus
767 4714 936 4765 tuum
960 4714 1228 4765 sanctum
1256 4711 1313 4765 in
1334 4727 1401 4766 ea
1433 4713 1689 4784 perﬁcia-

73 4796 168 4862 tur,
194 4797 250 4853 in
277 4798 381 4854 bac
413 4797 657 4863 ecclesia
686 4803 888 4854 sancta
931 4804 988 4854 et
1039 4799 1375 4870 apostolica,
1409 4802 1684 4872 quoniam

75 4882 159 4937 tibi
187 4885 378 4957 gloria,
412 4893 470 4943 et
501 4887 658 4944 Patri
685 4892 786 4944 tuo
813 4887 1202 4955 ccelesti,cum
1234 4889 1449 4959 Spiritu
1487 4895 1688 4946 sancto

76 4971 230 5039 vitali,
262 4992 434 5043 nunc,
468 4981 523 5033 et
566 4993 822 5050 semper,
851 4981 907 5032 et
957 4977 1014 5030 in
1060 4976 1273 5032 saecula
1318 4978 1685 5035 saeculorum.

76 5060 254 5118 Amen.

543 5155 728 5212 Oratio
757 5171 920 5228 super
947 5157 1191 5215 calicem.

140 5237 383 5310 Domine,
417 5247 568 5300 Deus
614 5249 812 5300 noster
855 5245 994 5301 Jesu
1044 5246 1292 5318 Christe,
1323 5253 1558 5314 ἀληθεῶς,
1591 5247 1691 5320 qui

82 5340 192 5380 vere
217 5332 358 5386 Deus
407 5336 462 5388 et
509 5333 683 5390 homo
734 5333 921 5390 factus
968 5351 1050 5404 es,
1083 5339 1139 5389 et
1180 5352 1481 5407 nunquam
1515 5354 1548 5391 a
1592 5340 1695 5392 tua

84 5411 354 5474 divinitate
385 5426 686 5494 separatus
717 5421 964 5490 fuisti,et
994 5423 1340 5497 sanguinem
1373 5429 1541 5481 tuum
1563 5441 1691 5500 pre-

83 5500 275 5562 tiosum
307 5515 534 5584 propter
564 5510 830 5585 fragilem
848 5516 1174 5569 creaturam
1194 5516 1354 5570 tuam
1373 5513 1694 5572 voluntarie

1795 4623 2098 4678 orationem
2125 4626 2433 4690 sequentem
2463 4637 2482 4672 :

1871 4708 2131 4776 Domine,
2163 4709 2316 4764 Deus
2344 4711 2558 4776 noster,
2595 4707 2695 4778 qui
2727 4708 3034 4780 suscepisti
3086 4709 3439 4766 sacriﬁcium

1796 4798 1935 4854 Abel
1969 4800 2025 4853 in
2057 4799 2306 4863 deserto,
2338 4801 2396 4852 et
2421 4797 2538 4851 Noe
2567 4796 2627 4851 in
2659 4813 2778 4864 ara,
2811 4801 2867 4852 et
2895 4797 3138 4852 Abrahae
3170 4798 3228 4854 in
3277 4816 3440 4855 sum-

1797 4888 2000 4943 mitate
2027 4887 2264 4951 montis,
2295 4891 2352 4942 et
2377 4885 2513 4941 Elite
2545 4886 2603 4940 in
2635 4890 2828 4941 monte
2859 4885 3125 4953 Carmeli,
3159 4891 3216 4943 et
3260 4889 3442 4945 David

1798 4978 1859 5032 in
1889 4993 2022 5032 arca
2051 4976 2205 5031 Orna
2249 4974 2522 5042 Jebusaei,
2557 4979 2614 5030 et
2670 4973 3021 5031 oblationem
3076 4977 3442 5050 paupercula:

1798 5066 1985 5121 vidua:
2015 5066 2074 5120 in
2105 5063 2323 5136 templo
2354 5067 2574 5131 sancto,
2610 5063 2694 5118 sic
2739 5063 3092 5120 oblationem
3141 5083 3354 5135 meam,
3389 5071 3447 5122 et

1801 5156 2066 5211 omnium
2085 5152 2438 5209 famulorum
2463 5151 2931 5226 famularumque
2946 5157 3450 5222 tuarum,oﬂ‘eren-

1800 5246 1951 5301 tium
1984 5244 2043 5299 in
2075 5242 2310 5299 nomine
2342 5245 2543 5298 sancto
2574 5247 2695 5312 tuo,
2717 5243 2970 5315 suscipe,
2994 5249 3060 5300 ut
3086 5261 3192 5317 pro
3218 5245 3368 5301 meis
3389 5249 3448 5300 et

1802 5351 2000 5390 eorum
2023 5331 2274 5405 peccatis
2294 5331 2370 5386 sit
2392 5331 2806 5404 redemptio.Et
2825 5332 2978 5388 sicut
2997 5349 3102 5389 nos
3124 5332 3443 5400 offerimus,

1801 5424 1880 5479 ita
1911 5421 2235 5478 mercedem
2267 5419 2436 5476 nobis
2468 5419 2721 5476 retribue
2752 5422 2811 5476 in
2844 5422 3115 5494 przssenti
3144 5421 3448 5492 saeculo,“

1803 5513 1862 5568 in
1893 5512 2107 5578 futuro,
2141 5515 2196 5570 et
2225 5511 2285 5568 in
2316 5510 2530 5570 saecula
2557 5511 2924 5571 saeculorum.
2957 5511 3162 5568 Anien.

146 5592 213 5669 (l)
241 5595 492 5674 Regnum
525 5601 594 5660 de
623 5602 798 5660 Sceva
839 5601 984 5660 illud
1035 5607 1125 5661 est
1173 5604 1326 5678 quod
1368 5603 1700 5679 appellatur
1728 5607 1890 5669 saba.
