3844 6200
19 366 115 428 917
143 379 154 383 ”
1340 357 1571 423 MISSA
1615 358 2070 423 ETHIOPUM.
3288 359 3408 423 9l8

19 505 307 566 terrarum,
343 493 404 552 in
432 492 711 569 apostolis
742 492 863 551 tuis
890 498 1241 568 congregata
1269 493 1645 562 fuit.Lietare,
1677 497 1731 563 Α
1831 495 2101 551 Diaconus
2154 495 2354 552 circuit
2408 495 2692 553 ecclesiam
2737 494 3023 553 clamaudo
3081 514 3099 552 :
3156 493 3407 571 Surgite,

19 588 264 655 Domina,
317 584 460 658 quia
516 582 767 641 salutem
824 588 1088 640 sanctam
1141 584 1543 658 deprecamur.
1605 582 1649 639 Ο
1760 583 1957 641 audite
1983 584 2360 658 Evangelium
2392 591 2663 642 sanctum
2694 589 2751 643 et
2778 585 2991 642 bonam
3016 586 3411 643 annuntiatio-

19 678 193 753 Virgo,
225 677 415 732 Mater
442 672 545 729 Dei
575 676 631 729 et
672 671 909 741 Christi,
942 672 1001 727 in
1032 672 1190 728 omni
1224 678 1486 745 tempore
1513 671 1654 728 effer
1763 690 1897 730 nem
1926 674 2153 731 Domini
2186 675 2394 743 nostri,
2414 679 2471 731 et
2490 675 2801 732 Salvatoris
2819 675 3000 731 nostri
3018 675 3155 732 Jesu
3174 674 3410 732 Christi.

19 783 236 825 sursum
266 769 323 820 et
352 763 414 818 in
446 762 635 835 altum
667 762 988 818 orationem
1022 765 1283 818 nostram
1317 760 1469 833 apud
1505 759 1651 816 elec-
1830 765 2045 831 Postea,
2103 763 2383 835 coadjutor
2432 765 2634 837 accipit
2682 764 3024 820 thuribulum
3075 770 3128 821 et
3175 765 3415 835 porrigit

19 854 229 914 losF‘ilii
258 852 367 920 tui,
403 855 472 908 ut
514 850 1143 923 remittanturpeccata
1163 854 1383 907 nostra.
1411 850 1650 920 Laetare,
1759 852 2041 917 sacerdoti,
2098 855 2194 926 qui
2240 861 2323 908 ter
2377 854 2647 920 incensat,
2690 852 3004 925 accipiendo
3054 852 3417 922 Evangelium

19 944 261 1011 Domina,
298 941 441 1015 quia
471 939 753 1014 peperisti
785 940 955 996 nobis
975 939 1173 995 lumen
1201 955 1428 1007 verum,
1450 939 1654 995 Jesum
1762 938 1893 1011 erga
1920 942 2205 1013 populum,
2236 949 2288 997 et
2313 941 2447 998 dicit
2475 960 2493 996 :

19 1033 310 1098 Christum,
342 1029 663 1086 Dominum
688 1032 974 1084 nostrum.
1008 1027 1121 1084 Ora
1150 1045 1253 1101 pro
1295 1027 1467 1084 nobis
1496 1028 1652 1099 apud
1835 1030 2083 1103 Magnus
2112 1030 2284 1097 Deus,
2318 1030 2560 1087 benedic
2593 1035 2621 1097 ’ί
2658 1046 2784 1097 nos,
2820 1032 2876 1087 et
2907 1029 3187 1103 populum
3221 1028 3415 1086 Chris-

19 1123 225 1191 eum,ut
253 1119 607 1176 misereatur
632 1117 840 1173 animas
861 1122 1072 1173 nostrae
1096 1135 1111 1186 ;
1139 1133 1241 1174 ora
1260 1134 1365 1189 pro
1397 1116 1643 1172 nobisin
1763 1118 2011 1187 tianum,
2046 1122 2103 1174 et
2136 1118 2224 1174 fac
2268 1119 2570 1176 introitum
2624 1124 2891 1176 nostrum
2936 1119 2997 1174 in
3028 1118 3272 1175 ecclesia
3312 1122 3417 1175 tua

19 1214 306 1284 conspectu
346 1207 547 1264 throni
580 1205 708 1263 Filii
738 1205 988 1276 tui,.lesu
1009 1205 1493 1273 Christi.Laatare,
1529 1205 1642 1261 Im-
1767 1212 1990 1276 sancta,
2024 1225 2143 1264 una
2172 1225 2305 1264 cum
2336 1207 2561 1281 angelis
2592 1208 2812 1265 sanctis
2852 1208 2951 1282 qui
2984 1206 3244 1265 serviunt
3274 1208 3413 1276 Deo,

20 1299 308 1364 maculata,
337 1312 472 1354 vere
519 1296 759 1369 Regina.
794 1297 1032 1364 Laetare,
1065 1294 1260 1351 Gloria
1308 1297 1642 1351 nostrorum
1765 1300 1822 1352 et
1850 1295 2094 1353 laudant
2122 1314 2253 1353 eum
2286 1297 2748 1372 omnitempore,
2800 1297 2857 1353 in
2909 1296 3123 1355 saecula
3172 1296 3420 1354 saeculo-

23 1392 332 1462 parentum,
352 1384 499 1457 quia
514 1383 792 1457 peperisti
811 1383 980 1440 nobis
994 1380 1510 1440 Emmanuelem.0
1525 1398 1656 1438 vere
1766 1402 1919 1442 rum.
1951 1387 2156 1442 Amen.

22 1475 305 1535 mediatrix
329 1476 467 1530 ante
485 1470 803 1529 Dominum
826 1474 1093 1529 nostrum
1114 1473 1309 1528 Iesum
1333 1471 1653 1538 Christum,
1834 1475 2093 1533 Sacerdos
2122 1478 2422 1531 annuntiat
2447 1476 2834 1547 Evangelium,
2864 1477 2942 1532 sic
2973 1475 3247 1532 cantando
3277 1493 3292 1531 :

20 1572 65 1622 te
91 1564 374 1638 supplices
402 1577 718 1619 exoramus
744 1566 812 1617 ut
841 1577 1068 1617 memor
1090 1561 1173 1617 sis
1204 1560 1532 1617 nostri.0ra
1555 1576 1658 1632 pro
1836 1568 2113 1620 Sanctum
2184 1564 2583 1641 Evangelium,
2636 1565 2791 1638 quod
2848 1564 3217 1621 annuntiavit
3270 1568 3419 1622 Mat-

23 1654 171 1712 nobis
200 1657 264 1709 ut
288 1651 602 1708 deleantur
628 1650 972 1723 iniquitates
1003 1655 1238 1707 nostrae.
1767 1654 1973 1721 thazus,
2004 1653 2090 1709 vel
2124 1653 2376 1719 Marcus,
2412 1652 2503 1710 vel
2535 1654 2742 1719 Lucas,
2776 1652 2863 1710 vel
2891 1652 3165 1711 Joannes.
3478 1652 3479 1655 “

82 1742 365 1814 Coadjutor
391 1740 661 1809 sacerdos,
695 1748 988 1814 antequam
1039 1740 1295 1810 legantur
1337 1739 1469 1817 Acta
1499 1753 1654 1810 apos-
1836 1745 2093 1799 Ministri
2121 1744 2421 1799 accendunt
2472 1744 2706 1811 lumina,
2740 1752 2791 1800 et
2815 1751 3137 1816 praeparant
3177 1745 3293 1800 alia
3321 1761 3416 1801 ne-

25 1834 228 1890 tolorum
251 1850 271 1886 :
299 1830 419 1887 Hoc
448 1834 542 1885 est
570 1845 720 1902 opus
748 1832 806 1885 et
836 1828 992 1885 dicta
1022 1831 1356 1933 nostrorum
1388 1828 1649 1925 Patrum,
1684 1869 1729 1933 Β
1764 1834 2019 1901 ccssaria,
2053 1839 2105 1888 ct
2130 1831 2321 1889 dicunt
2347 1850 2364 1886 :

27 1920 392 1995 apostolorum
424 1922 765 1975 sanctorum
798 1922 855 1973 et
887 1915 1422 1974 immaculatorum.
1456 1915 1654 1971 Gratia
1684 1915 1729 1933 "
1834 1920 2030 1977 Gloria
2059 1921 2308 1988 Christo,
2342 1924 2400 1977 et
2427 1921 2674 1977 Domino
2706 1925 2925 1989 nostro,
2959 1926 3017 1979 et
3061 1924 3177 1979 Deo
3217 1927 3416 1981 nostro

26 2010 247 2083 Spiritus
276 2007 489 2077 sancti,
542 2011 599 2063 et
646 2005 1047 2062 misericordia
1099 2004 1431 2079 duplicetur
1480 2020 1657 2076 super
1764 2027 2035 2083 semper;
2067 2009 2354 2067 exsultato
2386 2010 2445 2065 in
2496 2009 2764 2078 Domino,
2813 2011 2913 2083 qui
2964 2011 3281 2068 auxiliatur
3310 2030 3417 2067 no-

32 2115 138 2169 nos,
164 2102 217 2154 et
242 2113 447 2153 omnes
470 2094 856 2152 Christianos.
885 2096 1090 2151 Amen.
1764 2098 1876 2166 bis,
1909 2100 1966 2154 et
1995 2098 2230 2171 psallite
2273 2100 2389 2156 Deo
2417 2099 2621 2165 Jacob,
2669 2098 2913 2172 accipite
2961 2098 3306 2172 psalterium
3354 2100 3414 2155 in

88 2190 257 2244 Postea
307 2187 515 2256 legitur
577 2202 648 2241 ea:
708 2186 851 2241 Actis
916 2184 1301 2256 apostolorum,
1357 2181 1658 2238 secundum
1765 2188 2022 2260 cythapa,
2052 2198 2149 2245 ex,

30 2276 151 2332 diem
175 2281 528 2332 occurentem.
561 2275 750 2331 Finita
781 2273 1026 2340 lectione,
1059 2273 1346 2345 sequitur:
1832 2277 2091 2334 Sacerdos
2141 2278 2256 2334 alta
2302 2295 2425 2335 voce
2467 2279 2599 2347 legit
2655 2278 3015 2351 Evangelium
3051 2278 3181 2335 diei.
3234 2280 3421 2336 Diaco-

90 2364 261 2420 Verba
290 2363 527 2420 Domini
578 2379 815 2436 magna,
866 2361 1255 2434 multiplicata
1301 2359 1360 2415 in
1400 2358 1659 2415 Ecclesia
1763 2384 1888 2433 ηαδ,
1921 2368 2080 2438 ﬁnito
2104 2368 2421 2437 Evangelia,
2452 2360 2585 2423 dicit
2613 2386 2630 2421 ε
3300 2356 3309 2363 ’

39 2457 231 2520 sancta,
260 2452 511 2526 populos
542 2452 843 2509 credentes
864 2450 923 2506 in
941 2450 1255 2508 Dominum
1273 2449 1477 2506 Jesum
1498 2448 1658 2504 Chri-
1838 2456 1997 2513 Exite
2029 2457 2204 2524 foros,
2239 2457 2340 2528 qui
2391 2474 2507 2512 non
2546 2455 2723 2512 vultis
2777 2455 3035 2529 accipere
3087 2474 3421 2515 sacramen-

38 2548 170 2598 stum
198 2540 756 2616 multiplicaverunt,
792 2539 885 2598 cui
927 2539 1113 2614 gloria
1141 2540 1200 2594 in
1232 2537 1445 2596 szecula
1476 2554 1657 2594 szecu-
1765 2549 1913 2611 tum,
1947 2544 2067 2601 sive
2099 2544 2547 2602 Eucharistiam,
2576 2547 2659 2601 Ite
2689 2546 3115 2602 catechumeni.

39 2630 222 2687 lorum.
1836 2634 2077 2691 Ministri
2122 2634 2357 2690 dicunt:
2400 2634 2470 2693 Et
2528 2634 2631 2703 illi,
2682 2634 2975 2691 Cherubin
3026 2638 3086 2691 et
3141 2634 3423 2708 Seraphia

95 2721 310 2793 Populus
336 2719 623 2792 respondet
657 2738 670 2775 :
703 2720 907 2775 Amen.
1766 2723 2014 2780 reddant
2069 2722 2316 2797 gloriam
2352 2727 2658 2789 :Sanctus,
2721 2728 2982 2793 sanctus,
3043 2729 3305 2793 sanctus,
3363 2730 3423 2784 et

96 2810 258 2866 Postea
285 2811 538 2883 sequitur
571 2826 585 2865 :
615 2811 884 2876 Sanctus,
936 2811 1196 2877 sanctus,
1243 2809 1505 2873 sanctus),
1540 2805 1656 2861 Ι)οο
1766 2816 2027 2883 sanctus,
2053 2812 2454 2886 Omnipotens.
2494 2812 2655 2868 Pleni
2688 2817 2827 2869 sunt
2855 2812 2984 2870 σα)Ιὶ
3012 2815 3071 2868 et
3099 2817 3254 2870 terra
3301 2812 3421 2888 glo-

42 2897 208 2954 minUS
237 2898 400 2954 Ραῑθι·
418 2898 1098 2970 οωηίροῑθῠενεθοθῐυεν
1125 2898 1653 2965 εειηοιυεβεὶῐιεῐιιεν
1766 2902 1862 2957 riae
1894 2906 1950 2957 et
1976 2901 2306 2958 sanctitatis
2332 2906 2463 2957 tuae.
2513 2902 2840 2958 Adoramus
2888 2904 2964 2969 te,
2997 2901 3245 2971 Christe,
3281 2919 3416 2958 cum

42 2986 220 3043 unicus
245 2987 413 3044 Jesus
442 2987 715 3045 Christus
746 2984 946 3051 Filius,
979 2984 1237 3042 Verbum
1269 2983 1477 3040 Patris.
1509 2988 1656 3038 San-
1763 2990 1931 3047 Patre
1963 2996 2061 3047 tuo
2092 2990 2333 3063 optimo,
2354 2994 2411 3046 et
2454 2989 2846 3056 misericordia,
2878 2994 2936 3048 et
2962 2988 3178 3062 spiritu
3209 2995 3412 3047 sancto

42 3078 169 3144 ctus,
220 3081 474 3144 sanctus,
530 3079 792 3143 sanctus,
845 3073 1098 3147 Spiritus
1155 3077 1414 3140 sanctus,
1464 3071 1655 3128 sciens
1761 3079 1921 3135 vitali
1951 3083 2055 3147 ;ut
2082 3079 2291 3135 venisti
2322 3083 2380 3134 et
2409 3076 2669 3134 liberasti
2703 3095 2829 3134 nos.

46 3163 229 3220 omnia.
687 3174 691 3178 '
1836 3170 2110 3224 Diaconus
2139 3168 2273 3223 dicit
2306 3186 2318 3223 :
2351 3166 2579 3240 Surgite
2609 3166 2669 3222 in
2702 3166 3045 3223 orationem.

105 3254 233 3310 Dicit
258 3254 518 3313 diaconus
551 3272 563 3311 :
593 3254 827 3327 Surgite
854 3253 915 3309 in
947 3253 1291 3309 orationem.
1681 3240 1725 3307 C
1832 3258 2072 3329 Populus
2105 3274 2117 3312 :
2153 3254 2413 3323 Domine,
2447 3256 2722 3315 miserere
2751 3256 2957 3313 nostri.

103 3343 316 3414 Populus
347 3362 360 3400 :
391 3343 660 3411 Domine,
694 3343 971 3400 miserere
1002 3342 1192 3399 nobis.
1835 3345 2092 3402 Sacerdos
2126 3363 2138 3401 :
2172 3346 2287 3401 Pax
2314 3343 2498 3400 vobis.

103 3429 336 3489 Sacerdos
365 3435 524 3492 :Pax
550 3432 733 3489 vobis.
1836 3434 2081 3507 Populus
2116 3452 2128 3490 :
2162 3434 2229 3490 Et
2259 3451 2393 3490 cum
2425 3432 2637 3506 spiritu
2669 3438 2790 3491 tuo.

107 3521 320 3592 Populus
350 3540 364 3578 :
397 3524 464 3579 Et
496 3539 631 3578 cum
662 3520 872 3595 spiritu
905 3525 1025 3576 tuo.
1836 3526 2107 3580 Diaconus
2136 3524 2269 3579 dicit
2304 3539 2316 3579 :
2348 3523 2575 3595 Surgite
2603 3523 2675 3578 ad
2706 3522 3049 3579 orationem.

106 3604 342 3667 Sacerdos
374 3630 386 3667 :
416 3611 680 3678 Domine,
729 3611 883 3667 Deus
943 3613 1160 3675 noster,
1211 3610 1347 3665 Jesu
1405 3606 1655 3671 Christe.
1838 3611 2096 3671 Sacerdos
2126 3612 2307 3668 dicit:
2343 3612 2458 3667 Pax
2501 3612 2778 3669 omnibus
2832 3612 3017 3669 vobis.
3078 3613 3150 3669 Et
3201 3613 3417 3670 iterum

53 3696 132 3764 qui
158 3696 340 3755 dixisti
380 3699 691 3774 discipulis
738 3700 858 3755 tuis
882 3699 1103 3755 sanctis
1132 3702 1190 3753 et
1218 3696 1416 3753 electis
1451 3693 1658 3751 :Multi
1768 3718 2043 3773 rogemus
2100 3700 2558 3773 omnipotentem
2610 3704 2789 3755 Deum
2840 3700 3067 3757 Patrem
3106 3701 3334 3758 Domini
3364 3704 3421 3757 et

55 3784 304 3856 propheta:
334 3793 391 3845 et
430 3789 583 3860 justi
632 3787 1111 3845 desideraverunt
1157 3785 1351 3842 videre
1401 3802 1527 3857 qua:
1559 3800 1659 3840 vos
1769 3791 1867 3846 Dei
1901 3808 1966 3845 ac
1998 3789 2310 3846 Salvatoris
2354 3788 2536 3845 nostri
2567 3789 2707 3846 Jesu
2756 3789 2991 3845 Christi.
3024 3791 3320 3864 Rogamus
3364 3794 3423 3847 et

56 3869 246 3940 Videtis,
278 3880 332 3931 et
360 3877 564 3934 audire
594 3894 722 3949 qua:
754 3875 992 3946 auditis,
1023 3880 1081 3932 et
1110 3892 1225 3931 non
1258 3873 1527 3929 viderunt
1558 3890 1657 3928 ne-
1768 3879 2023 3954 petimus
2055 3897 2087 3935 a
2116 3879 2376 3934 bonitate
2407 3883 2526 3945 tua,
2551 3896 2583 3934 ο
2615 3883 2842 3935 amator
2864 3879 3173 3936 hominum
3199 3899 3213 3949 ;
3238 3898 3422 3937 recor-

58 3972 147 4027 que
172 3961 592 4033 audierunt,sed
624 3965 777 4022 beati
797 3964 947 4021 oculi
971 3964 1146 4020 vestri
1169 3967 1225 4019 et
1245 3978 1416 4018 aures
1434 3966 1657 4029 vestrm,
1767 3972 1925 4037 dare,
1958 3968 2222 4035 Domine,
2275 3967 2435 4041 pacis
2476 3967 2739 4025 Ecclesiae
2769 3973 2981 4025 sanctae
3009 3968 3069 4025 in
3103 3987 3287 4025 unum
3319 3987 3422 4043 per

56 4045 278 4108 videntes
306 4057 360 4109 et
387 4054 692 4111 audientes
717 4072 731 4122 ;
765 4052 848 4110 sic
868 4070 974 4108 nos
1017 4053 1103 4108 fac
1131 4053 1342 4125 dignos
1373 4051 1574 4107 audire
1605 4054 1663 4107 et
1768 4057 2062 4131 apostolos
2086 4061 2467 4130 congregatae.

59 4132 213 4193 facere
238 4143 406 4200 verba
432 4141 726 4217 Evangelii
769 4142 854 4198 tui
886 4142 1093 4209 sancti,
1144 4159 1247 4214 per
1283 4140 1575 4197 orationes
1606 4143 1663 4195 et
1838 4149 2112 4203 Diaconus
2139 4146 2274 4202 dicit
2305 4163 2318 4202 :
2354 4146 2523 4202 Orate
2555 4162 2659 4219 pro
2690 4146 2798 4202 hac
2829 4146 3085 4203 Ecclesia
3114 4150 3334 4213 sancta,
3360 4146 3419 4204 in

60 4238 224 4293 preces
250 4238 577 4290 sanctorum
608 4237 866 4289 tuorum.
1768 4252 1954 4291 unum
1987 4251 2090 4307 per
2119 4233 2414 4306 apostolos
2445 4239 2976 4308 congregata,recta
3007 4235 3069 4291 in
3112 4235 3380 4291 Domino.

118 4315 362 4376 Diaconus
390 4322 570 4389 dicit;
603 4321 794 4378 Orate.
1839 4324 2082 4397 Populus
2125 4323 2258 4379 dicit
2290 4341 2302 4378 :
2337 4323 2602 4390 Domine,
2653 4324 2808 4381 Deus
2857 4327 3074 4391 noster,
3126 4323 3202 4379 da
3252 4323 3422 4381 nobis

116 4401 344 4475 Sequitur
387 4410 633 4468 sacerdos
685 4427 699 4466 :
754 4409 1045 4466 Memento
1100 4408 1337 4473 iterum,
1396 4407 1661 4475 Domine,
1770 4411 2303 4486 pacem;Dominc,
2355 4416 2511 4468 Deus
2561 4415 2778 4479 noster,
2833 4412 2911 4467 da
2954 4411 3123 4468 nobis
3173 4428 3418 4484 pacem;

63 4491 327 4552 verborum
355 4502 609 4565 tuorum,
643 4515 747 4572 pro
779 4497 894 4555 illis
924 4498 1023 4571 qui
1057 4514 1119 4554 se
1167 4497 1532 4554 orationibus
1567 4514 1665 4553 no-
1770 4501 2016 4567 Christe,
2050 4517 2148 4554 rex
2177 4503 2393 4567 noster,
2427 4499 2704 4556 miserere
2733 4499 2922 4555 nobis.

66 4578 177 4634 stris
201 4589 757 4655 commendaverunt,
785 4587 1018 4660 quando
1068 4604 1307 4643 oramus
1338 4587 1409 4642 ad
1452 4591 1526 4651 tc,
1561 4587 1665 4642 Do-
1694 4609 1742 4674 Ι)
1845 4589 2104 4646 Sacerdos
2133 4588 2268 4645 dicit
2301 4607 2313 4643 :

68 4665 195 4751 Illius
211 4671 353 4730 Deus
372 4680 887 4745 noster,memento
905 4675 1406 4743 dormientium,et
1426 4675 1484 4730 in
1509 4680 1666 4731 recta
1694 4665 1735 4674 ”
1844 4680 1982 4735 Eum
2006 4694 2132 4749 quae
2164 4678 2275 4733 fuit
2303 4695 2337 4733 a
2368 4677 2736 4751 principio,et
2764 4676 2876 4733 erit
2924 4694 3110 4750 usque
3153 4677 3212 4733 in
3246 4678 3423 4735 finem

69 4750 205 4813 ﬁdele
230 4762 680 4835 quiescentium;
715 4769 773 4823 et
789 4765 1304 4822 concedeinlirmis
1322 4764 1658 4831 sanitatem,
1771 4766 1990 4834 saeculi,
2023 4784 2228 4822 omnes
2276 4750 2543 4839 populos,
2576 4770 2634 4822 et
2679 4783 2884 4822 omnes
2915 4782 3121 4839 greges
3160 4765 3421 4823 henedic.

69 4841 182 4928 quia
204 4851 260 4902 tu
287 4867 347 4907 es
372 4855 506 4923 vita,
539 4871 694 4928 spes,
726 4853 1022 4921 liberator,
1054 4858 1111 4909 et
1162 4854 1506 4911 resurrectio
1537 4870 1662 4909 om-
1771 4859 1979 4914 Pacem
2010 4856 2082 4911 de
2113 4854 2253 4911 cazlo
2285 4854 2450 4911 mitte
2472 4871 2649 4928 super
2673 4872 2878 4923 omnes
2900 4854 3129 4912 animus
3153 4860 3422 4924 nostras;

70 4927 242 5020 ηίιῗηις
270 4939 365 4996 tibi
395 4943 950 5017 gratias‘referimus
977 4942 1038 4999 in
1069 4946 1371 5011 aeternum,
1391 4946 1446 4999 et
1475 4941 1534 4998 in
1566 4959 1665 4998 sae-
1775 4963 1975 5020 pacem
2006 4943 2134 4999 vitae
2170 4947 2379 4999 nostrae
2410 4943 2485 4999 da
2515 4927 2684 4999 nobis
2715 4961 2817 5016 per
2859 4944 3049 5017 ipsam
3080 4943 3422 5007 Ecclesium.

71 5015 180 5107 ulla
200 5015 547 5090 seculorum.
578 5035 784 5089 Amen.
1775 5015 1877 5101 Da,
1941 5032 2201 5100 Domine,
2261 5048 2462 5105 pacem
2522 5032 2643 5105 regi
2702 5015 2901 5089 nostro
2952 5033 3044 5101 N.,
3105 5038 3163 5090 et
3209 5034 3424 5107 princi-

129 5106 366 5195 Diaco-nus
393 5124 664 5195 accipiens
694 5138 928 5193 crucem,
960 5121 1096 5178 dicit
1124 5141 1143 5177 :
1778 5123 1950 5195 pibus
1980 5123 2129 5194 ejus,
2163 5137 2228 5176 ac
2264 5119 2567 5192 judicibus
2598 5122 2746 5193 ejus,
2779 5125 2837 5178 et
2888 5122 3141 5178 subditis
3188 5123 3339 5195 ejus,
3370 5127 3431 5180 et

129 5194 275 5286 Quia
302 5211 362 5262 ut
384 5194 542 5286 digni
573 5210 907 5268 efficiamini
939 5210 1139 5267 audire
1168 5211 1565 5284 Evangelium.
1779 5194 1930 5268 circa
1964 5227 2070 5266 nos
2102 5207 2486 5281 congregatis,
2505 5213 2625 5265 tam
2659 5214 2821 5266 extra
2846 5228 3024 5284 quam
3057 5210 3211 5268 intra
3226 5194 3426 5269 Eccle-

133 5284 296 5347 Postea
318 5284 493 5357 cantat
520 5319 532 5356 :
565 5298 907 5358 Benedicam
958 5299 1204 5356 Domino
1234 5299 1291 5355 in
1323 5300 1481 5356 omni
1516 5305 1669 5357 tem—
1779 5301 1947 5358 siam.
1982 5301 2137 5356 Orna
2167 5314 2266 5353 eos
2314 5297 2475 5352 omni
2522 5316 2731 5372 genere
2761 5300 3069 5372 pacis,Rex
3098 5300 3295 5373 pacis;
3326 5318 3428 5374 pa-

78 5381 205 5462 QOF'?’
237 5395 450 5457 Semper
477 5388 605 5445 laus
633 5390 761 5462 ejus
792 5389 851 5444 in
882 5405 979 5445 ore
1005 5405 1155 5444 meo.
1189 5389 1252 5446 In
1282 5389 1529 5444 Domino
1551 5389 1673 5446 lau-
1781 5408 1902 5447 cem
1936 5389 2010 5444 da
2041 5385 2229 5452 nobis,
2262 5386 2540 5457 quoniam
2574 5388 2772 5444 omnia
2801 5388 3012 5445 dedisti
3060 5388 3269 5455 nobis;
3301 5404 3433 5443 con-

78 5453 278 5549 dabitur
305 5473 492 5533 anima
519 5453 682 5543 mea:
700 5486 800 5534 etc.
1782 5494 1946 5534 serva
1978 5493 2103 5541 nos,
2139 5474 2417 5542 Domine;
2452 5475 2730 5548 quoniam
2786 5481 2995 5549 praeter
3040 5479 3096 5531 te
3135 5472 3430 5530 neminem

90 5628 98 5638 θ
135 5544 361 5639 Sacerdos
400 5563 537 5621 idem
588 5565 758 5633 dicit;
798 5566 1039 5638 Populus
1085 5574 1166 5622 ter
1214 5567 1354 5622 idem
1401 5567 1533 5623 dicit
1575 5587 1592 5622 :
1623 5576 1672 5623 et
1782 5564 2189 5639 cognoscimus
2224 5579 2467 5619 :nomcn
2488 5570 2758 5621 sanctum
2778 5570 2946 5620 tuum
2979 5562 3354 5618 nominamus
3376 5565 3433 5617 et

82 5643 130 5684 τη
154 5637 323 5702 ultimo
348 5666 499 5710 versu
516 5671 725 5729 semper
753 5637 975 5725 dicitur,
1007 5654 1274 5711 Alleluia.
1784 5637 2145 5721 invocamus,
2180 5656 2245 5709 ut
2273 5652 2423 5709 vivat
2445 5654 2644 5711 anima
2672 5657 2873 5709 nostra
2901 5653 2959 5708 in
2989 5649 3207 5723 Spiritu
3228 5652 3430 5705 sancto
