3844 6200
45 321 158 383 921
1385 316 1621 379 MISSA
1665 317 2121 383 ETHIOPUM.
3339 330 3458 395 922

43 463 213 519 tuum
244 458 358 523 est,
385 458 447 513 et
472 471 571 527 per
598 469 775 527 quem
806 450 1005 511 omnia
1029 451 1214 509 fecisti
1245 452 1569 508 secundum
1605 468 1695 508 νο-
1729 456 1782 519 Α
1815 452 1988 508 nibus
2020 451 2135 508 illis
2164 453 2263 532 qui
2309 454 2476 511 nobis
2525 455 2955 532 eleemosynam
3012 465 3362 534 tribuerunt,
3398 467 3456 524 in

43 546 336 609 luntatem
365 550 548 600 tuam.

112 637 393 691 Diaconus
423 633 554 688 dicit
584 651 602 687 :
634 632 741 687 Per
777 632 1013 688 beatum
1044 635 1100 686 et
1129 635 1396 686 sanctum
1452 630 1698 703 patriar-

44 724 212 780 cham
247 726 518 778 nostrum
546 721 639 790 N.,
673 724 732 776 et
773 737 877 792 per
921 721 1318 776 venerandum
1372 719 1697 775 antistitem

45 818 311 867 nostrum
358 811 455 876 N.,
488 809 588 882 qui
619 809 747 865 suis
796 807 1158 865 orationibus
1190 813 1247 864 et
1276 809 1546 881 precibus
1573 807 1698 864 lau-

48 903 183 958 dant
202 907 286 968 te;
304 917 414 973 per
435 898 795 971 Stephanum
820 902 1329 972 protomartyrem,
1361 897 1699 954 Zachariam

49 989 435 1055 sacerdotem,
462 988 747 1043 Joannem
790 987 1149 1059 Baptistam;
1183 1002 1287 1059 per
1326 1003 1531 1045 omnes
1563 1004 1698 1043 san-

52 1086 171 1136 ctos
197 1081 491 1149 martyres
520 1076 618 1148 qui
649 1074 708 1131 in
741 1076 1020 1133 iideJosu
1069 1075 1282 1132 Christi
1311 1076 1659 1148 quieverunt
1684 1094 1697 1144 ;

51 1186 146 1240 per
174 1166 542 1235 Matthaum,
566 1169 844 1234 Marcum,
880 1167 1118 1231 Lucam,
1138 1169 1194 1221 et
1220 1166 1503 1223 Joannem
1535 1183 1703 1222 evan-

53 1256 312 1329 gelistas;
338 1273 447 1327 per
467 1254 705 1311 Mariam
734 1254 833 1310 Dei
863 1255 1239 1327 genitricem;
1268 1272 1371 1327 per
1400 1255 1699 1312 Simonem

54 1347 297 1410 Petrum,
318 1344 635 1411 Andream,
668 1344 979 1412 Jacobum,
1012 1345 1322 1409 Joannem,
1342 1344 1698 1416 Philippum,

53 1432 562 1501 Bartholomaeum,
596 1433 907 1501 Thomam,
941 1433 1304 1499 Mattheum,
1356 1432 1698 1499 Thadsaum,

54 1521 387 1590 Nathanael,
411 1522 698 1578 Jacobum
727 1519 934 1595 Alphei
962 1525 1130 1589 (2),et
1150 1520 1455 1578 Matthiam
1478 1525 1703 1594 aposto-

52 1613 160 1677 los;
183 1628 285 1685 per
301 1611 593 1669 Jacobum
617 1610 947 1683 apostolum
970 1612 1209 1667 fratrem
1229 1610 1461 1669 Domini
1492 1610 1698 1680 nostri,

54 1702 385 1774 episcopum
417 1700 747 1759 Jerusalem
785 1705 1035 1768 sanctae;
1070 1718 1172 1773 per
1200 1700 1467 1768 Paulum,
1502 1701 1699 1756 Timo-

55 1791 279 1857 theum,
357 1788 570 1857 Silam,
644 1789 993 1855 Barnabam,
1050 1788 1270 1856 Titum,
1340 1786 1699 1851 Philemona,

59 1879 426 1945 Clementem,
460 1881 519 1933 et
544 1894 647 1949 per
677 1878 1048 1950 septuaginta
1090 1879 1238 1934 duos
1269 1876 1609 1950 discipulos,
1643 1879 1700 1931 et

62 1968 403 2040 quingentos
435 1967 628 2023 socios
658 1982 883 2033 eorum,
916 1984 982 2023 ac
1013 1984 1116 2039 per
1162 1971 1451 2023 trecentos
1499 1966 1699 2021 decem

62 2062 110 2112 et
136 2060 257 2112 octo
305 2060 479 2113 rectae
535 2055 670 2111 ﬁdei
728 2056 947 2125 Patres,
979 2056 1154 2114 visita
1210 2072 1317 2112 nos
1363 2058 1420 2111 et
1467 2055 1556 2110 fac
1592 2070 1700 2110 nos

62 2145 359 2218 participes
421 2143 758 2202 orationum
814 2161 1017 2203 eorum
1071 2144 1383 2201 omnium:
1421 2148 1477 2199 et
1523 2160 1701 2215 super

63 2235 241 2291 omnia
283 2234 594 2293 reCordare
641 2232 938 2290 catholica
968 2239 1025 2291 et
1055 2232 1385 2306 apostolicae
1434 2232 1697 2289 Ecclesia:

62 2324 111 2377 in
140 2340 297 2396 pace,
324 2323 586 2396 pretioso
616 2324 902 2396 sanguine
932 2341 1034 2396 per
1057 2323 1354 2380 Christum
1380 2322 1695 2378 (adiﬁcataa.

64 2412 366 2471 Recordare
396 2411 579 2471 etiam
613 2412 881 2469 omnium
911 2412 1378 2485 patriarcharum
1419 2410 1701 2483 archiepi-

64 2517 352 2573 scoporum
363 2518 450 2575 ,e;:
460 2501 1021 2573 iscoporum,sacerd
1030 2505 1213 2570 otum,
1227 2506 1284 2557 et
1295 2501 1695 2567 diaconorum,

67 2590 151 2661 qui
182 2588 441 2663 dirigunt
470 2590 625 2646 viam
653 2589 832 2659 verbi,
864 2591 1020 2662 quod
1052 2594 1142 2646 est
1172 2591 1230 2645 in
1259 2588 1516 2647 veritate.

124 2679 259 2735 Dicit
281 2681 523 2752 populus
556 2696 569 2735 :
603 2678 895 2746 Miserere,
918 2679 1183 2747 Domine,
1216 2678 1546 2735 animarum
1577 2693 1700 2738 ser-

66 2784 251 2823 vorum
288 2772 527 2825 tuorum
559 2773 617 2824 et
646 2767 991 2824 ancillarum
1036 2774 1293 2837 tuarum,
1325 2767 1424 2840 qui
1454 2767 1699 2825 mandu-

69 2861 254 2912 carunt
281 2873 521 2916 carnem
550 2864 716 2914 tuam
738 2862 796 2915 et
825 2858 1101 2915 biberunt
1128 2861 1292 2917 tuum
1328 2856 1700 2929 sanguinem,

74 2948 121 3000 et
146 2945 202 3001 in
230 2946 341 3003 fide
368 2951 475 3005 tua
505 2947 867 3019 quieverunt.

565 3036 756 3095 Oratio
783 3036 1194 3094 benedictionis.

132 3122 378 3182 Sacerdos
408 3124 549 3183 dicit
578 3141 590 3181 :
624 3125 669 3181 Ο
716 3129 919 3183 sancta
966 3125 1246 3193 Trinitas,
1282 3127 1469 3194 Pater,
1501 3124 1605 3182 Fili
1645 3127 1702 3180 et

75 3210 300 3282 Spiritus
328 3218 554 3282 sancte,
578 3213 820 3272 benedic
844 3232 1022 3288 super
1040 3214 1325 3289 populum
1346 3220 1514 3272 tuum
1530 3213 1699 3271 Chri-

74 3298 305 3359 stianum
360 3302 615 3361 electum
672 3303 1075 3361 benedictione
1129 3303 1369 3373 cceleeti,
1424 3308 1481 3362 et
1532 3303 1698 3362 mitte

78 3404 232 3460 super
259 3408 362 3449 nos
388 3393 653 3466 gratiam
680 3393 935 3466 Spiritus
963 3395 1169 3451 sancti.
1209 3394 1382 3468 Aperi
1413 3395 1582 3453 nobis
1614 3396 1696 3451 fo-

77 3493 153 3534 res
194 3480 456 3539 Ecclesiaa
517 3486 630 3539 tuas
688 3487 921 3552 sancte,
953 3488 1192 3556 propter
1237 3484 1697 3541 misericordiam

76 3568 214 3625 tuam
233 3574 288 3625 et
308 3570 487 3628 (idem
522 3576 803 3630 nostram.
828 3573 1043 3630 Perﬁce
1073 3572 1132 3628 in
1164 3572 1333 3629 nobis
1364 3574 1537 3630 ﬁdem
1565 3574 1697 3630 Tri-

76 3654 251 3713 nitatis
301 3676 492 3733 usque
534 3661 607 3717 ad
649 3666 975 3718 extremum
1032 3662 1329 3735 spiritum,
1361 3680 1393 3719 o
1427 3664 1697 3737 princeps

77 3748 268 3815 noster,
323 3747 463 3805 Jesu
525 3749 772 3817 Christe,
826 3751 998 3806 visita
1052 3751 1359 3808 inﬁrmum
1411 3753 1696 3825 populum

76 3832 241 3903 tuum,
262 3841 318 3893 et
341 3854 489 3896 sana
517 3855 677 3897 eum.
702 3838 896 3912 Dirige
916 3844 1110 3912 patres
1141 3844 1372 3897 nostros
1401 3846 1459 3898 et
1489 3843 1696 3901 fratres

79 3927 287 3982 nostros
315 3928 775 4001 peregrinantes,
811 3929 988 3985 reduc
1044 3945 1143 3987 eos
1192 3930 1264 3987 ad
1322 3930 1474 3987 lares
1531 3949 1694 3999 suos,

76 4023 193 4068 cum
213 4014 395 4073 salute
422 4021 482 4075 et
512 4032 682 4090 pace;
706 4018 949 4074 benedic
969 4022 1172 4076 ventos
1203 4020 1352 4089 cceli,
1367 4024 1426 4077 et
1444 4021 1692 4095 pluvias,

76 4112 131 4151 ac
155 4099 367 4160 fructus
396 4110 564 4162 terrai
607 4107 912 4179 pressantis
962 4109 1102 4164 anni
1155 4126 1260 4181 pro
1310 4110 1499 4183 gratia
1554 4116 1692 4180 tua;

74 4188 244 4256 praebe
287 4210 519 4268 semper
566 4197 849 4269 gaudium
880 4203 937 4253 et
980 4197 1216 4254 delicias
1265 4216 1442 4272 super
1488 4200 1695 4258 faciem

75 4273 238 4346 terras,
266 4284 321 4337 et
360 4284 672 4341 corrobora
723 4302 901 4358 super
929 4302 1037 4343 nos
1067 4303 1269 4358 pacem
1301 4291 1486 4344 tuam.
1512 4288 1695 4345 Indue

78 4365 230 4422 corda
270 4386 471 4444 regum
520 4373 837 4446 proborum
867 4375 938 4430 ad
972 4374 1452 4433 benefaciendum
1503 4379 1691 4448 nobis,

80 4449 405 4526 dagratiose
432 4461 716 4519 honorem
760 4464 1126 4536 principibus
1144 4464 1424 4525 “Ecclesia:
1455 4473 1690 4537 sanctas,

1810 542 1946 598 sede
1959 542 2169 612 judicii
2196 542 2281 599 tui
2302 544 2462 600 mitis
2484 545 2566 601 sis
2585 549 2644 602 et
2658 547 2941 619 placidus.
2959 551 3455 627 Libera,Domine,

1810 630 1886 685 ob
1913 630 2351 688 multitudinem
2383 635 2795 694 misericordias
2826 644 2960 710 tum,
2992 659 3199 702 omnes
3228 648 3457 706 animas

1809 717 2013 792 inopes
2055 724 2113 777 et
2160 722 2429 791 afﬂictas,
2464 731 2787 784 carceratos
2817 746 3049 805 quoque
3095 749 3162 790 ac
3201 737 3459 808 captivos

1811 812 1870 862 et
1896 809 2126 866 exsules
2170 828 2237 867 ac
2284 812 2344 869 in
2394 816 2731 890 servitutem
2782 823 3040 892 adactos,
3073 825 3215 884 etin
3242 828 3459 887 amaris

1809 895 2109 955 laboribus
2140 901 2425 960 detentos.
2460 906 2805 981 Recordare,
2824 912 3069 973 Domine
3097 924 3458 992 noster,Jesu

1810 985 2060 1056 Christe,
2095 988 2154 1046 in
2185 1007 2362 1064 regno
2394 994 2694 1066 ccelorum,
2726 1004 2989 1062 omnium
3022 1007 3259 1067 illorum
3295 985 3397 1086 qui
3426 1033 3461 1073 a

1810 1075 1979 1131 nobis
2010 1076 2301 1148 petierunt
2332 1088 2395 1137 ut
2424 1087 2865 1148 recordaremur
2894 1075 3457 1173 eorum.ODomine,

1809 1163 1995 1263 libera
2021 1167 2303 1240 pupulum
2334 1174 2503 1263 tuum
2534 1179 2590 1232 et
2619 1177 2861 1237 benedic
2892 1183 3215 1246 hareditati
3239 1196 3372 1263 tua,
3393 1163 3460 1253 ac

1812 1254 1969 1310 nutri
1999 1272 2131 1312 eum
2165 1263 2223 1313 et
2251 1260 2441 1318 exalta
2471 1280 2659 1337 usque
2691 1268 2749 1323 in
2782 1273 3083 1331 saeculum.
3108 1281 3339 1338 Custodi
3357 1254 3460 1341 eos

1810 1342 1870 1397 in
1899 1348 2054 1401 recta
2086 1345 2199 1402 fide
2230 1352 2286 1404 et
2316 1349 2376 1405 in
2406 1351 2612 1423 gloria,
2647 1360 2807 1415 omni
2859 1365 3139 1437 tempore,
3170 1373 3228 1424 et
3275 1372 3363 1428 fac
3395 1379 3461 1431 ut

1812 1432 2068 1490 ferveant
2116 1434 2397 1534 ipeﬂ’abili
2424 1447 2504 1535 _et
2545 1432 3322 1527 inexcogitabili-charitate,
3357 1480 3460 1535 per

1809 1537 2011 1593 preces
2041 1540 2107 1578 ac
2140 1524 2613 1588 intercessionem
2645 1551 2825 1606 quam
2857 1555 2959 1610 pro
2986 1542 3154 1599 nobis
3185 1524 3323 1604 facit
3346 1524 3457 1606 Do-

1810 1610 2182 1669 minanostra
2195 1620 2396 1673 sancta
2408 1619 2855 1682 etimmaculata
2875 1628 3034 1705 virgo
3057 1632 3266 1704 Maria;
3282 1641 3339 1693 et
3358 1655 3461 1710 per

1809 1716 2008 1770 preces
2040 1704 2330 1774 majorum
2357 1707 2700 1780 angelorum
2733 1704 3462 1792 splendentium,Mich_ae-

1810 1787 1965 1884 lis,_ei
1979 1790 2356 1884 Gabrielis,ac
2368 1787 3463 1884 Raphaelis,etUrielis,etquatuorani-

1809 1876 2054 1934 malium
2096 1881 2222 1938 sine
2261 1900 2455 1953 carne,
2486 1892 2545 1943 et
2591 1890 2794 1965 viginti
2852 1876 3114 1968 quatuor.
3160 1905 3459 1962 seniorum

1808 1966 1934 2023 coeli
1967 1986 1979 2037 ;
2013 1974 2071 2025 et
2101 1970 2339 2029 Patrum
2371 1980 2702 2037 nostrorum
2735 1966 3068 2045 sanctorum
3098 1992 3458 2063 patriarcha-

1808 2059 2312 2153 rum,_Abraham,
2347 2062 2526 2133 Isaac,
2560 2071 2617 2122 et
2645 2068 2849 2139 Jacob,
2879 2079 2938 2130 et
2959 2059 3231 2139 omnium
3251 2082 3460 2153 probo-

1809 2162 1938 2201 rum
1970 2147 2205 2203 Patrum
2229 2149 2509 2222 priorum,
2534 2171 2599 2210 ac
2619 2157 2953 2229 quindecim
2974 2164 3212 2225 Patrum
3231 2147 3457 2229 nostro-

1808 2252 1940 2290 rum
1971 2237 2409 2329 prophetarum,
2441 2260 2506 2300 ac
2555 2248 2743 2303 sancti
2783 2249 3028 2311 Joannis
3075 2256 3370 2329 Baptistae,
3401 2265 3458 2318 et

1807 2326 2249 2394 quatuordecim
2277 2329 2529 2387 millium
2563 2351 2875 2406 puerorum
2900 2326 3257 2416 Bethlehem,
3282 2352 3338 2405 et
3355 2326 3459 2407 Pa-

1809 2417 1966 2468 trum
1990 2421 2325 2474 nostrorum
2348 2420 2654 2479 duodecim
2678 2427 3009 2501 principum
3034 2435 3454 2509 apostolorum,

1808 2506 1865 2556 et
1896 2506 2267 2578 septuaginta
2299 2510 2544 2567 duorum
2579 2513 3093 2589 discipulorum,et
3116 2506 3461 2599 quingento-

1809 2607 1937 2646 rum
1973 2593 2262 2651 sociorum
2294 2614 2526 2670 eorum;
2552 2618 2615 2658 ac
2646 2602 2824 2660 trium
2850 2593 3455 2685 puerorum,Ananias,

1806 2681 2040 2749 Azariae,
2074 2689 2131 2739 et
2160 2685 2400 2756 Misael;
2434 2706 2500 2745 ac
2539 2692 2724 2747 sancti
2776 2694 2953 2751 Marci
3003 2681 3373 2774 evangelista:
3406 2681 3462 2761 et

1808 2771 2103 2843 martyris,
2126 2778 2183 2828 et
2203 2776 2390 2832 sancti
2413 2778 2691 2851 Stephani
2714 2783 3125 2860 archidiaconi,
3140 2771 3461 2862 protomar-

1808 2860 1973 2931 tyris,
2006 2865 2062 2916 et
2092 2864 2278 2919 sancti
2328 2867 2558 2941 Georgii
2616 2871 2795 2929 stellae
2854 2873 3115 2945 honoris,
3144 2860 3458 2949 Theodori,

1809 2949 2093 3021 Banadlii,
2125 2951 2371 3024 Claudii,
2406 2956 2594 3013 Minas
2624 2958 2810 3027 electi,
2836 2965 3055 3021 Cosmus
3085 2970 3142 3022 et
3165 2967 3459 3044 Damiani,

1809 3042 1866 3093 et
1896 3038 2131 3096 Patrum
2164 3047 2518 3114 nostrorum,
2552 3049 2882 3128 principum
2913 3054 3321 3128 episcoporum
3354 3038 3463 3117 tre-

1810 3131 2113 3184 cantorum
2145 3131 2344 3201 decem
2376 3138 2433 3190 et
2463 3140 2590 3192 octo
2620 3122 2718 3209 qui
2753 3122 2988 3198 fuerunt
3013 3122 3218 3216 Nicetis,
3242 3122 3299 3202 et
3320 3164 3460 3205 cen-

1731 3199 1773 3266 C
1814 3199 2401 3307 tum‘quinquaginta
2428 3225 2528 3295 qui
2579 3199 2815 3284 fuerunt
2846 3199 3491 3307 Constantinopoli,et.

1808 3304 2192 3369 ducentorum
2225 3310 2326 3383 qui
2356 3312 2594 3373 fuerunt
2624 3315 2864 3389 Ephesi;
2891 3325 2949 3375 et
2968 3304 3455 3395 TeclaAiinanor,

1807 3411 2059 3467 quorum
2110 3400 2403 3457 orationes
2441 3408 2498 3458 et
2528 3403 2959 3464 benedictiones
2991 3414 3048 3465 ot
3078 3409 3359 3469 auxilium
3388 3430 3459 3470 ac

1807 3484 1997 3557 gratia
2026 3486 2105 3543 sit
2135 3488 2440 3547 nobiscum
2480 3491 2539 3547 in
2590 3494 2804 3550 saecula
2852 3496 3219 3557 saeculorum.
3249 3502 3454 3563 Amen.

1808 3574 2059 3633 Istorum
2088 3581 2144 3631 et
2172 3575 2404 3634 illorum
2438 3580 2700 3638 omnium
2731 3584 3042 3643 animabus
3068 3587 3329 3661 requiem
3360 3591 3460 3647 tri-

1804 3663 1939 3733 b_ue,
1960 3669 2017 3720 et
2038 3666 2313 3723 miserere
2333 3685 2558 3738 eorum,
2578 3672 2651 3727 ob
2675 3672 2730 3727 id
2755 3673 2911 3730 enim
2936 3676 3193 3734 misistie
3208 3678 3348 3735 cmlo
3372 3680 3459 3736 Fi-

1804 3752 1950 3809 lium
1981 3759 2148 3811 tuum
2181 3757 2239 3811 in
2276 3762 2506 3816 uterum
2534 3759 2813 3834 Virginis.

1878 3847 2153 3901 Diaconus
2181 3847 2313 3902 dicit
2344 3866 2361 3901 :
2394 3848 2502 3915 Qui
2534 3851 2771 3920 sedetis,
2806 3854 3047 3927 surgite.

1875 3934 2135 3991 Sacerdos
2164 3936 2297 3992 dicit
2326 3957 2345 3992 :
2376 3938 2438 3993 In
2487 3956 2603 4012 quo
2646 3946 2934 4021 portatus,
2961 3961 3095 4001 caro
3128 3946 3315 4014 factus
3345 3953 3453 4018 est,

1804 4026 1863 4077 et
1893 4028 2069 4079 notus
2099 4041 2203 4097 per
2232 4026 2515 4099 Spiritum
2547 4036 2816 4089 sanctum
2849 4032 2907 4088 in
2939 4034 3068 4105 ejus
3095 4037 3414 4094 nativitate.

1874 4113 2145 4169 Diaconus
2175 4115 2311 4171 dicit
2339 4135 2358 4171 :
2389 4118 2646 4190 Aspicite
2677 4121 2748 4175 ad
2775 4125 2990 4177 ortum.

1875 4201 2135 4258 Sacerdos
2163 4204 2345 4261 dicit:
2377 4206 2582 4263 Coram
2630 4212 2684 4264 te
2731 4209 3016 4266 assistant
3071 4212 3257 4269 millia
3315 4214 3456 4271 mil—

1805 4289 1950 4346 lium
2011 4296 2350 4349 sanctorum
2422 4294 2785 4368 angelorum,
2844 4301 2901 4354 et
2957 4300 3289 4373 principum
3358 4320 3451 4360 eo-

1805 4397 1957 4436 rum.
2947 4412 2955 4416 “

1873 4471 2147 4526 Diaconus
2177 4471 2311 4527 dicit
2340 4491 2358 4526 :
2388 4473 2777 4544 Aspiciamus.

80 4537 303 4614 Singulis
331 4565 533 4607 eorum
566 4552 738 4623 juxta
766 4569 969 4609 eorum
1009 4570 1243 4622 nomen,
1278 4556 1338 4610 in
1380 4563 1691 4630 conspectu
1724 4571 1772 4636 Ῑ)
1873 4559 2131 4615 Sacerdos
2162 4561 2305 4616 dicit
2336 4579 2352 4615 :
2390 4560 2681 4618 Honorata
2743 4580 2975 4637 quoque
3021 4565 3319 4635 animalia,
3354 4584 3455 4625 sex

79 4639 256 4703 regum
283 4639 607 4709 potentium
639 4641 729 4698 fac
748 4658 847 4699 eos
877 4645 1091 4715 gratos.
1130 4644 1173 4700 0
1204 4644 1469 4713 Domine,
1503 4648 1694 4720 praebe

81 4720 312 4790 requiem
361 4729 672 4787 animabus
704 4735 939 4803 patrum
967 4736 1031 4789 et
1056 4733 1303 4790 fratrum
1332 4737 1690 4805 nostrorum,

81 4806 165 4892 fini
191 4807 247 4865 in
275 4820 428 4871 recta
458 4817 569 4875 fide
598 4817 899 4875 dormiunt
919 4823 977 4875 et
1000 4819 1332 4892 quiescunt,
1364 4825 1423 4877 et
1451 4823 1693 4879 benedic

79 4888 161 4947 his
182 4897 275 4968 qui
302 4901 568 4975 laborant
596 4907 749 4964 circa
794 4908 989 4976 thura,
1018 4888 1177 4966 circa
1204 4888 1507 4974 sacriﬁcia,
1542 4912 1694 4968 circa

76 4979 274 5052 vinum,
303 4991 454 5051 circa
479 4995 695 5065 oleum,
726 5013 793 5053 ac
822 4998 1121 5071 butyrum,
1152 5003 1211 5055 et
1233 5000 1388 5057 circa
1414 5001 1689 5072 cortinas,

81 5073 128 5122 et
150 5072 289 5133 circa
316 5080 487 5140 etiam
515 5084 716 5154 libros,
750 5091 808 5143 et
837 5087 1165 5156 cathedras,
1189 5088 1339 5145 circa
1369 5106 1462 5146 res
1487 5106 1692 5147 omnes

80 5165 267 5219 sanctas
302 5169 584 5241 Ecclesiae,
616 5179 683 5232 ut
737 5175 911 5233 Jesus
968 5176 1235 5234 Christus
1285 5178 1440 5235 Deus
1496 5184 1694 5237 noster

83 5258 449 5316 remuneretur
501 5279 603 5320 eos
652 5262 989 5334 in.’cmlcsti
1040 5265 1390 5323 Jerusalem.
1420 5268 1693 5325 Miserere

81 5337 318 5429 omnium
349 5348 446 5418 qui
477 5350 784 5409 nobiscum
817 5353 1151 5428 congregati
1181 5360 1321 5411 sunt
1340 5358 1411 5413 ad
1436 5374 1693 5429 quaeren-

82 5419 200 5481 dam
226 5431 673 5498 misericordiam
702 5441 803 5498 Dei
836 5419 1189 5500 nostri‘Jesu
1221 5444 1455 5514 Christi,
1479 5451 1536 5502 et
1565 5464 1689 5503 om-

1804 4648 1926 4704 alas
1956 4649 2253 4717 habentia,
2278 4650 2585 4724 Seraphim
2608 4655 2665 4707 et
2693 4651 3008 4710 Cherubim
3033 4656 3291 4728 quicum
3314 4658 3453 4714 dua-

1804 4738 1915 4794 bus
1948 4737 2057 4794 alis
2090 4738 2215 4796 suis
2248 4739 2454 4796 faciem
2488 4758 2680 4810 suam,
2713 4746 2770 4797 et
2818 4759 2951 4798 cum
2997 4744 3228 4801 duabus
3276 4748 3453 4819 pedes

1802 4844 1940 4883 suos
1972 4832 2206 4901 tegunt;
2227 4845 2361 4885 cum
2394 4830 2626 4886 duabus
2656 4848 2789 4886 vero
2819 4830 3016 4888 volant
3038 4849 3073 4888 a
3101 4835 3216 4890 fine
3245 4826 3453 4892 mundi

1803 4917 1875 4973 ad
1908 4917 2082 4972 ﬁnem
2111 4936 2124 4981 ;
2154 4917 2307 4974 sicut
2338 4935 2570 4993 semper
2596 4924 2651 4976 te
2682 4920 3049 4978 sanctificant
3086 4928 3143 4985 et
3186 4923 3451 4995 laudant,

1801 5005 1885 5061 sic
1916 5022 1949 5060 a
1983 5005 2150 5061 nobis
2181 5006 2707 5063 sanctificationem
2757 5013 3022 5066 nostram
3054 5012 3322 5087 recipias,
3352 5016 3453 5089 qui

1802 5093 2053 5150 dicimus
2078 5095 2316 5151 assidue
2348 5112 2362 5152 :
2398 5097 2667 5153 Sanctus.

1869 5183 2139 5239 Diaconus
2168 5185 2309 5240 dicit
2340 5204 2359 5239 :
2390 5185 2594 5243 Dicite.

1870 5273 2117 5344 Papulas
2144 5273 2279 5328 dicit
2307 5294 2327 5328 .-
2360 5273 2630 5343 Sanctus,
2664 5281 2922 5345 sanctus,
2959 5285 3217 5349 sanctus,
3251 5281 3447 5338 Domi-

1800 5376 1912 5415 nus
1942 5361 2220 5416 Sabaoth.
2248 5361 2502 5420 Perfecte
2533 5364 2689 5437 pleni
2721 5372 2862 5424 sunt
2891 5368 3018 5423 coeli
3042 5374 3099 5425 et
3129 5372 3284 5425 terra
3312 5387 3448 5426 san-

1800 5448 1996 5505 ctitate
2025 5448 2223 5522 gloriae
2252 5455 2387 5507 tuae.

143 5603 853 5692 (ziExistimantzEthiopes
871 5620 930 5677 in
946 5620 1052 5678 hac
1065 5620 1173 5678 litu
1182 5622 1305 5694 rgia
1315 5622 1601 5682 Jacobum
1612 5623 1832 5699 Alpheei
1849 5627 2246 5699 apostolorum
2262 5627 2445 5685 alium
2458 5630 2640 5688 fuisse
2651 5648 2685 5687 a
2701 5633 2919 5690 Jacobo
2932 5630 3374 5696 fratreDomini,

3112 5734 3613 6079 Γ

3664 5538 3750 5640 Α
