  <div class='ocr_page' id='page_1' title='image "/cluster/home/n/w/nwhite01/storage/ocr_20150623/138/uva.x000829786/471.png"; bbox 0 0 3844 6200; ppageno 0'>
   <div class='ocr_carea' id='block_1_1' title="bbox 328 332 444 396">
    <p class='ocr_par' dir='ltr' id='par_1_1' title="bbox 328 332 444 396">
     <span class='ocr_line' id='line_1_1' title="bbox 328 332 444 396; baseline 0.026 -3"><span class='ocrx_word' id='word_1_1' title='bbox 328 332 444 396; x_wconf 76' lang='grc'><strong>923</strong></span> 
     </span>
    </p>
   </div>
   <div class='ocr_carea' id='block_1_2' title="bbox 1112 338 3748 411">
    <p class='ocr_par' dir='ltr' id='par_1_2' title="bbox 1112 338 3748 411">
     <span class='ocr_line' id='line_1_2' title="bbox 1112 338 3748 411; baseline 0.005 -13"><span class='ocrx_word' id='word_1_2' title='bbox 1112 338 1447 400; x_wconf 87' lang='lat' dir='ltr'><strong>APPEND.</strong></span> <span class='ocrx_word' id='word_1_3' title='bbox 1495 340 1599 400; x_wconf 83' lang='lat' dir='ltr'><strong>AD</strong></span> <span class='ocrx_word' id='word_1_4' title='bbox 1646 339 1830 401; x_wconf 67' lang='lat' dir='ltr'><strong>S/EC.</strong></span> <span class='ocrx_word' id='word_1_5' title='bbox 1877 338 1950 400; x_wconf 89' lang='grc' dir='ltr'><strong>Χ.</strong></span> <span class='ocrx_word' id='word_1_6' title='bbox 1981 371 2062 384; x_wconf 91' lang='lat'><strong>-</strong></span> <span class='ocrx_word' id='word_1_7' title='bbox 2092 339 2592 406; x_wconf 81' lang='lat' dir='ltr'><strong>MONUMENTA</strong></span> <span class='ocrx_word' id='word_1_8' title='bbox 2634 346 2952 411; x_wconf 81' lang='lat' dir='ltr'><strong>LITURG.</strong></span> <span class='ocrx_word' id='word_1_9' title='bbox 3654 349 3748 411; x_wconf 63' lang='lat'><strong>921</strong></span> 
     </span>
    </p>
   </div>
   <div class='ocr_carea' id='block_1_3' title="bbox 397 469 3746 556">
    <p class='ocr_par' dir='ltr' id='par_1_3' title="bbox 397 469 3746 556">
     <span class='ocr_line' id='line_1_3' title="bbox 397 469 3746 556; baseline 0.004 -29"><span class='ocrx_word' id='word_1_10' title='bbox 397 469 652 528; x_wconf 74' lang='lat' dir='ltr'><strong>Sacerdos</strong></span> <span class='ocrx_word' id='word_1_11' title='bbox 678 469 812 526; x_wconf 88' lang='lat' dir='ltr'><strong>dicit</strong></span> <span class='ocrx_word' id='word_1_12' title='bbox 839 488 858 526; x_wconf 87' lang='lat'><strong><em>:</em></strong></span> <span class='ocrx_word' id='word_1_13' title='bbox 888 472 1034 526; x_wconf 84' lang='lat' dir='ltr'><strong>Vere</strong></span> <span class='ocrx_word' id='word_1_14' title='bbox 1065 469 1216 543; x_wconf 87' lang='lat' dir='ltr'><strong>pleni</strong></span> <span class='ocrx_word' id='word_1_15' title='bbox 1240 475 1378 526; x_wconf 89' lang='lat' dir='ltr'><strong>sunt</strong></span> <span class='ocrx_word' id='word_1_16' title='bbox 1407 470 1532 527; x_wconf 62' lang='grc' dir='ltr'><strong>(εωιί</strong></span> <span class='ocrx_word' id='word_1_17' title='bbox 1564 477 1621 528; x_wconf 89' lang='lat' dir='ltr'><strong>et</strong></span> <span class='ocrx_word' id='word_1_18' title='bbox 1651 479 1804 529; x_wconf 86' lang='lat' dir='ltr'><strong>terra</strong></span> <span class='ocrx_word' id='word_1_19' title='bbox 1835 492 1968 530; x_wconf 89' lang='lat' dir='ltr'><strong>san-</strong></span> <span class='ocrx_word' id='word_1_20' title='bbox 1998 473 2054 538; x_wconf 79' lang='grc' dir='ltr'><strong>Α</strong></span> <span class='ocrx_word' id='word_1_21' title='bbox 2083 473 2299 546; x_wconf 78' lang='lat' dir='ltr'><strong>Spiritu</strong></span> <span class='ocrx_word' id='word_1_22' title='bbox 2321 481 2521 533; x_wconf 87' lang='lat' dir='ltr'><strong>sancto</strong></span> <span class='ocrx_word' id='word_1_23' title='bbox 2545 481 2665 546; x_wconf 90' lang='lat' dir='ltr'><strong>tuo,</strong></span> <span class='ocrx_word' id='word_1_24' title='bbox 2691 482 2747 535; x_wconf 91' lang='lat' dir='ltr'><strong>et</strong></span> <span class='ocrx_word' id='word_1_25' title='bbox 2775 497 2920 536; x_wconf 85' lang='lat' dir='ltr'><strong>sana</strong></span> <span class='ocrx_word' id='word_1_26' title='bbox 2949 499 3055 539; x_wconf 91' lang='lat' dir='ltr'><strong>nos</strong></span> <span class='ocrx_word' id='word_1_27' title='bbox 3081 499 3188 556; x_wconf 89' lang='lat' dir='ltr'><strong>per</strong></span> <span class='ocrx_word' id='word_1_28' title='bbox 3218 482 3332 540; x_wconf 88' lang='lat' dir='ltr'><strong>hoc</strong></span> <span class='ocrx_word' id='word_1_29' title='bbox 3365 483 3746 551; x_wconf 81' lang='lat' dir='ltr'><strong>sacriﬁcium,</strong></span> 
     </span>
    </p>
   </div>
   <div class='ocr_carea' id='block_1_4' title="bbox 326 559 1970 634">
    <p class='ocr_par' dir='ltr' id='par_1_4' title="bbox 326 559 1970 634">
     <span class='ocr_line' id='line_1_4' title="bbox 326 559 1970 634; baseline 0.003 -20"><span class='ocrx_word' id='word_1_30' title='bbox 326 560 525 616; x_wconf 88' lang='lat' dir='ltr'><strong>ctitate</strong></span> <span class='ocrx_word' id='word_1_31' title='bbox 572 559 768 634; x_wconf 62' lang='lat' dir='ltr'><strong>gloria</strong></span> <span class='ocrx_word' id='word_1_32' title='bbox 819 563 950 625; x_wconf 71' lang='lat' dir='ltr'><strong>tuas,</strong></span> <span class='ocrx_word' id='word_1_33' title='bbox 988 577 1091 632; x_wconf 89' lang='lat' dir='ltr'><strong>per</strong></span> <span class='ocrx_word' id='word_1_34' title='bbox 1132 560 1468 628; x_wconf 90' lang='lat' dir='ltr'><strong>Dominum,</strong></span> <span class='ocrx_word' id='word_1_35' title='bbox 1521 566 1578 616; x_wconf 91' lang='lat' dir='ltr'><strong>et</strong></span> <span class='ocrx_word' id='word_1_36' title='bbox 1620 567 1970 619; x_wconf 76' lang='lat' dir='ltr'><strong>servatorem</strong></span> 
     </span>
    </p>
   </div>
   <div class='ocr_carea' id='block_1_5' title="bbox 325 647 1972 722">
    <p class='ocr_par' dir='ltr' id='par_1_5' title="bbox 325 647 1972 722">
     <span class='ocr_line' id='line_1_5' title="bbox 325 647 1972 722; baseline 0.004 -20"><span class='ocrx_word' id='word_1_37' title='bbox 325 653 591 705; x_wconf 86' lang='lat' dir='ltr'><strong>nostrum</strong></span> <span class='ocrx_word' id='word_1_38' title='bbox 611 649 810 704; x_wconf 88' lang='lat' dir='ltr'><strong>Jesum</strong></span> <span class='ocrx_word' id='word_1_39' title='bbox 835 647 1152 716; x_wconf 81' lang='lat' dir='ltr'><strong>Christum,</strong></span> <span class='ocrx_word' id='word_1_40' title='bbox 1169 665 1301 704; x_wconf 88' lang='lat' dir='ltr'><strong>cum</strong></span> <span class='ocrx_word' id='word_1_41' title='bbox 1327 650 1545 722; x_wconf 80' lang='lat' dir='ltr'><strong>Spiritu</strong></span> <span class='ocrx_word' id='word_1_42' title='bbox 1571 657 1770 707; x_wconf 87' lang='lat' dir='ltr'><strong>sancto</strong></span> <span class='ocrx_word' id='word_1_43' title='bbox 1795 653 1850 706; x_wconf 91' lang='lat' dir='ltr'><strong>in</strong></span> <span class='ocrx_word' id='word_1_44' title='bbox 1872 670 1972 708; x_wconf 66' lang='lat' dir='ltr'><strong>sae-</strong></span> 
     </span>
    </p>
   </div>
   <div class='ocr_carea' id='block_1_6' title="bbox 324 736 1970 797">
    <p class='ocr_par' dir='ltr' id='par_1_6' title="bbox 324 736 1970 797">
     <span class='ocr_line' id='line_1_6' title="bbox 324 736 1970 797; baseline 0.002 -5"><span class='ocrx_word' id='word_1_45' title='bbox 324 737 455 793; x_wconf 86' lang='lat' dir='ltr'><strong>cula</strong></span> <span class='ocrx_word' id='word_1_46' title='bbox 484 736 852 794; x_wconf 62' lang='lat' dir='ltr'><strong>seculorum.</strong></span> <span class='ocrx_word' id='word_1_47' title='bbox 876 738 1078 793; x_wconf 88' lang='lat' dir='ltr'><strong>Amen.</strong></span> <span class='ocrx_word' id='word_1_48' title='bbox 1103 739 1350 793; x_wconf 88' lang='lat' dir='ltr'><strong>Sanctus</strong></span> <span class='ocrx_word' id='word_1_49' title='bbox 1375 738 1553 794; x_wconf 89' lang='lat' dir='ltr'><strong>Filius</strong></span> <span class='ocrx_word' id='word_1_50' title='bbox 1575 745 1713 795; x_wconf 89' lang='lat' dir='ltr'><strong>tuus</strong></span> <span class='ocrx_word' id='word_1_51' title='bbox 1737 740 1890 796; x_wconf 87' lang='lat' dir='ltr'><strong>venit</strong></span> <span class='ocrx_word' id='word_1_52' title='bbox 1903 759 1970 797; x_wconf 79' lang='lat' dir='ltr'><strong>ex</strong></span> 
     </span>
    </p>
   </div>
   <div class='ocr_carea' id='block_1_7' title="bbox 320 826 1966 902">
    <p class='ocr_par' dir='ltr' id='par_1_7' title="bbox 320 826 1966 902">
     <span class='ocr_line' id='line_1_7' title="bbox 320 826 1966 902; baseline 0.003 -22"><span class='ocrx_word' id='word_1_53' title='bbox 320 826 558 900; x_wconf 81' lang='lat' dir='ltr'><strong>Virgine</strong></span> <span class='ocrx_word' id='word_1_54' title='bbox 584 830 646 881; x_wconf 89' lang='lat' dir='ltr'><strong>ut</strong></span> <span class='ocrx_word' id='word_1_55' title='bbox 665 826 1022 882; x_wconf 81' lang='lat' dir='ltr'><strong>voluntatem</strong></span> <span class='ocrx_word' id='word_1_56' title='bbox 1045 831 1206 882; x_wconf 91' lang='lat' dir='ltr'><strong>tuam</strong></span> <span class='ocrx_word' id='word_1_57' title='bbox 1229 826 1590 900; x_wconf 71' lang='lat' dir='ltr'><strong>adimplet-et,</strong></span> <span class='ocrx_word' id='word_1_58' title='bbox 1609 833 1664 882; x_wconf 90' lang='lat' dir='ltr'><strong>et</strong></span> <span class='ocrx_word' id='word_1_59' title='bbox 1686 829 1966 902; x_wconf 85' lang='lat' dir='ltr'><strong>populum</strong></span> 
     </span>
    </p>
   </div>
   <div class='ocr_carea' id='block_1_8' title="bbox 320 905 1232 973">
    <p class='ocr_par' dir='ltr' id='par_1_8' title="bbox 320 905 1232 973">
     <span class='ocr_line' id='line_1_8' title="bbox 320 905 1232 973; baseline -0.005 0"><span class='ocrx_word' id='word_1_60' title='bbox 320 922 596 973; x_wconf 87' lang='lat' dir='ltr'><strong>sanctum</strong></span> <span class='ocrx_word' id='word_1_61' title='bbox 627 917 730 972; x_wconf 87' lang='lat' dir='ltr'><strong>tibi</strong></span> <span class='ocrx_word' id='word_1_62' title='bbox 764 915 1075 971; x_wconf 88' lang='lat' dir='ltr'><strong>ordinaret.</strong></span> <span class='ocrx_word' id='word_1_63' title='bbox 1223 905 1232 913; x_wconf 72' lang='grc'><strong>’</strong></span> 
     </span>
    </p>
   </div>
   <div class='ocr_carea' id='block_1_9' title="bbox 388 1021 1964 1099">
    <p class='ocr_par' dir='ltr' id='par_1_9' title="bbox 388 1021 1964 1099">
     <span class='ocr_line' id='line_1_9' title="bbox 388 1021 1964 1099; baseline 0.003 -21"><span class='ocrx_word' id='word_1_64' title='bbox 388 1025 630 1096; x_wconf 80' lang='lat' dir='ltr'><strong>Populus</strong></span> <span class='ocrx_word' id='word_1_65' title='bbox 656 1024 790 1078; x_wconf 97' lang='lat' dir='ltr'><strong>dicit</strong></span> <span class='ocrx_word' id='word_1_66' title='bbox 819 1042 838 1077; x_wconf 90' lang='lat'><strong><em>:</em></strong></span> <span class='ocrx_word' id='word_1_67' title='bbox 869 1021 1203 1078; x_wconf 89' lang='lat' dir='ltr'><strong>Secundum</strong></span> <span class='ocrx_word' id='word_1_68' title='bbox 1264 1021 1726 1080; x_wconf 89' lang='lat' dir='ltr'><strong>misericordiam</strong></span> <span class='ocrx_word' id='word_1_69' title='bbox 1778 1031 1964 1099; x_wconf 88' lang='lat' dir='ltr'><strong>tuam,</strong></span> 
     </span>
    </p>
   </div>
   <div class='ocr_carea' id='block_1_10' title="bbox 318 1113 1586 1183">
    <p class='ocr_par' dir='ltr' id='par_1_10' title="bbox 318 1113 1586 1183">
     <span class='ocr_line' id='line_1_10' title="bbox 318 1113 1586 1183; baseline -0.001 -15"><span class='ocrx_word' id='word_1_70' title='bbox 318 1113 580 1181; x_wconf 88' lang='lat' dir='ltr'><strong>Domine,</strong></span> <span class='ocrx_word' id='word_1_71' title='bbox 612 1129 715 1168; x_wconf 90' lang='lat' dir='ltr'><strong>nec</strong></span> <span class='ocrx_word' id='word_1_72' title='bbox 747 1113 1064 1168; x_wconf 89' lang='lat' dir='ltr'><strong>secundum</strong></span> <span class='ocrx_word' id='word_1_73' title='bbox 1099 1116 1335 1183; x_wconf 88' lang='lat' dir='ltr'><strong>peccata</strong></span> <span class='ocrx_word' id='word_1_74' title='bbox 1365 1116 1586 1168; x_wconf 87' lang='lat' dir='ltr'><strong>nostra.</strong></span> 
     </span>
    </p>
   </div>
   <div class='ocr_carea' id='block_1_11' title="bbox 384 1219 1963 1279">
    <p class='ocr_par' dir='ltr' id='par_1_11' title="bbox 384 1219 1963 1279">
     <span class='ocr_line' id='line_1_11' title="bbox 384 1219 1963 1279; baseline 0.002 -4"><span class='ocrx_word' id='word_1_75' title='bbox 384 1219 640 1276; x_wconf 79' lang='lat' dir='ltr'><strong>Sacerdos</strong></span> <span class='ocrx_word' id='word_1_76' title='bbox 670 1219 805 1275; x_wconf 88' lang='lat' dir='ltr'><strong>dicit</strong></span> <span class='ocrx_word' id='word_1_77' title='bbox 837 1239 853 1273; x_wconf 90' lang='lat'><em>:</em></span> <span class='ocrx_word' id='word_1_78' title='bbox 881 1219 1150 1274; x_wconf 79' lang='lat' dir='ltr'><strong>Extendit</strong></span> <span class='ocrx_word' id='word_1_79' title='bbox 1174 1235 1384 1274; x_wconf 90' lang='lat' dir='ltr'><strong>manus</strong></span> <span class='ocrx_word' id='word_1_80' title='bbox 1407 1237 1544 1275; x_wconf 88' lang='lat' dir='ltr'><strong>suas</strong></span> <span class='ocrx_word' id='word_1_81' title='bbox 1567 1221 1635 1276; x_wconf 88' lang='lat' dir='ltr'><strong>ad</strong></span> <span class='ocrx_word' id='word_1_82' title='bbox 1660 1220 1963 1279; x_wconf 84' lang='lat' dir='ltr'><strong>inﬁrmita-</strong></span> 
     </span>
    </p>
   </div>
   <div class='ocr_carea' id='block_1_12' title="bbox 314 1308 1961 1383">
    <p class='ocr_par' dir='ltr' id='par_1_12' title="bbox 314 1308 1961 1383">
     <span class='ocr_line' id='line_1_12' title="bbox 314 1308 1961 1383; baseline 0.002 -19"><span class='ocrx_word' id='word_1_83' title='bbox 314 1309 794 1365; x_wconf 88' lang='lat' dir='ltr'><strong>tem.lnﬁrmatus</strong></span> <span class='ocrx_word' id='word_1_84' title='bbox 815 1313 990 1364; x_wconf 89' lang='lat' dir='ltr'><strong>estut</strong></span> <span class='ocrx_word' id='word_1_85' title='bbox 1014 1308 1277 1363; x_wconf 80' lang='lat' dir='ltr'><strong>inﬁrmos</strong></span> <span class='ocrx_word' id='word_1_86' title='bbox 1306 1314 1540 1365; x_wconf 85' lang='lat' dir='ltr'><strong>sanaret</strong></span> <span class='ocrx_word' id='word_1_87' title='bbox 1563 1309 1620 1364; x_wconf 91' lang='lat' dir='ltr'><strong>in</strong></span> <span class='ocrx_word' id='word_1_88' title='bbox 1645 1329 1705 1366; x_wconf 90' lang='lat' dir='ltr'><strong>se</strong></span> <span class='ocrx_word' id='word_1_89' title='bbox 1729 1330 1961 1383; x_wconf 88' lang='lat' dir='ltr'><strong>speran-</strong></span> 
     </span>
    </p>
   </div>
   <div class='ocr_carea' id='block_1_13' title="bbox 311 1396 1958 1469">
    <p class='ocr_par' dir='ltr' id='par_1_13' title="bbox 311 1396 1958 1469">
     <span class='ocr_line' id='line_1_13' title="bbox 311 1396 1958 1469; baseline 0.002 -16"><span class='ocrx_word' id='word_1_90' title='bbox 311 1403 419 1455; x_wconf 92' lang='lat' dir='ltr'><strong>tes.</strong></span> <span class='ocrx_word' id='word_1_91' title='bbox 445 1399 548 1465; x_wconf 86' lang='lat' dir='ltr'><strong>Qui</strong></span> <span class='ocrx_word' id='word_1_92' title='bbox 573 1399 744 1453; x_wconf 83' lang='lat' dir='ltr'><strong>etiam</strong></span> <span class='ocrx_word' id='word_1_93' title='bbox 771 1399 944 1452; x_wconf 83' lang='lat' dir='ltr'><strong>datus</strong></span> <span class='ocrx_word' id='word_1_94' title='bbox 975 1401 1064 1453; x_wconf 90' lang='lat' dir='ltr'><strong>est</strong></span> <span class='ocrx_word' id='word_1_95' title='bbox 1093 1413 1196 1469; x_wconf 88' lang='lat' dir='ltr'><strong>per</strong></span> <span class='ocrx_word' id='word_1_96' title='bbox 1223 1396 1580 1454; x_wconf 79' lang='lat' dir='ltr'><strong>voluntatem</strong></span> <span class='ocrx_word' id='word_1_97' title='bbox 1612 1418 1780 1457; x_wconf 90' lang='lat' dir='ltr'><strong>suam</strong></span> <span class='ocrx_word' id='word_1_98' title='bbox 1807 1402 1958 1457; x_wconf 82' lang='lat' dir='ltr'><strong>inﬁr-</strong></span> 
     </span>
    </p>
   </div>
   <div class='ocr_carea' id='block_1_14' title="bbox 311 1487 1958 1554">
    <p class='ocr_par' dir='ltr' id='par_1_14' title="bbox 311 1487 1958 1554">
     <span class='ocr_line' id='line_1_14' title="bbox 311 1487 1958 1554; baseline 0.002 -11"><span class='ocrx_word' id='word_1_99' title='bbox 311 1487 522 1554; x_wconf 89' lang='lat' dir='ltr'><strong>mitati,</strong></span> <span class='ocrx_word' id='word_1_100' title='bbox 557 1493 618 1542; x_wconf 90' lang='lat' dir='ltr'><strong>ut</strong></span> <span class='ocrx_word' id='word_1_101' title='bbox 671 1493 917 1542; x_wconf 83' lang='lat' dir='ltr'><strong>mortem</strong></span> <span class='ocrx_word' id='word_1_102' title='bbox 970 1487 1313 1552; x_wconf 88' lang='lat' dir='ltr'><strong>destrueret,</strong></span> <span class='ocrx_word' id='word_1_103' title='bbox 1347 1492 1404 1541; x_wconf 91' lang='lat' dir='ltr'><strong>et</strong></span> <span class='ocrx_word' id='word_1_104' title='bbox 1452 1488 1684 1544; x_wconf 88' lang='lat' dir='ltr'><strong>vincula</strong></span> <span class='ocrx_word' id='word_1_105' title='bbox 1741 1491 1958 1546; x_wconf 84' lang='lat' dir='ltr'><strong>diaboli</strong></span> 
     </span>
    </p>
   </div>
   <div class='ocr_carea' id='block_1_15' title="bbox 309 1575 1953 1650">
    <p class='ocr_par' dir='ltr' id='par_1_15' title="bbox 309 1575 1953 1650">
     <span class='ocr_line' id='line_1_15' title="bbox 309 1575 1953 1650; baseline 0.001 -18"><span class='ocrx_word' id='word_1_106' title='bbox 309 1576 670 1635; x_wconf 82' lang='lat' dir='ltr'><strong>dissolveret.</strong></span> <span class='ocrx_word' id='word_1_107' title='bbox 703 1581 760 1630; x_wconf 92' lang='lat' dir='ltr'><strong>et</strong></span> <span class='ocrx_word' id='word_1_108' title='bbox 791 1575 1038 1630; x_wconf 82' lang='lat' dir='ltr'><strong>calcaret</strong></span> <span class='ocrx_word' id='word_1_109' title='bbox 1071 1575 1385 1642; x_wconf 85' lang='lat' dir='ltr'><strong>infernum,</strong></span> <span class='ocrx_word' id='word_1_110' title='bbox 1420 1577 1631 1647; x_wconf 90' lang='lat' dir='ltr'><strong>probos</strong></span> <span class='ocrx_word' id='word_1_111' title='bbox 1661 1578 1953 1650; x_wconf 82' lang='lat' dir='ltr'><strong>dirigeret,</strong></span> 
     </span>
    </p>
   </div>
   <div class='ocr_carea' id='block_1_16' title="bbox 309 1664 1954 1738">
    <p class='ocr_par' dir='ltr' id='par_1_16' title="bbox 309 1664 1954 1738">
     <span class='ocr_line' id='line_1_16' title="bbox 309 1664 1954 1738; baseline 0.001 -16"><span class='ocrx_word' id='word_1_112' title='bbox 309 1666 573 1722; x_wconf 88' lang='lat' dir='ltr'><strong>ordinem</strong></span> <span class='ocrx_word' id='word_1_113' title='bbox 606 1664 913 1738; x_wconf 86' lang='lat' dir='ltr'><strong>plantaret,</strong></span> <span class='ocrx_word' id='word_1_114' title='bbox 947 1669 1004 1719; x_wconf 86' lang='lat' dir='ltr'><strong>et</strong></span> <span class='ocrx_word' id='word_1_115' title='bbox 1034 1665 1517 1720; x_wconf 84' lang='lat' dir='ltr'><strong>resurrectionem</strong></span> <span class='ocrx_word' id='word_1_116' title='bbox 1559 1683 1726 1722; x_wconf 88' lang='lat' dir='ltr'><strong>suam</strong></span> <span class='ocrx_word' id='word_1_117' title='bbox 1770 1669 1954 1723; x_wconf 86' lang='lat' dir='ltr'><strong>mani-</strong></span> 
     </span>
    </p>
   </div>
   <div class='ocr_carea' id='block_1_17' title="bbox 309 1753 1956 1829">
    <p class='ocr_par' dir='ltr' id='par_1_17' title="bbox 309 1753 1956 1829">
     <span class='ocr_line' id='line_1_17' title="bbox 309 1753 1956 1829; baseline 0.001 -18"><span class='ocrx_word' id='word_1_118' title='bbox 309 1757 568 1811; x_wconf 82' lang='lat' dir='ltr'><strong>festaret.</strong></span> <span class='ocrx_word' id='word_1_119' title='bbox 603 1755 665 1810; x_wconf 91' lang='lat' dir='ltr'><strong>In</strong></span> <span class='ocrx_word' id='word_1_120' title='bbox 698 1770 766 1809; x_wconf 88' lang='lat' dir='ltr'><strong>ea</strong></span> <span class='ocrx_word' id='word_1_121' title='bbox 794 1757 962 1808; x_wconf 90' lang='lat' dir='ltr'><strong>nocte</strong></span> <span class='ocrx_word' id='word_1_122' title='bbox 1000 1753 1058 1808; x_wconf 91' lang='lat' dir='ltr'><strong>in</strong></span> <span class='ocrx_word' id='word_1_123' title='bbox 1111 1769 1226 1824; x_wconf 92' lang='lat' dir='ltr'><strong>qua</strong></span> <span class='ocrx_word' id='word_1_124' title='bbox 1285 1754 1535 1810; x_wconf 88' lang='lat' dir='ltr'><strong>traditus</strong></span> <span class='ocrx_word' id='word_1_125' title='bbox 1591 1761 1700 1822; x_wconf 88' lang='lat' dir='ltr'><strong>est,</strong></span> <span class='ocrx_word' id='word_1_126' title='bbox 1735 1759 1956 1829; x_wconf 86' lang='lat' dir='ltr'><strong>accepit</strong></span> 
     </span>
    </p>
   </div>
   <div class='ocr_carea' id='block_1_18' title="bbox 308 1843 2035 1917">
    <p class='ocr_par' dir='ltr' id='par_1_18' title="bbox 308 1843 2035 1917">
     <span class='ocr_line' id='line_1_18' title="bbox 308 1843 2035 1917; baseline 0.002 -19"><span class='ocrx_word' id='word_1_127' title='bbox 308 1859 517 1917; x_wconf 88' lang='lat' dir='ltr'><strong>panem</strong></span> <span class='ocrx_word' id='word_1_128' title='bbox 551 1843 608 1898; x_wconf 92' lang='lat' dir='ltr'><strong>in</strong></span> <span class='ocrx_word' id='word_1_129' title='bbox 641 1847 873 1898; x_wconf 89' lang='lat' dir='ltr'><strong>sanctas</strong></span> <span class='ocrx_word' id='word_1_130' title='bbox 909 1859 974 1896; x_wconf 92' lang='lat' dir='ltr'><strong>ac</strong></span> <span class='ocrx_word' id='word_1_131' title='bbox 1005 1843 1202 1897; x_wconf 87' lang='lat' dir='ltr'><strong>beatas</strong></span> <span class='ocrx_word' id='word_1_132' title='bbox 1241 1846 1298 1896; x_wconf 90' lang='lat' dir='ltr'><strong>et</strong></span> <span class='ocrx_word' id='word_1_133' title='bbox 1329 1843 1454 1898; x_wconf 91' lang='lat' dir='ltr'><strong>sine</strong></span> <span class='ocrx_word' id='word_1_134' title='bbox 1487 1844 1716 1900; x_wconf 82' lang='lat' dir='ltr'><strong>macula</strong></span> <span class='ocrx_word' id='word_1_135' title='bbox 1746 1862 1956 1901; x_wconf 88' lang='lat' dir='ltr'><strong>manus</strong></span> <span class='ocrx_word' id='word_1_136' title='bbox 1988 1846 2035 1910; x_wconf 91' lang='lat' dir='ltr'><strong>B</strong></span> 
     </span>
    </p>
   </div>
   <div class='ocr_carea' id='block_1_19' title="bbox 307 1928 1961 2009">
    <p class='ocr_par' dir='ltr' id='par_1_19' title="bbox 307 1928 1961 2009">
     <span class='ocr_line' id='line_1_19' title="bbox 307 1928 1961 2009; baseline 0.001 -21"><span class='ocrx_word' id='word_1_137' title='bbox 307 1951 466 1999; x_wconf 89' lang='lat' dir='ltr'><strong>suas,</strong></span> <span class='ocrx_word' id='word_1_138' title='bbox 500 1931 751 2004; x_wconf 85' lang='lat' dir='ltr'><strong>inspexit</strong></span> <span class='ocrx_word' id='word_1_139' title='bbox 780 1932 838 1986; x_wconf 92' lang='lat' dir='ltr'><strong>in</strong></span> <span class='ocrx_word' id='word_1_140' title='bbox 871 1930 1080 1986; x_wconf 76' lang='lat' dir='ltr'><strong>cmlum</strong></span> <span class='ocrx_word' id='word_1_141' title='bbox 1111 1932 1182 1986; x_wconf 89' lang='lat' dir='ltr'><strong>ad</strong></span> <span class='ocrx_word' id='word_1_142' title='bbox 1226 1935 1281 1986; x_wconf 92' lang='lat' dir='ltr'><strong>te</strong></span> <span class='ocrx_word' id='word_1_143' title='bbox 1327 1928 1559 1987; x_wconf 84' lang='lat' dir='ltr'><strong>Patrem</strong></span> <span class='ocrx_word' id='word_1_144' title='bbox 1607 1951 1802 2002; x_wconf 88' lang='lat' dir='ltr'><strong>suum,</strong></span> <span class='ocrx_word' id='word_1_145' title='bbox 1835 1953 1961 2009; x_wconf 85' lang='lat' dir='ltr'><strong>gra-</strong></span> 
     </span>
    </p>
   </div>
   <div class='ocr_carea' id='block_1_20' title="bbox 305 2019 1958 2100">
    <p class='ocr_par' dir='ltr' id='par_1_20' title="bbox 305 2019 1958 2100">
     <span class='ocr_line' id='line_1_20' title="bbox 305 2019 1958 2100; baseline 0.001 -22"><span class='ocrx_word' id='word_1_146' title='bbox 305 2024 419 2078; x_wconf 88' lang='lat' dir='ltr'><strong>tias</strong></span> <span class='ocrx_word' id='word_1_147' title='bbox 449 2023 584 2096; x_wconf 83' lang='lat' dir='ltr'><strong>egit,</strong></span> <span class='ocrx_word' id='word_1_148' title='bbox 623 2019 938 2087; x_wconf 83' lang='lat' dir='ltr'><strong>benedixit,</strong></span> <span class='ocrx_word' id='word_1_149' title='bbox 971 2024 1027 2076; x_wconf 86' lang='lat' dir='ltr'><strong>et</strong></span> <span class='ocrx_word' id='word_1_150' title='bbox 1058 2020 1473 2100; x_wconf 79' lang='lat' dir='ltr'><strong>sanctiﬁcavit,_</strong></span> <span class='ocrx_word' id='word_1_151' title='bbox 1495 2025 1550 2076; x_wconf 90' lang='lat' dir='ltr'><strong>et</strong></span> <span class='ocrx_word' id='word_1_152' title='bbox 1579 2022 1740 2078; x_wconf 90' lang='lat' dir='ltr'><strong>dedit</strong></span> <span class='ocrx_word' id='word_1_153' title='bbox 1788 2023 1958 2079; x_wconf 89' lang='lat' dir='ltr'><strong>disci-</strong></span> 
     </span>
    </p>
   </div>
   <div class='ocr_carea' id='block_1_21' title="bbox 303 2109 1950 2185">
    <p class='ocr_par' dir='ltr' id='par_1_21' title="bbox 303 2109 1950 2185">
     <span class='ocr_line' id='line_1_21' title="bbox 303 2109 1950 2185; baseline 0.001 -18"><span class='ocrx_word' id='word_1_154' title='bbox 303 2111 459 2185; x_wconf 87' lang='lat' dir='ltr'><strong>pulis</strong></span> <span class='ocrx_word' id='word_1_155' title='bbox 487 2113 611 2168; x_wconf 88' lang='lat' dir='ltr'><strong>suis</strong></span> <span class='ocrx_word' id='word_1_156' title='bbox 638 2110 839 2165; x_wconf 86' lang='lat' dir='ltr'><strong>dicens</strong></span> <span class='ocrx_word' id='word_1_157' title='bbox 856 2127 868 2164; x_wconf 93' lang='lat'>:</span> <span class='ocrx_word' id='word_1_158' title='bbox 884 2109 1137 2181; x_wconf 84' lang='lat' dir='ltr'><strong>Accipite</strong></span> <span class='ocrx_word' id='word_1_159' title='bbox 1154 2114 1211 2164; x_wconf 91' lang='lat' dir='ltr'><strong>et</strong></span> <span class='ocrx_word' id='word_1_160' title='bbox 1233 2110 1517 2165; x_wconf 90' lang='lat' dir='ltr'><strong>comedite</strong></span> <span class='ocrx_word' id='word_1_161' title='bbox 1537 2128 1604 2166; x_wconf 84' lang='lat' dir='ltr'><strong>ex</strong></span> <span class='ocrx_word' id='word_1_162' title='bbox 1621 2128 1686 2166; x_wconf 87' lang='lat' dir='ltr'><strong>eo</strong></span> <span class='ocrx_word' id='word_1_163' title='bbox 1709 2129 1913 2168; x_wconf 88' lang='lat' dir='ltr'><strong>omnes</strong></span> <span class='ocrx_word' id='word_1_164' title='bbox 1937 2131 1950 2169; x_wconf 92' lang='lat'><em>:</em></span> 
     </span>
    </p>
   </div>
   <div class='ocr_carea' id='block_1_22' title="bbox 302 2197 1951 2272">
    <p class='ocr_par' dir='ltr' id='par_1_22' title="bbox 302 2197 1951 2272">
     <span class='ocr_line' id='line_1_22' title="bbox 302 2197 1951 2272; baseline 0 -15"><span class='ocrx_word' id='word_1_165' title='bbox 302 2203 420 2257; x_wconf 89' lang='lat' dir='ltr'><strong>Hoc</strong></span> <span class='ocrx_word' id='word_1_166' title='bbox 447 2205 534 2257; x_wconf 87' lang='lat' dir='ltr'><strong>est</strong></span> <span class='ocrx_word' id='word_1_167' title='bbox 566 2215 776 2272; x_wconf 89' lang='lat' dir='ltr'><strong>corpus</strong></span> <span class='ocrx_word' id='word_1_168' title='bbox 809 2215 1028 2263; x_wconf 90' lang='lat' dir='ltr'><strong>meum,</strong></span> <span class='ocrx_word' id='word_1_169' title='bbox 1057 2198 1215 2269; x_wconf 90' lang='lat' dir='ltr'><strong>quod</strong></span> <span class='ocrx_word' id='word_1_170' title='bbox 1249 2215 1352 2270; x_wconf 90' lang='lat' dir='ltr'><strong>pro</strong></span> <span class='ocrx_word' id='word_1_171' title='bbox 1402 2197 1565 2254; x_wconf 89' lang='lat' dir='ltr'><strong>vobis</strong></span> <span class='ocrx_word' id='word_1_172' title='bbox 1597 2200 1861 2256; x_wconf 83' lang='lat' dir='ltr'><strong>tradetur</strong></span> <span class='ocrx_word' id='word_1_173' title='bbox 1893 2201 1951 2258; x_wconf 92' lang='lat' dir='ltr'><strong>in</strong></span> 
     </span>
    </p>
   </div>
   <div class='ocr_carea' id='block_1_23' title="bbox 301 2289 1366 2359">
    <p class='ocr_par' dir='ltr' id='par_1_23' title="bbox 301 2289 1366 2359">
     <span class='ocr_line' id='line_1_23' title="bbox 301 2289 1366 2359; baseline -0.005 -14"><span class='ocrx_word' id='word_1_174' title='bbox 301 2289 708 2347; x_wconf 86' lang='lat' dir='ltr'><strong>remissionem</strong></span> <span class='ocrx_word' id='word_1_175' title='bbox 738 2291 1128 2359; x_wconf 86' lang='lat' dir='ltr'><strong>peccatorum.</strong></span> <span class='ocrx_word' id='word_1_176' title='bbox 1164 2289 1366 2341; x_wconf 81' lang='lat' dir='ltr'><strong>Amen.</strong></span> 
     </span>
    </p>
   </div>
   <div class='ocr_carea' id='block_1_24' title="bbox 371 2393 1952 2467">
    <p class='ocr_par' dir='ltr' id='par_1_24' title="bbox 371 2393 1952 2467">
     <span class='ocr_line' id='line_1_24' title="bbox 371 2393 1952 2467; baseline 0.001 -16"><span class='ocrx_word' id='word_1_177' title='bbox 371 2397 611 2467; x_wconf 80' lang='lat' dir='ltr'><strong>Populus</strong></span> <span class='ocrx_word' id='word_1_178' title='bbox 641 2393 775 2448; x_wconf 90' lang='lat' dir='ltr'><strong>dicit</strong></span> <span class='ocrx_word' id='word_1_179' title='bbox 805 2411 822 2448; x_wconf 86' lang='lat'><strong><em>:</em></strong></span> <span class='ocrx_word' id='word_1_180' title='bbox 855 2398 1062 2457; x_wconf 86' lang='lat' dir='ltr'><strong>Amen,</strong></span> <span class='ocrx_word' id='word_1_181' title='bbox 1107 2409 1298 2456; x_wconf 89' lang='lat' dir='ltr'><strong>amen,</strong></span> <span class='ocrx_word' id='word_1_182' title='bbox 1333 2409 1521 2448; x_wconf 88' lang='lat' dir='ltr'><strong>amen.</strong></span> <span class='ocrx_word' id='word_1_183' title='bbox 1559 2394 1864 2453; x_wconf 87' lang='lat' dir='ltr'><strong>Credimus</strong></span> <span class='ocrx_word' id='word_1_184' title='bbox 1896 2402 1952 2453; x_wconf 91' lang='lat' dir='ltr'><strong>et</strong></span> 
     </span>
    </p>
   </div>
   <div class='ocr_carea' id='block_1_25' title="bbox 301 2480 1946 2550">
    <p class='ocr_par' dir='ltr' id='par_1_25' title="bbox 301 2480 1946 2550">
     <span class='ocr_line' id='line_1_25' title="bbox 301 2480 1946 2550; baseline 0.001 -10"><span class='ocrx_word' id='word_1_185' title='bbox 301 2482 744 2548; x_wconf 89' lang='lat' dir='ltr'><strong>conﬁdimus,et</strong></span> <span class='ocrx_word' id='word_1_186' title='bbox 768 2480 1082 2536; x_wconf 85' lang='lat' dir='ltr'><strong>laudamus</strong></span> <span class='ocrx_word' id='word_1_187' title='bbox 1113 2485 1234 2545; x_wconf 90' lang='lat' dir='ltr'><strong>te,o</strong></span> <span class='ocrx_word' id='word_1_188' title='bbox 1267 2480 1698 2550; x_wconf 88' lang='lat' dir='ltr'><strong>Domine,Deus</strong></span> <span class='ocrx_word' id='word_1_189' title='bbox 1731 2491 1946 2542; x_wconf 89' lang='lat' dir='ltr'><strong>noster.</strong></span> 
     </span>
    </p>
   </div>
   <div class='ocr_carea' id='block_1_26' title="bbox 301 2571 1152 2641">
    <p class='ocr_par' dir='ltr' id='par_1_26' title="bbox 301 2571 1152 2641">
     <span class='ocr_line' id='line_1_26' title="bbox 301 2571 1152 2641; baseline -0.008 -12"><span class='ocrx_word' id='word_1_190' title='bbox 301 2575 417 2629; x_wconf 85' lang='lat' dir='ltr'><strong>lloc</strong></span> <span class='ocrx_word' id='word_1_191' title='bbox 448 2588 578 2626; x_wconf 87' lang='lat' dir='ltr'><strong>vere</strong></span> <span class='ocrx_word' id='word_1_192' title='bbox 609 2586 819 2641; x_wconf 88' lang='lat' dir='ltr'><strong>corpus</strong></span> <span class='ocrx_word' id='word_1_193' title='bbox 844 2571 1012 2623; x_wconf 91' lang='lat' dir='ltr'><strong>tuum</strong></span> <span class='ocrx_word' id='word_1_194' title='bbox 1045 2573 1152 2624; x_wconf 86' lang='lat' dir='ltr'><strong>est.</strong></span> 
     </span>
    </p>
   </div>
   <div class='ocr_carea' id='block_1_27' title="bbox 370 2657 1944 2734">
    <p class='ocr_par' dir='ltr' id='par_1_27' title="bbox 370 2657 1944 2734">
     <span class='ocr_line' id='line_1_27' title="bbox 370 2657 1944 2734; baseline 0.001 -17"><span class='ocrx_word' id='word_1_195' title='bbox 370 2660 627 2717; x_wconf 82' lang='lat' dir='ltr'><strong>Sacerdos</strong></span> <span class='ocrx_word' id='word_1_196' title='bbox 652 2659 785 2713; x_wconf 82' lang='lat' dir='ltr'><strong>dicit</strong></span> <span class='ocrx_word' id='word_1_197' title='bbox 817 2677 833 2711; x_wconf 92' lang='lat'><strong><em>:</em></strong></span> <span class='ocrx_word' id='word_1_198' title='bbox 866 2657 1148 2713; x_wconf 89' lang='lat' dir='ltr'><strong>Similiter</strong></span> <span class='ocrx_word' id='word_1_199' title='bbox 1187 2657 1445 2726; x_wconf 86' lang='lat' dir='ltr'><strong>calicem,</strong></span> <span class='ocrx_word' id='word_1_200' title='bbox 1479 2660 1695 2731; x_wconf 82' lang='lat' dir='ltr'><strong>gratias</strong></span> <span class='ocrx_word' id='word_1_201' title='bbox 1745 2680 1944 2734; x_wconf 82' lang='lat' dir='ltr'><strong>agens,</strong></span> 
     </span>
    </p>
   </div>
   <div class='ocr_carea' id='block_1_28' title="bbox 300 2745 1947 2822">
    <p class='ocr_par' dir='ltr' id='par_1_28' title="bbox 300 2745 1947 2822">
     <span class='ocr_line' id='line_1_28' title="bbox 300 2745 1947 2822; baseline 0.002 -16"><span class='ocrx_word' id='word_1_202' title='bbox 300 2748 614 2814; x_wconf 82' lang='lat' dir='ltr'><strong>benedixit,</strong></span> <span class='ocrx_word' id='word_1_203' title='bbox 649 2751 706 2802; x_wconf 90' lang='lat' dir='ltr'><strong>et</strong></span> <span class='ocrx_word' id='word_1_204' title='bbox 736 2745 1138 2812; x_wconf 86' lang='lat' dir='ltr'><strong>sanctiﬁcavit,</strong></span> <span class='ocrx_word' id='word_1_205' title='bbox 1173 2751 1230 2802; x_wconf 87' lang='lat' dir='ltr'><strong>et</strong></span> <span class='ocrx_word' id='word_1_206' title='bbox 1259 2746 1403 2802; x_wconf 82' lang='lat' dir='ltr'><strong>dixit</strong></span> <span class='ocrx_word' id='word_1_207' title='bbox 1449 2749 1532 2804; x_wconf 91' lang='lat' dir='ltr'><strong>eis</strong></span> <span class='ocrx_word' id='word_1_208' title='bbox 1560 2765 1572 2804; x_wconf 92' lang='lat'>:</span> <span class='ocrx_word' id='word_1_209' title='bbox 1606 2751 1861 2822; x_wconf 86' lang='lat' dir='ltr'><strong>Accipite</strong></span> <span class='ocrx_word' id='word_1_210' title='bbox 1890 2758 1947 2810; x_wconf 89' lang='lat' dir='ltr'><strong>et</strong></span> 
     </span>
    </p>
   </div>
   <div class='ocr_carea' id='block_1_29' title="bbox 299 2833 1946 2914">
    <p class='ocr_par' dir='ltr' id='par_1_29' title="bbox 299 2833 1946 2914">
     <span class='ocr_line' id='line_1_29' title="bbox 299 2833 1946 2914; baseline 0.002 -20"><span class='ocrx_word' id='word_1_211' title='bbox 299 2837 482 2894; x_wconf 89' lang='lat' dir='ltr'><strong>bibite</strong></span> <span class='ocrx_word' id='word_1_212' title='bbox 513 2854 580 2893; x_wconf 86' lang='lat' dir='ltr'><strong>ex</strong></span> <span class='ocrx_word' id='word_1_213' title='bbox 609 2853 675 2892; x_wconf 91' lang='lat' dir='ltr'><strong>eo</strong></span> <span class='ocrx_word' id='word_1_214' title='bbox 704 2833 1053 2891; x_wconf 75' lang='lat' dir='ltr'><strong>omneszﬂic</strong></span> <span class='ocrx_word' id='word_1_215' title='bbox 1084 2840 1172 2890; x_wconf 90' lang='lat' dir='ltr'><strong>est</strong></span> <span class='ocrx_word' id='word_1_216' title='bbox 1197 2835 1342 2891; x_wconf 85' lang='lat' dir='ltr'><strong>calix</strong></span> <span class='ocrx_word' id='word_1_217' title='bbox 1376 2839 1682 2909; x_wconf 82' lang='lat' dir='ltr'><strong>sanguinis</strong></span> <span class='ocrx_word' id='word_1_218' title='bbox 1715 2841 1826 2896; x_wconf 92' lang='lat' dir='ltr'><strong>mei</strong></span> <span class='ocrx_word' id='word_1_219' title='bbox 1846 2844 1946 2914; x_wconf 89' lang='lat' dir='ltr'><strong>qui</strong></span> 
     </span>
    </p>
   </div>
   <div class='ocr_carea' id='block_1_30' title="bbox 299 2925 1942 3002">
    <p class='ocr_par' dir='ltr' id='par_1_30' title="bbox 299 2925 1942 3002">
     <span class='ocr_line' id='line_1_30' title="bbox 299 2925 1942 3002; baseline 0.002 -19"><span class='ocrx_word' id='word_1_220' title='bbox 299 2945 402 3002; x_wconf 91' lang='lat' dir='ltr'><strong>pro</strong></span> <span class='ocrx_word' id='word_1_221' title='bbox 429 2926 592 2982; x_wconf 89' lang='lat' dir='ltr'><strong>vobis</strong></span> <span class='ocrx_word' id='word_1_222' title='bbox 621 2926 1021 2982; x_wconf 76' lang='lat' dir='ltr'><strong>elfundeturet</strong></span> <span class='ocrx_word' id='word_1_223' title='bbox 1037 2942 1139 2996; x_wconf 91' lang='lat' dir='ltr'><strong>pro</strong></span> <span class='ocrx_word' id='word_1_224' title='bbox 1172 2925 1568 2998; x_wconf 88' lang='lat' dir='ltr'><strong>redemptione</strong></span> <span class='ocrx_word' id='word_1_225' title='bbox 1600 2927 1942 2987; x_wconf 90' lang='lat' dir='ltr'><strong>multorum.</strong></span> 
     </span>
    </p>
   </div>
   <div class='ocr_carea' id='block_1_31' title="bbox 298 3020 504 3073">
    <p class='ocr_par' dir='ltr' id='par_1_31' title="bbox 298 3020 504 3073">
     <span class='ocr_line' id='line_1_31' title="bbox 298 3020 504 3073; baseline -0.01 0"><span class='ocrx_word' id='word_1_226' title='bbox 298 3020 504 3073; x_wconf 85' lang='lat' dir='ltr'><strong>Amen.</strong></span> 
     </span>
    </p>
   </div>
   <div class='ocr_carea' id='block_1_32' title="bbox 364 3102 1943 3179">
    <p class='ocr_par' dir='ltr' id='par_1_32' title="bbox 364 3102 1943 3179">
     <span class='ocr_line' id='line_1_32' title="bbox 364 3102 1943 3179; baseline 0.002 -17"><span class='ocrx_word' id='word_1_227' title='bbox 364 3102 609 3179; x_wconf 78' lang='lat' dir='ltr'><strong>Papulas</strong></span> <span class='ocrx_word' id='word_1_228' title='bbox 639 3104 773 3159; x_wconf 80' lang='lat' dir='ltr'><strong>dicit</strong></span> <span class='ocrx_word' id='word_1_229' title='bbox 802 3122 819 3158; x_wconf 90' lang='lat'><em>:</em></span> <span class='ocrx_word' id='word_1_230' title='bbox 848 3104 1053 3170; x_wconf 85' lang='lat' dir='ltr'><strong>Amen,</strong></span> <span class='ocrx_word' id='word_1_231' title='bbox 1088 3119 1279 3168; x_wconf 88' lang='lat' dir='ltr'><strong>amen,</strong></span> <span class='ocrx_word' id='word_1_232' title='bbox 1325 3121 1515 3161; x_wconf 90' lang='lat' dir='ltr'><strong>amen.</strong></span> <span class='ocrx_word' id='word_1_233' title='bbox 1551 3105 1855 3164; x_wconf 89' lang='lat' dir='ltr'><strong>Credimus</strong></span> <span class='ocrx_word' id='word_1_234' title='bbox 1886 3113 1943 3165; x_wconf 87' lang='lat' dir='ltr'><strong>et</strong></span> 
     </span>
    </p>
   </div>
   <div class='ocr_carea' id='block_1_33' title="bbox 294 3191 2017 3282">
    <p class='ocr_par' dir='ltr' id='par_1_33' title="bbox 294 3191 2017 3282">
     <span class='ocr_line' id='line_1_33' title="bbox 294 3191 2017 3282; baseline 0.001 -30"><span class='ocrx_word' id='word_1_235' title='bbox 294 3191 1072 3261; x_wconf 87' lang='lat' dir='ltr'><strong>conﬁdimus,et1audumus</strong></span> <span class='ocrx_word' id='word_1_236' title='bbox 1105 3198 1229 3259; x_wconf 91' lang='lat' dir='ltr'><strong>te,o</strong></span> <span class='ocrx_word' id='word_1_237' title='bbox 1261 3193 1525 3262; x_wconf 91' lang='lat' dir='ltr'><strong>Domine,</strong></span> <span class='ocrx_word' id='word_1_238' title='bbox 1543 3195 1694 3252; x_wconf 90' lang='lat' dir='ltr'><strong>Deus</strong></span> <span class='ocrx_word' id='word_1_239' title='bbox 1721 3202 1938 3254; x_wconf 89' lang='lat' dir='ltr'><strong>noster.</strong></span> <span class='ocrx_word' id='word_1_240' title='bbox 1973 3215 2017 3282; x_wconf 71' lang='grc' dir='ltr'><strong>ρ</strong></span> 
     </span>
    </p>
   </div>
   <div class='ocr_carea' id='block_1_34' title="bbox 295 3283 1137 3355">
    <p class='ocr_par' dir='ltr' id='par_1_34' title="bbox 295 3283 1137 3355">
     <span class='ocr_line' id='line_1_34' title="bbox 295 3283 1137 3355; baseline -0.007 -14"><span class='ocrx_word' id='word_1_241' title='bbox 295 3284 397 3341; x_wconf 84' lang='lat' dir='ltr'><strong>Hic</strong></span> <span class='ocrx_word' id='word_1_242' title='bbox 425 3302 556 3341; x_wconf 89' lang='lat' dir='ltr'><strong>vere</strong></span> <span class='ocrx_word' id='word_1_243' title='bbox 589 3283 830 3355; x_wconf 85' lang='lat' dir='ltr'><strong>sanguis</strong></span> <span class='ocrx_word' id='word_1_244' title='bbox 861 3286 997 3338; x_wconf 89' lang='lat' dir='ltr'><strong>tuus</strong></span> <span class='ocrx_word' id='word_1_245' title='bbox 1028 3286 1137 3337; x_wconf 88' lang='lat' dir='ltr'><strong>est.</strong></span> 
     </span>
    </p>
   </div>
   <div class='ocr_carea' id='block_1_35' title="bbox 362 3370 1940 3441">
    <p class='ocr_par' dir='ltr' id='par_1_35' title="bbox 362 3370 1940 3441">
     <span class='ocr_line' id='line_1_35' title="bbox 362 3370 1940 3441; baseline -0.001 -11"><span class='ocrx_word' id='word_1_246' title='bbox 362 3373 618 3430; x_wconf 78' lang='lat' dir='ltr'><strong>Sacerdos</strong></span> <span class='ocrx_word' id='word_1_247' title='bbox 648 3372 783 3428; x_wconf 85' lang='lat' dir='ltr'><strong>dicit</strong></span> <span class='ocrx_word' id='word_1_248' title='bbox 813 3389 832 3426; x_wconf 92' lang='lat'><em>:</em></span> <span class='ocrx_word' id='word_1_249' title='bbox 865 3370 1101 3435; x_wconf 88' lang='lat' dir='ltr'><strong>Quoties</strong></span> <span class='ocrx_word' id='word_1_250' title='bbox 1133 3370 1242 3426; x_wconf 90' lang='lat' dir='ltr'><strong>hoc</strong></span> <span class='ocrx_word' id='word_1_251' title='bbox 1276 3371 1549 3441; x_wconf 85' lang='lat' dir='ltr'><strong>feceritis,</strong></span> <span class='ocrx_word' id='word_1_252' title='bbox 1583 3373 1641 3429; x_wconf 89' lang='lat' dir='ltr'><strong>in</strong></span> <span class='ocrx_word' id='word_1_253' title='bbox 1675 3376 1786 3432; x_wconf 89' lang='lat' dir='ltr'><strong>mei</strong></span> <span class='ocrx_word' id='word_1_254' title='bbox 1820 3394 1940 3433; x_wconf 88' lang='lat' dir='ltr'><strong>me-</strong></span> 
     </span>
    </p>
   </div>
   <div class='ocr_carea' id='block_1_36' title="bbox 293 3461 822 3519">
    <p class='ocr_par' dir='ltr' id='par_1_36' title="bbox 293 3461 822 3519">
     <span class='ocr_line' id='line_1_36' title="bbox 293 3461 822 3519; baseline -0.008 0"><span class='ocrx_word' id='word_1_255' title='bbox 293 3463 541 3519; x_wconf 90' lang='lat' dir='ltr'><strong>moriam</strong></span> <span class='ocrx_word' id='word_1_256' title='bbox 577 3461 822 3517; x_wconf 84' lang='lat' dir='ltr'><strong>facietis.</strong></span> 
     </span>
    </p>
   </div>
   <div class='ocr_carea' id='block_1_37' title="bbox 363 3549 1938 3624">
    <p class='ocr_par' dir='ltr' id='par_1_37' title="bbox 363 3549 1938 3624">
     <span class='ocr_line' id='line_1_37' title="bbox 363 3549 1938 3624; baseline 0.001 -15"><span class='ocrx_word' id='word_1_257' title='bbox 363 3554 601 3624; x_wconf 81' lang='lat' dir='ltr'><strong>Populus</strong></span> <span class='ocrx_word' id='word_1_258' title='bbox 629 3552 763 3606; x_wconf 84' lang='lat' dir='ltr'><strong>dicit</strong></span> <span class='ocrx_word' id='word_1_259' title='bbox 792 3569 809 3605; x_wconf 91' lang='lat'><em>:</em></span> <span class='ocrx_word' id='word_1_260' title='bbox 840 3549 1274 3605; x_wconf 86' lang='lat' dir='ltr'><strong>Annuntiamus</strong></span> <span class='ocrx_word' id='word_1_261' title='bbox 1325 3555 1570 3607; x_wconf 87' lang='lat' dir='ltr'><strong>mortem</strong></span> <span class='ocrx_word' id='word_1_262' title='bbox 1612 3557 1796 3620; x_wconf 81' lang='lat' dir='ltr'><strong>tuam,</strong></span> <span class='ocrx_word' id='word_1_263' title='bbox 1829 3555 1938 3612; x_wconf 89' lang='lat' dir='ltr'><strong>Do-</strong></span> 
     </span>
    </p>
   </div>
   <div class='ocr_carea' id='block_1_38' title="bbox 291 3637 1938 3708">
    <p class='ocr_par' dir='ltr' id='par_1_38' title="bbox 291 3637 1938 3708">
     <span class='ocr_line' id='line_1_38' title="bbox 291 3637 1938 3708; baseline 0.002 -10"><span class='ocrx_word' id='word_1_264' title='bbox 291 3641 471 3706; x_wconf 88' lang='lat' dir='ltr'><strong>mine,</strong></span> <span class='ocrx_word' id='word_1_265' title='bbox 502 3645 559 3697; x_wconf 89' lang='lat' dir='ltr'><strong>et</strong></span> <span class='ocrx_word' id='word_1_266' title='bbox 587 3642 852 3695; x_wconf 87' lang='lat' dir='ltr'><strong>sanctam</strong></span> <span class='ocrx_word' id='word_1_267' title='bbox 886 3637 1368 3693; x_wconf 74' lang='lat' dir='ltr'><strong>resurrectionem</strong></span> <span class='ocrx_word' id='word_1_268' title='bbox 1411 3644 1610 3708; x_wconf 90' lang='lat' dir='ltr'><strong>tuam;</strong></span> <span class='ocrx_word' id='word_1_269' title='bbox 1645 3643 1938 3701; x_wconf 90' lang='lat' dir='ltr'><strong>credimus</strong></span> 
     </span>
    </p>
   </div>
   <div class='ocr_carea' id='block_1_39' title="bbox 291 3727 1935 3803">
    <p class='ocr_par' dir='ltr' id='par_1_39' title="bbox 291 3727 1935 3803">
     <span class='ocr_line' id='line_1_39' title="bbox 291 3727 1935 3803; baseline 0.002 -17"><span class='ocrx_word' id='word_1_270' title='bbox 291 3728 692 3787; x_wconf 85' lang='lat' dir='ltr'><strong>ascensionem</strong></span> <span class='ocrx_word' id='word_1_271' title='bbox 723 3731 909 3794; x_wconf 88' lang='lat' dir='ltr'><strong>tuam,</strong></span> <span class='ocrx_word' id='word_1_272' title='bbox 941 3731 998 3782; x_wconf 89' lang='lat' dir='ltr'><strong>et</strong></span> <span class='ocrx_word' id='word_1_273' title='bbox 1027 3727 1351 3782; x_wconf 89' lang='lat' dir='ltr'><strong>secundum</strong></span> <span class='ocrx_word' id='word_1_274' title='bbox 1383 3729 1693 3786; x_wconf 85' lang='lat' dir='ltr'><strong>adventum</strong></span> <span class='ocrx_word' id='word_1_275' title='bbox 1727 3736 1895 3790; x_wconf 91' lang='lat' dir='ltr'><strong>tuum</strong></span> <span class='ocrx_word' id='word_1_276' title='bbox 1923 3754 1935 3803; x_wconf 88' lang='lat'>;</span> 
     </span>
    </p>
   </div>
   <div class='ocr_carea' id='block_1_40' title="bbox 292 3813 1938 3891">
    <p class='ocr_par' dir='ltr' id='par_1_40' title="bbox 292 3813 1938 3891">
     <span class='ocr_line' id='line_1_40' title="bbox 292 3813 1938 3891; baseline 0.003 -17"><span class='ocrx_word' id='word_1_277' title='bbox 292 3833 570 3891; x_wconf 85' lang='lat' dir='ltr'><strong>rogamus</strong></span> <span class='ocrx_word' id='word_1_278' title='bbox 599 3821 677 3883; x_wconf 89' lang='lat' dir='ltr'><strong>te,</strong></span> <span class='ocrx_word' id='word_1_279' title='bbox 708 3813 953 3870; x_wconf 91' lang='lat' dir='ltr'><strong>Domine</strong></span> <span class='ocrx_word' id='word_1_280' title='bbox 1005 3815 1158 3869; x_wconf 92' lang='lat' dir='ltr'><strong>Deus</strong></span> <span class='ocrx_word' id='word_1_281' title='bbox 1204 3819 1436 3884; x_wconf 89' lang='lat' dir='ltr'><strong>noster;</strong></span> <span class='ocrx_word' id='word_1_282' title='bbox 1470 3818 1591 3874; x_wconf 60' lang='lat' dir='ltr'><strong>hac</strong></span> <span class='ocrx_word' id='word_1_283' title='bbox 1638 3837 1770 3876; x_wconf 90' lang='lat' dir='ltr'><strong>vera</strong></span> <span class='ocrx_word' id='word_1_284' title='bbox 1811 3839 1938 3879; x_wconf 88' lang='lat' dir='ltr'><strong>esse</strong></span> 
     </span>
    </p>
   </div>
   <div class='ocr_carea' id='block_1_41' title="bbox 291 3905 608 3963">
    <p class='ocr_par' dir='ltr' id='par_1_41' title="bbox 291 3905 608 3963">
     <span class='ocr_line' id='line_1_41' title="bbox 291 3905 608 3963; baseline -0.013 -1"><span class='ocrx_word' id='word_1_285' title='bbox 291 3905 608 3963; x_wconf 88' lang='lat' dir='ltr'><strong>credimus.</strong></span> 
     </span>
    </p>
   </div>
   <div class='ocr_carea' id='block_1_42' title="bbox 362 4009 1938 4075">
    <p class='ocr_par' dir='ltr' id='par_1_42' title="bbox 362 4009 1938 4075">
     <span class='ocr_line' id='line_1_42' title="bbox 362 4009 1938 4075; baseline 0.004 -7"><span class='ocrx_word' id='word_1_286' title='bbox 362 4011 620 4069; x_wconf 77' lang='lat' dir='ltr'><strong>Sacerdos</strong></span> <span class='ocrx_word' id='word_1_287' title='bbox 649 4009 783 4064; x_wconf 88' lang='lat' dir='ltr'><strong>dicit</strong></span> <span class='ocrx_word' id='word_1_288' title='bbox 813 4029 830 4063; x_wconf 89' lang='lat'><strong><em>:</em></strong></span> <span class='ocrx_word' id='word_1_289' title='bbox 858 4009 1023 4064; x_wconf 86' lang='lat' dir='ltr'><strong>Nunc</strong></span> <span class='ocrx_word' id='word_1_290' title='bbox 1067 4014 1262 4064; x_wconf 90' lang='lat' dir='ltr'><strong>autem</strong></span> <span class='ocrx_word' id='word_1_291' title='bbox 1313 4014 1689 4069; x_wconf 88' lang='lat' dir='ltr'><strong>recordamur</strong></span> <span class='ocrx_word' id='word_1_292' title='bbox 1732 4019 1938 4075; x_wconf 87' lang='lat' dir='ltr'><strong>mortis</strong></span> 
     </span>
    </p>
   </div>
   <div class='ocr_carea' id='block_1_43' title="bbox 285 4098 1936 4174">
    <p class='ocr_par' dir='ltr' id='par_1_43' title="bbox 285 4098 1936 4174">
     <span class='ocr_line' id='line_1_43' title="bbox 285 4098 1936 4174; baseline 0.002 -15"><span class='ocrx_word' id='word_1_293' title='bbox 285 4107 400 4159; x_wconf 72' lang='lat' dir='ltr'><strong>tua:</strong></span> <span class='ocrx_word' id='word_1_294' title='bbox 448 4105 505 4157; x_wconf 90' lang='lat' dir='ltr'><strong>et</strong></span> <span class='ocrx_word' id='word_1_295' title='bbox 553 4098 995 4155; x_wconf 88' lang='lat' dir='ltr'><strong>resurrectionis</strong></span> <span class='ocrx_word' id='word_1_296' title='bbox 1035 4103 1167 4166; x_wconf 67' lang='lat' dir='ltr'><strong>tuae,</strong></span> <span class='ocrx_word' id='word_1_297' title='bbox 1202 4098 1616 4174; x_wconf 74' lang='lat' dir='ltr'><strong>offerimusque</strong></span> <span class='ocrx_word' id='word_1_298' title='bbox 1647 4105 1750 4159; x_wconf 89' lang='lat' dir='ltr'><strong>tibi</strong></span> <span class='ocrx_word' id='word_1_299' title='bbox 1782 4105 1936 4162; x_wconf 88' lang='lat' dir='ltr'><strong>hunc</strong></span> 
     </span>
    </p>
   </div>
   <div class='ocr_carea' id='block_1_44' title="bbox 285 4186 1933 4266">
    <p class='ocr_par' dir='ltr' id='par_1_44' title="bbox 285 4186 1933 4266">
     <span class='ocr_line' id='line_1_44' title="bbox 285 4186 1933 4266; baseline 0.002 -19"><span class='ocrx_word' id='word_1_300' title='bbox 285 4207 498 4266; x_wconf 88' lang='lat' dir='ltr'><strong>panem</strong></span> <span class='ocrx_word' id='word_1_301' title='bbox 520 4191 576 4244; x_wconf 83' lang='lat' dir='ltr'><strong>et</strong></span> <span class='ocrx_word' id='word_1_302' title='bbox 596 4188 752 4243; x_wconf 91' lang='lat' dir='ltr'><strong>hunc</strong></span> <span class='ocrx_word' id='word_1_303' title='bbox 772 4187 1034 4253; x_wconf 88' lang='lat' dir='ltr'><strong>calicem,</strong></span> <span class='ocrx_word' id='word_1_304' title='bbox 1053 4186 1274 4260; x_wconf 90' lang='lat' dir='ltr'><strong>tibique</strong></span> <span class='ocrx_word' id='word_1_305' title='bbox 1293 4189 1511 4260; x_wconf 86' lang='lat' dir='ltr'><strong>gratias</strong></span> <span class='ocrx_word' id='word_1_306' title='bbox 1533 4192 1763 4264; x_wconf 86' lang='lat' dir='ltr'><strong>agimus</strong></span> <span class='ocrx_word' id='word_1_307' title='bbox 1779 4196 1933 4266; x_wconf 91' lang='lat' dir='ltr'><strong>quod</strong></span> 
     </span>
    </p>
   </div>
   <div class='ocr_carea' id='block_1_45' title="bbox 284 4275 1933 4355">
    <p class='ocr_par' dir='ltr' id='par_1_45' title="bbox 284 4275 1933 4355">
     <span class='ocr_line' id='line_1_45' title="bbox 284 4275 1933 4355; baseline 0.002 -19"><span class='ocrx_word' id='word_1_308' title='bbox 284 4297 388 4355; x_wconf 91' lang='lat' dir='ltr'><strong>per</strong></span> <span class='ocrx_word' id='word_1_309' title='bbox 407 4279 515 4335; x_wconf 91' lang='lat' dir='ltr'><strong>hoc</strong></span> <span class='ocrx_word' id='word_1_310' title='bbox 533 4275 885 4334; x_wconf 86' lang='lat' dir='ltr'><strong>sacriﬁcium</strong></span> <span class='ocrx_word' id='word_1_311' title='bbox 907 4277 1116 4350; x_wconf 85' lang='lat' dir='ltr'><strong>dignos</strong></span> <span class='ocrx_word' id='word_1_312' title='bbox 1142 4293 1248 4331; x_wconf 92' lang='lat' dir='ltr'><strong>nos</strong></span> <span class='ocrx_word' id='word_1_313' title='bbox 1272 4277 1458 4332; x_wconf 86' lang='lat' dir='ltr'><strong>fecisti</strong></span> <span class='ocrx_word' id='word_1_314' title='bbox 1491 4281 1681 4336; x_wconf 86' lang='lat' dir='ltr'><strong>standi</strong></span> <span class='ocrx_word' id='word_1_315' title='bbox 1707 4282 1764 4338; x_wconf 92' lang='lat' dir='ltr'><strong>in</strong></span> <span class='ocrx_word' id='word_1_316' title='bbox 1797 4300 1933 4340; x_wconf 88' lang='lat' dir='ltr'><strong>con-</strong></span> 
     </span>
    </p>
   </div>
   <div class='ocr_carea' id='block_1_46' title="bbox 284 4365 1935 4443">
    <p class='ocr_par' dir='ltr' id='par_1_46' title="bbox 284 4365 1935 4443">
     <span class='ocr_line' id='line_1_46' title="bbox 284 4365 1935 4443; baseline 0.001 -17"><span class='ocrx_word' id='word_1_317' title='bbox 284 4376 483 4443; x_wconf 91' lang='lat' dir='ltr'><strong>spectu</strong></span> <span class='ocrx_word' id='word_1_318' title='bbox 516 4372 638 4434; x_wconf 87' lang='lat' dir='ltr'><strong>tuo,</strong></span> <span class='ocrx_word' id='word_1_319' title='bbox 671 4372 730 4422; x_wconf 89' lang='lat' dir='ltr'><strong>et</strong></span> <span class='ocrx_word' id='word_1_320' title='bbox 760 4365 1117 4422; x_wconf 88' lang='lat' dir='ltr'><strong>sacerdotale</strong></span> <span class='ocrx_word' id='word_1_321' title='bbox 1167 4365 1422 4422; x_wconf 78' lang='lat' dir='ltr'><strong>ofﬁcium</strong></span> <span class='ocrx_word' id='word_1_322' title='bbox 1470 4385 1664 4425; x_wconf 88' lang='lat' dir='ltr'><strong>coram</strong></span> <span class='ocrx_word' id='word_1_323' title='bbox 1692 4376 1746 4426; x_wconf 91' lang='lat' dir='ltr'><strong>te</strong></span> <span class='ocrx_word' id='word_1_324' title='bbox 1773 4390 1935 4428; x_wconf 82' lang='lat' dir='ltr'><strong>exse-</strong></span> 
     </span>
    </p>
   </div>
   <div class='ocr_carea' id='block_1_47' title="bbox 283 4455 1934 4532">
    <p class='ocr_par' dir='ltr' id='par_1_47' title="bbox 283 4455 1934 4532">
     <span class='ocr_line' id='line_1_47' title="bbox 283 4455 1934 4532; baseline 0.002 -17"><span class='ocrx_word' id='word_1_325' title='bbox 283 4459 497 4532; x_wconf 89' lang='lat' dir='ltr'><strong>quendi</strong></span> <span class='ocrx_word' id='word_1_326' title='bbox 516 4477 528 4525; x_wconf 90' lang='lat'>;</span> <span class='ocrx_word' id='word_1_327' title='bbox 549 4474 787 4513; x_wconf 88' lang='lat' dir='ltr'><strong>oramus</strong></span> <span class='ocrx_word' id='word_1_328' title='bbox 803 4461 875 4523; x_wconf 91' lang='lat' dir='ltr'><strong>te,</strong></span> <span class='ocrx_word' id='word_1_329' title='bbox 893 4455 1155 4524; x_wconf 90' lang='lat' dir='ltr'><strong>Domine,</strong></span> <span class='ocrx_word' id='word_1_330' title='bbox 1175 4460 1356 4512; x_wconf 90' lang='lat' dir='ltr'><strong>etate</strong></span> <span class='ocrx_word' id='word_1_331' title='bbox 1378 4457 1666 4514; x_wconf 88' lang='lat' dir='ltr'><strong>instanter</strong></span> <span class='ocrx_word' id='word_1_332' title='bbox 1678 4461 1934 4532; x_wconf 89' lang='lat' dir='ltr'><strong>petimus</strong></span> 
     </span>
    </p>
   </div>
   <div class='ocr_carea' id='block_1_48' title="bbox 284 4545 1937 4619">
    <p class='ocr_par' dir='ltr' id='par_1_48' title="bbox 284 4545 1937 4619">
     <span class='ocr_line' id='line_1_48' title="bbox 284 4545 1937 4619; baseline 0.002 -16"><span class='ocrx_word' id='word_1_333' title='bbox 284 4553 349 4603; x_wconf 90' lang='lat' dir='ltr'><strong>ut</strong></span> <span class='ocrx_word' id='word_1_334' title='bbox 379 4547 580 4602; x_wconf 86' lang='lat' dir='ltr'><strong>mittas</strong></span> <span class='ocrx_word' id='word_1_335' title='bbox 611 4545 897 4617; x_wconf 85' lang='lat' dir='ltr'><strong>Spiritum</strong></span> <span class='ocrx_word' id='word_1_336' title='bbox 930 4549 1200 4599; x_wconf 85' lang='lat' dir='ltr'><strong>sanctum</strong></span> <span class='ocrx_word' id='word_1_337' title='bbox 1244 4561 1421 4616; x_wconf 89' lang='lat' dir='ltr'><strong>super</strong></span> <span class='ocrx_word' id='word_1_338' title='bbox 1449 4545 1605 4602; x_wconf 90' lang='lat' dir='ltr'><strong>hunc</strong></span> <span class='ocrx_word' id='word_1_339' title='bbox 1637 4565 1846 4619; x_wconf 89' lang='lat' dir='ltr'><strong>panem</strong></span> <span class='ocrx_word' id='word_1_340' title='bbox 1880 4555 1937 4605; x_wconf 87' lang='lat' dir='ltr'><strong>et</strong></span> 
     </span>
    </p>
   </div>
   <div class='ocr_carea' id='block_1_49' title="bbox 281 4632 1933 4708">
    <p class='ocr_par' dir='ltr' id='par_1_49' title="bbox 281 4632 1933 4708">
     <span class='ocr_line' id='line_1_49' title="bbox 281 4632 1933 4708; baseline 0.001 -15"><span class='ocrx_word' id='word_1_341' title='bbox 281 4637 440 4692; x_wconf 91' lang='lat' dir='ltr'><strong>hunc</strong></span> <span class='ocrx_word' id='word_1_342' title='bbox 469 4635 728 4700; x_wconf 90' lang='lat' dir='ltr'><strong>calicem,</strong></span> <span class='ocrx_word' id='word_1_343' title='bbox 758 4632 1029 4689; x_wconf 83' lang='lat' dir='ltr'><strong>videlicet</strong></span> <span class='ocrx_word' id='word_1_344' title='bbox 1077 4650 1288 4704; x_wconf 88' lang='lat' dir='ltr'><strong>corpus</strong></span> <span class='ocrx_word' id='word_1_345' title='bbox 1335 4638 1391 4688; x_wconf 90' lang='lat' dir='ltr'><strong>et</strong></span> <span class='ocrx_word' id='word_1_346' title='bbox 1444 4637 1789 4708; x_wconf 86' lang='lat' dir='ltr'><strong>sanguinem</strong></span> <span class='ocrx_word' id='word_1_347' title='bbox 1823 4639 1933 4694; x_wconf 92' lang='lat' dir='ltr'><strong>Do-</strong></span> 
     </span>
    </p>
   </div>
   <div class='ocr_carea' id='block_1_50' title="bbox 282 4721 1935 4790">
    <p class='ocr_par' dir='ltr' id='par_1_50' title="bbox 282 4721 1935 4790">
     <span class='ocr_line' id='line_1_50' title="bbox 282 4721 1935 4790; baseline 0.002 -10"><span class='ocrx_word' id='word_1_348' title='bbox 282 4725 423 4781; x_wconf 92' lang='lat' dir='ltr'><strong>mini</strong></span> <span class='ocrx_word' id='word_1_349' title='bbox 467 4729 525 4780; x_wconf 87' lang='lat' dir='ltr'><strong>et</strong></span> <span class='ocrx_word' id='word_1_350' title='bbox 573 4721 884 4780; x_wconf 88' lang='lat' dir='ltr'><strong>servatoris</strong></span> <span class='ocrx_word' id='word_1_351' title='bbox 934 4721 1120 4778; x_wconf 89' lang='lat' dir='ltr'><strong>nostri</strong></span> <span class='ocrx_word' id='word_1_352' title='bbox 1169 4722 1308 4778; x_wconf 87' lang='lat' dir='ltr'><strong>Jesu</strong></span> <span class='ocrx_word' id='word_1_353' title='bbox 1360 4722 1595 4790; x_wconf 88' lang='lat' dir='ltr'><strong>Christi,</strong></span> <span class='ocrx_word' id='word_1_354' title='bbox 1630 4725 1689 4780; x_wconf 92' lang='lat' dir='ltr'><strong>in</strong></span> <span class='ocrx_word' id='word_1_355' title='bbox 1721 4727 1935 4784; x_wconf 71' lang='lat' dir='ltr'><strong>saecula</strong></span> 
     </span>
    </p>
   </div>
   <div class='ocr_carea' id='block_1_51' title="bbox 283 4811 1932 4873">
    <p class='ocr_par' dir='ltr' id='par_1_51' title="bbox 283 4811 1932 4873">
     <span class='ocr_line' id='line_1_51' title="bbox 283 4811 1932 4873; baseline 0.002 -4"><span class='ocrx_word' id='word_1_356' title='bbox 283 4813 651 4870; x_wconf 66' lang='lat' dir='ltr'><strong>saeculorum.</strong></span> <span class='ocrx_word' id='word_1_357' title='bbox 697 4813 901 4868; x_wconf 82' lang='lat' dir='ltr'><strong>Amen.</strong></span> <span class='ocrx_word' id='word_1_358' title='bbox 943 4811 1157 4868; x_wconf 90' lang='lat' dir='ltr'><strong>Tribue</strong></span> <span class='ocrx_word' id='word_1_359' title='bbox 1206 4811 1383 4868; x_wconf 88' lang='lat' dir='ltr'><strong>simul</strong></span> <span class='ocrx_word' id='word_1_360' title='bbox 1431 4814 1706 4870; x_wconf 90' lang='lat' dir='ltr'><strong>omnibus</strong></span> <span class='ocrx_word' id='word_1_361' title='bbox 1755 4833 1824 4871; x_wconf 83' lang='lat' dir='ltr'><strong>ex</strong></span> <span class='ocrx_word' id='word_1_362' title='bbox 1867 4834 1932 4873; x_wconf 90' lang='lat' dir='ltr'><strong>eo</strong></span> 
     </span>
    </p>
   </div>
   <div class='ocr_carea' id='block_1_52' title="bbox 281 4900 1934 4978">
    <p class='ocr_par' dir='ltr' id='par_1_52' title="bbox 281 4900 1934 4978">
     <span class='ocr_line' id='line_1_52' title="bbox 281 4900 1934 4978; baseline 0.001 -20"><span class='ocrx_word' id='word_1_363' title='bbox 281 4902 755 4967; x_wconf 85' lang='lat' dir='ltr'><strong>sumentibus,ut</strong></span> <span class='ocrx_word' id='word_1_364' title='bbox 777 4903 877 4957; x_wconf 85' lang='lat' dir='ltr'><strong>ﬁat</strong></span> <span class='ocrx_word' id='word_1_365' title='bbox 905 4902 990 4957; x_wconf 89' lang='lat' dir='ltr'><strong>eis</strong></span> <span class='ocrx_word' id='word_1_366' title='bbox 1023 4901 1094 4957; x_wconf 89' lang='lat' dir='ltr'><strong>ad</strong></span> <span class='ocrx_word' id='word_1_367' title='bbox 1125 4900 1645 4958; x_wconf 87' lang='lat' dir='ltr'><strong>sanctiﬁcationem</strong></span> <span class='ocrx_word' id='word_1_368' title='bbox 1677 4909 1732 4959; x_wconf 86' lang='lat' dir='ltr'><strong>et</strong></span> <span class='ocrx_word' id='word_1_369' title='bbox 1753 4905 1934 4978; x_wconf 90' lang='lat' dir='ltr'><strong>pleni-</strong></span> 
     </span>
    </p>
   </div>
   <div class='ocr_carea' id='block_1_53' title="bbox 281 4989 1931 5062">
    <p class='ocr_par' dir='ltr' id='par_1_53' title="bbox 281 4989 1931 5062">
     <span class='ocr_line' id='line_1_53' title="bbox 281 4989 1931 5062; baseline 0.004 -17"><span class='ocrx_word' id='word_1_370' title='bbox 281 4991 546 5046; x_wconf 89' lang='lat' dir='ltr'><strong>tudinem</strong></span> <span class='ocrx_word' id='word_1_371' title='bbox 605 4989 860 5062; x_wconf 89' lang='lat' dir='ltr'><strong>Spiritus</strong></span> <span class='ocrx_word' id='word_1_372' title='bbox 918 4989 1103 5045; x_wconf 89' lang='lat' dir='ltr'><strong>sancti</strong></span> <span class='ocrx_word' id='word_1_373' title='bbox 1161 4994 1219 5045; x_wconf 91' lang='lat' dir='ltr'><strong>et</strong></span> <span class='ocrx_word' id='word_1_374' title='bbox 1275 4989 1347 5046; x_wconf 90' lang='lat' dir='ltr'><strong>ad</strong></span> <span class='ocrx_word' id='word_1_375' title='bbox 1401 4992 1931 5051; x_wconf 89' lang='lat' dir='ltr'><strong>corroborationem</strong></span> 
     </span>
    </p>
   </div>
   <div class='ocr_carea' id='block_1_54' title="bbox 282 5077 1934 5151">
    <p class='ocr_par' dir='ltr' id='par_1_54' title="bbox 282 5077 1934 5151">
     <span class='ocr_line' id='line_1_54' title="bbox 282 5077 1934 5151; baseline 0.003 -16"><span class='ocrx_word' id='word_1_376' title='bbox 282 5079 441 5147; x_wconf 88' lang='lat' dir='ltr'><strong>ﬁdei,</strong></span> <span class='ocrx_word' id='word_1_377' title='bbox 465 5082 529 5132; x_wconf 90' lang='lat' dir='ltr'><strong>ut</strong></span> <span class='ocrx_word' id='word_1_378' title='bbox 555 5078 920 5133; x_wconf 85' lang='lat' dir='ltr'><strong>sanctiﬁcent</strong></span> <span class='ocrx_word' id='word_1_379' title='bbox 947 5080 1003 5133; x_wconf 89' lang='lat' dir='ltr'><strong>et</strong></span> <span class='ocrx_word' id='word_1_380' title='bbox 1034 5077 1274 5134; x_wconf 89' lang='lat' dir='ltr'><strong>laudent</strong></span> <span class='ocrx_word' id='word_1_381' title='bbox 1302 5084 1378 5146; x_wconf 87' lang='lat' dir='ltr'><strong>te,</strong></span> <span class='ocrx_word' id='word_1_382' title='bbox 1414 5096 1516 5151; x_wconf 91' lang='lat' dir='ltr'><strong>per</strong></span> <span class='ocrx_word' id='word_1_383' title='bbox 1542 5080 1852 5138; x_wconf 88' lang='lat' dir='ltr'><strong>Dominum</strong></span> <span class='ocrx_word' id='word_1_384' title='bbox 1877 5089 1934 5140; x_wconf 91' lang='lat' dir='ltr'><strong>et</strong></span> 
     </span>
    </p>
   </div>
   <div class='ocr_carea' id='block_1_55' title="bbox 281 5165 1932 5229">
    <p class='ocr_par' dir='ltr' id='par_1_55' title="bbox 281 5165 1932 5229">
     <span class='ocr_line' id='line_1_55' title="bbox 281 5165 1932 5229; baseline 0.002 -5"><span class='ocrx_word' id='word_1_385' title='bbox 281 5171 633 5224; x_wconf 87' lang='lat' dir='ltr'><strong>servatorem</strong></span> <span class='ocrx_word' id='word_1_386' title='bbox 677 5169 941 5220; x_wconf 90' lang='lat' dir='ltr'><strong>nostrum</strong></span> <span class='ocrx_word' id='word_1_387' title='bbox 989 5165 1188 5221; x_wconf 85' lang='lat' dir='ltr'><strong>Jesum</strong></span> <span class='ocrx_word' id='word_1_388' title='bbox 1238 5167 1535 5224; x_wconf 88' lang='lat' dir='ltr'><strong>Christum</strong></span> <span class='ocrx_word' id='word_1_389' title='bbox 1570 5187 1702 5226; x_wconf 90' lang='lat' dir='ltr'><strong>cum</strong></span> <span class='ocrx_word' id='word_1_390' title='bbox 1731 5177 1932 5229; x_wconf 91' lang='lat' dir='ltr'><strong>sancto</strong></span> 
     </span>
    </p>
   </div>
   <div class='ocr_carea' id='block_1_56' title="bbox 280 5252 1489 5330">
    <p class='ocr_par' dir='ltr' id='par_1_56' title="bbox 280 5252 1489 5330">
     <span class='ocr_line' id='line_1_56' title="bbox 280 5252 1489 5330; baseline 0 -17"><span class='ocrx_word' id='word_1_391' title='bbox 280 5255 526 5330; x_wconf 90' lang='lat' dir='ltr'><strong>Spiritu,</strong></span> <span class='ocrx_word' id='word_1_392' title='bbox 557 5252 616 5307; x_wconf 90' lang='lat' dir='ltr'><strong>in</strong></span> <span class='ocrx_word' id='word_1_393' title='bbox 644 5252 858 5308; x_wconf 70' lang='lat' dir='ltr'><strong>saecula</strong></span> <span class='ocrx_word' id='word_1_394' title='bbox 886 5253 1253 5311; x_wconf 66' lang='lat' dir='ltr'><strong>saeculorum.</strong></span> <span class='ocrx_word' id='word_1_395' title='bbox 1286 5258 1489 5313; x_wconf 90' lang='lat' dir='ltr'><strong>Amen.</strong></span> 
     </span>
    </p>
   </div>
   <div class='ocr_carea' id='block_1_57' title="bbox 352 5359 1929 5433">
    <p class='ocr_par' dir='ltr' id='par_1_57' title="bbox 352 5359 1929 5433">
     <span class='ocr_line' id='line_1_57' title="bbox 352 5359 1929 5433; baseline 0.004 -14"><span class='ocrx_word' id='word_1_396' title='bbox 352 5365 622 5420; x_wconf 87' lang='lat' dir='ltr'><strong>Diaconus</strong></span> <span class='ocrx_word' id='word_1_397' title='bbox 651 5360 836 5415; x_wconf 87' lang='lat' dir='ltr'><strong>dicit:</strong></span> <span class='ocrx_word' id='word_1_398' title='bbox 885 5359 1232 5423; x_wconf 83' lang='lat' dir='ltr'><strong>Quaesumus</strong></span> <span class='ocrx_word' id='word_1_399' title='bbox 1310 5366 1382 5433; x_wconf 90' lang='lat' dir='ltr'><strong>te,</strong></span> <span class='ocrx_word' id='word_1_400' title='bbox 1452 5363 1716 5433; x_wconf 89' lang='lat' dir='ltr'><strong>Domine,</strong></span> <span class='ocrx_word' id='word_1_401' title='bbox 1776 5369 1929 5426; x_wconf 89' lang='lat' dir='ltr'><strong>Deus</strong></span> 
     </span>
    </p>
   </div>
   <div class='ocr_carea' id='block_1_58' title="bbox 281 5449 1928 5528">
    <p class='ocr_par' dir='ltr' id='par_1_58' title="bbox 281 5449 1928 5528">
     <span class='ocr_line' id='line_1_58' title="bbox 281 5449 1928 5528; baseline 0.002 -18"><span class='ocrx_word' id='word_1_402' title='bbox 281 5458 499 5518; x_wconf 89' lang='lat' dir='ltr'><strong>noster,</strong></span> <span class='ocrx_word' id='word_1_403' title='bbox 535 5455 653 5506; x_wconf 91' lang='lat' dir='ltr'><strong>toto</strong></span> <span class='ocrx_word' id='word_1_404' title='bbox 694 5449 887 5515; x_wconf 91' lang='lat' dir='ltr'><strong>corde,</strong></span> <span class='ocrx_word' id='word_1_405' title='bbox 921 5453 986 5503; x_wconf 91' lang='lat' dir='ltr'><strong>ut</strong></span> <span class='ocrx_word' id='word_1_406' title='bbox 1033 5449 1136 5504; x_wconf 90' lang='lat' dir='ltr'><strong>des</strong></span> <span class='ocrx_word' id='word_1_407' title='bbox 1188 5451 1355 5506; x_wconf 90' lang='lat' dir='ltr'><strong>nobis</strong></span> <span class='ocrx_word' id='word_1_408' title='bbox 1404 5452 1618 5517; x_wconf 79' lang='lat' dir='ltr'><strong>bonam</strong></span> <span class='ocrx_word' id='word_1_409' title='bbox 1677 5456 1928 5528; x_wconf 88' lang='lat' dir='ltr'><strong>Spiritus</strong></span> 
     </span>
    </p>
   </div>
   <div class='ocr_carea' id='block_1_59' title="bbox 284 5539 801 5599">
    <p class='ocr_par' dir='ltr' id='par_1_59' title="bbox 284 5539 801 5599">
     <span class='ocr_line' id='line_1_59' title="bbox 284 5539 801 5599; baseline -0.014 0"><span class='ocrx_word' id='word_1_410' title='bbox 284 5541 468 5599; x_wconf 88' lang='lat' dir='ltr'><strong>sancti</strong></span> <span class='ocrx_word' id='word_1_411' title='bbox 504 5539 801 5596; x_wconf 90' lang='lat' dir='ltr'><strong>unionem.</strong></span> 
     </span>
    </p>
   </div>
   <div class='ocr_carea' id='block_1_60' title="bbox 351 5625 1925 5704">
    <p class='ocr_par' dir='ltr' id='par_1_60' title="bbox 351 5625 1925 5704">
     <span class='ocr_line' id='line_1_60' title="bbox 351 5625 1925 5704; baseline 0.005 -20"><span class='ocrx_word' id='word_1_412' title='bbox 351 5628 604 5687; x_wconf 80' lang='lat' dir='ltr'><strong>Sacerdos</strong></span> <span class='ocrx_word' id='word_1_413' title='bbox 634 5628 882 5699; x_wconf 81' lang='lat' dir='ltr'><strong>sequitur</strong></span> <span class='ocrx_word' id='word_1_414' title='bbox 909 5645 934 5682; x_wconf 70' lang='lat'><strong>:-</strong></span> <span class='ocrx_word' id='word_1_415' title='bbox 975 5625 1058 5682; x_wconf 88' lang='lat' dir='ltr'><strong>Da</strong></span> <span class='ocrx_word' id='word_1_416' title='bbox 1105 5625 1274 5684; x_wconf 91' lang='lat' dir='ltr'><strong>nobis</strong></span> <span class='ocrx_word' id='word_1_417' title='bbox 1323 5631 1387 5682; x_wconf 91' lang='lat' dir='ltr'><strong>ut</strong></span> <span class='ocrx_word' id='word_1_418' title='bbox 1432 5630 1820 5704; x_wconf 86' lang='lat' dir='ltr'><strong>conjugamur</strong></span> <span class='ocrx_word' id='word_1_419' title='bbox 1868 5637 1925 5692; x_wconf 90' lang='lat' dir='ltr'><strong>in</strong></span> 
     </span>
    </p>
   </div>
   <div class='ocr_carea' id='block_1_61' title="bbox 2083 563 3746 641">
    <p class='ocr_par' dir='ltr' id='par_1_61' title="bbox 2083 563 3746 641">
     <span class='ocr_line' id='line_1_61' title="bbox 2083 563 3746 641; baseline 0.007 -24"><span class='ocrx_word' id='word_1_420' title='bbox 2083 568 2146 618; x_wconf 90' lang='lat' dir='ltr'><strong>ut</strong></span> <span class='ocrx_word' id='word_1_421' title='bbox 2176 563 2234 619; x_wconf 92' lang='lat' dir='ltr'><strong>in</strong></span> <span class='ocrx_word' id='word_1_422' title='bbox 2267 569 2320 620; x_wconf 89' lang='lat' dir='ltr'><strong>te</strong></span> <span class='ocrx_word' id='word_1_423' title='bbox 2352 565 2492 621; x_wconf 88' lang='lat' dir='ltr'><strong>salvi</strong></span> <span class='ocrx_word' id='word_1_424' title='bbox 2527 566 2735 636; x_wconf 89' lang='lat' dir='ltr'><strong>simus,</strong></span> <span class='ocrx_word' id='word_1_425' title='bbox 2766 587 2869 641; x_wconf 89' lang='lat' dir='ltr'><strong>per</strong></span> <span class='ocrx_word' id='word_1_426' title='bbox 2888 572 3089 628; x_wconf 87' lang='lat' dir='ltr'><strong>omnia</strong></span> <span class='ocrx_word' id='word_1_427' title='bbox 3116 573 3337 629; x_wconf 58' lang='lat' dir='ltr'><strong>secula</strong></span> <span class='ocrx_word' id='word_1_428' title='bbox 3372 572 3746 633; x_wconf 68' lang='lat' dir='ltr'><strong>saeculorum.</strong></span> 
     </span>
    </p>
   </div>
   <div class='ocr_carea' id='block_1_62' title="bbox 2079 655 2282 710">
    <p class='ocr_par' dir='ltr' id='par_1_62' title="bbox 2079 655 2282 710">
     <span class='ocr_line' id='line_1_62' title="bbox 2079 655 2282 710; baseline 0.01 -2"><span class='ocrx_word' id='word_1_429' title='bbox 2079 655 2282 710; x_wconf 89' lang='lat' dir='ltr'><strong>Amen.</strong></span> 
     </span>
    </p>
   </div>
   <div class='ocr_carea' id='block_1_63' title="bbox 2152 745 3759 824">
    <p class='ocr_par' dir='ltr' id='par_1_63' title="bbox 2152 745 3759 824">
     <span class='ocr_line' id='line_1_63' title="bbox 2152 745 3759 824; baseline 0.004 -25"><span class='ocrx_word' id='word_1_430' title='bbox 2152 745 2526 802; x_wconf 90' lang='lat' dir='ltr'><strong>Benedictum</strong></span> <span class='ocrx_word' id='word_1_431' title='bbox 2561 747 2637 804; x_wconf 91' lang='lat' dir='ltr'><strong>sit</strong></span> <span class='ocrx_word' id='word_1_432' title='bbox 2667 765 2880 805; x_wconf 91' lang='lat' dir='ltr'><strong>nomen</strong></span> <span class='ocrx_word' id='word_1_433' title='bbox 2913 750 3166 819; x_wconf 89' lang='lat' dir='ltr'><strong>Domini,</strong></span> <span class='ocrx_word' id='word_1_434' title='bbox 3189 756 3246 808; x_wconf 89' lang='lat' dir='ltr'><strong>et</strong></span> <span class='ocrx_word' id='word_1_435' title='bbox 3268 750 3639 808; x_wconf 85' lang='lat' dir='ltr'><strong>benedictus</strong></span> <span class='ocrx_word' id='word_1_436' title='bbox 3661 754 3759 824; x_wconf 89' lang='lat' dir='ltr'><strong>qui-</strong></span> 
     </span>
    </p>
   </div>
   <div class='ocr_carea' id='block_1_64' title="bbox 2077 828 3745 907">
    <p class='ocr_par' dir='ltr' id='par_1_64' title="bbox 2077 828 3745 907">
     <span class='ocr_line' id='line_1_64' title="bbox 2077 828 3745 907; baseline 0.005 -20"><span class='ocrx_word' id='word_1_437' title='bbox 2077 834 2233 889; x_wconf 89' lang='lat' dir='ltr'><strong>venit</strong></span> <span class='ocrx_word' id='word_1_438' title='bbox 2282 833 2339 889; x_wconf 90' lang='lat' dir='ltr'><strong>in</strong></span> <span class='ocrx_word' id='word_1_439' title='bbox 2392 837 2627 892; x_wconf 89' lang='lat' dir='ltr'><strong>nomine</strong></span> <span class='ocrx_word' id='word_1_440' title='bbox 2677 828 2930 907; x_wconf 69' lang='lat' dir='ltr'><strong>deini,</strong></span> <span class='ocrx_word' id='word_1_441' title='bbox 2983 845 3039 895; x_wconf 90' lang='lat' dir='ltr'><strong>et</strong></span> <span class='ocrx_word' id='word_1_442' title='bbox 3085 842 3482 898; x_wconf 86' lang='lat' dir='ltr'><strong>benedictum</strong></span> <span class='ocrx_word' id='word_1_443' title='bbox 3548 859 3745 897; x_wconf 80' lang='lat' dir='ltr'><strong>nomen</strong></span> 
     </span>
    </p>
   </div>
   <div class='ocr_carea' id='block_1_65' title="bbox 2076 921 2935 996">
    <p class='ocr_par' dir='ltr' id='par_1_65' title="bbox 2076 921 2935 996">
     <span class='ocr_line' id='line_1_65' title="bbox 2076 921 2935 996; baseline 0.007 -20"><span class='ocrx_word' id='word_1_444' title='bbox 2076 921 2274 996; x_wconf 67' lang='lat' dir='ltr'><strong>gloria)</strong></span> <span class='ocrx_word' id='word_1_445' title='bbox 2299 923 2447 995; x_wconf 88' lang='lat' dir='ltr'><strong>ejus.</strong></span> <span class='ocrx_word' id='word_1_446' title='bbox 2482 926 2624 993; x_wconf 86' lang='lat' dir='ltr'><strong>Fiat,</strong></span> <span class='ocrx_word' id='word_1_447' title='bbox 2661 927 2782 994; x_wconf 89' lang='lat' dir='ltr'><strong>ﬁat,</strong></span> <span class='ocrx_word' id='word_1_448' title='bbox 2815 929 2935 983; x_wconf 87' lang='lat' dir='ltr'><strong>ﬁat.</strong></span> 
     </span>
    </p>
   </div>
   <div class='ocr_carea' id='block_1_66' title="bbox 2146 1013 3743 1084">
    <p class='ocr_par' dir='ltr' id='par_1_66' title="bbox 2146 1013 3743 1084">
     <span class='ocr_line' id='line_1_66' title="bbox 2146 1013 3743 1084; baseline 0.004 -17"><span class='ocrx_word' id='word_1_449' title='bbox 2146 1013 2386 1083; x_wconf 80' lang='lat' dir='ltr'><strong>Populus</strong></span> <span class='ocrx_word' id='word_1_450' title='bbox 2415 1014 2547 1069; x_wconf 89' lang='lat' dir='ltr'><strong>dicit</strong></span> <span class='ocrx_word' id='word_1_451' title='bbox 2577 1034 2595 1070; x_wconf 87' lang='lat'><strong><em>:</em></strong></span> <span class='ocrx_word' id='word_1_452' title='bbox 2629 1015 3008 1072; x_wconf 88' lang='lat' dir='ltr'><strong>Benedictum</strong></span> <span class='ocrx_word' id='word_1_453' title='bbox 3043 1017 3122 1073; x_wconf 76' lang='lat' dir='ltr'><strong>sit</strong></span> <span class='ocrx_word' id='word_1_454' title='bbox 3153 1035 3370 1074; x_wconf 86' lang='lat' dir='ltr'><strong>nomen</strong></span> <span class='ocrx_word' id='word_1_455' title='bbox 3403 1019 3670 1084; x_wconf 83' lang='lat' dir='ltr'><strong>Domini,</strong></span> <span class='ocrx_word' id='word_1_456' title='bbox 3695 1029 3743 1074; x_wconf 73' lang='lat' dir='ltr'><strong>et</strong></span> 
     </span>
    </p>
   </div>
   <div class='ocr_carea' id='block_1_67' title="bbox 2075 1101 3742 1175">
    <p class='ocr_par' dir='ltr' id='par_1_67' title="bbox 2075 1101 3742 1175">
     <span class='ocr_line' id='line_1_67' title="bbox 2075 1101 3742 1175; baseline 0.005 -20"><span class='ocrx_word' id='word_1_457' title='bbox 2075 1101 2417 1158; x_wconf 88' lang='lat' dir='ltr'><strong>benedictus</strong></span> <span class='ocrx_word' id='word_1_458' title='bbox 2449 1103 2545 1175; x_wconf 88' lang='lat' dir='ltr'><strong>qui</strong></span> <span class='ocrx_word' id='word_1_459' title='bbox 2579 1103 2733 1159; x_wconf 86' lang='lat' dir='ltr'><strong>venit</strong></span> <span class='ocrx_word' id='word_1_460' title='bbox 2764 1104 2823 1159; x_wconf 92' lang='lat' dir='ltr'><strong>in</strong></span> <span class='ocrx_word' id='word_1_461' title='bbox 2857 1106 3093 1162; x_wconf 89' lang='lat' dir='ltr'><strong>nomine</strong></span> <span class='ocrx_word' id='word_1_462' title='bbox 3123 1107 3382 1173; x_wconf 89' lang='lat' dir='ltr'><strong>Domini,</strong></span> <span class='ocrx_word' id='word_1_463' title='bbox 3418 1112 3485 1163; x_wconf 86' lang='lat' dir='ltr'><strong>et</strong></span> <span class='ocrx_word' id='word_1_464' title='bbox 3519 1109 3742 1164; x_wconf 86' lang='lat' dir='ltr'><strong>benedi-</strong></span> 
     </span>
    </p>
   </div>
   <div class='ocr_carea' id='block_1_68' title="bbox 2073 1191 3372 1265">
    <p class='ocr_par' dir='ltr' id='par_1_68' title="bbox 2073 1191 3372 1265">
     <span class='ocr_line' id='line_1_68' title="bbox 2073 1191 3372 1265; baseline 0.006 -21"><span class='ocrx_word' id='word_1_465' title='bbox 2073 1193 2232 1246; x_wconf 89' lang='lat' dir='ltr'><strong>ctum</strong></span> <span class='ocrx_word' id='word_1_466' title='bbox 2267 1209 2475 1247; x_wconf 91' lang='lat' dir='ltr'><strong>nomen</strong></span> <span class='ocrx_word' id='word_1_467' title='bbox 2509 1191 2702 1264; x_wconf 67' lang='lat' dir='ltr'><strong>glorim</strong></span> <span class='ocrx_word' id='word_1_468' title='bbox 2735 1195 2884 1265; x_wconf 82' lang='lat' dir='ltr'><strong>ejus.</strong></span> <span class='ocrx_word' id='word_1_469' title='bbox 2921 1195 3063 1262; x_wconf 84' lang='lat' dir='ltr'><strong>Fiat,</strong></span> <span class='ocrx_word' id='word_1_470' title='bbox 3102 1197 3221 1264; x_wconf 86' lang='lat' dir='ltr'><strong>ﬁat,</strong></span> <span class='ocrx_word' id='word_1_471' title='bbox 3249 1198 3372 1253; x_wconf 88' lang='lat' dir='ltr'><strong>ﬁat.</strong></span> 
     </span>
    </p>
   </div>
   <div class='ocr_carea' id='block_1_69' title="bbox 2139 1280 3736 1358">
    <p class='ocr_par' dir='ltr' id='par_1_69' title="bbox 2139 1280 3736 1358">
     <span class='ocr_line' id='line_1_69' title="bbox 2139 1280 3736 1358; baseline 0.003 -23"><span class='ocrx_word' id='word_1_472' title='bbox 2139 1280 2402 1336; x_wconf 83' lang='lat' dir='ltr'><strong>Sacerdos</strong></span> <span class='ocrx_word' id='word_1_473' title='bbox 2431 1281 2564 1337; x_wconf 86' lang='lat' dir='ltr'><strong>dicit</strong></span> <span class='ocrx_word' id='word_1_474' title='bbox 2595 1301 2614 1337; x_wconf 87' lang='lat'><em>:</em></span> <span class='ocrx_word' id='word_1_475' title='bbox 2648 1282 2808 1339; x_wconf 88' lang='lat' dir='ltr'><strong>Mitte</strong></span> <span class='ocrx_word' id='word_1_476' title='bbox 2819 1283 3066 1356; x_wconf 87' lang='lat' dir='ltr'><strong>gratiam</strong></span> <span class='ocrx_word' id='word_1_477' title='bbox 3083 1285 3340 1357; x_wconf 89' lang='lat' dir='ltr'><strong>Spiritus</strong></span> <span class='ocrx_word' id='word_1_478' title='bbox 3353 1286 3558 1341; x_wconf 86' lang='lat' dir='ltr'><strong>sancti</strong></span> <span class='ocrx_word' id='word_1_479' title='bbox 3576 1302 3736 1358; x_wconf 83' lang='lat' dir='ltr'><strong>super</strong></span> 
     </span>
    </p>
   </div>
   <div class='ocr_carea' id='block_1_70' title="bbox 2072 1368 2501 1434">
    <p class='ocr_par' dir='ltr' id='par_1_70' title="bbox 2072 1368 2501 1434">
     <span class='ocr_line' id='line_1_70' title="bbox 2072 1368 2501 1434; baseline 0.005 -12"><span class='ocrx_word' id='word_1_480' title='bbox 2072 1385 2198 1434; x_wconf 89' lang='lat' dir='ltr'><strong>nos,</strong></span> <span class='ocrx_word' id='word_1_481' title='bbox 2235 1368 2501 1424; x_wconf 90' lang='lat' dir='ltr'><strong>Domine.</strong></span> 
     </span>
    </p>
   </div>
   <div class='ocr_carea' id='block_1_71' title="bbox 2139 1458 3366 1533">
    <p class='ocr_par' dir='ltr' id='par_1_71' title="bbox 2139 1458 3366 1533">
     <span class='ocr_line' id='line_1_71' title="bbox 2139 1458 3366 1533; baseline 0.006 -22"><span class='ocrx_word' id='word_1_482' title='bbox 2139 1458 2409 1514; x_wconf 77' lang='lat' dir='ltr'><strong>Diacomis</strong></span> <span class='ocrx_word' id='word_1_483' title='bbox 2437 1459 2570 1514; x_wconf 85' lang='lat' dir='ltr'><strong>dicit</strong></span> <span class='ocrx_word' id='word_1_484' title='bbox 2600 1478 2619 1514; x_wconf 89' lang='lat'><strong><em>:</em></strong></span> <span class='ocrx_word' id='word_1_485' title='bbox 2649 1460 2880 1533; x_wconf 88' lang='lat' dir='ltr'><strong>Surgite</strong></span> <span class='ocrx_word' id='word_1_486' title='bbox 2913 1462 2984 1516; x_wconf 90' lang='lat' dir='ltr'><strong>ad</strong></span> <span class='ocrx_word' id='word_1_487' title='bbox 3017 1463 3366 1518; x_wconf 88' lang='lat' dir='ltr'><strong>orationem.</strong></span> 
     </span>
    </p>
   </div>
   <div class='ocr_carea' id='block_1_72' title="bbox 2137 1546 3369 1622">
    <p class='ocr_par' dir='ltr' id='par_1_72' title="bbox 2137 1546 3369 1622">
     <span class='ocr_line' id='line_1_72' title="bbox 2137 1546 3369 1622; baseline 0.005 -21"><span class='ocrx_word' id='word_1_488' title='bbox 2137 1546 2397 1602; x_wconf 84' lang='lat' dir='ltr'><strong>Sacerdos</strong></span> <span class='ocrx_word' id='word_1_489' title='bbox 2421 1548 2556 1603; x_wconf 87' lang='lat' dir='ltr'><strong>dicit</strong></span> <span class='ocrx_word' id='word_1_490' title='bbox 2582 1549 2654 1604; x_wconf 87' lang='lat' dir='ltr'><strong>ad</strong></span> <span class='ocrx_word' id='word_1_491' title='bbox 2684 1552 2984 1606; x_wconf 86' lang='lat' dir='ltr'><strong>orationem</strong></span> <span class='ocrx_word' id='word_1_492' title='bbox 3012 1554 3318 1622; x_wconf 82' lang='lat' dir='ltr'><strong>fragmenti</strong></span> <span class='ocrx_word' id='word_1_493' title='bbox 3348 1571 3369 1607; x_wconf 90' lang='lat'><em>:</em></span> 
     </span>
    </p>
   </div>
   <div class='ocr_carea' id='block_1_73' title="bbox 2137 1635 3724 1714">
    <p class='ocr_par' dir='ltr' id='par_1_73' title="bbox 2137 1635 3724 1714">
     <span class='ocr_line' id='line_1_73' title="bbox 2137 1635 3724 1714; baseline 0.003 -24"><span class='ocrx_word' id='word_1_494' title='bbox 2137 1635 2428 1692; x_wconf 85' lang='lat' dir='ltr'><strong>Conﬁteor</strong></span> <span class='ocrx_word' id='word_1_495' title='bbox 2458 1637 2587 1706; x_wconf 89' lang='lat' dir='ltr'><strong>tibi,</strong></span> <span class='ocrx_word' id='word_1_496' title='bbox 2623 1637 2885 1705; x_wconf 89' lang='lat' dir='ltr'><strong>Domine,</strong></span> <span class='ocrx_word' id='word_1_497' title='bbox 2919 1639 3070 1696; x_wconf 88' lang='lat' dir='ltr'><strong>Deus</strong></span> <span class='ocrx_word' id='word_1_498' title='bbox 3111 1657 3279 1697; x_wconf 90' lang='lat' dir='ltr'><strong>meus</strong></span> <span class='ocrx_word' id='word_1_499' title='bbox 3328 1641 3724 1714; x_wconf 81' lang='lat' dir='ltr'><strong>omnipotens,</strong></span> 
     </span>
    </p>
   </div>
   <div class='ocr_carea' id='block_1_74' title="bbox 2065 1723 3728 1802">
    <p class='ocr_par' dir='ltr' id='par_1_74' title="bbox 2065 1723 3728 1802">
     <span class='ocr_line' id='line_1_74' title="bbox 2065 1723 3728 1802; baseline 0.005 -26"><span class='ocrx_word' id='word_1_500' title='bbox 2065 1723 2162 1795; x_wconf 88' lang='lat' dir='ltr'><strong>qui</strong></span> <span class='ocrx_word' id='word_1_501' title='bbox 2189 1724 2356 1780; x_wconf 86' lang='lat' dir='ltr'><strong>sodes</strong></span> <span class='ocrx_word' id='word_1_502' title='bbox 2379 1742 2554 1797; x_wconf 88' lang='lat' dir='ltr'><strong>super</strong></span> <span class='ocrx_word' id='word_1_503' title='bbox 2576 1725 2851 1782; x_wconf 89' lang='lat' dir='ltr'><strong>thronum</strong></span> <span class='ocrx_word' id='word_1_504' title='bbox 2883 1728 3196 1784; x_wconf 86' lang='lat' dir='ltr'><strong>Cherubim</strong></span> <span class='ocrx_word' id='word_1_505' title='bbox 3216 1734 3274 1784; x_wconf 90' lang='lat' dir='ltr'><strong>et</strong></span> <span class='ocrx_word' id='word_1_506' title='bbox 3293 1729 3544 1786; x_wconf 87' lang='lat' dir='ltr'><strong>habitas</strong></span> <span class='ocrx_word' id='word_1_507' title='bbox 3567 1747 3728 1802; x_wconf 84' lang='lat' dir='ltr'><strong>super</strong></span> 
     </span>
    </p>
   </div>
   <div class='ocr_carea' id='block_1_75' title="bbox 2066 1812 3724 1891">
    <p class='ocr_par' dir='ltr' id='par_1_75' title="bbox 2066 1812 3724 1891">
     <span class='ocr_line' id='line_1_75' title="bbox 2066 1812 3724 1891; baseline 0.005 -25"><span class='ocrx_word' id='word_1_508' title='bbox 2066 1813 2310 1880; x_wconf 82' lang='lat' dir='ltr'><strong>excelsa,</strong></span> <span class='ocrx_word' id='word_1_509' title='bbox 2344 1818 2399 1868; x_wconf 87' lang='lat' dir='ltr'><strong>et</strong></span> <span class='ocrx_word' id='word_1_510' title='bbox 2429 1812 2688 1869; x_wconf 89' lang='lat' dir='ltr'><strong>laudaris</strong></span> <span class='ocrx_word' id='word_1_511' title='bbox 2719 1816 2792 1870; x_wconf 89' lang='lat' dir='ltr'><strong>ab</strong></span> <span class='ocrx_word' id='word_1_512' title='bbox 2824 1816 3285 1890; x_wconf 87' lang='lat' dir='ltr'><strong>humilibus,qui</strong></span> <span class='ocrx_word' id='word_1_513' title='bbox 3321 1818 3380 1873; x_wconf 92' lang='lat' dir='ltr'><strong>in</strong></span> <span class='ocrx_word' id='word_1_514' title='bbox 3419 1817 3724 1891; x_wconf 82' lang='lat' dir='ltr'><strong>splendore</strong></span> 
     </span>
    </p>
   </div>
   <div class='ocr_carea' id='block_1_76' title="bbox 2066 1901 3722 1979">
    <p class='ocr_par' dir='ltr' id='par_1_76' title="bbox 2066 1901 3722 1979">
     <span class='ocr_line' id='line_1_76' title="bbox 2066 1901 3722 1979; baseline 0.002 -22"><span class='ocrx_word' id='word_1_515' title='bbox 2066 1901 2531 1961; x_wconf 84' lang='lat' dir='ltr'><strong>existens.mund</strong></span> <span class='ocrx_word' id='word_1_516' title='bbox 2544 1921 2639 1958; x_wconf 90' lang='lat' dir='ltr'><strong>um</strong></span> <span class='ocrx_word' id='word_1_517' title='bbox 2655 1905 2972 1977; x_wconf 88' lang='lat' dir='ltr'><strong>cognovisti</strong></span> <span class='ocrx_word' id='word_1_518' title='bbox 2997 1910 3053 1960; x_wconf 88' lang='lat' dir='ltr'><strong>et</strong></span> <span class='ocrx_word' id='word_1_519' title='bbox 3073 1907 3355 1962; x_wconf 86' lang='lat' dir='ltr'><strong>abscondi</strong></span> <span class='ocrx_word' id='word_1_520' title='bbox 3367 1912 3500 1962; x_wconf 88' lang='lat' dir='ltr'><strong>tum</strong></span> <span class='ocrx_word' id='word_1_521' title='bbox 3528 1913 3722 1979; x_wconf 70' lang='lat' dir='ltr'><strong>myste-</strong></span> 
     </span>
    </p>
   </div>
   <div class='ocr_carea' id='block_1_77' title="bbox 2067 1989 3722 2060">
    <p class='ocr_par' dir='ltr' id='par_1_77' title="bbox 2067 1989 3722 2060">
     <span class='ocr_line' id='line_1_77' title="bbox 2067 1989 3722 2060; baseline 0.004 -16"><span class='ocrx_word' id='word_1_522' title='bbox 2067 1989 2218 2045; x_wconf 91' lang='lat' dir='ltr'><strong>rium</strong></span> <span class='ocrx_word' id='word_1_523' title='bbox 2253 1991 2308 2044; x_wconf 91' lang='lat' dir='ltr'><strong>in</strong></span> <span class='ocrx_word' id='word_1_524' title='bbox 2342 2008 2511 2047; x_wconf 90' lang='lat' dir='ltr'><strong>cruce</strong></span> <span class='ocrx_word' id='word_1_525' title='bbox 2543 1992 2712 2047; x_wconf 88' lang='lat' dir='ltr'><strong>nobis</strong></span> <span class='ocrx_word' id='word_1_526' title='bbox 2745 1993 3069 2049; x_wconf 88' lang='lat' dir='ltr'><strong>ostendisti.</strong></span> <span class='ocrx_word' id='word_1_527' title='bbox 3113 1993 3254 2060; x_wconf 87' lang='lat' dir='ltr'><strong>Quis</strong></span> <span class='ocrx_word' id='word_1_528' title='bbox 3302 1995 3468 2051; x_wconf 88' lang='lat' dir='ltr'><strong>Deus</strong></span> <span class='ocrx_word' id='word_1_529' title='bbox 3500 1996 3722 2052; x_wconf 83' lang='lat' dir='ltr'><strong>miseri-</strong></span> 
     </span>
    </p>
   </div>
   <div class='ocr_carea' id='block_1_78' title="bbox 2063 2080 3715 2147">
    <p class='ocr_par' dir='ltr' id='par_1_78' title="bbox 2063 2080 3715 2147">
     <span class='ocr_line' id='line_1_78' title="bbox 2063 2080 3715 2147; baseline 0.001 -11"><span class='ocrx_word' id='word_1_530' title='bbox 2063 2097 2212 2147; x_wconf 88' lang='lat' dir='ltr'><strong>cors,</strong></span> <span class='ocrx_word' id='word_1_531' title='bbox 2237 2084 2293 2135; x_wconf 91' lang='lat' dir='ltr'><strong>et</strong></span> <span class='ocrx_word' id='word_1_532' title='bbox 2314 2085 2552 2135; x_wconf 88' lang='lat' dir='ltr'><strong>sanctus</strong></span> <span class='ocrx_word' id='word_1_533' title='bbox 2575 2080 2728 2136; x_wconf 88' lang='lat' dir='ltr'><strong>sicut</strong></span> <span class='ocrx_word' id='word_1_534' title='bbox 2748 2086 2808 2136; x_wconf 88' lang='lat' dir='ltr'><strong>tu</strong></span> <span class='ocrx_word' id='word_1_535' title='bbox 2824 2083 2851 2136; x_wconf 81' lang='lat'><strong>‘?</strong></span> <span class='ocrx_word' id='word_1_536' title='bbox 2872 2083 3134 2138; x_wconf 88' lang='lat' dir='ltr'><strong>Potestas</strong></span> <span class='ocrx_word' id='word_1_537' title='bbox 3163 2088 3268 2138; x_wconf 87' lang='lat' dir='ltr'><strong>tua</strong></span> <span class='ocrx_word' id='word_1_538' title='bbox 3299 2101 3419 2138; x_wconf 89' lang='lat' dir='ltr'><strong>non</strong></span> <span class='ocrx_word' id='word_1_539' title='bbox 3446 2091 3538 2140; x_wconf 89' lang='lat' dir='ltr'><strong>est</strong></span> <span class='ocrx_word' id='word_1_540' title='bbox 3570 2085 3715 2140; x_wconf 90' lang='lat' dir='ltr'><strong>elon-</strong></span> 
     </span>
    </p>
   </div>
   <div class='ocr_carea' id='block_1_79' title="bbox 2062 2167 3715 2244">
    <p class='ocr_par' dir='ltr' id='par_1_79' title="bbox 2062 2167 3715 2244">
     <span class='ocr_line' id='line_1_79' title="bbox 2062 2167 3715 2244; baseline 0.001 -21"><span class='ocrx_word' id='word_1_541' title='bbox 2062 2172 2197 2241; x_wconf 88' lang='lat' dir='ltr'><strong>gata</strong></span> <span class='ocrx_word' id='word_1_542' title='bbox 2219 2187 2252 2223; x_wconf 92' lang='lat' dir='ltr'><strong>a</strong></span> <span class='ocrx_word' id='word_1_543' title='bbox 2274 2167 2645 2240; x_wconf 87' lang='lat' dir='ltr'><strong>nobis,quam</strong></span> <span class='ocrx_word' id='word_1_544' title='bbox 2668 2169 2788 2226; x_wconf 91' lang='lat' dir='ltr'><strong>tuis</strong></span> <span class='ocrx_word' id='word_1_545' title='bbox 2809 2169 3017 2226; x_wconf 89' lang='lat' dir='ltr'><strong>dedisti</strong></span> <span class='ocrx_word' id='word_1_546' title='bbox 3042 2170 3354 2243; x_wconf 86' lang='lat' dir='ltr'><strong>discipulis</strong></span> <span class='ocrx_word' id='word_1_547' title='bbox 3375 2171 3481 2244; x_wconf 85' lang='lat' dir='ltr'><strong>qui</strong></span> <span class='ocrx_word' id='word_1_548' title='bbox 3507 2172 3715 2227; x_wconf 83' lang='lat' dir='ltr'><strong>mundo</strong></span> 
     </span>
    </p>
   </div>
   <div class='ocr_carea' id='block_1_80' title="bbox 2061 2257 3716 2316">
    <p class='ocr_par' dir='ltr' id='par_1_80' title="bbox 2061 2257 3716 2316">
     <span class='ocr_line' id='line_1_80' title="bbox 2061 2257 3716 2316; baseline 0.001 -4"><span class='ocrx_word' id='word_1_549' title='bbox 2061 2261 2118 2312; x_wconf 89' lang='lat' dir='ltr'><strong>et</strong></span> <span class='ocrx_word' id='word_1_550' title='bbox 2139 2257 2366 2313; x_wconf 89' lang='lat' dir='ltr'><strong>sincero</strong></span> <span class='ocrx_word' id='word_1_551' title='bbox 2397 2257 2570 2312; x_wconf 90' lang='lat' dir='ltr'><strong>corde</strong></span> <span class='ocrx_word' id='word_1_552' title='bbox 2601 2257 2707 2312; x_wconf 90' lang='lat' dir='ltr'><strong>tibi</strong></span> <span class='ocrx_word' id='word_1_553' title='bbox 2739 2257 2999 2314; x_wconf 89' lang='lat' dir='ltr'><strong>serviunt</strong></span> <span class='ocrx_word' id='word_1_554' title='bbox 3027 2263 3083 2314; x_wconf 87' lang='lat' dir='ltr'><strong>et</strong></span> <span class='ocrx_word' id='word_1_555' title='bbox 3111 2260 3367 2314; x_wconf 71' lang='lat' dir='ltr'><strong>offerunt</strong></span> <span class='ocrx_word' id='word_1_556' title='bbox 3397 2260 3513 2316; x_wconf 87' lang='lat' dir='ltr'><strong>tibi</strong></span> <span class='ocrx_word' id='word_1_557' title='bbox 3541 2261 3716 2316; x_wconf 87' lang='lat' dir='ltr'><strong>sacri-</strong></span> 
     </span>
    </p>
   </div>
   <div class='ocr_carea' id='block_1_81' title="bbox 2061 2345 3717 2419">
    <p class='ocr_par' dir='ltr' id='par_1_81' title="bbox 2061 2345 3717 2419">
     <span class='ocr_line' id='line_1_81' title="bbox 2061 2345 3717 2419; baseline 0.002 -19"><span class='ocrx_word' id='word_1_558' title='bbox 2061 2345 2257 2400; x_wconf 84' lang='lat' dir='ltr'><strong>ﬁcium</strong></span> <span class='ocrx_word' id='word_1_559' title='bbox 2292 2345 2682 2402; x_wconf 87' lang='lat' dir='ltr'><strong>suaveolentis</strong></span> <span class='ocrx_word' id='word_1_560' title='bbox 2711 2347 2929 2414; x_wconf 89' lang='lat' dir='ltr'><strong>odoris,</strong></span> <span class='ocrx_word' id='word_1_561' title='bbox 2951 2364 3054 2419; x_wconf 87' lang='lat' dir='ltr'><strong>per</strong></span> <span class='ocrx_word' id='word_1_562' title='bbox 3078 2347 3398 2404; x_wconf 91' lang='lat' dir='ltr'><strong>Dominum</strong></span> <span class='ocrx_word' id='word_1_563' title='bbox 3434 2353 3492 2404; x_wconf 89' lang='lat' dir='ltr'><strong>et</strong></span> <span class='ocrx_word' id='word_1_564' title='bbox 3524 2349 3717 2404; x_wconf 80' lang='lat' dir='ltr'><strong>Serva-</strong></span> 
     </span>
    </p>
   </div>
   <div class='ocr_carea' id='block_1_82' title="bbox 2061 2435 3712 2510">
    <p class='ocr_par' dir='ltr' id='par_1_82' title="bbox 2061 2435 3712 2510">
     <span class='ocr_line' id='line_1_82' title="bbox 2061 2435 3712 2510; baseline 0.001 -20"><span class='ocrx_word' id='word_1_565' title='bbox 2061 2439 2241 2490; x_wconf 89' lang='lat' dir='ltr'><strong>torem</strong></span> <span class='ocrx_word' id='word_1_566' title='bbox 2270 2439 2535 2491; x_wconf 88' lang='lat' dir='ltr'><strong>nostrum</strong></span> <span class='ocrx_word' id='word_1_567' title='bbox 2565 2435 2768 2491; x_wconf 89' lang='lat' dir='ltr'><strong>Jesum</strong></span> <span class='ocrx_word' id='word_1_568' title='bbox 2791 2435 3084 2492; x_wconf 89' lang='lat' dir='ltr'><strong>Christum</strong></span> <span class='ocrx_word' id='word_1_569' title='bbox 3109 2436 3224 2502; x_wconf 87' lang='lat' dir='ltr'><strong>cui,</strong></span> <span class='ocrx_word' id='word_1_570' title='bbox 3241 2441 3298 2491; x_wconf 90' lang='lat' dir='ltr'><strong>et</strong></span> <span class='ocrx_word' id='word_1_571' title='bbox 3319 2437 3521 2505; x_wconf 86' lang='lat' dir='ltr'><strong>tibi,et</strong></span> <span class='ocrx_word' id='word_1_572' title='bbox 3535 2438 3712 2510; x_wconf 76' lang='lat' dir='ltr'><strong>Spiri-</strong></span> 
     </span>
    </p>
   </div>
   <div class='ocr_carea' id='block_1_83' title="bbox 2059 2523 3710 2598">
    <p class='ocr_par' dir='ltr' id='par_1_83' title="bbox 2059 2523 3710 2598">
     <span class='ocr_line' id='line_1_83' title="bbox 2059 2523 3710 2598; baseline 0.001 -20"><span class='ocrx_word' id='word_1_573' title='bbox 2059 2523 2144 2578; x_wconf 91' lang='lat' dir='ltr'><strong>tui</strong></span> <span class='ocrx_word' id='word_1_574' title='bbox 2203 2530 2403 2580; x_wconf 87' lang='lat' dir='ltr'><strong>sancto</strong></span> <span class='ocrx_word' id='word_1_575' title='bbox 2457 2524 2535 2580; x_wconf 88' lang='lat' dir='ltr'><strong>sit</strong></span> <span class='ocrx_word' id='word_1_576' title='bbox 2590 2524 2798 2597; x_wconf 86' lang='lat' dir='ltr'><strong>gratia,</strong></span> <span class='ocrx_word' id='word_1_577' title='bbox 2826 2524 3031 2592; x_wconf 91' lang='lat' dir='ltr'><strong>honor,</strong></span> <span class='ocrx_word' id='word_1_578' title='bbox 3066 2530 3124 2581; x_wconf 90' lang='lat' dir='ltr'><strong>et</strong></span> <span class='ocrx_word' id='word_1_579' title='bbox 3153 2524 3363 2598; x_wconf 86' lang='lat' dir='ltr'><strong>gloria,</strong></span> <span class='ocrx_word' id='word_1_580' title='bbox 3396 2525 3458 2582; x_wconf 92' lang='lat' dir='ltr'><strong>in</strong></span> <span class='ocrx_word' id='word_1_581' title='bbox 3501 2525 3710 2582; x_wconf 61' lang='lat' dir='ltr'><strong>saecula</strong></span> 
     </span>
    </p>
   </div>
   <div class='ocr_carea' id='block_1_84' title="bbox 2057 2613 2425 2670">
    <p class='ocr_par' dir='ltr' id='par_1_84' title="bbox 2057 2613 2425 2670">
     <span class='ocr_line' id='line_1_84' title="bbox 2057 2613 2425 2670; baseline 0 -2"><span class='ocrx_word' id='word_1_582' title='bbox 2057 2613 2425 2670; x_wconf 67' lang='lat' dir='ltr'><strong>saeculorum.</strong></span> 
     </span>
    </p>
   </div>
   <div class='ocr_carea' id='block_1_85' title="bbox 2129 2703 3708 2777">
    <p class='ocr_par' dir='ltr' id='par_1_85' title="bbox 2129 2703 3708 2777">
     <span class='ocr_line' id='line_1_85' title="bbox 2129 2703 3708 2777; baseline -0.001 -18"><span class='ocrx_word' id='word_1_583' title='bbox 2129 2706 2403 2759; x_wconf 86' lang='lat' dir='ltr'><strong>Diaconus</strong></span> <span class='ocrx_word' id='word_1_584' title='bbox 2433 2703 2614 2758; x_wconf 87' lang='lat' dir='ltr'><strong>dicit:</strong></span> <span class='ocrx_word' id='word_1_585' title='bbox 2674 2703 2782 2767; x_wconf 87' lang='lat' dir='ltr'><strong>Qui</strong></span> <span class='ocrx_word' id='word_1_586' title='bbox 2855 2703 3044 2770; x_wconf 85' lang='lat' dir='ltr'><strong>statis,</strong></span> <span class='ocrx_word' id='word_1_587' title='bbox 3123 2703 3433 2760; x_wconf 88' lang='lat' dir='ltr'><strong>humiliate</strong></span> <span class='ocrx_word' id='word_1_588' title='bbox 3521 2705 3708 2777; x_wconf 83' lang='lat' dir='ltr'><strong>capita</strong></span> 
     </span>
    </p>
   </div>
   <div class='ocr_carea' id='block_1_86' title="bbox 2053 2799 2264 2849">
    <p class='ocr_par' dir='ltr' id='par_1_86' title="bbox 2053 2799 2264 2849">
     <span class='ocr_line' id='line_1_86' title="bbox 2053 2799 2264 2849; baseline 0 -2"><span class='ocrx_word' id='word_1_589' title='bbox 2053 2799 2264 2849; x_wconf 87' lang='lat' dir='ltr'><strong>vestra.</strong></span> 
     </span>
    </p>
   </div>
   <div class='ocr_carea' id='block_1_87' title="bbox 2121 2881 3708 2954">
    <p class='ocr_par' dir='ltr' id='par_1_87' title="bbox 2121 2881 3708 2954">
     <span class='ocr_line' id='line_1_87' title="bbox 2121 2881 3708 2954; baseline -0.001 -14"><span class='ocrx_word' id='word_1_590' title='bbox 2121 2882 2386 2940; x_wconf 85' lang='lat' dir='ltr'><strong>Sacerdos</strong></span> <span class='ocrx_word' id='word_1_591' title='bbox 2413 2881 2547 2937; x_wconf 89' lang='lat' dir='ltr'><strong>dicit</strong></span> <span class='ocrx_word' id='word_1_592' title='bbox 2575 2900 2592 2936; x_wconf 93' lang='lat'><em>:</em></span> <span class='ocrx_word' id='word_1_593' title='bbox 2627 2881 2890 2950; x_wconf 89' lang='lat' dir='ltr'><strong>Domine,</strong></span> <span class='ocrx_word' id='word_1_594' title='bbox 2913 2881 3011 2954; x_wconf 88' lang='lat' dir='ltr'><strong>qui</strong></span> <span class='ocrx_word' id='word_1_595' title='bbox 3045 2881 3278 2938; x_wconf 85' lang='lat' dir='ltr'><strong>habitas</strong></span> <span class='ocrx_word' id='word_1_596' title='bbox 3302 2899 3480 2954; x_wconf 86' lang='lat' dir='ltr'><strong>super</strong></span> <span class='ocrx_word' id='word_1_597' title='bbox 3498 2882 3708 2938; x_wconf 83' lang='lat' dir='ltr'><strong>Cheru-</strong></span> 
     </span>
    </p>
   </div>
   <div class='ocr_carea' id='block_1_88' title="bbox 2054 2970 3700 3042">
    <p class='ocr_par' dir='ltr' id='par_1_88' title="bbox 2054 2970 3700 3042">
     <span class='ocr_line' id='line_1_88' title="bbox 2054 2970 3700 3042; baseline -0.001 -15"><span class='ocrx_word' id='word_1_598' title='bbox 2054 2971 2196 3038; x_wconf 89' lang='lat' dir='ltr'><strong>bim,</strong></span> <span class='ocrx_word' id='word_1_599' title='bbox 2230 2974 2287 3026; x_wconf 89' lang='lat' dir='ltr'><strong>et</strong></span> <span class='ocrx_word' id='word_1_600' title='bbox 2316 2970 2556 3042; x_wconf 89' lang='lat' dir='ltr'><strong>respicis</strong></span> <span class='ocrx_word' id='word_1_601' title='bbox 2588 2987 2765 3041; x_wconf 78' lang='lat' dir='ltr'><strong>super</strong></span> <span class='ocrx_word' id='word_1_602' title='bbox 2793 2970 3075 3042; x_wconf 89' lang='lat' dir='ltr'><strong>populum</strong></span> <span class='ocrx_word' id='word_1_603' title='bbox 3108 2975 3277 3026; x_wconf 90' lang='lat' dir='ltr'><strong>tuum</strong></span> <span class='ocrx_word' id='word_1_604' title='bbox 3311 2977 3370 3027; x_wconf 85' lang='lat' dir='ltr'><strong>et</strong></span> <span class='ocrx_word' id='word_1_605' title='bbox 3401 2971 3700 3026; x_wconf 69' lang='lat' dir='ltr'><strong>haeredita-</strong></span> 
     </span>
    </p>
   </div>
   <div class='ocr_carea' id='block_1_89' title="bbox 2053 3059 3702 3127">
    <p class='ocr_par' dir='ltr' id='par_1_89' title="bbox 2053 3059 3702 3127">
     <span class='ocr_line' id='line_1_89' title="bbox 2053 3059 3702 3127; baseline -0.002 -11"><span class='ocrx_word' id='word_1_606' title='bbox 2053 3065 2169 3116; x_wconf 90' lang='lat' dir='ltr'><strong>tem</strong></span> <span class='ocrx_word' id='word_1_607' title='bbox 2197 3065 2379 3127; x_wconf 88' lang='lat' dir='ltr'><strong>tuam,</strong></span> <span class='ocrx_word' id='word_1_608' title='bbox 2415 3059 2656 3114; x_wconf 88' lang='lat' dir='ltr'><strong>benedic</strong></span> <span class='ocrx_word' id='word_1_609' title='bbox 2705 3075 2900 3115; x_wconf 88' lang='lat' dir='ltr'><strong>servos</strong></span> <span class='ocrx_word' id='word_1_610' title='bbox 2945 3063 3077 3115; x_wconf 88' lang='lat' dir='ltr'><strong>tuos</strong></span> <span class='ocrx_word' id='word_1_611' title='bbox 3107 3065 3163 3115; x_wconf 90' lang='lat' dir='ltr'><strong>et</strong></span> <span class='ocrx_word' id='word_1_612' title='bbox 3192 3059 3437 3115; x_wconf 87' lang='lat' dir='ltr'><strong>ancillas</strong></span> <span class='ocrx_word' id='word_1_613' title='bbox 3469 3065 3622 3125; x_wconf 88' lang='lat' dir='ltr'><strong>tuas,</strong></span> <span class='ocrx_word' id='word_1_614' title='bbox 3650 3065 3702 3115; x_wconf 84' lang='lat' dir='ltr'><strong>et</strong></span> 
     </span>
    </p>
   </div>
   <div class='ocr_carea' id='block_1_90' title="bbox 2056 3147 3701 3221">
    <p class='ocr_par' dir='ltr' id='par_1_90' title="bbox 2056 3147 3701 3221">
     <span class='ocr_line' id='line_1_90' title="bbox 2056 3147 3701 3221; baseline -0.001 -16"><span class='ocrx_word' id='word_1_615' title='bbox 2056 3150 2207 3207; x_wconf 88' lang='lat' dir='ltr'><strong>ﬁlios</strong></span> <span class='ocrx_word' id='word_1_616' title='bbox 2225 3165 2458 3216; x_wconf 91' lang='lat' dir='ltr'><strong>eorum;</strong></span> <span class='ocrx_word' id='word_1_617' title='bbox 2482 3147 2808 3220; x_wconf 89' lang='lat' dir='ltr'><strong>portionem</strong></span> <span class='ocrx_word' id='word_1_618' title='bbox 2832 3148 3023 3204; x_wconf 90' lang='lat' dir='ltr'><strong>tribue</strong></span> <span class='ocrx_word' id='word_1_619' title='bbox 3040 3148 3125 3204; x_wconf 88' lang='lat' dir='ltr'><strong>eis</strong></span> <span class='ocrx_word' id='word_1_620' title='bbox 3138 3148 3239 3221; x_wconf 89' lang='lat' dir='ltr'><strong>qui</strong></span> <span class='ocrx_word' id='word_1_621' title='bbox 3261 3149 3332 3204; x_wconf 90' lang='lat' dir='ltr'><strong>de</strong></span> <span class='ocrx_word' id='word_1_622' title='bbox 3354 3148 3701 3204; x_wconf 83' lang='lat' dir='ltr'><strong>miraculosa</strong></span> 
     </span>
    </p>
   </div>
   <div class='ocr_carea' id='block_1_91' title="bbox 2057 3235 3698 3309">
    <p class='ocr_par' dir='ltr' id='par_1_91' title="bbox 2057 3235 3698 3309">
     <span class='ocr_line' id='line_1_91' title="bbox 2057 3235 3698 3309; baseline -0.003 -14"><span class='ocrx_word' id='word_1_623' title='bbox 2057 3256 2254 3295; x_wconf 86' lang='lat' dir='ltr'><strong>mensa</strong></span> <span class='ocrx_word' id='word_1_624' title='bbox 2280 3243 2381 3293; x_wconf 88' lang='lat' dir='ltr'><strong>tna</strong></span> <span class='ocrx_word' id='word_1_625' title='bbox 2402 3253 2634 3293; x_wconf 91' lang='lat' dir='ltr'><strong>sumere</strong></span> <span class='ocrx_word' id='word_1_626' title='bbox 2653 3235 2894 3292; x_wconf 90' lang='lat' dir='ltr'><strong>veniunt</strong></span> <span class='ocrx_word' id='word_1_627' title='bbox 2913 3253 3017 3308; x_wconf 90' lang='lat' dir='ltr'><strong>pro</strong></span> <span class='ocrx_word' id='word_1_628' title='bbox 3039 3238 3254 3292; x_wconf 90' lang='lat' dir='ltr'><strong>mentis</strong></span> <span class='ocrx_word' id='word_1_629' title='bbox 3277 3238 3698 3309; x_wconf 87' lang='lat' dir='ltr'><strong>purgatione,et</strong></span> 
     </span>
    </p>
   </div>
   <div class='ocr_carea' id='block_1_92' title="bbox 2052 3325 3692 3401">
    <p class='ocr_par' dir='ltr' id='par_1_92' title="bbox 2052 3325 3692 3401">
     <span class='ocr_line' id='line_1_92' title="bbox 2052 3325 3692 3401; baseline -0.004 -16"><span class='ocrx_word' id='word_1_630' title='bbox 2052 3331 2422 3401; x_wconf 88' lang='lat' dir='ltr'><strong>peccatorum</strong></span> <span class='ocrx_word' id='word_1_631' title='bbox 2453 3325 2820 3393; x_wconf 89' lang='lat' dir='ltr'><strong>remissione,</strong></span> <span class='ocrx_word' id='word_1_632' title='bbox 2853 3325 3187 3398; x_wconf 88' lang='lat' dir='ltr'><strong>unioneque</strong></span> <span class='ocrx_word' id='word_1_633' title='bbox 3220 3325 3476 3398; x_wconf 85' lang='lat' dir='ltr'><strong>Spiritus</strong></span> <span class='ocrx_word' id='word_1_634' title='bbox 3513 3326 3692 3381; x_wconf 82' lang='lat' dir='ltr'><strong>sancti</strong></span> 
     </span>
    </p>
   </div>
   <div class='ocr_carea' id='block_1_93' title="bbox 2052 3414 3690 3487">
    <p class='ocr_par' dir='ltr' id='par_1_93' title="bbox 2052 3414 3690 3487">
     <span class='ocr_line' id='line_1_93' title="bbox 2052 3414 3690 3487; baseline -0.003 -14"><span class='ocrx_word' id='word_1_635' title='bbox 2052 3435 2117 3474; x_wconf 88' lang='lat' dir='ltr'><strong>ac</strong></span> <span class='ocrx_word' id='word_1_636' title='bbox 2149 3416 2336 3473; x_wconf 86' lang='lat' dir='ltr'><strong>salute</strong></span> <span class='ocrx_word' id='word_1_637' title='bbox 2396 3415 2604 3471; x_wconf 67' lang='lat' dir='ltr'><strong>animae</strong></span> <span class='ocrx_word' id='word_1_638' title='bbox 2649 3419 2706 3470; x_wconf 90' lang='lat' dir='ltr'><strong>et</strong></span> <span class='ocrx_word' id='word_1_639' title='bbox 2753 3415 3030 3487; x_wconf 90' lang='lat' dir='ltr'><strong>corporis,</strong></span> <span class='ocrx_word' id='word_1_640' title='bbox 3064 3419 3124 3470; x_wconf 91' lang='lat' dir='ltr'><strong>et</strong></span> <span class='ocrx_word' id='word_1_641' title='bbox 3161 3414 3496 3470; x_wconf 58' lang='lat' dir='ltr'><strong>hereditate</strong></span> <span class='ocrx_word' id='word_1_642' title='bbox 3536 3415 3690 3486; x_wconf 83' lang='lat' dir='ltr'><strong>regni</strong></span> 
     </span>
    </p>
   </div>
   <div class='ocr_carea' id='block_1_94' title="bbox 2051 3503 3686 3576">
    <p class='ocr_par' dir='ltr' id='par_1_94' title="bbox 2051 3503 3686 3576">
     <span class='ocr_line' id='line_1_94' title="bbox 2051 3503 3686 3576; baseline -0.002 -14"><span class='ocrx_word' id='word_1_643' title='bbox 2051 3506 2348 3572; x_wconf 73' lang='lat' dir='ltr'><strong>cmlorum,</strong></span> <span class='ocrx_word' id='word_1_644' title='bbox 2382 3522 2515 3560; x_wconf 91' lang='lat' dir='ltr'><strong>cum</strong></span> <span class='ocrx_word' id='word_1_645' title='bbox 2575 3505 2794 3560; x_wconf 91' lang='lat' dir='ltr'><strong>honore</strong></span> <span class='ocrx_word' id='word_1_646' title='bbox 2841 3511 2896 3560; x_wconf 90' lang='lat' dir='ltr'><strong>et</strong></span> <span class='ocrx_word' id='word_1_647' title='bbox 2944 3503 3262 3572; x_wconf 86' lang='lat' dir='ltr'><strong>voluntate,</strong></span> <span class='ocrx_word' id='word_1_648' title='bbox 3315 3521 3415 3576; x_wconf 89' lang='lat' dir='ltr'><strong>per</strong></span> <span class='ocrx_word' id='word_1_649' title='bbox 3462 3503 3686 3558; x_wconf 87' lang='lat' dir='ltr'><strong>unicum</strong></span> 
     </span>
    </p>
   </div>
   <div class='ocr_carea' id='block_1_95' title="bbox 2051 3593 3686 3664">
    <p class='ocr_par' dir='ltr' id='par_1_95' title="bbox 2051 3593 3686 3664">
     <span class='ocr_line' id='line_1_95' title="bbox 2051 3593 3686 3664; baseline -0.003 -13"><span class='ocrx_word' id='word_1_650' title='bbox 2051 3594 2259 3652; x_wconf 89' lang='lat' dir='ltr'><strong>Filium</strong></span> <span class='ocrx_word' id='word_1_651' title='bbox 2300 3599 2490 3659; x_wconf 91' lang='lat' dir='ltr'><strong>tuum,</strong></span> <span class='ocrx_word' id='word_1_652' title='bbox 2524 3593 2638 3660; x_wconf 91' lang='lat' dir='ltr'><strong>cui,</strong></span> <span class='ocrx_word' id='word_1_653' title='bbox 2667 3597 2723 3648; x_wconf 88' lang='lat' dir='ltr'><strong>et</strong></span> <span class='ocrx_word' id='word_1_654' title='bbox 2771 3593 2873 3648; x_wconf 86' lang='lat' dir='ltr'><strong>tibi</strong></span> <span class='ocrx_word' id='word_1_655' title='bbox 2919 3609 3053 3648; x_wconf 90' lang='lat' dir='ltr'><strong>cum</strong></span> <span class='ocrx_word' id='word_1_656' title='bbox 3104 3609 3194 3659; x_wconf 91' lang='lat' dir='ltr'><strong>eo,</strong></span> <span class='ocrx_word' id='word_1_657' title='bbox 3227 3597 3286 3648; x_wconf 88' lang='lat' dir='ltr'><strong>et</strong></span> <span class='ocrx_word' id='word_1_658' title='bbox 3315 3610 3446 3648; x_wconf 88' lang='lat' dir='ltr'><strong>cum</strong></span> <span class='ocrx_word' id='word_1_659' title='bbox 3479 3593 3686 3664; x_wconf 88' lang='lat' dir='ltr'><strong>Spiritu</strong></span> 
     </span>
    </p>
   </div>
   <div class='ocr_carea' id='block_1_96' title="bbox 2022 3681 3687 3755">
    <p class='ocr_par' dir='ltr' id='par_1_96' title="bbox 2022 3681 3687 3755">
     <span class='ocr_line' id='line_1_96' title="bbox 2022 3681 3687 3755; baseline -0.003 -15"><span class='ocrx_word' id='word_1_660' title='bbox 2022 3737 2024 3739; x_wconf 90' lang='lat'><strong>.</strong></span> <span class='ocrx_word' id='word_1_661' title='bbox 2051 3689 2250 3740; x_wconf 90' lang='lat' dir='ltr'><strong>sancto</strong></span> <span class='ocrx_word' id='word_1_662' title='bbox 2279 3683 2409 3738; x_wconf 90' lang='lat' dir='ltr'><strong>laus</strong></span> <span class='ocrx_word' id='word_1_663' title='bbox 2440 3687 2497 3738; x_wconf 88' lang='lat' dir='ltr'><strong>et</strong></span> <span class='ocrx_word' id='word_1_664' title='bbox 2525 3681 2731 3755; x_wconf 88' lang='lat' dir='ltr'><strong>gloria,</strong></span> <span class='ocrx_word' id='word_1_665' title='bbox 2756 3698 2933 3747; x_wconf 90' lang='lat' dir='ltr'><strong>nunc,</strong></span> <span class='ocrx_word' id='word_1_666' title='bbox 2956 3685 3013 3737; x_wconf 90' lang='lat' dir='ltr'><strong>et</strong></span> <span class='ocrx_word' id='word_1_667' title='bbox 3037 3697 3291 3754; x_wconf 86' lang='lat' dir='ltr'><strong>semper,</strong></span> <span class='ocrx_word' id='word_1_668' title='bbox 3313 3687 3370 3738; x_wconf 90' lang='lat' dir='ltr'><strong>et</strong></span> <span class='ocrx_word' id='word_1_669' title='bbox 3398 3681 3455 3736; x_wconf 89' lang='lat' dir='ltr'><strong>in</strong></span> <span class='ocrx_word' id='word_1_670' title='bbox 3487 3681 3687 3736; x_wconf 63' lang='lat' dir='ltr'><strong>saecula</strong></span> 
     </span>
    </p>
   </div>
   <div class='ocr_carea' id='block_1_97' title="bbox 2049 3770 2655 3830">
    <p class='ocr_par' dir='ltr' id='par_1_97' title="bbox 2049 3770 2655 3830">
     <span class='ocr_line' id='line_1_97' title="bbox 2049 3770 2655 3830; baseline -0.007 0"><span class='ocrx_word' id='word_1_671' title='bbox 2049 3770 2394 3830; x_wconf 66' lang='lat' dir='ltr'><strong>saeculorum</strong></span> <span class='ocrx_word' id='word_1_672' title='bbox 2407 3816 2419 3827; x_wconf 92' lang='lat'><strong>.</strong></span> <span class='ocrx_word' id='word_1_673' title='bbox 2452 3774 2655 3826; x_wconf 90' lang='lat' dir='ltr'><strong>Amen.</strong></span> 
     </span>
    </p>
   </div>
   <div class='ocr_carea' id='block_1_98' title="bbox 2121 3857 3680 3932">
    <p class='ocr_par' dir='ltr' id='par_1_98' title="bbox 2121 3857 3680 3932">
     <span class='ocr_line' id='line_1_98' title="bbox 2121 3857 3680 3932; baseline -0.002 -15"><span class='ocrx_word' id='word_1_674' title='bbox 2121 3864 2261 3917; x_wconf 87' lang='lat' dir='ltr'><strong>Dicit</strong></span> <span class='ocrx_word' id='word_1_675' title='bbox 2286 3861 2652 3917; x_wconf 83' lang='lat' dir='ltr'><strong>subdiaconus</strong></span> <span class='ocrx_word' id='word_1_676' title='bbox 2693 3877 2817 3916; x_wconf 85' lang='lat' dir='ltr'><strong>cum</strong></span> <span class='ocrx_word' id='word_1_677' title='bbox 2856 3861 3052 3932; x_wconf 79' lang='lat' dir='ltr'><strong>populo</strong></span> <span class='ocrx_word' id='word_1_678' title='bbox 3083 3877 3097 3915; x_wconf 94' lang='lat'>:</span> <span class='ocrx_word' id='word_1_679' title='bbox 3131 3860 3432 3915; x_wconf 80' lang='lat' dir='ltr'><strong>Exercitus</strong></span> <span class='ocrx_word' id='word_1_680' title='bbox 3461 3857 3680 3931; x_wconf 84' lang='lat' dir='ltr'><strong>angelo-</strong></span> 
     </span>
    </p>
   </div>
   <div class='ocr_carea' id='block_1_99' title="bbox 2049 3948 3681 4021">
    <p class='ocr_par' dir='ltr' id='par_1_99' title="bbox 2049 3948 3681 4021">
     <span class='ocr_line' id='line_1_99' title="bbox 2049 3948 3681 4021; baseline -0.003 -15"><span class='ocrx_word' id='word_1_681' title='bbox 2049 3970 2178 4007; x_wconf 90' lang='lat' dir='ltr'><strong>rum</strong></span> <span class='ocrx_word' id='word_1_682' title='bbox 2224 3949 2539 4006; x_wconf 88' lang='lat' dir='ltr'><strong>Salvatoris</strong></span> <span class='ocrx_word' id='word_1_683' title='bbox 2590 3949 2792 4005; x_wconf 90' lang='lat' dir='ltr'><strong>mundi</strong></span> <span class='ocrx_word' id='word_1_684' title='bbox 2845 3953 3003 4004; x_wconf 85' lang='lat' dir='ltr'><strong>stant</strong></span> <span class='ocrx_word' id='word_1_685' title='bbox 3049 3965 3248 4004; x_wconf 89' lang='lat' dir='ltr'><strong>coram</strong></span> <span class='ocrx_word' id='word_1_686' title='bbox 3293 3965 3383 4015; x_wconf 88' lang='lat' dir='ltr'><strong>eo,</strong></span> <span class='ocrx_word' id='word_1_687' title='bbox 3413 3952 3466 4002; x_wconf 91' lang='lat' dir='ltr'><strong>et</strong></span> <span class='ocrx_word' id='word_1_688' title='bbox 3495 3948 3681 4021; x_wconf 86' lang='lat' dir='ltr'><strong>legunt</strong></span> 
     </span>
    </p>
   </div>
   <div class='ocr_carea' id='block_1_100' title="bbox 2046 4037 3678 4112">
    <p class='ocr_par' dir='ltr' id='par_1_100' title="bbox 2046 4037 3678 4112">
     <span class='ocr_line' id='line_1_100' title="bbox 2046 4037 3678 4112; baseline -0.004 -16"><span class='ocrx_word' id='word_1_689' title='bbox 2046 4058 2258 4112; x_wconf 88' lang='lat' dir='ltr'><strong>corpus</strong></span> <span class='ocrx_word' id='word_1_690' title='bbox 2287 4043 2345 4094; x_wconf 87' lang='lat' dir='ltr'><strong>et</strong></span> <span class='ocrx_word' id='word_1_691' title='bbox 2377 4039 2723 4112; x_wconf 87' lang='lat' dir='ltr'><strong>sanguinem</strong></span> <span class='ocrx_word' id='word_1_692' title='bbox 2775 4038 3004 4094; x_wconf 91' lang='lat' dir='ltr'><strong>Domini</strong></span> <span class='ocrx_word' id='word_1_693' title='bbox 3059 4043 3117 4093; x_wconf 89' lang='lat' dir='ltr'><strong>et</strong></span> <span class='ocrx_word' id='word_1_694' title='bbox 3160 4037 3476 4093; x_wconf 88' lang='lat' dir='ltr'><strong>Salvatoris</strong></span> <span class='ocrx_word' id='word_1_695' title='bbox 3511 4037 3678 4092; x_wconf 82' lang='lat' dir='ltr'><strong>nostri</strong></span> 
     </span>
    </p>
   </div>
   <div class='ocr_carea' id='block_1_101' title="bbox 2045 4124 3676 4196">
    <p class='ocr_par' dir='ltr' id='par_1_101' title="bbox 2045 4124 3676 4196">
     <span class='ocr_line' id='line_1_101' title="bbox 2045 4124 3676 4196; baseline -0.004 -12"><span class='ocrx_word' id='word_1_696' title='bbox 2045 4129 2184 4185; x_wconf 90' lang='lat' dir='ltr'><strong>Jesu</strong></span> <span class='ocrx_word' id='word_1_697' title='bbox 2217 4128 2825 4183; x_wconf 81' lang='lat' dir='ltr'><strong>Christizaccedamus</strong></span> <span class='ocrx_word' id='word_1_698' title='bbox 2856 4131 2990 4182; x_wconf 85' lang='lat' dir='ltr'><strong>ante</strong></span> <span class='ocrx_word' id='word_1_699' title='bbox 3021 4126 3228 4182; x_wconf 82' lang='lat' dir='ltr'><strong>faciem</strong></span> <span class='ocrx_word' id='word_1_700' title='bbox 3258 4127 3408 4196; x_wconf 86' lang='lat' dir='ltr'><strong>ejus,</strong></span> <span class='ocrx_word' id='word_1_701' title='bbox 3431 4126 3556 4181; x_wconf 88' lang='lat' dir='ltr'><strong>etin</strong></span> <span class='ocrx_word' id='word_1_702' title='bbox 3578 4124 3676 4179; x_wconf 83' lang='lat' dir='ltr'><strong>ﬁde</strong></span> 
     </span>
    </p>
   </div>
   <div class='ocr_carea' id='block_1_102' title="bbox 2045 4233 2600 4273">
    <p class='ocr_par' dir='ltr' id='par_1_102' title="bbox 2045 4233 2600 4273">
     <span class='ocr_line' id='line_1_102' title="bbox 2045 4233 2600 4273; baseline -0.005 0"><span class='ocrx_word' id='word_1_703' title='bbox 2045 4234 2179 4273; x_wconf 91' lang='lat' dir='ltr'><strong>eum</strong></span> <span class='ocrx_word' id='word_1_704' title='bbox 2213 4233 2600 4273; x_wconf 84' lang='lat' dir='ltr'><strong>revereamur.</strong></span> 
     </span>
    </p>
   </div>
   <div class='ocr_carea' id='block_1_103' title="bbox 2113 4303 3512 4362">
    <p class='ocr_par' dir='ltr' id='par_1_103' title="bbox 2113 4303 3512 4362">
     <span class='ocr_line' id='line_1_103' title="bbox 2113 4303 3512 4362; baseline -0.003 -1"><span class='ocrx_word' id='word_1_705' title='bbox 2113 4308 2384 4362; x_wconf 82' lang='lat' dir='ltr'><strong>Diaconus</strong></span> <span class='ocrx_word' id='word_1_706' title='bbox 2413 4305 2547 4360; x_wconf 83' lang='lat' dir='ltr'><strong>dicit</strong></span> <span class='ocrx_word' id='word_1_707' title='bbox 2575 4324 2593 4359; x_wconf 92' lang='lat'><strong><em>:</em></strong></span> <span class='ocrx_word' id='word_1_708' title='bbox 2625 4306 2874 4361; x_wconf 83' lang='lat' dir='ltr'><strong>Adorete</strong></span> <span class='ocrx_word' id='word_1_709' title='bbox 2905 4305 3087 4360; x_wconf 87' lang='lat' dir='ltr'><strong>Deum</strong></span> <span class='ocrx_word' id='word_1_710' title='bbox 3122 4320 3254 4360; x_wconf 89' lang='lat' dir='ltr'><strong>cum</strong></span> <span class='ocrx_word' id='word_1_711' title='bbox 3289 4303 3512 4358; x_wconf 85' lang='lat' dir='ltr'><strong>timore.</strong></span> 
     </span>
    </p>
   </div>
   <div class='ocr_carea' id='block_1_104' title="bbox 2113 4389 3676 4466">
    <p class='ocr_par' dir='ltr' id='par_1_104' title="bbox 2113 4389 3676 4466">
     <span class='ocr_line' id='line_1_104' title="bbox 2113 4389 3676 4466; baseline -0.005 -15"><span class='ocrx_word' id='word_1_712' title='bbox 2113 4394 2374 4452; x_wconf 87' lang='lat' dir='ltr'><strong>Sacerdos</strong></span> <span class='ocrx_word' id='word_1_713' title='bbox 2401 4395 2534 4450; x_wconf 88' lang='lat' dir='ltr'><strong>dicit</strong></span> <span class='ocrx_word' id='word_1_714' title='bbox 2563 4412 2582 4449; x_wconf 91' lang='lat'><em>:</em></span> <span class='ocrx_word' id='word_1_715' title='bbox 2613 4393 2860 4449; x_wconf 90' lang='lat' dir='ltr'><strong>Domine</strong></span> <span class='ocrx_word' id='word_1_716' title='bbox 2906 4393 3059 4449; x_wconf 88' lang='lat' dir='ltr'><strong>Deus</strong></span> <span class='ocrx_word' id='word_1_717' title='bbox 3109 4393 3500 4466; x_wconf 88' lang='lat' dir='ltr'><strong>omnipotens,</strong></span> <span class='ocrx_word' id='word_1_718' title='bbox 3530 4389 3676 4446; x_wconf 86' lang='lat' dir='ltr'><strong>salus</strong></span> 
     </span>
    </p>
   </div>
   <div class='ocr_carea' id='block_1_105' title="bbox 2044 4479 3669 4556">
    <p class='ocr_par' dir='ltr' id='par_1_105' title="bbox 2044 4479 3669 4556">
     <span class='ocr_line' id='line_1_105' title="bbox 2044 4479 3669 4556; baseline -0.004 -17"><span class='ocrx_word' id='word_1_719' title='bbox 2044 4485 2253 4540; x_wconf 75' lang='lat' dir='ltr'><strong>animae</strong></span> <span class='ocrx_word' id='word_1_720' title='bbox 2287 4489 2343 4539; x_wconf 89' lang='lat' dir='ltr'><strong>et</strong></span> <span class='ocrx_word' id='word_1_721' title='bbox 2374 4482 2632 4554; x_wconf 88' lang='lat' dir='ltr'><strong>corporis</strong></span> <span class='ocrx_word' id='word_1_722' title='bbox 2665 4483 2872 4554; x_wconf 86' lang='lat' dir='ltr'><strong>nostri,</strong></span> <span class='ocrx_word' id='word_1_723' title='bbox 2904 4481 3005 4555; x_wconf 71' lang='lat' dir='ltr'><strong>qui</strong></span> <span class='ocrx_word' id='word_1_724' title='bbox 3047 4499 3149 4556; x_wconf 90' lang='lat' dir='ltr'><strong>per</strong></span> <span class='ocrx_word' id='word_1_725' title='bbox 3195 4499 3261 4538; x_wconf 91' lang='lat' dir='ltr'><strong>os</strong></span> <span class='ocrx_word' id='word_1_726' title='bbox 3296 4481 3424 4537; x_wconf 84' lang='lat' dir='ltr'><strong>Filii</strong></span> <span class='ocrx_word' id='word_1_727' title='bbox 3453 4479 3529 4535; x_wconf 89' lang='lat' dir='ltr'><strong>tui</strong></span> <span class='ocrx_word' id='word_1_728' title='bbox 3557 4479 3669 4534; x_wconf 89' lang='lat' dir='ltr'><strong>uni-</strong></span> 
     </span>
    </p>
   </div>
   <div class='ocr_carea' id='block_1_106' title="bbox 1965 4567 3666 4652">
    <p class='ocr_par' dir='ltr' id='par_1_106' title="bbox 1965 4567 3666 4652">
     <span class='ocr_line' id='line_1_106' title="bbox 1965 4567 3666 4652; baseline -0.001 -24"><span class='ocrx_word' id='word_1_729' title='bbox 1965 4588 2011 4652; x_wconf 83' lang='lat' dir='ltr'><strong>D</strong></span> <span class='ocrx_word' id='word_1_730' title='bbox 2042 4572 2240 4646; x_wconf 82' lang='lat' dir='ltr'><strong>geniti,</strong></span> <span class='ocrx_word' id='word_1_731' title='bbox 2265 4571 2496 4628; x_wconf 88' lang='lat' dir='ltr'><strong>Domini</strong></span> <span class='ocrx_word' id='word_1_732' title='bbox 2527 4571 2649 4640; x_wconf 89' lang='lat' dir='ltr'><strong>Dei,</strong></span> <span class='ocrx_word' id='word_1_733' title='bbox 2675 4576 2732 4627; x_wconf 90' lang='lat' dir='ltr'><strong>et</strong></span> <span class='ocrx_word' id='word_1_734' title='bbox 2751 4573 3066 4627; x_wconf 87' lang='lat' dir='ltr'><strong>servatoris</strong></span> <span class='ocrx_word' id='word_1_735' title='bbox 3085 4570 3271 4626; x_wconf 86' lang='lat' dir='ltr'><strong>nostri</strong></span> <span class='ocrx_word' id='word_1_736' title='bbox 3293 4571 3432 4626; x_wconf 87' lang='lat' dir='ltr'><strong>Jesu</strong></span> <span class='ocrx_word' id='word_1_737' title='bbox 3454 4567 3666 4626; x_wconf 85' lang='lat' dir='ltr'><strong>Christi.</strong></span> 
     </span>
    </p>
   </div>
   <div class='ocr_carea' id='block_1_107' title="bbox 2044 4660 3718 4728">
    <p class='ocr_par' dir='ltr' id='par_1_107' title="bbox 2044 4660 3718 4728">
     <span class='ocr_line' id='line_1_107' title="bbox 2044 4660 3718 4728; baseline -0.005 -11"><span class='ocrx_word' id='word_1_738' title='bbox 2044 4661 2238 4718; x_wconf 85' lang='lat' dir='ltr'><strong>dixisti</strong></span> <span class='ocrx_word' id='word_1_739' title='bbox 2273 4660 2425 4717; x_wconf 88' lang='lat' dir='ltr'><strong>Patri</strong></span> <span class='ocrx_word' id='word_1_740' title='bbox 2473 4665 2674 4716; x_wconf 90' lang='lat' dir='ltr'><strong>nostro</strong></span> <span class='ocrx_word' id='word_1_741' title='bbox 2725 4660 2889 4716; x_wconf 91' lang='lat' dir='ltr'><strong>Petro</strong></span> <span class='ocrx_word' id='word_1_742' title='bbox 2921 4676 2936 4714; x_wconf 90' lang='lat'><strong>:</strong></span> <span class='ocrx_word' id='word_1_743' title='bbox 2969 4661 3052 4715; x_wconf 91' lang='lat' dir='ltr'><strong>Tu</strong></span> <span class='ocrx_word' id='word_1_744' title='bbox 3086 4677 3147 4716; x_wconf 89' lang='lat' dir='ltr'><strong>es</strong></span> <span class='ocrx_word' id='word_1_745' title='bbox 3179 4661 3404 4726; x_wconf 90' lang='lat' dir='ltr'><strong>Petrus,</strong></span> <span class='ocrx_word' id='word_1_746' title='bbox 3435 4663 3490 4715; x_wconf 89' lang='lat' dir='ltr'><strong>et</strong></span> <span class='ocrx_word' id='word_1_747' title='bbox 3517 4672 3668 4728; x_wconf 83' lang='lat' dir='ltr'><strong>super</strong></span> <span class='ocrx_word' id='word_1_748' title='bbox 3715 4691 3718 4693; x_wconf 50' lang='grc' dir='ltr'>λ</span> 
     </span>
    </p>
   </div>
   <div class='ocr_carea' id='block_1_108' title="bbox 2043 4748 3667 4823">
    <p class='ocr_par' dir='ltr' id='par_1_108' title="bbox 2043 4748 3667 4823">
     <span class='ocr_line' id='line_1_108' title="bbox 2043 4748 3667 4823; baseline -0.003 -17"><span class='ocrx_word' id='word_1_749' title='bbox 2043 4750 2192 4806; x_wconf 88' lang='lat' dir='ltr'><strong>hanc</strong></span> <span class='ocrx_word' id='word_1_750' title='bbox 2224 4755 2450 4823; x_wconf 87' lang='lat' dir='ltr'><strong>petram</strong></span> <span class='ocrx_word' id='word_1_751' title='bbox 2497 4749 2796 4806; x_wconf 66' lang='lat' dir='ltr'><strong>aediﬁcabo</strong></span> <span class='ocrx_word' id='word_1_752' title='bbox 2840 4748 3158 4805; x_wconf 78' lang='lat' dir='ltr'><strong>Ecclesium</strong></span> <span class='ocrx_word' id='word_1_753' title='bbox 3188 4766 3404 4815; x_wconf 86' lang='lat' dir='ltr'><strong>meam,</strong></span> <span class='ocrx_word' id='word_1_754' title='bbox 3433 4752 3488 4804; x_wconf 86' lang='lat' dir='ltr'><strong>et</strong></span> <span class='ocrx_word' id='word_1_755' title='bbox 3515 4749 3667 4819; x_wconf 64' lang='lat' dir='ltr'><strong>porte</strong></span> 
     </span>
    </p>
   </div>
   <div class='ocr_carea' id='block_1_109' title="bbox 2044 4835 3665 4910">
    <p class='ocr_par' dir='ltr' id='par_1_109' title="bbox 2044 4835 3665 4910">
     <span class='ocr_line' id='line_1_109' title="bbox 2044 4835 3665 4910; baseline -0.004 -16"><span class='ocrx_word' id='word_1_756' title='bbox 2044 4840 2255 4896; x_wconf 81' lang='lat' dir='ltr'><strong>inferni</strong></span> <span class='ocrx_word' id='word_1_757' title='bbox 2289 4856 2400 4894; x_wconf 91' lang='lat' dir='ltr'><strong>non</strong></span> <span class='ocrx_word' id='word_1_758' title='bbox 2435 4837 2832 4910; x_wconf 69' lang='lat' dir='ltr'><strong>praevalebunt</strong></span> <span class='ocrx_word' id='word_1_759' title='bbox 2861 4839 3140 4895; x_wconf 90' lang='lat' dir='ltr'><strong>adversus</strong></span> <span class='ocrx_word' id='word_1_760' title='bbox 3179 4855 3311 4894; x_wconf 89' lang='lat' dir='ltr'><strong>eam</strong></span> <span class='ocrx_word' id='word_1_761' title='bbox 3359 4835 3665 4893; x_wconf 84' lang='lat' dir='ltr'><strong>concutien-</strong></span> 
     </span>
    </p>
   </div>
   <div class='ocr_carea' id='block_1_110' title="bbox 2043 4927 3668 4999">
    <p class='ocr_par' dir='ltr' id='par_1_110' title="bbox 2043 4927 3668 4999">
     <span class='ocr_line' id='line_1_110' title="bbox 2043 4927 3668 4999; baseline -0.005 -15"><span class='ocrx_word' id='word_1_762' title='bbox 2043 4929 2199 4995; x_wconf 87' lang='lat' dir='ltr'><strong>dam,</strong></span> <span class='ocrx_word' id='word_1_763' title='bbox 2235 4932 2292 4983; x_wconf 89' lang='lat' dir='ltr'><strong>et</strong></span> <span class='ocrx_word' id='word_1_764' title='bbox 2321 4928 2424 4984; x_wconf 86' lang='lat' dir='ltr'><strong>tibi</strong></span> <span class='ocrx_word' id='word_1_765' title='bbox 2455 4928 2604 4983; x_wconf 83' lang='lat' dir='ltr'><strong>dabo</strong></span> <span class='ocrx_word' id='word_1_766' title='bbox 2637 4927 2826 4984; x_wconf 88' lang='lat' dir='ltr'><strong>claves</strong></span> <span class='ocrx_word' id='word_1_767' title='bbox 2856 4928 3016 4999; x_wconf 89' lang='lat' dir='ltr'><strong>regni</strong></span> <span class='ocrx_word' id='word_1_768' title='bbox 3051 4927 3354 4995; x_wconf 70' lang='lat' dir='ltr'><strong>oculorum,</strong></span> <span class='ocrx_word' id='word_1_769' title='bbox 3381 4939 3668 4999; x_wconf 88' lang='lat' dir='ltr'><strong>quemcun-</strong></span> 
     </span>
    </p>
   </div>
   <div class='ocr_carea' id='block_1_111' title="bbox 2043 5010 3663 5090">
    <p class='ocr_par' dir='ltr' id='par_1_111' title="bbox 2043 5010 3663 5090">
     <span class='ocr_line' id='line_1_111' title="bbox 2043 5010 3663 5090; baseline -0.001 -17"><span class='ocrx_word' id='word_1_770' title='bbox 2043 5034 2155 5090; x_wconf 87' lang='lat' dir='ltr'><strong>que</strong></span> <span class='ocrx_word' id='word_1_771' title='bbox 2201 5016 2473 5090; x_wconf 87' lang='lat' dir='ltr'><strong>ligaveris</strong></span> <span class='ocrx_word' id='word_1_772' title='bbox 2519 5033 2698 5088; x_wconf 89' lang='lat' dir='ltr'><strong>super</strong></span> <span class='ocrx_word' id='word_1_773' title='bbox 2740 5020 2954 5072; x_wconf 86' lang='lat' dir='ltr'><strong>terram</strong></span> <span class='ocrx_word' id='word_1_774' title='bbox 3006 5017 3117 5072; x_wconf 87' lang='lat' dir='ltr'><strong>erit</strong></span> <span class='ocrx_word' id='word_1_775' title='bbox 3163 5015 3384 5090; x_wconf 86' lang='lat' dir='ltr'><strong>ligatus</strong></span> <span class='ocrx_word' id='word_1_776' title='bbox 3421 5016 3478 5070; x_wconf 90' lang='lat' dir='ltr'><strong>in</strong></span> <span class='ocrx_word' id='word_1_777' title='bbox 3508 5010 3663 5072; x_wconf 68' lang='lat' dir='ltr'><strong>uelis.</strong></span> 
     </span>
    </p>
   </div>
   <div class='ocr_carea' id='block_1_112' title="bbox 2042 5102 3664 5179">
    <p class='ocr_par' dir='ltr' id='par_1_112' title="bbox 2042 5102 3664 5179">
     <span class='ocr_line' id='line_1_112' title="bbox 2042 5102 3664 5179; baseline -0.004 -17"><span class='ocrx_word' id='word_1_778' title='bbox 2042 5111 2100 5162; x_wconf 92' lang='lat' dir='ltr'><strong>et</strong></span> <span class='ocrx_word' id='word_1_779' title='bbox 2127 5122 2540 5179; x_wconf 89' lang='lat' dir='ltr'><strong>quemcunque</strong></span> <span class='ocrx_word' id='word_1_780' title='bbox 2571 5105 2812 5163; x_wconf 89' lang='lat' dir='ltr'><strong>solveris</strong></span> <span class='ocrx_word' id='word_1_781' title='bbox 2855 5122 3032 5178; x_wconf 87' lang='lat' dir='ltr'><strong>super</strong></span> <span class='ocrx_word' id='word_1_782' title='bbox 3075 5110 3290 5161; x_wconf 87' lang='lat' dir='ltr'><strong>terram</strong></span> <span class='ocrx_word' id='word_1_783' title='bbox 3324 5104 3435 5161; x_wconf 86' lang='lat' dir='ltr'><strong>erit</strong></span> <span class='ocrx_word' id='word_1_784' title='bbox 3462 5102 3664 5160; x_wconf 83' lang='lat' dir='ltr'><strong>solutus</strong></span> 
     </span>
    </p>
   </div>
   <div class='ocr_carea' id='block_1_113' title="bbox 2042 5191 3661 5262">
    <p class='ocr_par' dir='ltr' id='par_1_113' title="bbox 2042 5191 3661 5262">
     <span class='ocr_line' id='line_1_113' title="bbox 2042 5191 3661 5262; baseline -0.005 -12"><span class='ocrx_word' id='word_1_785' title='bbox 2042 5195 2100 5250; x_wconf 89' lang='lat' dir='ltr'><strong>in</strong></span> <span class='ocrx_word' id='word_1_786' title='bbox 2130 5194 2311 5262; x_wconf 76' lang='lat' dir='ltr'><strong>cmlis,</strong></span> <span class='ocrx_word' id='word_1_787' title='bbox 2336 5195 2456 5251; x_wconf 91' lang='lat' dir='ltr'><strong>sint</strong></span> <span class='ocrx_word' id='word_1_788' title='bbox 2485 5193 2662 5250; x_wconf 88' lang='lat' dir='ltr'><strong>soluti</strong></span> <span class='ocrx_word' id='word_1_789' title='bbox 2691 5193 2842 5249; x_wconf 90' lang='lat' dir='ltr'><strong>servi</strong></span> <span class='ocrx_word' id='word_1_790' title='bbox 2868 5195 2954 5250; x_wconf 90' lang='lat' dir='ltr'><strong>tui</strong></span> <span class='ocrx_word' id='word_1_791' title='bbox 2986 5198 3042 5251; x_wconf 88' lang='lat' dir='ltr'><strong>et</strong></span> <span class='ocrx_word' id='word_1_792' title='bbox 3071 5192 3292 5250; x_wconf 70' lang='lat' dir='ltr'><strong>ancillae</strong></span> <span class='ocrx_word' id='word_1_793' title='bbox 3326 5197 3461 5261; x_wconf 63' lang='lat' dir='ltr'><strong>tum,</strong></span> <span class='ocrx_word' id='word_1_794' title='bbox 3489 5191 3555 5246; x_wconf 87' lang='lat' dir='ltr'><strong>ab</strong></span> <span class='ocrx_word' id='word_1_795' title='bbox 3583 5204 3661 5242; x_wconf 79' lang='lat' dir='ltr'><strong>one</strong></span> 
     </span>
    </p>
   </div>
   <div class='ocr_carea' id='block_1_114' title="bbox 2041 5277 3656 5355">
    <p class='ocr_par' dir='ltr' id='par_1_114' title="bbox 2041 5277 3656 5355">
     <span class='ocr_line' id='line_1_114' title="bbox 2041 5277 3656 5355; baseline -0.007 -14"><span class='ocrx_word' id='word_1_796' title='bbox 2041 5288 2252 5341; x_wconf 66' lang='lat' dir='ltr'><strong>sanctae</strong></span> <span class='ocrx_word' id='word_1_797' title='bbox 2287 5284 2609 5351; x_wconf 85' lang='lat' dir='ltr'><strong>Trinitatis,</strong></span> <span class='ocrx_word' id='word_1_798' title='bbox 2645 5282 2922 5352; x_wconf 87' lang='lat' dir='ltr'><strong>Patris,et</strong></span> <span class='ocrx_word' id='word_1_799' title='bbox 2952 5283 3173 5349; x_wconf 85' lang='lat' dir='ltr'><strong>Filii,et</strong></span> <span class='ocrx_word' id='word_1_800' title='bbox 3195 5282 3449 5355; x_wconf 88' lang='lat' dir='ltr'><strong>Spiritus</strong></span> <span class='ocrx_word' id='word_1_801' title='bbox 3480 5277 3656 5341; x_wconf 84' lang='lat' dir='ltr'><strong>sancti,</strong></span> 
     </span>
    </p>
   </div>
   <div class='ocr_carea' id='block_1_115' title="bbox 2038 5365 3658 5446">
    <p class='ocr_par' dir='ltr' id='par_1_115' title="bbox 2038 5365 3658 5446">
     <span class='ocr_line' id='line_1_115' title="bbox 2038 5365 3658 5446; baseline -0.007 -16"><span class='ocrx_word' id='word_1_802' title='bbox 2038 5379 2094 5430; x_wconf 90' lang='lat' dir='ltr'><strong>et</strong></span> <span class='ocrx_word' id='word_1_803' title='bbox 2124 5375 2302 5430; x_wconf 91' lang='lat' dir='ltr'><strong>etiam</strong></span> <span class='ocrx_word' id='word_1_804' title='bbox 2346 5375 2418 5430; x_wconf 87' lang='lat' dir='ltr'><strong>ab</strong></span> <span class='ocrx_word' id='word_1_805' title='bbox 2450 5389 2548 5429; x_wconf 91' lang='lat' dir='ltr'><strong>ore</strong></span> <span class='ocrx_word' id='word_1_806' title='bbox 2574 5389 2723 5440; x_wconf 91' lang='lat' dir='ltr'><strong>meo,</strong></span> <span class='ocrx_word' id='word_1_807' title='bbox 2757 5390 2922 5429; x_wconf 85' lang='lat' dir='ltr'><strong>servo</strong></span> <span class='ocrx_word' id='word_1_808' title='bbox 2952 5378 3050 5428; x_wconf 90' lang='lat' dir='ltr'><strong>tuo</strong></span> <span class='ocrx_word' id='word_1_809' title='bbox 3084 5376 3387 5446; x_wconf 85' lang='lat' dir='ltr'><strong>peccatore</strong></span> <span class='ocrx_word' id='word_1_810' title='bbox 3416 5376 3473 5426; x_wconf 87' lang='lat' dir='ltr'><strong>et</strong></span> <span class='ocrx_word' id='word_1_811' title='bbox 3499 5365 3658 5438; x_wconf 88' lang='lat' dir='ltr'><strong>culpis</strong></span> 
     </span>
    </p>
   </div>
   <div class='ocr_carea' id='block_1_116' title="bbox 2038 5461 3655 5534">
    <p class='ocr_par' dir='ltr' id='par_1_116' title="bbox 2038 5461 3655 5534">
     <span class='ocr_line' id='line_1_116' title="bbox 2038 5461 3655 5534; baseline -0.006 -17"><span class='ocrx_word' id='word_1_812' title='bbox 2038 5462 2228 5534; x_wconf 90' lang='lat' dir='ltr'><strong>pleno.</strong></span> <span class='ocrx_word' id='word_1_813' title='bbox 2255 5463 2519 5530; x_wconf 90' lang='lat' dir='ltr'><strong>Domine,</strong></span> <span class='ocrx_word' id='word_1_814' title='bbox 2543 5461 2697 5518; x_wconf 91' lang='lat' dir='ltr'><strong>Deus</strong></span> <span class='ocrx_word' id='word_1_815' title='bbox 2727 5467 2946 5530; x_wconf 89' lang='lat' dir='ltr'><strong>noster,</strong></span> <span class='ocrx_word' id='word_1_816' title='bbox 2968 5467 3032 5516; x_wconf 90' lang='lat' dir='ltr'><strong>tu</strong></span> <span class='ocrx_word' id='word_1_817' title='bbox 3054 5461 3211 5518; x_wconf 88' lang='lat' dir='ltr'><strong>tollis</strong></span> <span class='ocrx_word' id='word_1_818' title='bbox 3243 5465 3479 5534; x_wconf 83' lang='lat' dir='ltr'><strong>peccata</strong></span> <span class='ocrx_word' id='word_1_819' title='bbox 3511 5472 3655 5512; x_wconf 76' lang='lat' dir='ltr'><strong>mun~</strong></span> 
     </span>
    </p>
   </div>
   <div class='ocr_carea' id='block_1_117' title="bbox 2036 5543 3652 5624">
    <p class='ocr_par' dir='ltr' id='par_1_117' title="bbox 2036 5543 3652 5624">
     <span class='ocr_line' id='line_1_117' title="bbox 2036 5543 3652 5624; baseline -0.007 -18"><span class='ocrx_word' id='word_1_820' title='bbox 2036 5552 2116 5615; x_wconf 91' lang='lat' dir='ltr'><strong>di,</strong></span> <span class='ocrx_word' id='word_1_821' title='bbox 2132 5551 2363 5624; x_wconf 89' lang='lat' dir='ltr'><strong>suscipe</strong></span> <span class='ocrx_word' id='word_1_822' title='bbox 2377 5549 2775 5623; x_wconf 70' lang='lat' dir='ltr'><strong>pmnitentiam</strong></span> <span class='ocrx_word' id='word_1_823' title='bbox 2793 5567 3089 5606; x_wconf 88' lang='lat' dir='ltr'><strong>servorum</strong></span> <span class='ocrx_word' id='word_1_824' title='bbox 3105 5554 3363 5617; x_wconf 87' lang='lat' dir='ltr'><strong>tuorum,</strong></span> <span class='ocrx_word' id='word_1_825' title='bbox 3379 5551 3433 5604; x_wconf 89' lang='lat' dir='ltr'><strong>et</strong></span> <span class='ocrx_word' id='word_1_826' title='bbox 3446 5543 3652 5604; x_wconf 85' lang='lat' dir='ltr'><strong>ancilla-</strong></span> 
     </span>
    </p>
   </div>
   <div class='ocr_carea' id='block_1_118' title="bbox 2037 5630 3652 5712">
    <p class='ocr_par' dir='ltr' id='par_1_118' title="bbox 2037 5630 3652 5712">
     <span class='ocr_line' id='line_1_118' title="bbox 2037 5630 3652 5712; baseline -0.007 -16"><span class='ocrx_word' id='word_1_827' title='bbox 2037 5658 2168 5698; x_wconf 91' lang='lat' dir='ltr'><strong>rum</strong></span> <span class='ocrx_word' id='word_1_828' title='bbox 2200 5644 2455 5698; x_wconf 89' lang='lat' dir='ltr'><strong>tuarum.</strong></span> <span class='ocrx_word' id='word_1_829' title='bbox 2480 5639 2632 5696; x_wconf 90' lang='lat' dir='ltr'><strong>Oriri</strong></span> <span class='ocrx_word' id='word_1_830' title='bbox 2662 5640 2750 5696; x_wconf 84' lang='lat' dir='ltr'><strong>fac</strong></span> <span class='ocrx_word' id='word_1_831' title='bbox 2772 5657 2947 5712; x_wconf 89' lang='lat' dir='ltr'><strong>super</strong></span> <span class='ocrx_word' id='word_1_832' title='bbox 2975 5655 3074 5696; x_wconf 89' lang='lat' dir='ltr'><strong>eos</strong></span> <span class='ocrx_word' id='word_1_833' title='bbox 3104 5639 3305 5696; x_wconf 88' lang='lat' dir='ltr'><strong>lumen</strong></span> <span class='ocrx_word' id='word_1_834' title='bbox 3326 5638 3469 5694; x_wconf 71' lang='lat' dir='ltr'><strong>vitae.</strong></span> <span class='ocrx_word' id='word_1_835' title='bbox 3491 5630 3652 5691; x_wconf 85' lang='lat' dir='ltr'><strong>Evelle</strong></span> 
     </span>
    </p>
   </div>
  </div>
