3844 6200
42 348 155 412 925

1383 344 1615 407 MISSA
1662 343 2119 406 ETHIOPUM.

3340 326 3460 410 926

44 484 114 542 ab
143 482 228 540 eis
260 482 505 556 peceata
533 495 755 548 eorum,
780 478 1056 554 quoniam
1087 481 1151 535 tu
1181 493 1244 535 es
1276 476 1606 534 misericors
1636 480 1693 533 et
1720 492 1776 560 Α
1803 482 2065 551 tempore
2116 476 2299 535 Pontii
2332 477 2522 546 Pilati,
2555 494 2673 551 quo
2717 495 2778 537 se
2824 482 3033 554 sponte
3076 481 3325 555 praebuit
3354 500 3458 557 pro

44 574 374 640 miseratur,
410 570 674 638 Domine,
726 570 880 626 Deus
926 572 1142 636 noster,
1194 567 1420 624 alienus
1467 568 1541 623 ab
1586 567 1693 635 ira,

43 663 351 720 abundans
385 658 821 726 misericordias,
852 663 910 715 et
938 675 1068 715 vere
1088 659 1313 731 justus.
1346 657 1589 722 Quando
1634 657 1695 711 in

45 757 96 807 te
124 764 466 823 peccamus,
498 749 762 815 Domine,
818 752 922 803 aut
966 746 1337 819 cogitatione,
1370 750 1472 801 aut
1499 745 1696 813 verbo,

47 845 142 896 aut
167 854 365 912 opere,
399 854 593 911 parce,
625 837 822 906 evelle,
854 840 911 893 et
939 841 1291 909 competere,
1325 835 1603 908 quoniam
1634 838 1698 890 tu

48 947 105 985 es
135 928 476 984 misericors
523 930 581 982 et
628 926 936 985 hominum
984 930 1228 983 amatOr.
1262 924 1505 981 Domine
1545 924 1699 979 Deus

47 1021 258 1084 noster,
291 1016 458 1072 solve
487 1033 593 1071 nos
624 1030 848 1083 omnes,
882 1020 940 1071 et
969 1031 1175 1071 omnes
1223 1012 1469 1086 populos
1514 1017 1647 1069 tuos
1683 1029 1695 1069 :

50 1107 214 1173 solve,
245 1105 516 1172 Domine,
549 1120 851 1160 summum
880 1104 1217 1176 pontiﬁcem
1249 1106 1517 1159 nostrum
1548 1102 1705 1170 N.,et

51 1200 313 1252 sanctum
346 1210 418 1250 ac
450 1195 687 1249 beatum
720 1192 1045 1249 antistitem
1079 1195 1349 1248 nostrum
1381 1194 1544 1260 N.,et
1571 1207 1701 1247 om-

53 1301 151 1340 nes
179 1283 326 1339 alios
357 1282 668 1356 pontiﬁces
706 1282 1033 1354 episcopos,
1062 1281 1393 1337 sacerdotes
1422 1285 1480 1337 et
1508 1279 1702 1335 diaco-

52 1392 173 1439 nos,
198 1375 374 1445 juxta
416 1388 621 1428 eorum
654 1370 896 1427 nomina
926 1370 1312 1426 custodiendo
1343 1368 1571 1426 custodi
1602 1384 1703 1425 eos

53 1468 277 1535 propter
306 1478 442 1527 nos,
477 1461 549 1516 ad
582 1459 804 1516 multos
851 1475 1039 1515 annos
1089 1463 1147 1515 et
1190 1460 1263 1515 ad
1312 1459 1519 1533 longos
1556 1456 1704 1523 dies,

53 1552 106 1606 in
125 1550 365 1622 justitia
396 1553 459 1605 et
488 1564 661 1637 pace.
680 1547 869 1637 Solve,
898 1547 1166 1618 Domine,
1191 1564 1386 1622 regem
1412 1551 1704 1637 nostrum,

54 1641 141 1706 N.,
171 1639 244 1696 ab
275 1637 443 1696 omni
472 1636 706 1693 vinculo
733 1634 1706 1708 delictorum.Memento,Domine,

54 1728 308 1785 omnium
339 1726 767 1784 dormientium
794 1729 853 1782 et
883 1726 1289 1798 quescentium
1319 1725 1381 1781 in
1414 1725 1527 1782 ﬁde
1547 1724 1710 1781 Chri-

58 1816 370 1886 sti,colloca
392 1815 628 1873 animas
657 1831 861 1872 eorum
890 1815 950 1870 in
985 1815 1119 1871 sinu
1150 1815 1414 1883 Abrahae,
1447 1815 1630 1885 Isaac,
1653 1820 1709 1871 et

1804 566 1975 623 nobis
2000 566 2059 623 in
2090 565 2250 640 ligno
2297 572 2500 624 sancto
2548 567 2762 625 crucis.
2794 572 3000 626 Amen.
3030 571 3233 642 Credo,
3261 575 3454 643 credo,

1806 656 1998 724 credo,
2033 657 2187 727 quod
2213 657 2491 714 divinitas
2521 675 2637 713 non
2671 657 2747 714 sit
2777 662 3044 732 separata
3072 660 3144 716 ab
3186 660 3460 718 humani-

1805 748 2028 810 tate,ne
2057 744 2202 801 hora
2232 746 2691 819 quidem,neque
2720 752 2824 820 per
2852 747 3034 803 ictum
3069 749 3256 818 oculi;
3302 750 3462 806 dedit

1807 839 2004 889 autem
2037 849 2098 890 se
2129 850 2233 906 pro
2264 834 2435 891 nobis
2465 836 2537 892 ad
2572 834 2819 893 salutem
2851 841 2910 893 et
2941 837 2998 893 in
3052 838 3460 896 remissionem

1809 926 2275 995 peccatorum,et
2304 924 2375 979 ad
2406 924 2583 981 vitam
2635 930 2910 982 mternam
2966 928 3459 1002 consequendam,

1809 1013 2182 1069 sumentibus
2212 1030 2346 1069 eum
2378 1013 2439 1069 in
2469 1014 2732 1071 veritate.
2765 1016 2968 1071 Amen.
3022 1016 3223 1084 Credo,
3267 1018 3460 1086 credo,

1810 1101 1984 1157 credo
2016 1117 2084 1156 ex
2116 1119 2294 1167 nunc,
2324 1106 2382 1159 et
2410 1118 2596 1176 usque
2644 1104 2703 1160 in
2751 1103 3052 1160 saeculum.
3093 1107 3298 1162 Amen.
3332 1106 3463 1164 Haec

1811 1189 1940 1260 ejus
1972 1195 2114 1247 sunt
2159 1191 2259 1263 qui
2309 1190 2524 1265 dignus
2573 1196 2662 1248 est
2709 1192 2947 1262 honore,
2981 1193 3185 1267 gloria,
3219 1199 3276 1252 et
3304 1212 3463 1252 reve-

1811 1278 2019 1335 rentia.

1884 1368 2001 1435 llic,
2032 1369 2279 1426 sacerdos
2306 1372 2471 1426 samit
2520 1387 2715 1443 corpus
2759 1379 2812 1428 et
2854 1375 3203 1441 sanguinem,
3235 1381 3287 1430 et
3308 1382 3467 1446 potea

1792 1456 2180 1513 communicat
2219 1476 2291 1515 ex
2334 1460 2522 1516 eadem
2570 1460 2747 1517 hostia
2789 1463 3064 1518 ministris
3094 1464 3352 1535 sacriﬁcii
3378 1463 3463 1519 di-

1814 1562 1940 1602 cens
1969 1546 2109 1603 :Hoc
2140 1551 2229 1604 est
2254 1564 2486 1621 corpus,
2521 1552 2629 1605 etc.

1892 1634 2166 1693 Diaconus
2190 1637 2324 1694 dicit
2352 1655 2371 1692 :
2402 1638 2575 1694 Orate
2604 1654 2707 1711 pro
2738 1638 2931 1709 nobis,
2961 1642 3019 1695 et
3045 1656 3149 1713 pro
3190 1640 3466 1699 omnibus

1819 1723 2052 1797 populis
2081 1725 2511 1793 Christianis,et
2541 1726 2776 1784 illorum
2807 1727 3149 1784 memoriam
3172 1728 3343 1785 facite
3364 1729 3466 1802 qui

1823 1814 1991 1871 nobis
2020 1813 2291 1871 dixerunt
2314 1818 2380 1871 ut
2399 1816 2489 1872 sui
2523 1816 3220 1885 recordaremur,laudate
3240 1822 3298 1874 et
3317 1817 3469 1891 psal-

57 1865 310 1975 Ξαέᾆῦβι
336 1906 529 1963 libera
549 1921 656 1962 nos
676 1905 750 1960 ab
769 1904 1046 1961 omnibus
1066 1903 1257 1977 culpis
1278 1909 1335 1960 et
1354 1865 1708 1960 maledictio-
1741 1865 1786 1930 Β
1814 1902 1914 1960 lite
1944 1920 2077 1959 cum
2105 1920 2247 1976 pace
2276 1908 2332 1960 et
2356 1920 2555 1961 amore
2583 1905 2615 1961 J
2621 1922 2725 1961 esu
2757 1865 2990 1961 Christi:

61 1995 244 2061 nibus,
275 2000 334 2051 et
366 1995 443 2050 ab
474 1992 754 2051 omnibus
803 1992 1290 2066 abnegationibus
1337 1993 1617 2062 veritatis,
1650 1997 1708 2049 et

63 2086 127 2140 ab
151 2084 426 2140 omnibus
459 2083 754 2157 perjuriis,
786 2099 852 2138 ac
902 2082 1315 2139 communione
1354 2082 1702 2147 inﬁdelium,

62 2176 113 2228 et
137 2173 467 2245 gentilium,
529 2187 596 2228 ac
652 2171 1080 2228 haereticorum.
1138 2171 1222 2227 Da
1278 2171 1448 2227 nobis
1507 2188 1605 2227 cor
1650 2175 1708 2227 ct

62 2260 499 2335 intelligentiam
531 2259 869 2333 aufugiendi
893 2260 967 2316 ab
987 2259 1263 2316 omnibus
1294 2258 1566 2331 operibus
1589 2258 1707 2314 dia-

61 2349 195 2417 boli;
223 2351 295 2405 da
318 2350 497 2407 nobis
513 2354 579 2405 ut
593 2349 880 2405 faciamus
896 2347 1256 2405 voluntatem
1278 2351 1442 2404 tuam
1464 2347 1523 2403 in
1546 2346 1707 2404 omni

64 2442 331 2510 tempore,
362 2443 423 2495 et
451 2437 718 2495 describe
747 2438 990 2494 nomina
1019 2435 1296 2494 nostrain
1323 2437 1514 2511 regnis
1535 2436 1708 2493 coelo—

67 2543 205 2595 rum,
229 2531 284 2583 et
313 2529 610 2601 conjunge
639 2543 773 2582 cum
806 2525 1082 2582 omnibus
1101 2526 1323 2582 sanctis
1353 2531 1409 2582 et
1436 2525 1710 2599 martyri-

71 2614 168 2670 bus
196 2633 295 2689 per
322 2617 531 2673 Jesum
563 2615 864 2672 Christum
899 2614 1213 2671 Dominum
1247 2619 1536 2683 nostrum,
1591 2615 1706 2684 cui,

73 2721 130 2760 ac
157 2705 257 2761 tibi
269 2710 346 2774 ,et
373 2706 621 2780 Spiritui
650 2710 853 2763 sancto
873 2705 951 2762 sit
980 2704 1246 2779 glsria,et
1265 2706 1708 2778 potentia,nunc

77 2797 125 2847 et
151 2810 392 2867 semper,
426 2798 486 2851 et
514 2795 573 2849 in
600 2793 814 2851 saecula
844 2792 1213 2851 saeculorum.
1245 2795 1450 2850 Amen.
1690 2808 1693 2809 '

140 2884 409 2940 Diaconus
437 2882 576 2939 dicit
607 2901 626 2939 :
657 2881 1068 2955 Inspiciamus.

141 2970 407 3039 Sacerdos,
441 2972 727 3028 Sanctum
758 2972 891 3027 date
919 2971 1157 3028 sanctis.

139 3061 368 3132 Populus
396 3060 536 3117 dicit
565 3079 581 3116 :
613 3060 990 3134 UnuS'pater
1033 3064 1292 3129 sanctus,
1328 3077 1482 3117 unus
1532 3060 1714 3118 Filius

84 3153 321 3218 sanctus,
354 3166 515 3206 unus
545 3155 635 3205 est
663 3148 917 3222 Spiritus
947 3154 1205 3206 sanctus.

144 3237 387 3295 Sacerdos
414 3239 557 3295 dicit
583 3256 602 3294 :
630 3237 912 3295 Dominus
941 3239 1243 3295 vobiscum
1275 3238 1370 3294 sit.

142 3328 367 3398 Populus
397 3329 537 3385 dicit
566 3345 583 3382 :
616 3328 685 3383 Et
711 3343 847 3383 cum
878 3327 1089 3400 spiritu
1121 3331 1242 3384 tuo.

140 3413 406 3485 Sacerdos,
435 3417 658 3473 elevans
684 3425 1110 3484 sacramentum,
1136 3417 1269 3473 dicit
1292 3419 1407 3474 alta
1432 3434 1555 3475 voce
1585 3436 1605 3475 :

143 3504 389 3573 Domine,
420 3506 561 3562 Jesu
595 3494 849 3572 Christe,
879 3504 1156 3561 miserere
1188 3506 1400 3575 nostri;
1443 3507 1708 3574 Domine,

82 3588 202 3647 Jesu
233 3593 479 3666 Christe,
513 3594 789 3650 miserere
819 3594 1037 3663 nostri;
1075 3596 1337 3663 Domine,
1361 3596 1502 3652 Jesu
1523 3596 1715 3652 Chris-

85 3682 150 3747 te,
179 3681 451 3740 miserere
481 3683 687 3739 nostri.

140 3772 331 3843 Populi
356 3776 625 3830 reiteraut
654 3771 844 3829 eadem
866 3772 1051 3828 verba.

141 3857 388 3918 Sacerdos
413 3863 553 3919 dicit
583 3880 602 3918 :
632 3861 900 3929 Oremus,
928 3862 1027 3935 qui
1051 3862 1195 3919 estis
1226 3862 1715 3936 pcenitentesllus

82 3944 279 4004 miliate
308 3950 505 4023 capita
529 3954 740 4007 vestra.
772 3948 1001 4023 Surgite
1048 3950 1119 4006 ad
1170 3951 1554 4008 adorandum.
1594 3956 1712 4009 Pax

80 4034 330 4094 omnibus
356 4039 547 4095 vobis.

140 4123 367 4197 Populus
393 4128 531 4185 dicit
559 4146 579 4184 :
607 4129 679 4184 Et
707 4144 841 4184 cum
867 4127 1078 4201 spiritu
1109 4131 1231 4186 tuo.

140 4212 386 4272 Sacerdos
413 4218 550 4273 dicit
580 4235 598 4271 :
636 4218 751 4272 Hoc
779 4220 868 4273 est
897 4232 1109 4289 corpus
1137 4223 1430 4286 sanctum,
1454 4218 1710 4276 honora—

83 4299 191 4354 tum
221 4306 273 4357 et
299 4304 472 4362 vitale
502 4304 737 4361 Domini
765 4310 823 4361 et
851 4306 1166 4363 servatoris
1188 4307 1371 4363 nostri
1393 4308 1530 4364 Jesu
1554 4307 1711 4364 Chri-

84 4386 317 4461 sti,quod
347 4394 554 4451 datum
584 4399 674 4451 est
703 4395 763 4449 in
795 4392 1203 4451 remissionem
1235 4399 1606 4468 peccatorum
1654 4401 1711 4453 et

85 4475 145 4529 ad
187 4478 356 4537 vitam
413 4488 691 4541 aternam
740 4485 1235 4556 consequendam,
1268 4502 1399 4542 vere
1429 4488 1711 4543 sumenti-

85 4560 179 4620 bus
200 4565 407 4639 ipsum.
441 4572 757 4629 Amen.Hic
797 4576 888 4629 est
939 4573 1180 4646 sanguis
1211 4573 1463 4643 Domini,
1494 4580 1552 4632 et
1580 4594 1707 4633 ser-

84 4655 273 4712 vatoris
300 4660 484 4717 nostri
515 4661 657 4718 Jesu
686 4660 925 4728 Christi,
957 4665 1218 4729 sanctus,
1253 4662 1591 4735 honoratus,
1643 4682 1711 4721 ac

86 4737 482 4823 Viviﬁcans,qui
506 4750 680 4805 datus
703 4754 793 4805 est
808 4749 867 4804 in
884 4749 1292 4807 remissionem
1316 4756 1708 4826 peccatorum,

86 4829 135 4880 et
158 4831 222 4887 ad
247 4834 420 4894 vitam
453 4842 729 4895 mtemam
759 4840 1389 4911 consequendam,vere
1420 4843 1709 4900 sumenti-

88 4911 182 4972 bus
208 4918 415 4993 ipsum.
443 4930 648 4996 Amen,
678 4927 824 4983 Vere
854 4927 964 4983 hoc
994 4931 1085 4984 est
1113 4942 1346 5001 corpus,
1378 4933 1436 4985 et
1480 4929 1576 4986 hic
1621 4938 1709 4989 est

87 5010 305 5079 sanguis
333 5014 677 5074 Emmanuel
704 5016 806 5073 Dei
837 5017 1044 5073 nostri.
1065 5018 1265 5073 Amen.
1300 5017 1704 5087 Credo,crcdo,

90 5093 237 5149 credo
264 5114 329 5155 ex
354 5119 509 5160 nunc
538 5108 596 5160 et
625 5121 810 5177 usque
840 5104 900 5159 in
932 5103 1233 5160 saeculum.
1265 5106 1595 5164 Amen.Hoc
1616 5114 1708 5166 est

90 5192 297 5252 corpus,
335 5195 389 5246 et
436 5191 527 5249 his
581 5196 672 5249 est
720 5193 964 5266 sanguis
1014 5193 1242 5249 Domini
1289 5198 1348 5250 et
1393 5198 1706 5255 servatoris

94 5272 250 5358 nostri
295 5276 428 5335 Jesu
475 5281 709 5350 Christi,
754 5283 908 5354 quod
962 5287 1019 5338 et
1068 5299 1243 5353 quem
1274 5286 1599 5358 assumpsit
1638 5304 1707 5343 ex

93 5349 311 5445 Domina
345 5374 540 5427 nostra
561 5375 763 5427 sancta
787 5349 1701 5445 etimmaculataVirgine-Maria,

96 5442 147 5494 et
168 5448 338 5508 univit
363 5472 492 5514 cum
523 5458 828 5515 divinitate
880 5458 1005 5515 sine
1052 5458 1325 5517 mistione
1356 5442 1469 5516 aut
1498 5462 1706 5534 copula

96 5534 338 5629 flet-limi,
368 5545 489 5604 sine
518 5548 883 5620 separatione
913 5551 1014 5603 aut
1043 5548 1468 5619 permutatione
1497 5550 1706 5606 divini-

100 5616 218 5677 tatis
252 5642 415 5698 quam
465 5616 602 5694 rem—
639 5640 890 5695 testatus
937 5616 1295 5708 est—optimo
1346 5638 1704 5712 testimonio,

1886 1994 1993 2049 Hoc
2040 1993 2171 2061 loco,
2214 1992 2344 2049 dum
2389 1996 2743 2051 ministratur
2784 2002 3191 2067 sacramentum
3242 1998 3464 2069 populo,

1811 2081 2060 2153 psallunt
2088 2082 2228 2139 docti
2256 2082 2445 2155 aliqua
2473 2085 2747 2151 carmina,
2780 2085 2841 2139 in
2870 2085 3131 2140 honorem
3151 2101 3468 2141 sacramen-

1814 2173 1877 2236 ti,
1909 2179 1961 2227 et
1987 2179 2301 2228 sanctorum
2330 2188 2562 2245 quorum
2606 2179 2745 2245 festa
2778 2173 3126 2238 celebrantur
3152 2176 3465 2246 composita.

1819 2259 1953 2328 Quae
1979 2260 2212 2332 populus
2241 2262 2469 2318 reiterut
2495 2262 2755 2318 canendo.

1886 2348 2145 2405 Sacerdos
2190 2349 2323 2406 dicit
2369 2368 2385 2404 :
2437 2350 2592 2415 Quos
2645 2350 2883 2414 vocasti.
2930 2350 3195 2420 Domine,
3224 2355 3282 2407 et
3320 2369 3468 2426 quos

1818 2439 2553 2512 sanctiﬁcasti,portionem
2582 2440 2658 2495 da
2696 2440 2780 2496 eis
2808 2439 2867 2495 in
2897 2440 3196 2498 vocatione
3245 2444 3366 2506 tua,
3412 2445 3472 2498 et

1818 2527 2064 2584 furtiﬁca
2090 2545 2190 2584 eos
2220 2528 2277 2583 in
2312 2544 2509 2584 amore
2538 2532 2660 2595 tuo,
2694 2532 2751 2584 et
2779 2528 3006 2584 custodi
3034 2526 3093 2584 in
3143 2529 3470 2586 sanctiﬁca-

1817 2616 1973 2674 tionc
2003 2622 2104 2673 tua
2134 2634 2237 2691 per
2264 2616 2558 2673 Christum
2590 2616 2829 2674 unicum
2862 2617 3071 2674 Filium
3102 2617 3393 2686 tuum,cui
3416 2622 3474 2675 et

1817 2705 1925 2763 tibi
1955 2723 2088 2763 cum
2121 2712 2271 2776 eo,et
2299 2723 2432 2763 cum
2465 2709 2667 2762 sancto
2697 2706 3133 2780 Spiritu,gloria
3161 2709 3218 2764 et
3240 2707 3469 2776 bomor,

1820 2813 1977 2853 nunc
2006 2800 2063 2852 et
2091 2813 2343 2869 semper,
2394 2800 2452 2852 et
2497 2796 2556 2852 in
2607 2794 2822 2851 saecula
2862 2794 3230 2852 saeculorum.
3263 2798 3469 2852 Amen.

1820 2885 2088 2952 Domine,
2119 2885 2219 2958 qui
2250 2889 2531 2941 aeternum
2573 2884 2773 2941 lumen
2822 2883 2951 2940 vitae
2982 2888 3040 2940 et
3068 2884 3472 2942 fortitudinem

1821 2974 2003 3031 servis
2026 2973 2170 3055 _tui_s
2216 2974 2497 3041 tribuisti,
2539 2978 2597 3030 et
2643 2990 2742 3030 cos
2790 2973 3153 3029 custodivisti
3204 2973 3476 3046 pluribus

1820 3051 2053 3120 diebus'
2076 3051 2143 3119 ac
2192 3062 2449 3131 noctibu,
2482 3061 2787 3135 praeteritis
2817 3061 2876 3116 in
2912 3077 3071 3133 pace,
3103 3061 3347 3118 benedic
3391 3062 3477 3120 eis

1826 3151 2000 3208 etiam
2040 3152 2100 3206 in
2148 3151 2257 3208 hac
2306 3150 2400 3207 die
2446 3154 2578 3224 post
2625 3151 2939 3207 Dominum
2970 3153 3239 3205 nostrum
3270 3149 3475 3207 Jesum

1743 3234 1787 3301 C
1823 3240 2143 3308 Christum,
2170 3240 2285 3309 cui,
2318 3244 2375 3301 et
2403 3240 2509 3296 tibi
2557 3257 2691 3296 cum
2741 3256 2830 3305 eo,
2879 3243 2937 3295 et
2983 3242 3186 3295 sancto
3230 3238 3473 3311 Spiritu,

1818 3331 2006 3404 gloria
2029 3336 2087 3386 et
2115 3330 2321 3397 honor,
2354 3346 2530 3399 nunc,
2568 3332 2624 3385 et
2653 3343 2905 3401 semper,
2938 3331 2998 3384 et
3025 3327 3086 3383 in
3117 3327 3332 3384 saecula
3361 3344 3468 3385 sae-

1820 3420 2109 3477 culorum.
2136 3421 2340 3475 Amen.

1891 3510 2162 3565 Diaconus
2191 3509 2359 3564 dicit:
2378 3502 2606 3564 Gratias
2628 3522 2875 3581 agamus
2904 3505 3171 3563 Domino.
3191 3505 3473 3563 Sanctum

1820 3599 1948 3671 ejus
1979 3596 2379 3670 sumpsimus;
2412 3597 2491 3652 sit
2519 3597 2677 3669 quod
2717 3594 3085 3668 sumpsimus
3134 3594 3363 3652 medela
3401 3595 3473 3651 ad

1819 3686 2225 3742 viviﬁcandam
2264 3683 2543 3742 animam.
2578 3673 2913 3742 Laudemus
2943 3683 3258 3741 Dominum
3289 3687 3474 3740 Deum

1821 3774 2488 3848 nostrum,sumpsimus
2516 3779 2789 3831 sanctum
2820 3790 3053 3847 corpus,
3088 3777 3147 3830 et
3190 3789 3476 3830 veneran-

1822 3865 1963 3921 dum
1994 3865 2364 3938 sanguinem,
2397 3864 2507 3921 hoc
2536 3868 2627 3921 est
2656 3880 2827 3937 corps
2857 3862 3095 3921 Christi.
3143 3863 3211 3919 Et
3257 3862 3475 3937 gratias

1821 3955 1872 4011 ei
1895 3971 2164 4028 agamus,
2188 3954 2344 4026 quod
2374 3953 2537 4027 digni
2568 3953 2855 4010 fuerimus
2882 3951 3230 4027 participem
3260 3952 3332 4007 de
3362 3951 3474 4008 hoc

1818 4044 2148 4100 venerando
2177 4046 2234 4099 et
2264 4047 2466 4099 sancto
2497 4042 2794 4117 mysterio.

1889 4132 2147 4188 Sacerdos
2175 4132 2308 4188 dicit
2354 4151 2373 4187 :
2419 4131 2697 4188 Exaltabo
2740 4135 2818 4200 te,
2864 4147 2965 4186 rex
3011 4147 3199 4197 meus,
3232 4132 3288 4185 et
3314 4128 3473 4185 Deus

1820 4237 2012 4288 meus,
2043 4225 2102 4277 et
2132 4220 2473 4277 benedicam
2505 4220 2728 4277 nomini
2758 4224 2860 4276 tuo
2910 4219 2969 4275 in
3020 4217 3298 4276 saeculum
3326 4220 3382 4272 et
3412 4217 3470 4273 in

1819 4308 2096 4365 saeculum
2124 4308 2344 4365 seaculi.

1895 4398 2130 4470 P0pulus
2157 4397 2294 4453 dicit
2318 4397 2434 4453 alta
2464 4412 2587 4452 voce
2618 4414 2632 4451 :
2667 4396 2834 4453 Pater
2880 4398 3096 4461 noster,
3156 4384 3257 4466 qui
3304 4407 3368 4449 es
3409 4391 3470 4449 in

1818 4486 1998 4556 caelis,
2029 4503 2146 4542 non
2172 4485 2438 4553 inducas,
2469 4483 2731 4551 Domine,
2766 4485 2825 4539 in
2856 4483 3238 4540 tentationem

1890 4575 2147 4633 Sacerdos
2177 4574 2311 4631 dicit
2340 4593 2359 4629 :
2390 4573 2497 4630 Per
2522 4571 2786 4647 singulos
2817 4572 2942 4628 dies
2964 4570 3304 4628 benedicam
3339 4570 3469 4639 tibi,

1820 4670 1877 4721 et
1903 4664 2155 4721 laudabo
2187 4680 2400 4719 nomen
2431 4666 2601 4719 tuum
2632 4662 2691 4717 in
2720 4659 3003 4718 saeculum
3023 4658 3160 4716 etin
3191 4657 3470 4716 smculum

1820 4754 2035 4811 seaculi.

1889 4843 2132 4916 Populus
2164 4844 2364 4898 iterum
2394 4840 2528 4897 dicit
2555 4859 2573 4895 :
2605 4840 2772 4897 Pater
2801 4842 3018 4908 noster,
3049 4836 3149 4912 qui
3179 4854 3243 4893 es
3272 4838 3332 4893 in
3366 4854 3471 4894 cce-

1814 4931 1910 5003 lis,
1945 4949 2061 4988 non
2092 4930 2337 4987 inducas
2369 4944 2474 4986 nos
2509 4929 2567 4984 in
2598 4927 3002 4985 tentationem.

1884 5020 2145 5079 Sacerdos
2197 5021 2332 5076 dicit
2381 5036 2400 5075 :
2458 5018 2717 5074 Laudem
2766 5016 3000 5074 Domini
3072 5014 3346 5090 loquetur
3406 5035 3467 5073 es

1815 5113 2106 5178 meum,et
2135 5107 2434 5164 benedicet
2453 5106 2647 5163 omnis
2667 5123 2800 5163 caro
2833 5105 3057 5163 nomini
3090 5108 3294 5162 sancto
3316 5106 3466 5179 ejus,

1815 5200 1875 5256 in
1908 5196 2185 5255 saeculum
2217 5200 2274 5253 et
2304 5195 2364 5251 in
2396 5195 2676 5252 smonlum
2710 5194 2926 5252 saeculi.
2964 5200 2981 5207 “’

1883 5286 2126 5359 Populus
2154 5287 2355 5341 iterum
2382 5284 2515 5340 dicit
2542 5305 2559 5340 :
2592 5285 2759 5342 Pater
2786 5288 3003 5353 noster,
3020 5288 3152 5353 etc.,
3186 5292 3248 5340 ut
3275 5301 3463 5355 supra.

1884 5372 2141 5433 Sacerdos
2169 5373 2303 5429 dicit
2328 5394 2347 5429 :
2383 5372 2644 5443 Domine,
2668 5373 2999 5431 animarum
3022 5376 3465 5439 rector,sancto-

1813 5479 1945 5517 rum
1976 5460 2307 5527 director,et
2325 5462 2625 5533 justorum
2656 5460 2860 5529 honor,
2905 5462 2982 5517 da
3028 5459 3197 5515 nobis
3251 5455 3464 5511 intelli-

1811 5548 2020 5623 gentiae
2051 5547 2249 5604 oculos
2280 5549 2379 5622 qui
2407 5552 2463 5605 te
2485 5566 2716 5621 semper
2740 5550 2995 5615 videant,
3030 5552 3082 5602 et
3116 5560 3287 5600 aures
3336 5560 3464 5616 qua:

1810 5644 1866 5697 te
1883 5638 2073 5696 solum
2095 5652 2326 5711 semper
2351 5639 2933 5712 audiant,postquam
2955 5633 3180 5693 satiasti
3201 5631 3460 5689 animam

3432 5810 3527 5871 fr
