3844 6200
313 297 432 361 927

1089 293 1422 357 APPEND.
1468 294 1571 355 AD
1617 294 1805 356 SZEC.
1855 295 1928 356 X.
1966 328 2039 339 —
2072 293 2578 358 MONUMENTA
2623 296 2936 361 LI'I‘URG.

3636 289 3753 351 928

314 438 575 503 nostram
623 430 811 506 gratia
857 434 979 491 tua.
1009 428 1119 486 Cor
1165 429 1452 485 mundum
1501 444 1633 484 erca
1665 429 1721 482 in
1763 428 1952 495 nobis,
1985 434 2037 499 Α
2071 430 2475 486 manifestetur
2527 430 2586 485 in
2633 430 2820 503 gloria
2864 435 3001 499 tua;
3053 428 3287 485 vivifiea
3309 444 3428 484 nos
3454 425 3519 482 in
3573 429 3658 490 te,
3691 430 3749 480 ut

314 523 580 598 Domine,
614 525 677 579 ut
707 519 1175 595 magnitudinem
1208 522 1264 575 et
1294 517 1638 590 probitatem
1684 521 1848 574 tuam
1894 535 1959 574 ac

315 628 573 689 amorem
594 614 772 666 .tuum
801 626 936 682 ergo
963 608 1227 664 homines
1260 606 1675 679 intelligamus.
1708 608 1833 663 Fiat
1863 625 1957 664 vo-

314 687 511 759 luntas
544 702 645 755 tua
662 714 846 771 super
872 696 1129 753 animam
1160 699 1441 762 nostram,
1475 700 1532 751 et
1569 700 1822 751 mentem
1853 712 1957 767 pu-

317 807 442 861 ram
475 805 542 853 ac
574 791 790 843 rectam
823 785 1012 841 tribue
1045 784 1231 852 nobis,
1267 784 1367 856 qui
1400 784 1469 841 de
1503 800 1739 857 corpore
1772 789 1871 841 tuo
1906 789 1962 840 et

316 878 714 952 sanguinetuo
729 874 1268 947 sumpsimus,servi
1294 874 1377 929 tui
1399 873 1958 948 humiles,quoniam

316 985 560 1042 regnum
611 970 800 1030 tuum,
852 964 1114 1019 Domine.
1148 962 1342 1020 Gloria
1387 980 1452 1018 ac
1504 963 1827 1020 benedictio
1883 963 1963 1020 sit

314 1057 490 1135 Patri,
524 1060 579 1112 et
612 1054 770 1119 Filio,
803 1058 857 1108 et
887 1051 1128 1125 Spiritui
1162 1058 1383 1120 sancto,
1419 1069 1595 1118 nunc,
1619 1058 1675 1109 et
1707 1068 1958 1124 semper,

313 1150 370 1203 et
399 1146 456 1200 in
492 1142 707 1209 saecula
734 1142 1098 1199 saeculorum.
1130 1143 1335 1199 Amen.

338 1222 638 1291 ’Saccrdos
694 1233 830 1287 dicit
882 1248 900 1284 :
951 1229 1211 1295 Domine,
1271 1230 1423 1285 Deus
1486 1233 1704 1295 noster,
1761 1228 1959 1285 lumen

313 1319 805 1393 inexstinguibile,
837 1318 1058 1390 respice
1081 1335 1258 1390 super
1284 1335 1479 1374 servos
1509 1321 1642 1372 tuos
1686 1322 1741 1371 et
1787 1335 1963 1389 super

311 1409 553 1469 ancillas
586 1416 737 1475 tuas,
772 1412 823 1463 et
859 1407 1085 1463 semina
1132 1408 1189 1461 in
1234 1406 1508 1463 cordibus
1541 1406 1756 1463 nostris
1789 1406 1959 1461 timo-

312 1516 433 1555 rem
458 1498 714 1554 nominis
739 1498 906 1562 tul,ct
940 1513 1182 1550 numera
1200 1512 1297 1550 eos
1320 1496 1535 1567 quibus
1558 1512 1769 1567 corpus
1792 1499 1958 1551 tuum

312 1594 369 1657 et
398 1588 639 1661 sanguis
672 1590 808 1642 tuus
838 1586 1010 1640 datus
1043 1598 1153 1651 est,
1188 1589 1252 1639 ut
1280 1584 1631 1640 fructiﬁeent
1670 1584 1730 1641 in
1784 1584 1956 1639 bene-

313 1675 705 1745 dictione.Fac
736 1673 960 1729 habites
992 1673 1049 1728 in
1083 1672 1199 1729 illis
1230 1671 1463 1745 pepulis
1494 1671 1629 1740 tuis,
1652 1674 1755 1744 qui
1782 1676 1961 1745 caput

313 1783 444 1827 sum
476 1766 610 1821 ante
639 1768 695 1820 te
727 1761 1032 1829 inclinant,
1083 1766 1201 1817 tam
1252 1761 1311 1816 in
1364 1762 1624 1818 maribus
1665 1778 1864 1834 quam,
1898 1762 1956 1816 in
1992 1805 2037 1869 Β

312 1853 548 1910 feminis
580 1856 635 1909 et
666 1851 881 1925 pueris,
916 1855 971 1907 et
1001 1869 1105 1907 nos
1136 1851 1312 1906 etiam
1361 1849 1483 1907 illis
1521 1852 1957 1924 adjynge,,pro-
1993 1849 2051 1879 ¹¹λ

312 1948 460 2016 tege,
496 1943 637 2010 fove,
670 1957 735 2003 ac
765 1941 1028 2013 guberna
1058 1958 1162 1997 nos
1194 1958 1296 2013 per
1325 1940 1473 1996 vires
1503 1940 1836 2012 principum
1862 1957 1961 1994 an-

311 2032 574 2104 gelorum
609 2029 956 2086 tuorum.Ab
989 2029 1263 2085 omnibus
1296 2029 1567 2101 operibus
1599 2028 1770 2085 malis
1791 2045 1958 2100 sepa-

313 2111 531 2193 ra‘nos,
566 2117 841 2175 omnibus
873 2117 1148 2191 operibus
1178 2118 1348 2174 bonis
1376 2119 1667 2190 conjunge
1698 2135 1823 2184 nos,
1860 2134 1961 2189 per

311 2208 606 2265 Christum
638 2206 877 2264 unicum
909 2207 1120 2263 Filium
1152 2207 1475 2275 tuum,cui,
1509 2215 1564 2263 et
1595 2206 1703 2263 tibi
1729 2224 1863 2263 cum
1894 2222 1960 2262 eo

312 2304 371 2353 et
401 2314 531 2353 cum
581 2300 783 2353 sancto
828 2296 1070 2367 Spiritu,
1105 2294 1292 2367 gloria
1330 2300 1387 2351 et
1436 2296 1663 2364 homor,
1697 2313 1871 2362 nunc,
1905 2299 1962 2351 et

312 2403 564 2460 semper,
596 2390 656 2441 et
684 2385 745 2440 in
774 2383 991 2440 saecula
1016 2383 1381 2439 saeculorum.
1414 2386 1618 2451 Amen,

388 2476 542 2531 Totus
566 2475 801 2549 populus
828 2472 964 2528 dicit
990 2472 1309 2528 comedenda
1332 2491 1350 2526 :
1371 2473 1642 2539 Sanctus,
1693 2476 1959 2538 sanctus,

314 2566 574 2631 sanctus,
608 2561 818 2627 trinus,
851 2559 1180 2628 iueﬂ‘abilis,
1215 2561 1289 2615 da
1332 2560 1499 2617 nobis
1549 2564 1613 2615 ut
1651 2578 1959 2618 sumamus

312 2652 493 2723 vitam
527 2666 628 2723 per
657 2649 763 2705 hoc
791 2653 1220 2721 eorpustuum,
1256 2648 1380 2705 sine
1400 2649 1656 2721 judicio;
1684 2650 1757 2705 da
1793 2650 1983 2711 nobis.

316 2746 381 2815 ut
412 2740 832 2805 fructiﬁcemus
858 2739 917 2794 in
932 2738 1503 2812 bencplacito.tuo,et
1520 2740 1744 2796 fructus
1765 2745 1962 2797 noster

2069 519 2357 575 faciamus
2387 518 2744 577 voluntatem
2774 518 3113 587 tuam,Gum
3142 518 3261 573 fide
3283 518 3657 573 invocamus
3680 520 3751 581 te,

2071 607 2257 674 Pater,
2286 612 2342 663 et
2368 624 2616 681 regnum
2647 613 2816 664 tuum
2864 607 3144 679 petimus.
3176 606 3626 662 Sanctiﬁcatur
3656 621 3751 658 no-

2069 712 2205 753 men
2235 700 2402 753 tuum
2432 714 2609 770 super
2639 714 2768 763 nos,
2801 697 3079 769 quoniam
3113 700 3178 752 tu
3208 713 3275 752 es
3306 696 3483 751 fortis
3511 711 3597 750 ac
3631 693 3756 748 lau-

2070 784 2282 842 dabilis
2311 790 2368 842 et
2391 786 2701 859 gloriosus.
2726 787 2855 842 Tibi
2888 786 2964 842 sit
2989 785 3178 858 gloria
3210 786 3272 841 in
3303 789 3529 841 secula
3562 801 3756 839 saecu-

2070 873 2282 933 lorum.

2142 966 2409 1021 Diaconus
2432 965 2576 1021 didit
2607 984 2625 1019 :
2658 965 2936 1021 Inelinate
2963 964 3158 1037 capita
3184 968 3389 1020 vestra
3437 968 3593 1019 ante
3641 962 3755 1017 Do-

2071 1054 2297 1111 minum
2330 1054 2745 1123 immortalem,
2776 1059 2842 1110 ut
2870 1053 3177 1110 benedicat
3202 1070 3309 1109 vos
3348 1070 3458 1125 per
3492 1070 3755 1109 manum

2070 1141 2219 1201 servi
2249 1141 2339 1198 sui
2372 1142 2712 1198 sacerdotis.

2138 1233 2380 1303 Populus
2407 1231 2543 1286 dicit
2572 1248 2586 1286 :
2619 1233 2823 1287 Amen.
2857 1231 3167 1289 Benedicat
3197 1248 3313 1286 nos
3341 1248 3549 1286 servos
3610 1248 3753 1285 suos

2070 1320 2448 1376 Dominuan
2464 1337 2604 1392 pace
2625 1321 2701 1377 sit
2720 1320 2988 1377 remissio
3000 1338 3181 1392 super
3197 1337 3309 1376 nos
3328 1320 3435 1391 qui
3461 1325 3750 1374 sanctum

2069 1426 2279 1480 corpus
2291 1409 2684 1481 etpretiosum
2696 1409 3045 1483 sanguinem
3060 1408 3751 1480 sumpsimus.mede

2070 1496 2237 1555 nobis
2270 1502 2337 1552 ut
2361 1497 2571 1569 spiritu
2598 1515 2803 1555 omnes
2828 1498 2989 1554 vires
3010 1497 3239 1555 inimici
3290 1496 3747 1555 consulamus.

2069 1586 2397 1643 Benedictio
2431 1604 2645 1642 manus
2671 1592 2782 1643 tua:
2813 1592 3033 1649 sanctae
3056 1586 3239 1659 plena
3258 1591 3356 1642 est
3399 1586 3744 1643 misericor—

2068 1676 2256 1730 dia.ln
2288 1674 2416 1747 ipsa
2444 1692 2751 1747 speramus
2774 1693 3002 1731 omnes.
3023 1677 3108 1731 Ab
3135 1674 3427 1731 omnibus
3456 1675 3743 1747 operibus

2070 1764 2241 1820 malis
2263 1766 2505 1837 scjuuge
2538 1782 2664 1832 nos,
2695 1765 2755 1820 in
2784 1765 3063 1821 omnibus
3089 1764 3376 1835 operibus
3429 1763 3571 1819 boni
3622 1764 3740 1818 cui.

2067 1852 2195 1909 loca
2219 1870 2346 1920 nos,
2382 1852 2741 1921 benedictus,
2776 1853 2857 1910 sit
2884 1854 2985 1926 qui
3036 1853 3199 1909 dedit
3246 1854 3428 1909 nobis
3458 1858 3737 1909 sanctum

2068 1958 2282 2015 corpus
2339 1946 2396 1997 et
2448 1941 2768 2013 pretiosum
2828 1942 3179 2015 sanguinem
3224 1960 3435 1998 suum.
3468 1943 3735 1999 Gratiam

2069 2031 2424 2103 accepimus,
2457 2036 2514 2086 et
2542 2032 2722 2087 vitam
2753 2030 3084 2088 invenimus
3131 2048 3237 2103 per
3283 2030 3570 2088 virtutem
3600 2048 3738 2087 cru-

2068 2120 2152 2176 eis
2198 2120 2338 2177 Jesu
2370 2118 2607 2176 Christi.
2638 2119 2867 2176 Gratias
2910 2119 3144 2192 agimus
3189 2118 3320 2185 tibi,
3353 2137 3497 2176 cum
3548 2120 3741 2191 Spiri-

2069 2214 2166 2265 tus
2195 2208 2381 2265 sancti
2412 2209 2665 2282 gratiam
2696 2208 3107 2281 receperimus.
3159 2208 3364 2267 Gloria
3410 2209 3494 2264 sit
3541 2210 3743 2266 Domi.

2069 2316 2164 2370 ne,
2197 2299 2300 2370 qui
2329 2299 2491 2354 dedit
2521 2298 2690 2355 nobis
2717 2315 2929 2371 corpus
2958 2315 3133 2353 suum
3166 2302 3477 2365 sanctum,
3511 2303 3575 2354 et
3600 2316 3734 2370 pre-

2068 2385 2285 2442 tiosum
2334 2386 2682 2459 sanguinem
2733 2402 2930 2443 suum.
2960 2385 3160 2442 Gloria
3188 2386 3268 2441 sit
3306 2386 3453 2441 divae
3506 2386 3732 2453 Marias,

2069 2491 2195 2547 qua:
2219 2479 2309 2531 est
2335 2474 2521 2547 gloria
2551 2480 2769 2544 nostra,
2800 2479 2858 2532 et
2904 2492 3031 2548 quae
3071 2474 3354 2546 parturiit
3406 2476 3584 2535 nobis
3630 2493 3732 2531 sa-

2069 2563 2377 2620 eriﬁcium.

2067 2672 2218 2727 Finis
2265 2673 2490 2727 canonis
2539 2676 2770 2727 Patrum
2798 2680 3124 2743 nostrorum
3170 2673 3567 2742 apostolorum,
3600 2688 3733 2743 quo-

2203 2759 2331 2797 rum
2359 2743 2534 2798 oratio
2562 2750 2613 2798 et
2642 2742 2940 2799 benedictio
2967 2744 3041 2799 sit
3067 2743 3379 2811 nobiscum,
3408 2745 3604 2799 Amen.

854 2916 3731 2943 __—__.___L_____—_—__._—______—______—_______—___

1345 3063 1554 3153 BEN
1564 3065 1877 3153 EDIC'I
1905 3064 2028 3153 IO
2086 3064 2693 3154 PUEBPER/E

1529 3243 1884 3305 Secundum
1915 3261 2097 3304 nsum
2130 3244 2516 3324 Ethiupum.

1807 3413 2234 3426 ηψ-

370 3558 427 3597 ΙΝ
460 3558 687 3619 [namss
727 3557 942 3610 PATRIS,
986 3557 1052 3596 εἰ·
1089 3557 1240 3608 rILu,
1282 3558 1348 3603 ar
1386 3558 1647 3597 srmrrus
1688 3557 1903 3597 SANCTI.
1991 3542 2034 3610 C
2072 3539 2275 3613 plexus
2304 3538 2757 3608 es,confirmasti
2785 3543 2843 3595 et
2872 3536 3173 3610 pervenire
3202 3536 3396 3593 fecisti
3429 3536 3727 3608 usquead

1052 3629 1229 3667 ΑΜΕΝ.

317 3746 643 3813 Orationes
675 3748 832 3824 quas
861 3746 1015 3807 dicit
1038 3746 1332 3808 sacerdos
1360 3765 1504 3807 cum
1536 3746 1805 3825 imponit
1837 3765 1964 3808 ma-

401 3862 519 3903 nus
543 3861 736 3921 super.
763 3849 1024 3903 matrem
1057 3849 1120 3903 et
1146 3844 1474 3917 infantem,
1511 3850 1841 3923 postquam
1876 3845 1967 3904 in-

398 3940 594 4018 gressi
620 3944 768 4001 sunt
796 3939 1147 4001 ecclesiam.

389 4062 647 4131 Sacerdos
690 4064 937 4135 primum
992 4064 1244 4119 hortatur
1282 4063 1554 4136 populum
1600 4065 1670 4119 ad
1726 4067 1962 4136 agendas

321 4156 422 4217 Deo
450 4153 683 4223 gratias,
717 4138 901 4207 dicens
934 4170 952 4207 :

390 4249 621 4308 Gratias
651 4266 895 4323 agamus
926 4248 1280 4306 benefactori
1307 4253 1507 4306 nostro
1529 4250 1772 4308 Domino
1796 4253 1964 4310 mise-

320 4339 552 4411 ricordi.
586 4338 739 4409 Patri
784 4338 1014 4396 Domini
1063 4339 1279 4408 Dei,,et
1329 4340 1730 4413 Redemptoris
1780 4343 1964 4401 nostri

316 4432 456 4489 Jesu
487 4429 870 4502 Christi,quia
899 4428 1147 4502 protexit
1172 4429 1619 4501 nos,euxiliatus
1652 4436 1741 4487 est
1772 4432 1962 4500 nobis,

317 4518 712 4588 custodivit,et
741 4519 1183 4575 commendatos
1214 4517 1326 4574 sibi
1359 4536 1465 4574 nos
1496 4519 1764 4590 credidit,
1788 4524 1965 4578 attra-

318 4608 421 4679 xit,
453 4606 758 4682 amplexus
804 4612 916 4676 est,
967 4606 1350 4678 confirmavit,
1402 4612 1460 4663 et
1510 4609 1811 4679 pervenire
1860 4627 1966 4665 nos

320 4699 454 4756 fecit
483 4700 556 4754 ad
587 4698 737 4754 hanc
769 4696 994 4753 horam.
1029 4698 1441 4770 Rogemusque
1471 4696 1665 4769 ipsum
1698 4701 1762 4753 ut
1789 4699 1967 4757 etiam

321 4787 613 4859 custodiat
644 4805 748 4843 nos
775 4788 834 4843 in
865 4787 972 4842 hac
1005 4787 1099 4843 die
1130 4790 1334 4853 saneta
1355 4790 1411 4842 et
1436 4785 1493 4841 in
1518 4786 1678 4847 omni
1711 4791 1969 4860 tempore

2070 3630 2220 3687 hanc
2253 3630 2478 3685 horam.
2512 3629 2768 3685 Petimus
2794 3645 3027 3701 quoque
3058 3631 3115 3683 et
3145 3626 3469 3700 quarimus
3495 3643 3529 3680 a
3560 3625 3725 3680 boni-

2070 3724 2187 3776 tate
2220 3724 2347 3789 tun,
2376 3723 2606 3774 amator
2626 3717 2872 3774 humani
2901 3715 3154 3789 generis.

2144 3811 2241 3864 Hic
2270 3810 2539 3864 diaconus
2578 3807 2715 3863 dicit
2744 3825 2765 3862 :
2798 3806 2980 3863 Petito
3035 3809 3093 3861 et
3147 3808 3350 3879 rogate
3408 3808 3475 3859 ut
3528 3807 3727 3873 pareat

2074 3897 2242 3955 nobis
2272 3897 2578 3964 Dominus,
2608 3902 2665 3952 et
2696 3896 3043 3953 misereatur
3080 3894 3290 3965 nostri,
3340 3897 3401 3948 et
3446 3891 3729 3963 suscipiat

2073 3987 2394 4043 orationem
2427 4004 2555 4058 quae
2585 4003 2689 4058 pro
2720 3985 2889 4041 nobis
2924 3986 2989 4039 fit
3017 4002 3051 4040 a
3078 3982 3307 4040 sanctis
3327 3979 3741 4047 suis,et£aciat

2074 4094 2181 4132 nos
2211 4076 2417 4149 dignos
2440 4081 2504 4130 ut
2524 4093 2651 4147 qua:
2682 4078 2920 4147 praestat
2946 4072 3394 4145 accipiamus,et
3420 4085 3728 4126 sumamus

2074 4165 2146 4221 de
2173 4164 2616 4238 participatione
2649 4168 2706 4220 et
2735 4166 3103 4221 sacramento
3133 4178 3241 4218 suo
3287 4157 3613 4225 benedicta,
3668 4163 3727 4212 ut

2077 4253 2448 4310 dimittantur
2478 4253 2649 4310 nobis
2680 4258 2919 4325 peccata
2947 4256 3169 4307 nostra.

2145 4344 2400 4401 Sacerdos
2429 4344 2779 4415 subsequitur
2824 4361 2842 4398 :
2893 4341 2979 4396 Da
3012 4340 3181 4396 nobis
3225 4342 3295 4394 ut
3341 4336 3726 4410 perducamus

2076 4433 2230 4489 hunc
2262 4432 2416 4489 diem
2447 4437 2719 4488 sanctum
2749 4436 2811 4488 et
2835 4448 3008 4487 omne
3035 4434 3273 4500 tempus
3316 4428 3443 4482 vita
3493 4428 3720 4487 nostra,

2076 4521 2137 4591 in
2167 4520 2327 4583 omni
2357 4538 2515 4594 pace,
2549 4537 2685 4577 cum
2714 4520 2921 4577 timore
2951 4518 3339 4575 tuo.0mnem
3364 4515 3646 4572 invidiam
3666 4516 3721 4567 et

2077 4627 2310 4667 omnem
2340 4609 2742 4679 tentationem,
2773 4614 2834 4665 et
2857 4625 3031 4666 omne
3059 4625 3208 4680 opus
3232 4606 3504 4677 .Satanie,
3534 4600 3717 4658 consi-

2077 4700 2223 4759 lium
2286 4699 2595 4757 hominum
2660 4698 2972 4766 malorum,
3038 4694 3448 4753 insultatioues
3503 4690 3716 4748 inimici

2078 4788 2450 4849 absconditae
2479 4793 2538 4846 et
2562 4787 2908 4847 manifestas
2937 4786 3147 4858 elonga
3172 4790 3233 4841 et
3248 4782 3471 4857 expelle
3490 4795 3646 4837 arma
3663 4783 3717 4834 et

320 4865 450 4931 vitae
490 4879 722 4943 nostrae,
769 4874 831 4931 in
879 4876 1039 4931 omni
1088 4892 1251 4948 pace,
1304 4875 1673 4948 omnipotens
1703 4876 1968 4946 Domine,
2001 4908 2048 4973 D
2080 4879 2151 4935 ab
2184 4878 2453 4936 universo
2483 4877 2700 4951 populo
2728 4883 2914 4947 tuo,et
2940 4878 3015 4933 ab
3058 4876 3167 4931 hoc
3213 4873 3341 4930 loco
3370 4874 3573 4970 sancte
3600 4875 3712 4973 tua:

325 4969 479 5020 Deus
514 4966 723 5033 noster.

399 5053 671 5121 Diaconus
698 5052 832 5109 dicit
862 5070 875 5108 :
910 5052 1099 5110 Orate.

396 5139 654 5198 Sacerdos
684 5146 869 5197 autem
896 5143 1030 5198 dicit
1076 5161 1094 5198 :
1141 5144 1402 5211 Domine,
1431 5162 1463 5200 o
1508 5144 1773 5216 Domine,
1805 5144 1972 5202 Pater

325 5233 475 5289 bene
504 5233 561 5285 et
590 5228 979 5302 omnipotens,
1016 5232 1181 5287 Pater
1210 5233 1439 5291 Domini
1471 5233 1592 5302 Dei,
1628 5238 1686 5291 et
1722 5235 1966 5292 Redem-

325 5319 511 5394 ptoris
542 5318 723 5374 nostri
751 5318 889 5375 Jesu
923 5319 1484 5389 Christi,laudamus
1513 5327 1566 5379 te
1597 5339 1776 5396 super
1796 5341 1969 5380 omne

326 5398 497 5491 opus,
531 5424 633 5481 pro
664 5408 822 5463 omni
855 5425 1047 5481 opere,
1080 5412 1136 5465 et
1166 5410 1223 5464 in
1254 5413 1413 5467 omni
1446 5429 1636 5484 opere,
1667 5413 1809 5485 quia
1833 5431 1967 5487 pro-

324 5498 517 5578 texisti
550 5514 655 5554 nos
685 5503 742 5553 et
767 5497 1069 5558 auxliatus,
1090 5515 1152 5555 es
1182 5498 1371 5567 nobis,
1402 5502 1712 5560 custodisti
1751 5521 1879 5572 nos,
1913 5508 1971 5561 et

328 5588 767 5649 Commendatos
797 5585 901 5643 tibi
933 5588 1388 5655 noscredidisti,
1421 5590 1731 5662 attraxisti,
1757 5597 1813 5648 et
1842 5611 1964 5650 am-

2081 4967 2292 5025 Omnia
2344 4968 2498 5024 bona
2544 4966 2857 5040 (quidquid
2918 4966 3122 5038 utique
3185 4967 3425 5036 praestat
3450 4965 3509 5017 et
3537 4959 3714 5031 juvat)

2077 5055 2305 5130 impera
2331 5057 2417 5114 eis
2444 5074 2549 5129 per
2578 5055 2852 5129 nos,quia
2870 5061 2934 5112 tu
2967 5073 3033 5112 es
3059 5053 3162 5128 qui
3190 5050 3405 5109 dedisti
3436 5046 3600 5105 nobis
3617 5060 3711 5118 po-

2078 5151 2351 5205 testatem
2382 5149 2447 5201 ut
2477 5145 2837 5205 calcaremus
2882 5146 3213 5219 serpentem
3250 5145 3309 5197 et
3339 5137 3704 5209 scorpionem,

2078 5239 2137 5292 et
2166 5251 2401 5291 omnem
2430 5234 2550 5290 vim
2580 5233 2901 5290 inimicam.
2936 5234 3018 5289 Ne
3050 5232 3297 5287 inducas
3328 5224 3701 5294 nos,Domine,

2080 5326 2141 5381 in
2174 5323 2575 5391 tentationem,
2608 5324 2710 5379 sed
2740 5322 2961 5379 redime
2985 5326 3044 5377 et
3072 5320 3256 5376 libera
3292 5334 3402 5374 nos
3447 5315 3518 5370 ab
3562 5309 3702 5367 omni

2080 5414 2364 5487 malo,per
2390 5412 2641 5486 gratiam
2662 5416 2720 5468 et
2741 5410 3203 5468 misericordiam
3224 5413 3281 5466 et
3307 5419 3567 5469 amorem
3584 5416 3704 5471 erga

2077 5506 2403 5561 humanum
2455 5517 2663 5574 genus,
2693 5500 2818 5556 Filii
2866 5500 2952 5557 tui
3001 5497 3179 5566 unici,
3220 5494 3455 5557 Domini
3496 5490 3615 5557 Dei,
3655 5490 3707 5542 et

2078 5589 2482 5663 Redemptoris
2512 5588 2698 5647 nostri
2720 5589 2863 5647 Jesu
2889 5587 3125 5655 Christi,
3155 5602 3293 5651 cum
3319 5578 3707 5656 quo,tibi.,una
