3844 6200
49 368 177 427 929

977 361 1187 421 ΟΗΒΟ
1229 360 1595 423 BAPTISMI
1642 360 2070 425 SECUNDUM
2114 362 2549 424 ETHIOPES.

3348 365 3468 423 930

60 512 199 553 cum
232 498 433 551 sancto
466 491 683 565 Spiritu
716 496 804 548 est
826 490 1011 565 gloria
1034 496 1092 548 et
1132 497 1412 567 potestas,
1444 511 1622 564 nunc,
1653 498 1709 551 et
1736 495 1792 561 Λ
1822 494 1874 550 ei
1923 495 2216 563 virtutem,
2249 499 2307 551 et
2352 499 2590 570 protege
2633 510 2789 564 eum,
2821 498 2878 551 et
2924 495 3209 568 attingere
3257 495 3344 552 fac
3394 495 3466 551 ad

60 603 319 658 semper,
351 584 485 640 etin
520 581 732 639 saecula
762 580 1129 638 saeculorum.
1157 583 1362 638 Amen.

58 681 257 731 Postea
306 673 545 730 sacerdos
591 671 685 727 dat
733 673 874 739 thus,
906 680 957 728 et
1002 669 1137 727 dicit
1189 672 1331 727 hanc
1381 674 1707 729 orationem.

128 764 393 830 Domine,
425 761 577 818 Deus
605 766 826 829 noster,
861 760 1252 833 omnipotens,
1280 760 1448 817 Pater
1476 761 1710 817 Domini

60 852 181 920 Dei,
215 857 278 910 et
337 851 741 924 Redemptoris
795 849 980 907 nostri
1028 849 1167 907 Jesu
1217 849 1455 917 Christi,
1488 855 1713 907 creator

62 943 428 1006 saeculorum,
480 941 578 1014 qui
639 939 998 996 nativitatem
1054 944 1315 995 nostram
1374 940 1581 1008 fecisti,
1622 944 1707 1008 tu,

62 1031 327 1101 Domine,
360 1029 667 1087 instituisti
699 1030 934 1103 Moysen
976 1047 1206 1085 servum
1255 1032 1423 1085 tuum
1478 1030 1537 1086 in
1584 1030 1709 1105 lege

65 1126 260 1192 tua,et
291 1118 538 1176 docuisti
570 1135 705 1175 eum
737 1114 1211 1174 constitutionem
1244 1118 1551 1188 mundam,
1583 1136 1709 1192 quae

64 1210 333 1267 convenit
374 1209 532 1266 omni
585 1207 812 1265 feminae
864 1225 989 1280 qua:
1042 1208 1347 1280 pepererit,
1380 1212 1443 1262 ut
1491 1206 1712 1264 scilicet

65 1301 361 1357 modicum
392 1298 673 1372 temporis
702 1301 1102 1371 separaretur;
1136 1300 1193 1352 et
1223 1296 1541 1369 praecepisti
1565 1297 1616 1352 ei
1640 1314 1711 1353 ne

62 1389 560 1463 appropinquaret
590 1388 660 1443 ad
696 1390 898 1443 sancta
926 1389 1047 1454 tua,
1072 1386 1172 1442 sed
1206 1390 1269 1441 ut
1300 1403 1361 1442 se
1392 1385 1713 1442 contineret

62 1479 249 1552 quoad
281 1477 630 1533 liberaretur
661 1493 675 1532 :
711 1475 790 1531 ita
821 1491 1053 1548 quoque
1086 1491 1362 1548 rogamus
1392 1475 1711 1531 bonitatem

62 1571 307 1624 tuam.et
338 1582 678 1639 quassumus
709 1582 812 1638 pro
850 1563 1062 1621 ancilla
1092 1566 1193 1619 tua
1218 1563 1444 1636 N.,qua3
1467 1563 1714 1620 servavit

63 1656 541 1713 constitutionem
574 1658 757 1717 tuam,
792 1658 849 1709 et
878 1657 1039 1726 optat
1074 1654 1297 1725 ingredi
1332 1653 1389 1708 in
1442 1658 1709 1710 sanctum

65 1742 505 1802 tabernaculum
554 1747 743 1809 tuum,
780 1746 844 1797 ut
891 1742 1092 1797 adoret
1137 1746 1270 1797 ante
1317 1741 1499 1799 altare
1546 1747 1712 1798 tuum

66 1838 335 1891 sanctum
361 1852 374 1902 ;
410 1836 465 1888 et
492 1830 783 1888 desiderat
816 1847 1045 1886 sumere
1076 1834 1511 1886 sacramentum
1542 1836 1711 1886 tuum

69 1928 334 1980 sanctum
370 1927 428 1977 et
458 1920 756 1977 viviﬁcans
786 1937 797 1975 :
827 1918 1717 1993 rogamus,inquam,bonitatem

71 2018 250 2079 tuam,
282 2015 341 2068 et
367 2028 732 2083 quaesumus,
763 2027 796 2065 ο
820 2014 1055 2065 amator
1082 2008 1324 2064 humani
1353 2009 1716 2081 generis,be-

73 2101 233 2156 nedic
262 2098 492 2156 ancillae
525 2104 637 2155 tua;
668 2100 734 2155 N.
772 2098 830 2153 in
864 2098 971 2154 hac
1000 2096 1243 2166 hora,et
1280 2096 1465 2153 libera
1483 2115 1611 2152 eam
1645 2098 1717 2152 ab

71 2190 219 2246 omni
252 2187 637 2246 immunditia
664 2187 920 2260 maligna
949 2204 1079 2259 qum
1105 2186 1595 2258 propellitaregia
1620 2191 1718 2241 tua

73 2284 287 2347 sancta,
322 2283 382 2334 et
414 2278 500 2333 fac
533 2282 596 2333 ut
623 2276 907 2348 suscipiat
938 2293 1004 2331 ex
1036 2280 1402 2331 sacramento
1452 2279 1549 2329 tuo
1582 2293 1716 2330 san-

73 2373 175 2424 cto.
204 2367 421 2423 Infanti
448 2367 622 2422 etiam
658 2366 792 2422 huic
827 2365 1084 2438 parvulo,
1118 2365 1382 2432 Domine,
1412 2364 1510 2435 qui
1546 2369 1717 2419 natus

74 2463 247 2513 estex
276 2474 367 2525 ea,
402 2455 663 2524 benedic,
699 2454 1019 2523 sanctifica,
1046 2457 1101 2508 et
1133 2454 1416 2510 confirma
1443 2470 1611 2523 eum;
1645 2454 1719 2511 da

1818 588 2035 640 metam
2068 584 2252 640 atatis
2281 601 2420 640 suas.
2456 584 2582 641 Fiat
2614 585 2849 650 timens,
2879 588 2936 639 et
2963 583 3248 640 coalescat
3277 585 3334 639 in
3366 603 3465 640 vo-

1818 672 2107 730 luntatem
2138 677 2299 729 tuam
2332 677 2619 729 sanctam.
2654 672 2890 730 Custodi
2922 676 2979 729 et
3008 673 3292 729 confier
3326 690 3468 731 eum

1819 762 1877 817 in
1926 762 2039 818 ﬁde
2089 767 2265 829 recta,
2301 763 2359 818 in
2411 779 2533 836 spe,
2567 779 2728 836 pace,
2769 766 2827 817 et
2873 760 3157 818 charitate
3210 766 3335 831 tua,
3368 778 3470 834 per

1819 850 2059 907 unicum
2094 850 2305 907 Filium
2340 855 2508 908 tuum
2557 851 2761 908 Jesum
2792 850 3107 907 Christum
3156 849 3470 907 Dominum

1818 944 2107 1008 nostrum,
2141 958 2277 997 cum
2308 958 2421 1014 quo
2456 940 2559 1003 tibi
2590 940 2878 1009 convenit,
2913 957 3032 997 una
3081 957 3217 997 cum
3267 943 3469 995 sancto

1819 1030 2060 1103 Spiritu,
2095 1029 2281 1104 gloria
2308 1034 2365 1085 et
2392 1029 2717 1104 gratiarum
2749 1032 2921 1097 actio,
2948 1029 3010 1085 in
3044 1028 3256 1087 saecula
3296 1044 3472 1084 saecu-

1818 1118 2031 1176 lorum.
2063 1120 2268 1177 Amen.

1889 1208 2148 1264 Sacerdos
2178 1210 2336 1281 ungit
2378 1224 2571 1264 eorum
2615 1211 2871 1281 froutem,
2918 1210 3146 1281 femina?
3191 1208 3398 1263 scilicet
3423 1216 3475 1263 et

1820 1300 2335 1369 infautis,unctione
2361 1308 2574 1367 sancta,
2597 1307 2648 1354 et
2675 1298 2809 1354 dicit
2835 1308 3140 1370 sequentem
3171 1298 3475 1354 orationem

1822 1388 2184 1458 impositiouis
2211 1404 2480 1442 manuum
2509 1406 2528 1443 :

1891 1474 2159 1544 Domine,
2194 1493 2225 1530 ο
2261 1474 2525 1543 Domine,
2559 1479 2729 1532 Pater
2759 1476 2926 1543 bone,
2960 1473 3113 1531 Deus
3144 1474 3476 1543 noster,im-

1821 1565 2127 1638 posuimus
2160 1582 2372 1621 manus
2403 1569 2636 1621 nostras
2665 1581 2843 1637 super
2880 1564 3071 1637 capita
3116 1563 3473 1622 famulorum

1821 1654 2143 1722 tuorum,in
2176 1654 2450 1711 coronam
2476 1653 2715 1711 honoris
2748 1657 2804 1709 et
2832 1652 3048 1727 glorise,
3076 1670 3248 1709 amen
3272 1664 3476 1722 ;‘coro-

1822 1760 1959 1799 nam
1993 1743 2150 1810 ﬁdei,
2177 1748 2233 1799 et
2261 1743 2719 1813 decoris,amen;
2753 1760 3028 1799 coronam
3053 1742 3326 1815 justitiaa,
3348 1754 3479 1815 quae

1750 1871 1795 1934 Β
1824 1850 1939 1887 non
1972 1836 2339 1905 expugnatur
2367 1833 2440 1888 ab
2471 1832 2729 1900 inimico,
2753 1847 2945 1891 amen.
2981 1833 3091 1888 Fac
3121 1844 3318 1889 servos
3346 1835 3480 1888 mos

1829 1920 2032 1994 plenos
2062 1920 2260 1994 gratim
2292 1921 2544 1994 Spiritus
2573 1921 2901 1994 sancti,per
2929 1920 3391 1977 misericordiam
3421 1923 3480 1976 et

1826 2010 2297 2082 propitiationem
2347 2010 2628 2066 amatoris
2678 2009 2921 2067 humani
2970 2009 3223 2082 generis,
3256 2008 3361 2064 ﬁlii
3393 2008 3481 2064 tui

1824 2098 1964 2153 Jesu
1997 2098 2232 2168 Christi,
2270 2116 2405 2155 nam
2441 2098 2567 2166 tibi,
2599 2101 2657 2156 et
2685 2098 2820 2171 ipsi,
2844 2114 2979 2155 cum
3011 2101 3212 2157 sancto
3234 2097 3477 2170 Spiritu,

1825 2192 1914 2243 est
1937 2187 2122 2261 gloria
2150 2193 2205 2244 et
2236 2192 2517 2260 potestas,
2551 2189 2609 2244 in
2643 2188 2856 2243 saecula
2889 2186 3478 2244 saeculorumAmen.

1897 2278 2086 2332 Postea
2115 2286 2289 2333 mater
2317 2279 2485 2332 sumit
2522 2290 2925 2333 sacramentum
2971 2285 3221 2333 sanctum
3265 2276 3481 2332 Eucha-

1826 2366 1928 2419 risl
1937 2367 2028 2423 id}.

1900 2454 2325 2512 Benedictionis
2358 2472 2653 2530 puerperae
2687 2455 2839 2512 linis.

367 2766 777 2873 ORDL)
856 2766 1489 2870 BAP'I‘ISMI
1562 2766 2332 2870 SECUNDUM
2395 2766 3180 2873 fE'l‘HlOPUM

88 3172 119 3209 Ν
172 3171 394 3211 NOMINB
452 3171 677 3227 PATRIS,
740 3171 806 3209 ετ
863 3170 1016 3220 FILII,
1059 3169 1126 3207 ΕΤ
1182 3168 1441 3207 SPIRITUS
1500 3168 1718 3208 SANCTI.
1753 3153 1796 3220 εἶ
1835 3153 2018 3225 ptoris
2050 3154 2231 3208 nostri
2263 3153 2403 3209 Jesu
2435 3152 2916 3225 Christi,oramus
2944 3157 3002 3210 et
3030 3167 3309 3228 rogamus
3330 3156 3493 3212 boni-

812 3242 983 3280 AMEV.

87 3317 402 3377 Orationes
458 3335 598 3394 quae
648 3315 942 3376 dicuntur
988 3314 1052 3373 in
1112 3319 1330 3374 saneto
1385 3313 1723 3393 baptismo.

149 3422 404 3479 Sacerdos
420 3423 673 3494 primum
700 3421 833 3476 dicit
875 3421 1153 3493 psalmum
1191 3420 1725 3494 quinquagesimum,

87 3513 277 3567 scilicet
303 3531 323 3568 :

90 3598 348 3657 Miserere
378 3598 706 3668 mei,Deus,
741 3599 1063 3655 secundum
1097 3614 1370 3671 magnam
1405 3597 1730 3654 misericor-

92 3688 234 3745 diam
263 3695 455 3757 tnam,
487 3704 657 3761 usque
687 3691 747 3745 in
793 3690 973 3762 ﬁnem.
1018 3690 1157 3744 Thus
1204 3689 1317 3753 dat,
1350 3696 1401 3744 et
1432 3690 1732 3758 interrogat

92 3782 301 3835 nomina
330 3796 519 3835 eorum
546 3781 647 3852 qui
676 3778 994 3850 baptizandi
1022 3787 1169 3845 sunt,
1202 3787 1253 3834 et
1276 3785 1397 3834 orat
1436 3794 1600 3850 super
1622 3792 1729 3832 eos.

160 3871 430 3924 Diaconus
459 3867 590 3923 dicit
620 3887 638 3922 :
670 3866 860 3923 Orate.

156 3957 410 4014 Sacerdos
439 3965 621 4013 antem
649 3956 783 4011 dicit
814 3957 1080 4012 :Domine
1113 3961 1329 4025 noster,
1364 3956 1501 4013 Jesu
1537 3954 1731 4011 Chris-

96 4048 164 4111 te,
194 4047 291 4118 qui
322 4044 621 4102 inclinasti
669 4048 726 4100 et
773 4044 1127 4101 descendisti
1179 4043 1236 4099 in
1280 4049 1529 4112 terram;
1563 4043 1733 4114 cujus

96 4135 319 4190 verbum
355 4134 574 4191 scindit
602 4137 886 4207 petras,et
905 4137 1141 4189 acutum
1171 4137 1260 4189 est
1279 4132 1594 4206 plusquam
1616 4131 1736 4205 gla-

98 4223 454 4296 dius;'cujus
509 4222 821 4296 praesentia
877 4226 1179 4279 commotas
1238 4226 1378 4278 sunt
1431 4239 1617 4294 aqum,
1678 4225 1737 4276 et

99 4317 237 4369 retro
266 4313 561 4387 fugerunt,
589 4330 733 4369 sana
760 4312 868 4368 hos
896 4310 1143 4367 famulos
1179 4316 1312 4367 tuos
1339 4310 1438 4383 qui
1486 4309 1734 4383 ingressi

100 4406 225 4456 sunt
252 4402 321 4457 ad
353 4401 681 4457 doctrinam
711 4405 896 4457 tuam.
921 4399 1173 4456 Ostende
1201 4400 1285 4456 eis
1312 4400 1463 4455 viam
1497 4417 1624 4472 quaa
1650 4399 1734 4456 eis

101 4492 370 4560 convenit,
408 4495 473 4546 ut
499 4508 601 4563 per
630 4506 759 4545 eam
789 4489 1062 4545 incedant
1099 4505 1203 4562 per
1249 4489 1498 4561 gratiam
1547 4489 1733 4545 sancti
1769 4524 1812 4589 Β

101 4577 334 4650 Spiritus
366 4578 815 4646 immaculati,et
837 4579 989 4635 dona
1009 4578 1093 4634 eis
1114 4577 1517 4635 remissionem
1536 4594 1735 4651 pecca-
1756 4574 1767 4585 ⁴

103 4669 278 4724 torum
308 4684 534 4724 eorum.
568 4667 654 4724 Da
683 4667 768 4723 eis
798 4667 1071 4741 gratiam,
1108 4670 1171 4721 ut
1202 4666 1500 4721 inveniant
1540 4666 1736 4722 mede-

103 4749 207 4810 lam
239 4760 606 4828 peccatorum
636 4773 879 4812 suorum
914 4772 1039 4828 quae
1071 4755 1473 4827 coinquinant,
1507 4760 1564 4810 et
1594 4756 1739 4810 fiant

105 4842 250 4917 digni
281 4848 485 4901 sancto
516 4844 809 4917 baptismo
840 4848 941 4900 tuo
973 4844 1129 4918 quod
1151 4849 1240 4899 est
1268 4844 1627 4916 regeneratio
1658 4843 1739 4898 in-

108 4932 507 5007 corruptibilis,
557 4938 615 4989 et
662 4934 961 4989 inveniant
1013 4932 1297 5006 Spiritum
1347 4937 1639 5001 sanctum,
1675 4937 1740 4988 ut

106 5017 320 5078 \n'deant
349 5021 815 5094 magnitudinem
848 5024 977 5095 ejus
1006 5027 1062 5078 et
1090 5021 1436 5092 claritatem,
1469 5025 1526 5077 et
1553 5021 1736 5077 virtu-

110 5109 214 5165 tem
268 5110 661 5184 intelligentiaz
719 5115 855 5179 tum,
901 5114 956 5166 et
1001 5109 1329 5184 glorificent
1380 5114 1454 5179 te,
1492 5110 1737 5166 Domine

110 5203 307 5266 noster,
326 5198 435 5254 tibi
456 5199 610 5255 enim
641 5199 909 5257 convenit
929 5198 1414 5273 gloria,Patrique
1439 5202 1539 5255 tuo
1562 5199 1735 5270 bono,

112 5287 163 5338 et
204 5284 439 5358 Spiritui
486 5292 707 5355 sancto,
745 5286 1077 5357 vivificanti,
1107 5304 1281 5357 nunc,
1314 5292 1370 5343 et
1399 5304 1650 5360 semper,
1683 5291 1740 5343 et

112 5369 164 5423 in
192 5375 396 5430 saecula
425 5374 793 5432 saeculorum.
828 5378 1031 5433 Arnen.

173 5458 433 5519 Diaconus
455 5464 590 5520 dicit
618 5484 637 5520 :
669 5464 858 5522 Orate.

174 5548 419 5607 Sacerdos
447 5561 629 5609 autem
656 5553 791 5610 dicit
820 5572 839 5609 :
873 5553 1131 5623 Domine,
1167 5554 1337 5610 Pater
1383 5553 1551 5617 bone,
1587 5559 1738 5611 Deus

115 5641 297 5698 noster
324 5643 711 5718 omnipotens,
742 5646 914 5703 Pater
953 5643 1188 5701 Domini
1238 5643 1359 5716 Dei,
1386 5648 1443 5700 et
1492 5643 1736 5701 Redem-

1836 3246 2018 3297 tatem
2052 3247 2234 3310 tuam,
2269 3259 2301 3298 ο
2332 3248 2558 3298 amator
2584 3242 2827 3299 humani
2857 3242 3216 3316 generis,pro
3247 3245 3486 3304 famulis

1838 3331 1957 3387 tuis
1989 3330 2087 3403 qui
2129 3332 2445 3398 docentur;
2479 3332 2643 3388 crudi
2694 3349 2814 3397 eos,
2848 3337 2905 3388 et
2951 3349 3156 3391 omnes
3207 3333 3489 3406 reliquias

1838 3418 2178 3475 idololatria:
2229 3419 2438 3492 elonga
2485 3425 2541 3476 et
2592 3419 2812 3494 expelle
2851 3438 2885 3476 ι
2931 3421 3207 3479 cordibus
3264 3439 3490 3479 eorum.

1841 3509 2051 3582 Legem
2085 3514 2273 3576 tuam,
2303 3510 2596 3578 timorem,
2629 3514 2689 3567 et
2717 3510 2995 3566 mandata
3024 3514 3144 3579 tua,
3171 3511 3492 3583 justitiam,

1838 3603 1896 3655 et
1923 3598 2374 3655 constitutiones
2405 3602 2536 3655 tuas
2575 3603 2813 3656 sanctas
2832 3602 2834 3605 ’
2854 3598 3370 3673 imponeeordibus
3398 3617 3492 3656 eo-

1840 3704 2006 3754 rum;
2041 3691 2098 3742 et
2130 3687 2219 3743 fac
2244 3703 2344 3743 eos
2375 3691 2541 3760 aptos
2587 3688 2658 3743 ad
2711 3689 3170 3745 conservandam
3219 3688 3493 3745 virtutem

1839 3776 1997 3832 verbi
2031 3776 2113 3831 tui
2142 3777 2294 3849 quod
2331 3777 2632 3845 docentur,
2666 3783 2729 3833 ut
2758 3777 2818 3832 in
2850 3782 3111 3851 tempore
3154 3783 3376 3835 statuto
3405 3778 3493 3834 in-

1839 3864 2078 3921 veniant
2108 3864 2466 3921 ablutionem
2497 3866 2959 3937 regenerationis
2991 3866 3051 3922 in
3083 3867 3491 3923 remissionem

1842 3957 2209 4027 peccatsrum
2251 3971 2516 4020 suorum,
2544 3959 2600 4009 et
2624 3955 2743 4010 sint
2776 3955 3059 4011 habitatio
3091 3956 3277 4015 sancti
3312 3954 3494 4028 Spiri-

1841 4045 1939 4099 tus
1969 4060 2072 4115 per
2099 4043 2349 4116 gratiam
2399 4042 2558 4098 unici
2611 4043 2740 4099 Filii
2782 4044 2890 4113 tui,
2927 4048 2991 4099 ut
3020 4044 3148 4112 tibi,
3183 4049 3241 4100 et
3272 4044 3404 4117 ipsi,
3441 4047 3499 4099 et

1844 4136 2045 4188 sancto
2100 4131 2340 4204 Spiritui
2392 4132 2469 4189 sit
2516 4131 2704 4205 gloria
2752 4138 2808 4188 et
2853 4133 3179 4206 gratiarum
3230 4132 3400 4201 actio,
3434 4131 3493 4187 in

1844 4219 2056 4278 saecula
2084 4220 2463 4299 smculorum.‘
2483 4222 2687 4276 Amen.
3002 4220 3007 4223 ’

1914 4311 2121 4381 Accipit
2156 4309 2497 4381 postmodum
2539 4310 2785 4366 sacerdos
2830 4327 2927 4365 vas
2973 4311 3081 4367 olei
3129 4311 3187 4365 in
3238 4309 3495 4365 manibus

1841 4402 1974 4467 suis,
2001 4407 2053 4455 et
2076 4407 2195 4455 orat
2223 4414 2386 4470 super
2410 4399 2586 4469 ipsum
2618 4400 2677 4454 in
2706 4400 2852 4454 hunc
2876 4397 3118 4467 modum,
3151 4397 3337 4453 dicem
3367 4415 3386 4451 :

1914 4486 2177 4554 Domine,
2211 4504 2244 4543 ο
2276 4486 2538 4553 Domine,
2573 4487 2742 4543 Pater
2770 4487 2940 4556 bone,
2961 4487 3114 4542 Deus
3147 4491 3347 4542 noster
3374 4502 3497 4542 om-

1847 4579 2136 4651 nipotens,
2170 4577 2337 4633 Pater
2366 4575 2597 4632 Domini
2627 4576 2727 4632 Dei
2758 4579 2816 4632 et
2861 4573 3264 4647 Redemptoris
3312 4574 3497 4630 nostri

1845 4668 1983 4724 Jesu
2017 4664 2421 4734 Christi,unici
2451 4664 2580 4721 Filii
2611 4665 2720 4733 tui,
2743 4664 2915 4721 Verbi
2945 4664 3229 4720 incarnati
3260 4668 3498 4737 propter

1848 4773 1956 4813 nos
1984 4761 2245 4828 tempore
2271 4753 2458 4811 Pontii
2478 4753 2645 4810 Pilati
2669 4754 2799 4826 (hoc
2819 4752 2977 4809 enim
3003 4768 3133 4809 vere
3154 4752 3494 4825 credimus),

1846 4862 2086 4903 oramus
2117 4850 2173 4901 et
2202 4861 2478 4918 rogamus
2508 4843 2825 4899 bonitatem
2859 4847 3041 4911 tuam,
3076 4860 3109 4898 ο
3139 4846 3365 4899 amator
3394 4842 3501 4899 bu-

1848 4935 2007 4991 mani
2037 4933 2302 5008 generis;
2331 4932 2496 4988 mitte
2521 4933 2795 4987 virtutem
2828 4936 2991 4989 tuam
3023 4936 3288 4988 sanctam
3321 4936 3499 5005 super

1845 5023 1956 5080 hoc
1988 5022 2205 5088 oleum,
2227 5026 2285 5078 et
2314 5023 2415 5077 ﬁat
2443 5020 2636 5077 oleum
2660 5021 2720 5076 in
2744 5022 3184 5078 inundationem
3205 5026 3262 5078 et
3287 5038 3499 5095 prepu-

1848 5111 2166 5185 gnaculum
2197 5114 2401 5167 contra
2436 5110 2634 5166 omnia
2678 5126 2810 5183 quas
2857 5110 3260 5167 adversantur.
3288 5112 3494 5166 Amen.

1849 5201 2094 5257 Omnem
2125 5198 2550 5265 inﬁdelitatem,
2581 5203 2641 5255 et
2669 5214 2841 5255 omne
2885 5200 3252 5268 veneficium,
3285 5203 3341 5254 et
3371 5216 3495 5255 om-

1850 5306 1983 5345 nem
2014 5288 2410 5351 adorationem
2442 5287 2730 5344 idolorum
2759 5292 2817 5344 et
2847 5305 3019 5345 omne
3047 5304 3195 5360 opus
3234 5286 3369 5343 mali
3406 5302 3496 5341 ιδε-

1847 5381 2197 5434 trovertatur
2226 5393 2327 5449 per
2354 5375 2628 5432 virtutem
2654 5377 2814 5433 unici
2848 5376 2977 5433 Filii
3010 5377 3095 5432 tui
3118 5377 3257 5433 Jesu
3282 5373 3496 5429 Christi

1848 5465 2077 5523 Domini
2110 5468 2167 5522 et
2196 5464 2599 5537 Redemptoris
2629 5465 2835 5533 nostri,
2870 5465 2963 5521 cui
2988 5468 3328 5529 tecum,u%a
3358 5476 3494 5516 cum

1848 5561 2049 5611 sancto
2082 5554 2323 5627 Spiritu,
2356 5554 2628 5611 convenit
2658 5554 2843 5629 gloria
2874 5558 2931 5610 et
2959 5553 3146 5609 honor
3179 5551 3234 5605 in
3282 5549 3498 5610 saecula

1849 5643 2217 5705 saeculorum.
2248 5646 2454 5703 Amen.
