3844 6200
43 315 152 374 937

951 310 1161 370 ORDO
1207 305 1580 369 BAPTISMI
1630 304 2055 367 SECUNDUM
2102 306 2539 369 AﬂTHIOPES.

3325 309 3449 373 938

44 452 134 502 tus
161 448 248 499 est
279 443 350 499 de
376 441 517 498 Filio
538 440 785 507 suo.0ui
822 440 1005 496 credit
1028 441 1084 495 in
1122 440 1335 495 Filium
1369 438 1490 505 Dci,
1515 437 1690 493 habet
1718 437 1773 505 Α
1804 435 1977 492 fuerit
1999 438 2209 503 denuo,
2238 454 2349 493 non
2373 442 2564 510 potest
2581 439 2774 494 videre
2796 455 3041 512 regnum
3064 441 3185 497 Dei.
3205 442 3357 498 Dicit
3378 443 3452 497 ad

47 532 443 591 testimonium
468 531 563 587 Dei
586 532 643 585 in
669 548 751 586 se.
775 529 880 596 Qui
906 548 1019 585 non
1048 529 1232 585 credit
1256 528 1420 593 Filio,
1445 528 1687 583 menda-

49 616 163 677 cem
186 620 319 675 facit
338 618 650 690 eum,quia
672 635 786 673 non
813 618 995 673 credit
1018 618 1075 672 in
1099 615 1688 688 testimonium-quod

48 708 384 765 testificatus
415 712 505 763 est
534 708 689 763 Deus
721 708 793 762 de
825 706 969 762 Filio
1011 723 1137 762 suo.
1162 706 1231 761 Et
1264 705 1369 760 hoc
1402 709 1490 760 est
1518 703 1690 759 testi-

50 796 319 862 monium,
337 795 613 869 quoniam
638 795 816 851 vitam
840 801 1118 852 zeternam
1139 794 1300 850 dedit
1320 794 1489 849 nobis
1511 793 1686 861 Deus,

46 892 97 942 et
121 885 236 942 haec
266 885 384 941 vita
412 885 474 941 in
506 884 647 941 Filio
680 885 808 957 ejus
840 888 948 941 est.
974 885 1081 950 Qui
1113 883 1290 940 habet
1320 882 1530 938 Filium
1563 882 1685 950 Dei,

45 975 204 1030 habet
231 974 409 1029 vitam
438 992 452 1029 :
479 973 579 1046 qui
613 990 729 1029 non
762 972 942 1029 habet
974 971 1186 1029 Filium
1219 971 1538 1043 Dei,vitam
1570 989 1685 1027 non

47 1064 225 1119 habet.
251 1064 379 1118 Haec
424 1062 617 1120 scribo
648 1062 834 1130 vobis,
860 1066 924 1117 ut
966 1061 1167 1118 sciatis
1198 1061 1476 1134 quoniam
1508 1061 1686 1116 vitam

49 1152 257 1207 habetis
287 1160 584 1219 mternam,
611 1151 712 1223 qui
744 1150 983 1207 creditis
1018 1151 1073 1205 in
1107 1150 1344 1206 nomine
1371 1148 1495 1205 Filii
1526 1149 1647 1205 Dei.

109 1240 354 1296 Sacerdos
384 1254 589 1306 autem,
624 1242 721 1313 qui
759 1239 979 1311 adjuvat
1023 1240 1353 1295 sacerdotem
1402 1238 1687 1310 baptizan-

49 1338 161 1394 tem,
193 1330 320 1398 legit
346 1346 417 1384 ea:
447 1332 593 1386 Actis
623 1330 1008 1400 apostolorum,
1040 1345 1159 1399 cap.
1194 1344 1294 1383 vm
1330 1344 1343 1381 :

110 1417 349 1491 Angelus
379 1422 576 1473 autem
607 1416 836 1472 Domini
869 1416 1098 1472 locutus
1121 1421 1208 1472 est
1229 1416 1300 1471 ad
1326 1414 1683 1488 Philippum,

49 1508 266 1563 dicens:
301 1508 509 1579 Surge,
543 1511 599 1561 et
628 1506 773 1561 vade
819 1511 1019 1561 contra
1069 1505 1372 1561 meridiem
1405 1505 1477 1560 ad
1509 1505 1683 1573 viam,

48 1613 161 1668 qua:
207 1596 508 1651 descendit
565 1595 637 1651 ab
696 1593 1022 1651 Jerusalem
1054 1594 1115 1651 in
1148 1595 1383 1660 Gazam,
1418 1593 1539 1648 haec
1597 1597 1687 1649 est

49 1685 276 1740 deserta.
313 1685 379 1740 Et
434 1700 683 1756 surgens
715 1684 878 1752 abiit,
911 1687 969 1739 et
995 1700 1125 1739 ecce
1154 1683 1242 1738 vir
1288 1682 1553 1754 IEthiops
1583 1699 1682 1738 cu-

1798 542 1931 581 euln
1956 526 2310 583 Nicodemus
2339 544 2349 582 :
2376 514 2676 593 Quomodo
2710 534 2899 601 potest
2930 529 3103 586 homo
3135 532 3295 586 nasci
3317 549 3451 587 cum

1798 616 1877 671 sit
1907 632 2104 671 senex.
2129 616 2405 689 Nunquid
2438 621 2631 690 potest
2661 618 2720 672 in
2745 623 2941 673 ventre
2971 619 3176 674 matris
3207 638 3326 675 sum
3359 621 3458 675 ite-

1799 710 1924 760 rato
1956 705 2219 772 introire,
2245 711 2299 761 et
2345 706 2615 762 renasci?
2657 707 2981 779 Respondit
3018 706 3456 775 Jesus:Amen,

1796 811 1967 850 amen
2000 795 2128 850 dico
2161 794 2286 863 tibi,
2317 795 2430 851 nisi
2464 796 2596 868 quis
2643 802 2880 852 renatus
2924 796 3099 852 fuerit
3123 813 3191 852 ex
3224 812 3377 869 aqua
3403 801 3462 851 et

1798 883 2021 955 Spiritu
2054 888 2278 951 saneto,
2314 902 2429 940 non
2461 890 2651 958 potest
2693 885 2932 941 introire
2963 886 3021 940 in
3056 901 3301 958 regnum
3332 883 3454 942 Dei.

1799 973 1961 1038 Quod
1990 978 2194 1029 natum
2218 977 2307 1029 est
2336 991 2401 1029 ex
2427 991 2622 1041 carne,
2642 992 2775 1030 caro
2806 980 2922 1043 est;
2956 980 3013 1031 et
3042 976 3197 1048 quod
3248 979 3454 1033 natum

1797 1066 1887 1118 est
1915 1078 1984 1117 ex
2014 1061 2247 1135 spiritu,
2279 1062 2524 1135 spiritus
2566 1067 2676 1119 est.
2708 1063 2829 1119 Non
2884 1062 3116 1119 mireris
3146 1063 3286 1137 quia
3334 1060 3453 1119 dixi

1797 1150 1924 1218 tibi,
1951 1155 2178 1222 oportet
2206 1168 2307 1207 vos
2340 1152 2499 1207 nasci
2532 1152 2744 1208 denuo.
2771 1152 3026 1226 Spiritus
3058 1152 3156 1207 ubi
3178 1151 3301 1208 vult
3331 1151 3453 1225 spi-

1797 1243 1905 1306 rat,
1929 1244 1986 1295 et
2006 1256 2205 1295 vocem
2237 1241 2366 1311 ejus
2388 1240 2580 1313 audis,
2599 1242 2700 1297 sed
2727 1241 2916 1297 nescis
2938 1241 3094 1297 unde
3112 1241 3324 1297 veniat.
3350 1243 3454 1296 aut

1796 1344 1912 1400 quo
1942 1329 2137 1383 vadat.
2165 1328 2259 1384 Sic
2309 1333 2399 1385 est
2438 1329 2651 1396 omnis,
2671 1329 2770 1402 qui
2802 1335 2975 1385 natus
3006 1334 3093 1384 est
3121 1346 3189 1385 ex
3218 1328 3450 1402 spiritu.

1796 1416 2121 1489 Respondit
2154 1418 2589 1483 Nicodemus,et
2611 1419 2753 1473 dixit
2773 1420 2822 1474 ei
2842 1419 3171 1485 :Quomodo
3203 1420 3452 1491 possunt

1796 1505 1915 1560 haec
1948 1506 2112 1560 fieri?
2135 1505 2454 1579 Respondit
2492 1508 2687 1578 Jesus,
2705 1511 2761 1563 et
2783 1507 2928 1563 dixit
2948 1508 2996 1563 ei
3028 1524 3042 1563 :
3074 1508 3157 1563 Tu
3208 1524 3271 1563 es
3325 1523 3451 1562 ma-

1794 1594 1974 1668 gister
2002 1594 2060 1649 in
2094 1594 2268 1650 Israel
2303 1600 2358 1651 et
2398 1595 2519 1650 haec
2568 1595 2844 1669 ignoras?
2871 1598 3078 1666 Amen,
3101 1613 3272 1652 amen
3319 1595 3451 1651 dico

1793 1683 1920 1749 tibi,
1947 1683 2086 1756 quia
2109 1684 2263 1756 quod
2298 1684 2521 1741 scimus
2550 1684 2873 1757 loquimur,
2897 1690 2954 1741 et
2983 1685 3138 1759 quod
3170 1685 3450 1754 vidimus,

50 1772 275 1840 nuchus,
328 1777 561 1846 potens,
595 1771 880 1828 Candacis
927 1772 1140 1845 regina:
1192 1771 1549 1844 )Ethiopum,
1582 1771 1682 1843 qui
1715 1807 1763 1871 Β
1792 1777 2098 1843 testamur,
2124 1777 2180 1828 et
2211 1773 2615 1829 testimonium
2645 1779 2913 1830 nostrum
2942 1768 3368 1847 non'accipitis.
3390 1771 3452 1830 Si

48 1865 153 1917 erat
181 1879 353 1935 super
404 1878 610 1918 omnes
660 1878 835 1935 gazas
884 1862 1034 1933 ejus,
1069 1865 1304 1917 venerat
1350 1861 1595 1916 adorare
1627 1859 1684 1915 in

47 1949 372 2017 Jerusalem,
409 1955 472 2006 et
515 1950 910 2006 revertebatur
959 1950 1169 2005 sedens
1221 1967 1400 2021 super
1450 1965 1689 2003 currum

54 2055 230 2108 suum,
260 2038 582 2113 legensque
625 2038 836 2095 Isaiam
888 2039 1255 2112 pr0phetam.
1290 2038 1446 2093 Dixit
1492 2042 1688 2093 autem

51 2127 280 2207 Spiritus
302 2127 572 2201 Philippo
599 2145 612 2183 :
638 2127 882 2198 Accede,
906 2132 963 2183 et
982 2128 1238 2200 adjunge
1270 2131 1325 2183 te
1354 2127 1424 2182 ad
1450 2142 1689 2181 currum

61 2217 240 2272 istum.
262 2218 590 2273 Accurrens
620 2222 816 2272 autem
852 2216 1177 2288 Philippus,
1200 2215 1421 2272 audivit
1449 2231 1583 2270 eum
1618 2215 1693 2271 le-

51 2311 259 2376 gentem
285 2305 499 2361 lsaiam
523 2306 889 2378 prophetam,
916 2310 974 2361 et
1002 2305 1148 2361 dixit
1173 2321 1184 2360 :
1211 2306 1485 2371 Putasne,
1519 2303 1686 2359 intel-

52 2392 168 2466 ligis
187 2411 308 2466 quae
331 2393 518 2467 legis?
540 2395 646 2460 Qui
667 2393 777 2450 ait:
807 2395 877 2449 Et
900 2394 1195 2467 quomodo
1219 2410 1484 2466 possum,
1500 2392 1548 2448 si
1575 2410 1688 2447 non

53 2482 241 2554 aliquis
270 2484 593 2539 ostenderit
638 2483 827 2538 mihi?
868 2483 1209 2555 rogavitque
1260 2481 1594 2554 Philippum
1626 2482 1692 2535 ut

57 2572 367 2628 ascenderet
388 2578 445 2627 et
479 2572 704 2627 sederet
728 2588 950 2627 secum.
977 2573 1163 2627 Locus
1194 2575 1391 2626 autem
1425 2570 1688 2641 Scriptu-

57 2676 136 2725 rae,
151 2676 317 2731 quam
350 2659 602 2733 legebat,
627 2664 757 2716 erat
778 2659 908 2717 hic:
944 2661 1251 2732 Tanquam
1279 2658 1401 2714 ovis
1432 2660 1504 2714 ad
1538 2659 1686 2714 occi-

56 2747 254 2804 sionem
285 2749 502 2805 ductus
532 2752 641 2816 est,
663 2752 721 2804 et
761 2748 914 2804 sicut
944 2766 1131 2823 agnus
1162 2765 1359 2804 coram
1410 2748 1689 2804 tondente

56 2852 106 2891 se
128 2836 241 2893 sine
263 2854 417 2905 voce,
443 2838 531 2893 sic
553 2855 666 2894 non
690 2838 920 2910 aperuit
941 2855 1006 2894 os
1038 2855 1235 2893 suum.
1264 2837 1323 2892 In
1348 2836 1688 2892 humilitate

52 2925 313 2995 judicium
334 2928 465 2999 ejus
489 2926 788 2983 sublatum
811 2931 918 2984 est.
937 2926 1381 2982 Generationem
1402 2927 1529 2997 ejus
1556 2925 1688 2997 quis

58 3015 323 3070 cnarrabit
342 3016 369 3070 ?
398 3015 681 3088 quoniam
712 3015 949 3072 tolletur
977 3017 1047 3070 de
1078 3020 1232 3070 terra
1260 3014 1376 3070 vita
1406 3016 1554 3087 ejus.
1580 3013 1687 3069 Re-

56 3103 321 3172 spondens
354 3109 555 3160 autem
583 3104 892 3160 eunuchus
917 3103 1204 3175 Philippo,
1231 3102 1376 3158 dixit
1399 3119 1411 3157 :
1439 3103 1688 3157 Obsecro

1798 1864 2029 1916 terrena
2073 1861 2191 1916 dixi
2248 1862 2433 1927 vobis,
2467 1867 2525 1918 et
2584 1879 2698 1918 non
2758 1864 3016 1931 creditis,
3049 1862 3342 1937 quomodo
3400 1862 3451 1919 si

1799 1948 1994 2005 dixero
2024 1949 2188 2005 vobis
2219 1950 2473 2006 ecelestia
2504 1950 2791 2006 credetis?
2810 1956 2867 2007 et
2897 1967 3067 2007 nemo
3096 1950 3361 2007 ascendit
3387 1950 3448 2007 in

1799 2038 2027 2105 caelum,
2056 2038 2167 2094 nisi
2200 2040 2300 2111 qui
2341 2040 2641 2096 descendit
2670 2041 2739 2096 de
2771 2040 2934 2106 cmlo,
2968 2039 3126 2096 filius
3165 2039 3444 2109 hominis,

1799 2126 1899 2199 qui
1930 2130 2019 2183 est
2046 2125 2106 2182 in
2130 2126 2290 2184 ccelo.
2310 2129 2379 2183 Et
2399 2128 2550 2184 sicut
2573 2129 2799 2202 Moyses
2823 2127 3097 2185 exaltavit
3114 2134 3444 2201 serpentem

1798 2215 1856 2271 in
1888 2216 2137 2283 deserto,
2172 2217 2252 2272 ita
2282 2216 2520 2272 exaltari
2562 2222 2790 2290 oportet
2834 2217 3020 2273 tilium
3071 2217 3347 2284 hominis,
3379 2221 3447 2273 ut

1798 2304 1991 2360 omnis
2021 2305 2120 2377 qui
2152 2306 2335 2361 credit
2380 2306 2438 2360 in
2488 2306 2615 2378 ipsa
2666 2324 2781 2362 non
2832 2311 3049 2380 pereat,
3084 2306 3184 2362 sed
3232 2305 3447 2363 habeat

1796 2394 1976 2449 vitam
2007 2399 2305 2450 (sternam.
2327 2395 2422 2449 Sic
2452 2396 2606 2449 enim
2636 2396 2791 2452 Deus
2823 2395 3016 2450 dilexit
3051 2395 3359 2462 mundum,
3382 2399 3449 2449 ut

1745 2507 1749 2512 ’
1798 2482 2008 2539 Filium
2036 2500 2210 2538 suum
2235 2484 2602 2555 unigenitum
2626 2486 2809 2551 daret,
2830 2489 2893 2540 ut
2921 2485 3113 2540 omnis
3135 2483 3234 2556 qui
3266 2482 3451 2539 credit

1797 2570 1855 2626 in
1879 2589 2037 2639 eum,
2062 2590 2175 2628 non
2200 2577 2418 2645 pereat,
2445 2574 2546 2629 sed
2572 2573 2783 2629 habeat
2805 2573 2980 2629 vitam
3005 2579 3303 2629 aeternam.
3322 2573 3465 2629 Non

1798 2660 1953 2716 enim
1978 2661 2142 2717 misit
2162 2666 2313 2717 Deus
2338 2661 2546 2717 Filium
2568 2679 2741 2717 suum
2767 2663 2823 2717 in
2844 2662 3131 2717 mundum
3148 2660 3451 2734 utjudicet

1799 2749 2111 2821 mundum,
2135 2750 2235 2805 sed
2272 2755 2335 2805 ut
2363 2751 2621 2807 salvetur
2668 2752 2927 2807 mundus
2959 2768 3061 2824 per
3089 2750 3305 2823 ipsum.
3339 2750 3447 2816 Qui

1797 2840 1981 2894 credit
2014 2838 2071 2892 in
2105 2856 2261 2906 eum,
2286 2857 2399 2896 ncn
2441 2840 2774 2911 judicatur;
2808 2840 2908 2911 qui
2947 2844 3144 2899 autem
3175 2854 3290 2895 non
3322 2852 3445 2895 cre-

1798 2927 2367 2999 dit,jamjudicatus
2390 2932 2498 2995 est,
2522 2929 2664 3000 quia
2695 2945 2809 2983 non
2842 2927 3089 2984 credidit
3119 2928 3177 2983 in
3210 2928 3446 2984 nomine

1797 3015 2085 3088 unigeniti
2118 3016 2242 3071 Filii
2277 3016 2399 3072 Dei.
2434 3017 2550 3072 Hoc
2593 3021 2681 3072 est
2733 3021 2926 3072 autem
2969 3016 3280 3087 judicium,
3307 3016 3447 3089 quia

1796 3103 1895 3159 lux
1925 3104 2079 3159 venit
2109 3103 2165 3158 in
2197 3106 2508 3172 mundum,
2532 3110 2587 3161 et
2614 3103 2939 3160 dilexerunt
2968 3104 3237 3160 homines
3257 3103 3445 3176 magis

54 3194 118 3257 te,
139 3192 202 3246 de
234 3209 343 3265 quo
397 3192 685 3266 propheta
735 3193 876 3248 dicit
923 3174 1181 3248 hoc‘lde
1213 3208 1294 3257 se,
1328 3208 1401 3245 an
1450 3191 1520 3247 de
1573 3190 1687 3246 alio
1718 3174 1760 3239 ί)
1799 3193 2091 3262 tenebras,
2136 3210 2313 3265 quam
2364 3193 2575 3248 lucem.
2609 3193 2788 3249 Erant
2834 3194 2990 3250 enim
3040 3209 3240 3248 eorum
3291 3174 3447 3248 mala

56 3277 268 3352 aliqua?
296 3281 581 3354 Aperiens
608 3285 803 3337 autem
832 3280 1138 3354 Philippus
1159 3297 1224 3336 os
1246 3296 1448 3348 suum,
1473 3284 1524 3335 et
1554 3280 1695 3334 inci-

60 3368 203 3438 piens
236 3387 266 3425 a
295 3370 602 3443 Scriptura
633 3371 770 3437 ista,
803 3369 1218 3443 evangelizavit
1247 3369 1331 3424 illi
1364 3369 1589 3425 Jesum.
1623 3369 1693 3423 Et

62 3456 179 3512 dum
210 3459 352 3514 irent
381 3476 492 3532 per
510 3459 686 3525 viam,
708 3463 995 3515 venerunt
1018 3459 1087 3513 ad
1113 3457 1429 3530 quamdam
1453 3474 1687 3530 aquam,

66 3550 112 3599 et
163 3546 236 3601 ait
289 3548 600 3604 eunuchus
633 3565 647 3603 :
680 3548 825 3603 Ecce
878 3565 1049 3620 aqua,
1085 3547 1222 3620 quid
1284 3546 1551 3619 prohibet
1598 3563 1693 3602 me

64 3633 350 3706 baptizari?
381 3636 527 3693 dixit
558 3642 753 3693 autem
805 3636 1109 3710 Philippus
1135 3653 1148 3691 :
1174 3636 1230 3691 Si
1255 3636 1443 3691 credis
1471 3652 1539 3691 ex
1570 3640 1689 3691 toto

62 3724 227 3791 corde,
254 3723 404 3782 licet.
428 3728 503 3782 Et
552 3727 935 3798 respondens,
961 3725 1040 3779 ait
1072 3740 1084 3780 :
1118 3725 1298 3780 Credo
1349 3724 1557 3780 Filium
1589 3723 1690 3779 Dei

63 3827 171 3867 esse
212 3815 410 3871 Jesum
443 3815 765 3872 Christum.
799 3816 868 3871 Et
911 3814 1094 3886 jussit
1140 3818 1293 3869 stare
1340 3830 1601 3881 currum,
1634 3817 1691 3868 et

63 3900 464 3960 descenderunt
497 3911 743 3977 uterque
774 3904 834 3959 in
863 3920 1077 3976 aquam
1110 3902 1410 3975 Pnilippus
1431 3907 1489 3958 et
1508 3919 1690 3957 eunu-

63 3986 269 4058 chus,et
296 3993 613 4065 baptizavit
633 4010 789 4049 eum.
805 3998 951 4049 Cum
975 3995 1168 4047 autem
1194 3991 1599 4047 ascendissent
1617 3991 1687 4046 de

60 4082 472 4153 aqua,Spiritus
496 4082 728 4138 Domini
753 4080 949 4154 rapuit
973 4079 1327 4153 Philippum,
1351 4084 1409 4135 et
1428 4078 1686 4153 amplius

56 4181 150 4222 non
170 4169 306 4225 vidit
328 4187 464 4226 eum
492 4170 832 4239 eunuchus;
861 4169 982 4225 ibat
998 4173 1193 4225 autem
1217 4185 1319 4241 per
1338 4169 1491 4224 viam
1516 4184 1684 4224 suam

61 4257 313 4325 gaudens.

122 4345 236 4400 Tum
262 4348 538 4412 sacerdos,
570 4349 669 4419 qui
699 4347 960 4418 baptizat,
992 4346 1129 4401 dicit
1156 4364 1174 4400 :

122 4432 372 4505 Sanctus,
397 4440 661 4504 sanctus,
684 4439 926 4491 sanctus
945 4434 1250 4500 Dominus,
1266 4434 1420 4489 Deus
1442 4434 1607 4490 fortis
1628 4438 1685 4490 et

1801 3298 1995 3353 opera.
2021 3281 2224 3339 Omnis
2255 3283 2410 3337 enim
2440 3282 2536 3354 qui
2566 3281 2719 3337 male
2740 3281 2860 3355 agit
2880 3280 3002 3337 odit
3027 3280 3309 3347 lucem,et
3330 3298 3449 3337 non

1798 3370 1958 3426 venit
1987 3371 2059 3425 ad
2103 3369 2313 3439 lucem,
2349 3375 2415 3426 ut
2439 3388 2553 3426 non
2586 3375 2909 3444 arguantur
2939 3386 3114 3443 Opera
3160 3372 3307 3443 ejus.
3339 3368 3447 3435 Qui

1801 3464 1996 3516 autem
2031 3458 2165 3515 facit
2195 3460 2520 3530 veritatem,
2554 3460 2707 3516 venit
2745 3459 2817 3515 ad
2860 3459 3073 3525 lucem,
3106 3463 3172 3515 ut
3202 3459 3449 3515 manife-

1800 3552 2032 3603 stentur
2061 3563 2236 3619 opera
2264 3549 2413 3618 ejus,
2449 3547 2586 3620 quia
2618 3547 2677 3602 in
2708 3548 2824 3603 Deo
2856 3552 2995 3604 sunt
3025 3548 3198 3604 facta.

1870 3638 2060 3693 Postea
2088 3635 2225 3693 dicit
2266 3637 2564 3692 orationem
2590 3652 2690 3709 pro
2722 3638 2980 3709 inﬁrmis,
3008 3652 3135 3710 qua:
3179 3638 3448 3709 sequitur,

1794 3726 2057 3799 populum
2082 3726 2242 3797 prius
2270 3726 2564 3781 exhortans
2595 3725 2665 3780 ad
2692 3726 2962 3781 orandum
2990 3727 3089 3781 hoc
3114 3724 3269 3781 modo
3297 3744 3316 3781 :

1872 3814 2166 3887 Rogemus
2213 3812 2670 3885 omnipotentem
2702 3814 2909 3882 Deum,
2936 3816 3162 3870 Patrem
3193 3814 3447 3881 Domini,

1801 3903 1895 3960 Dei
1927 3907 1983 3958 et
2013 3902 2333 3959 Servatoris
2376 3902 2559 3958 nostri
2600 3903 2737 3959 Jesu
2783 3902 2995 3959 Christi
3044 3920 3148 3975 pro
3194 3902 3466 3958 infirmis

1796 3992 2077 4048 fratribus
2109 3991 2344 4060 nostris,
2375 3996 2440 4048 ut
2465 4008 2701 4048 omnem
2728 3991 3094 4065 languorem,
3125 3996 3181 4048 et
3212 4007 3445 4048 omnem

1795 4080 2169 4137 afﬂictionem
2201 4082 2274 4136 ab
2306 4080 2390 4137 eis
2421 4080 2692 4154 expellat.
2725 4086 2782 4138 et
2830 4081 3074 4154 expulso
3102 4082 3324 4154 Spiritu
3358 4081 3445 4136 in-

1795 4168 2091 4225 ﬁrmitatis
2127 4168 2438 4225 sanitatem
2471 4170 2556 4226 eis
2585 4169 2710 4241 ipse
2740 4170 2857 4238 det,
2895 4170 2954 4225 in
2987 4186 3104 4242 quo
3136 4173 3223 4225 est
3253 4169 3448 4225 omnis

1795 4257 2029 4314 medela;
2059 4261 2338 4330 potestas,
2373 4258 2653 4314 Dominus
2686 4258 2839 4315 Deus
2870 4262 3087 4314 noster.

1861 4349 2131 4403 Diaconus
2159 4346 2291 4402 dicit
2321 4364 2340 4401 :
2373 4346 2544 4402 Orate
2577 4363 2680 4418 pro
2710 4345 2982 4402 infirmis.

1860 4436 2119 4491 Sacerdos
2148 4442 2329 4490 autem
2355 4434 2490 4490 dicit
2513 4454 2531 4490 :
2554 4435 2818 4503 Domine,
2843 4436 2999 4491 Deus
3028 4437 3225 4489 noster
3253 4432 3448 4489 omni-

70 4518 405 4593 immortalis,
432 4524 707 4580 miserere
735 4523 941 4589 nostri,
964 4522 1226 4579 Domine.
1252 4522 1406 4578 Beati
1432 4539 1680 4594 quorum
1711 4539 1762 4610 Β
1791 4528 2018 4598 potens,
2040 4539 2318 4596 rogamus
2350 4530 2399 4577 le
2422 4528 2478 4580 et
2504 4538 2864 4596 quaesumus,
2889 4521 3140 4578 infirmis
3165 4521 3446 4576 fratribus

68 4611 291 4667 remissae
313 4618 452 4669 sunt
476 4613 841 4686 iniquitates,
857 4617 913 4668 et
933 4629 1183 4683 quorum
1207 4615 1358 4667 tecta
1384 4616 1521 4667 sunt
1551 4628 1682 4685 pec-

68 4702 191 4753 cata.
214 4701 416 4759 Beatus
456 4702 562 4772 vir,
588 4703 677 4758 cui
710 4720 826 4757 non
860 4701 1170 4774 imputavit
1220 4700 1501 4757 Dominus
1548 4717 1684 4774 pec-

68 4790 256 4844 catum.
274 4792 540 4847 Accedite
561 4791 632 4847 ad
662 4807 797 4846 eum
824 4796 880 4846 et
908 4788 1270 4846 illuminabit
1290 4793 1480 4854 vos,et
1510 4790 1688 4846 facies

70 4880 245 4933 vestra:
274 4878 870 4935 non'confundentur.
897 4884 1015 4936 Iste
1056 4895 1278 4951 pauper
1308 4876 1600 4948 clamavit,
1634 4883 1690 4934 et

74 4958 327 5022 Dominus
357 4968 648 5024 exaudivit
677 4984 833 5025 eum.

129 5052 315 5110 Deinde
344 5058 474 5126 legit
501 5073 571 5114 ea:
603 5058 896 5128 Evangelia
922 5057 1171 5123 Joannis,
1203 5071 1322 5127 cap.
1357 5072 1440 5110 ιιι.

133 5138 255 5197 Erat
283 5150 474 5201 autem
520 5145 797 5201 homo‘ex
824 5143 1152 5210 Pbarisaais,
1186 5143 1538 5200 Nicodemus
1586 5160 1695 5198 no-

76 5226 233 5296 mine,
281 5232 546 5307 princeps
603 5234 962 5290 Judteorum.
1006 5233 1109 5289 Hic
1166 5232 1325 5287 venit
1373 5234 1445 5287 ad
1492 5233 1695 5288 Jesum

80 5321 245 5386 nocte,
269 5325 323 5376 et
343 5321 485 5377 dixit
509 5322 561 5378 ei
588 5339 601 5377 :
630 5321 837 5389 Rabbi,
860 5322 1084 5378 scimus
1109 5321 1249 5393 quia
1281 5338 1314 5376 a
1344 5320 1458 5377 Deo
1489 5322 1698 5377 venisti
1745 5354 1748 5357 η

79 5405 358 5477 magister;
382 5427 552 5466 nemo
583 5410 739 5466 enim
772 5415 962 5483 potest
992 5410 1112 5466 haec
1146 5409 1315 5482 signa
1344 5410 1551 5477 facere,
1573 5426 1699 5482 quae

81 5492 134 5544 tu
164 5492 316 5565 facis,
342 5499 453 5555 nisi
482 5501 654 5556 fuerit
688 5504 835 5556 Deus
878 5517 1012 5555 cum
1042 5516 1130 5554 eo.
1157 5499 1478 5571 Respondit
1505 5496 1698 5569 Jesus,

1793 4613 2103 4670 sanitatem
2143 4612 2317 4673 dona,
2340 4610 2624 4684 Spiritum
2657 4610 3016 4666 infirmitatis
3043 4609 3191 4677 dele,
3213 4625 3448 4665 omnem

1796 4700 2225 4776 aegritudinem,
2249 4704 2306 4756 et
2333 4717 2569 4756 omnem
2603 4699 2936 4772 passionem
2961 4699 3032 4754 ab
3054 4698 3139 4754 eis
3170 4697 3446 4754 transfer.

1798 4790 1920 4846 Cito
1950 4789 2208 4845 inveniat
2240 4804 2352 4844 nos
2375 4787 2781 4844 misericordia
2810 4792 2931 4854 tua,
2964 4804 2997 4843 ο
3030 4786 3296 4843 Domine.

1868 4880 2140 4935 Diaconus
2166 4876 2303 4932 dicit
2327 4876 2398 4931 ad
2434 4877 2715 4948 populum.
2742 4874 2965 4930 Medela
3004 4874 3235 4941 anima,
3270 4875 3453 4930 medi-

1800 4971 1961 5023 cator
1980 4964 2260 5037 corporis,
2276 4969 2339 5019 tu
2363 4981 2425 5019 cs
2446 4947 2712 5019 visitator
2727 4962 2920 5019 omnis
2938 4963 3132 5020 carnis
3153 4968 3455 5030 eteorum,

1801 5056 1957 5128 quia
1974 5053 2280 5126 spiritibus
2301 5051 2626 5107 immundis
2643 5056 3010 5123 torquentur,
3026 5051 3211 5108 libera
3223 5068 3459 5110 omnem

1805 5143 2063 5200 animam
2114 5141 2389 5218 altlictam
2421 5144 2477 5194 et
2517 5142 2983 5213 Oppressam,da
3038 5147 3096 5198 et
3154 5141 3459 5199 reiaxatio-

1808 5248 1965 5302 nem,
1989 5230 2067 5284 da-
2092 5228 2369 5300 quietem.
2395 5228 2641 5284 Omnem
2685 5228 3111 5300 infirmitatem,
3139 5236 3196 5287 et
3225 5245 3461 5287 omnem

1812 5319 2145 5393 passionem
2180 5334 2214 5372 a
2244 5315 2412 5373 nobis
2449 5317 2791 5383 extermina,
2825 5322 2878 5374 et
2911 5335 2945 5375 a
2975 5320 3153 5376 domo
3177 5319 3308 5386 hac,
3334 5333 3461 5389 quis

1810 5410 2037 5464 invocat
2057 5409 2327 5461 sanetum
2349 5409 2406 5461 et
2428 5405 2799 5463 benedictum
2825 5423 3041 5464 nomen
3062 5411 3251 5475 tuum,
3272 5408 3328 5461 et
3347 5404 3466 5460 sin-

1809 5497 2081 5571 gularum
2112 5493 2445 5549 animarum
2490 5499 2825 5552 nostrarum
2867 5494 3463 5560 infirmitate-sanata;

84 5582 132 5633 et
153 5581 281 5639 dixit
301 5587 349 5641 ei
374 5605 387 5643 :
409 5589 610 5657 Amen,
637 5604 810 5644 amen
851 5587 979 5644 dico
1002 5587 1127 5656 tibi,
1152 5586 1265 5643 nisi
1300 5587 1433 5663 quis
1466 5593 1703 5646 renatus
1812 5586 2126 5663 perfectam
2175 5581 2427 5642 salutem
2458 5581 2689 5665 largita,
2724 5600 2829 5660 per
2860 5582 3226 5657 unigenitum
3257 5577 3468 5640 Filium

381 5714 640 5779 PATROL.
686 5714 1059 5780 CXXXVIII.

3068 5704 3148 5773 30
