3844 6200
392 332 509 391 939

390 556 649 625 potestas
680 570 855 619 nunc,
889 557 945 609 et
971 570 1219 626 semper,
1253 558 1310 610 et
1335 554 1393 609 in
1426 555 1637 610 saecula
1668 554 2034 610 saeculorum.

390 642 596 698 Amen.

464 731 594 786 Tum
621 731 867 787 sacerdos
915 732 1165 788 hortatur
1198 735 1461 806 populum
1492 742 1550 788 ut
1581 742 1694 789 oret
1740 748 1836 806 pro
1885 749 2038 805 pcre-

389 822 744 891 grinantibus
773 829 825 878 et
849 830 1036 894 postea
1067 830 1203 878 orat.

464 908 763 982 Rogamus
794 909 968 965 etiam
992 910 1448 983 omnipotentem
1471 912 1654 967 Deum
1676 912 1904 967 Patrem
1929 911 2039 965 Do-

394 998 539 1054 mini
568 1003 625 1055 et
650 998 1055 1072 Redemptoris
1090 999 1271 1055 nostri
1297 1000 1434 1056 Jesu
1459 1000 1672 1055 Christi
1706 1018 1809 1073 pro
1844 999 2043 1055 fratri-

392 1088 502 1143 bus
533 1088 750 1144 nostris
780 1087 880 1160 qui
928 1105 1166 1162 peregre
1217 1090 1457 1161 profecti
1509 1094 1666 1157 sunt,
1700 1094 1755 1144 et
1805 1107 1907 1162 pro
1956 1089 2042 1144 eis

394 1193 541 1249 quos
571 1176 832 1232 futurum
864 1183 953 1232 est
984 1182 1047 1233 ut
1078 1178 1538 1251 peregrinentur,
1568 1178 1687 1234 sive
1718 1196 1821 1250 per
1859 1195 2040 1248 mare,

393 1266 513 1321 sive
542 1283 646 1338 per
666 1266 929 1332 ﬂumina,
953 1267 1071 1322 sive
1102 1284 1203 1338 per
1232 1266 1413 1332 lacus,
1438 1284 1538 1322 seu
1573 1284 1921 1339 quacunque
1952 1266 2044 1321 via

394 1355 921 1428 peregrinationem
954 1354 1190 1421 faciant,
1214 1360 1279 1410 ut
1322 1372 1527 1411 omnes
1561 1355 1774 1428 dirigat
1806 1356 1873 1410 ad
1911 1373 2044 1429 por-

396 1449 519 1500 tum
550 1443 890 1514 salutarem,
925 1443 1023 1515 qui
1057 1444 1256 1499 omnia
1285 1444 1541 1500 continet
1574 1445 1858 1500 Dominus
1890 1446 2042 1500 Deus

395 1537 613 1589 noster.

465 1623 744 1678 Diaconus
773 1622 909 1676 dicit
940 1641 958 1677 :
990 1622 1158 1678 Orate
1191 1639 1294 1694 pro
1324 1623 1395 1678 iis
1431 1623 1529 1695 qui
1574 1624 2040 1695 peregrinantur.

462 1711 720 1768 Sacerdos
751 1720 931 1767 autem
979 1712 1159 1768 dicit:
1199 1711 1435 1767 Domine
1486 1713 1639 1767 Deus
1693 1717 1907 1780 noster,
1942 1712 2041 1785 qui

1170 333 1504 394 APPEND.
1552 336 1655 396 AD
1704 334 1893 397 snac.
1940 334 2015 395 x.
2057 369 2123 377 —
2156 310 2661 399 MONUMENTA
2709 337 3024 401 mune.
3657 346 3731 405 θευ

392 466 582 528 tuum,
609 479 742 519 cum
776 480 891 536 quo
924 462 1028 520 tibi
1057 468 1114 520 et
1143 468 1344 521 sancto
1375 464 1617 538 Spiritui
1648 469 1738 521 est
1766 465 1951 539 gloria
1982 469 2039 521 et
2067 468 2120 535 Α
2220 468 2493 523 Diaconus
2525 469 2658 525 dicit
2689 488 2707 525 :
2739 469 3014 527 Dicamus
3046 489 3252 528 omnes
3285 489 3395 528 nos
3427 490 3440 528 :

2221 556 2306 611 Ob
2336 573 2652 628 pauperem
2693 558 2974 631 populum
3007 565 3199 629 tuum,
3230 579 3265 617 ο
3298 561 3554 627 Domine,
3577 567 3622 618 et
3645 581 3732 635 pru-

2150 649 2276 716 pter
2296 661 2523 713 omnes,
2541 646 2639 718 qui
2665 646 2933 704 invocant
2954 654 3229 705 sanctum
3259 667 3471 706 nomen
3492 657 3652 718 tuum,
3669 669 3735 724 per

2150 734 2391 789 unicum
2416 734 2626 790 Filium
2650 740 2834 803 tuum,
2851 754 2985 793 cum
3008 755 3126 810 quo
3151 738 3254 794 tibi
3273 744 3330 795 et
3352 744 3543 796 sancto
3558 738 3732 812 Spiritui

2151 827 2238 877 est
2267 822 2473 895 gloria,
2499 829 2555 879 et
2583 829 2840 898 potestas
2864 844 3019 883 nunc
3050 832 3109 883 et
3142 845 3400 901 semper,
3426 834 3481 885 et
3508 829 3559 884 in
3586 829 3736 884 secula

2152 910 2519 967 saeculorum.
2556 914 2759 968 Amen.

2223 1002 2327 1056 Pro
2375 1004 2533 1074 aquis
2579 1003 2925 1072 ﬂuvialibus,
2956 1006 3210 1062 sacerdos
3241 1024 3260 1061 :
3295 1006 3572 1078 Rogemus
3610 1005 3732 1060 etiam

2153 1089 2608 1161 omnipotentem
2628 1090 2813 1147 Deum
2834 1094 3059 1149 Patrem
3080 1094 3317 1150 Domini
3339 1101 3394 1150 et
3412 1094 3733 1166 Redemptoris

2152 1179 2336 1234 nostri
2359 1179 2499 1235 Jesu
2523 1179 2733 1236 Christi
2757 1198 2861 1252 pro
2887 1181 3059 1254 aquis
3085 1183 3444 1249 ﬂuvialibus,
3470 1188 3734 1238 utcrescant

2154 1268 2226 1322 ad
2261 1285 2597 1324 mensuram
2631 1287 2824 1338 suam,
2850 1276 2906 1325 et
2927 1271 3160 1327 divitias
3180 1272 3387 1344 gratim
3408 1271 3653 1345 largiatur
3667 1272 3736 1327 Do-

2156 1356 2353 1411 minus
2391 1357 2545 1412 Deus
2578 1363 2795 1414 noster.

2226 1448 2508 1502 Diaco-nus
2538 1448 2673 1503 dicit
2704 1468 2722 1502 :
2754 1447 2923 1504 Orate
2953 1466 3056 1521 pro
3088 1449 3261 1523 aquis
3297 1449 3609 1507 ﬂuentibus.

2225 1535 2484 1591 Sacerdos
2513 1545 2695 1592 autem
2723 1537 2896 1593 dicit:
2922 1538 3187 1605 Domine,
3217 1540 3373 1596 Deus
3404 1545 3584 1595 noster
3605 1538 3736 1594 omni-

2154 1628 2383 1697 potens,
2411 1642 2687 1698 rogamus
2708 1632 2783 1695 te,
2809 1631 2866 1682 et
2885 1644 3251 1698 quaesumus,
3277 1629 3494 1685 ﬂuenta
3520 1644 3733 1700 aquarum

2154 1730 2304 1786 auge
2339 1731 2524 1785 usque
2556 1714 2627 1768 ad
2656 1731 2993 1770 mensuram
3020 1732 3250 1784 eorum,
3275 1716 3367 1772 fac
3394 1716 3568 1771 lzetam
3589 1716 3733 1770 faciem

391 1801 590 1857 omnia
623 1800 803 1873 capis,
828 1818 1104 1875 rogamus
1136 1806 1210 1869 te,
1233 1806 1291 1857 et
1320 1818 1679 1874 quaesumus,
1705 1819 1907 1857 eorum
1941 1801 2038 1873 qui
2073 1840 2119 1904 Β
2154 1806 2339 1869 terrae,
2366 1802 2566 1857 imbue
2597 1803 2791 1859 sulcos
2815 1805 2964 1875 ejus,
2990 1804 3321 1877 multiplica
3352 1812 3580 1878 segetes,
3606 1808 3651 1859 et
3671 1805 3730 1857 be-

391 1890 631 1962 prot‘ecti
664 1894 803 1946 sunt
832 1906 1069 1963 peregre
1093 1890 1338 1945 fratrum
1373 1896 1728 1959 nostrorum,
1754 1895 1810 1946 et
1840 1908 2039 1946 eorum

390 1979 490 2050 qui
523 1978 839 2051 profecturi
870 1984 1029 2045 sunt,
1055 1979 1239 2052 dirige
1270 1996 1562 2052 gressum,
1590 1985 1647 2035 et
1677 1997 1811 2035 cum
1844 1980 1928 2034 eis
1960 1980 2043 2036 sis

391 2073 456 2124 ut
487 2072 880 2141 assequantur
910 2069 1063 2141 quod
1097 2074 1318 2141 optant.
1353 2069 1476 2124 Cito
1506 2069 1758 2124 inveniat
1790 2087 1895 2123 nos
1932 2070 2039 2123 mi-

391 2158 706 2214 sericordia
735 2162 856 2227 tua,
890 2175 922 2213 o
955 2157 1220 2214 Domine.

460 2248 732 2303 Diaconus
765 2248 904 2305 dicit
931 2266 949 2301 :
984 2247 1253 2302 Dicamus
1285 2264 1489 2302 omnes
1520 2264 1625 2302 nos
1661 2265 1672 2302 :

464 2337 586 2392 Duc
616 2354 716 2393 eos
747 2337 817 2393 ad
850 2342 1084 2408 portum
1111 2335 1450 2408 salutarem,
1475 2338 1635 2408 offer,
1659 2340 1714 2391 et
1745 2337 1919 2392 redde
1943 2354 2040 2391 eos

392 2443 595 2482 eorum
646 2424 1100 2498 consanguineis
1155 2442 1289 2480 cum
1342 2424 1541 2480 laetitia
1597 2431 1653 2480 et
1708 2426 1943 2498 gaudio,
1976 2431 2042 2480 ut

391 2514 681 2580 laetentur,
727 2518 785 2570 et
836 2512 1018 2569 laetari
1080 2512 1312 2581 faciant,
1368 2530 1472 2585 per
1528 2515 1766 2569 unicum
1829 2514 2039 2570 Filium

392 2610 584 2670 tuum,
616 2619 751 2677 cum
786 2619 900 2674 quo
931 2601 1037 2659 tibi
1068 2606 1123 2658 et
1152 2601 1393 2675 Spiritui
1424 2608 1625 2658 sancto
1656 2608 1744 2659 est
1771 2603 1956 2676 gloria
1985 2610 2042 2659 et

389 2697 650 2765 potestas
682 2708 859 2760 nunc,
890 2697 947 2748 et
976 2708 1226 2764 semper,
1251 2695 1307 2746 et
1336 2690 1394 2746 in
1424 2690 1638 2747 szecula
1669 2692 2036 2748 saeculorum.

387 2786 594 2839 Amen.

456 2872 713 2929 Sacerdos
738 2880 923 2946 postea
950 2873 1201 2928 hortatur
1227 2888 1411 2927 omnes
1442 2879 1501 2927 ut
1539 2880 1692 2927 orent
1716 2887 1818 2943 pro
1846 2873 2037 2945 pluvia

386 2962 485 3017 hoc
510 2961 667 3018 modo
696 2980 714 3016 :

458 3050 753 3123 Rogemus
773 3051 947 3106 etiam
972 3049 1427 3121 omnipotentem
1457 3051 1655 3118 Deum,
1682 3049 1906 3105 Patrem
1933 3051 2038 3107 Do-

389 3139 627 3203 mini,et
648 3139 1052 3212 Redemptoris
1076 3138 1256 3193 nostri
1279 3139 1415 3193 Jesu
1441 3137 1653 3193 Christi
1688 3156 1790 3210 pro
1818 3138 2033 3211 pluvia,

390 3234 453 3285 ut
483 3246 611 3285 eam
651 3229 844 3284 mittat
876 3211 1026 3283 illuc
1061 3227 1155 3283 ubi
1186 3245 1333 3299 opus
1364 3233 1471 3295 est,
1508 3227 1606 3298 qui
1639 3228 1838 3283 omnia
1882 3228 2037 3301 capit
2067 3211 2109 3277 C

390 3320 674 3376 Dominus
704 3318 855 3376 Deus
887 3322 1102 3375 noster.

456 3412 736 3466 Diaconus
765 3408 900 3464 dicit
930 3426 948 3464 :
981 3407 1169 3463 Orate.

454 3498 711 3555 Sacerdos
740 3506 924 3554 autem
950 3496 1106 3552 dicit.

452 3587 719 3655 Domine,
747 3587 902 3643 Deus
930 3590 1127 3641 noster
1156 3586 1545 3659 omnipotens,
1571 3601 1846 3658 rogamus
1879 3589 1952 3649 te,
1978 3591 2035 3641 et

381 3694 741 3748 quaesumus,
766 3675 932 3731 mitte
964 3674 1220 3747 pluviam
1253 3678 1416 3730 tuam
1439 3675 1511 3729 ad
1542 3674 1668 3730 loca
1691 3674 1786 3729 ubi
1812 3675 2034 3731 deside-

379 3768 561 3830 ratur,
592 3763 777 3818 laztari
810 3764 899 3820 fac
950 3763 1155 3818 faciem
1187 3766 1372 3831 terrce,
1408 3763 1606 3818 imbue
1637 3762 1831 3819 sulcos
1880 3764 2029 3836 ejus,

377 3852 493 3907 duc
523 3866 721 3906 semen
757 3852 826 3906 ad
869 3868 1142 3918 messem,
1175 3852 1326 3923 quod
1383 3867 1450 3905 ex
1498 3850 1755 3906 bonitate
1785 3856 1886 3906 tua
1915 3851 2029 3907 cito

375 3939 637 3996 inveniat
666 3956 771 3995 nos
804 3938 1206 3995 misericordia
1234 3943 1355 4008 tua,
1388 3956 1420 3993 ο
1452 3939 1715 3996 Domine.

446 4029 716 4085 Diaconus
743 4028 876 4083 dicit
909 4046 928 4083 :
958 4027 1235 4083 Dicamus
1266 4044 1469 4083 omnes
1500 4045 1607 4083 nos
1640 4045 1652 4083 :

447 4119 555 4174 Pro
585 4134 840 4191 paupere
872 4115 1086 4189 populo
1117 4121 1240 4183 tuo,
1264 4133 1295 4172 ο
1328 4115 1591 4185 Domine,
1619 4122 1673 4171 et
1702 4134 1805 4189 pro
1836 4118 2024 4174 omni-

373 4209 487 4265 bus
508 4207 609 4280 qui
632 4211 869 4280 sperant
890 4206 951 4261 in
976 4210 1053 4274 te,
1076 4205 1163 4261 fac
1191 4204 1496 4261 nobiscum
1516 4206 1686 4276 juxta
1706 4206 2028 4262 misericor-

372 4297 530 4353 diam
554 4301 738 4365 tuam,
763 4296 894 4352 ciba
915 4313 1014 4351 cor
1036 4299 1300 4351 nostrum
1325 4294 1626 4350 divinitate
1648 4296 1947 4364 doctrinm,
1969 4300 2027 4352 et

372 4385 761 4459 intelligentia
789 4402 917 4458 quae
949 4403 982 4441 a
1014 4387 1068 4440 te
1114 4388 1221 4451 est,
1249 4401 1351 4457 per
1396 4384 1762 4456 unigenitum
1812 4384 2023 4440 Filium

369 4479 563 4545 tuum,
592 4492 726 4532 cum
758 4492 874 4548 quo
905 4474 1010 4530 tibi
1043 4478 1100 4529 et
1128 4478 1331 4530 sancto
1364 4473 1602 4546 Spiritui
1636 4473 1820 4546 gloria
1850 4479 1939 4530 est
1967 4479 2025 4530 et

366 4568 628 4637 potestas
660 4581 816 4620 nunc
861 4568 919 4619 et
957 4579 1209 4635 semper,
1234 4567 1290 4618 et
1319 4562 1378 4617 in
1410 4562 1621 4619 saecula
1652 4562 2019 4618 saeculorum.
2051 4581 2099 4647 D
2134 4558 2496 4627 invocamus,
2515 4563 2579 4614 ut
2598 4559 2752 4614 vivat
2773 4560 2972 4617 anima
2992 4565 3192 4618 nostra
3214 4579 3319 4635 per
3339 4563 3605 4637 Spiritum
3629 4568 3724 4609 san-

365 4655 572 4709 Amen.

436 4744 544 4799 Pro
598 4745 872 4815 fructibus
928 4751 1109 4813 terrae,
1161 4740 1429 4797 sacerdos.
1475 4741 1692 4795 Iterum
1748 4756 2022 4813 rogemus

367 4830 827 4901 omnipotentem
859 4837 1064 4902 Deum,
1090 4836 1312 4904 patrem
1345 4829 1577 4885 Domini
1602 4833 1659 4884 et
1682 4829 2022 4902 Redempto-

367 4917 448 4972 ris
479 4920 661 4973 nostri
710 4920 851 4976 Jesu
882 4920 1096 4977 Christi
1147 4936 1251 4991 pro
1289 4918 1579 4975 fructibus
1609 4923 1797 4985 terrae,
1831 4923 1893 4972 ut
1921 4935 2021 4974 eos

366 5009 599 5081 augeat,
624 5010 681 5061 et
708 5009 915 5063 uberes
951 5008 1143 5076 faciat,
1166 5012 1223 5063 et
1246 5007 1478 5077 divitias
1509 5006 1707 5079 gratiae
1740 5005 2025 5080 largiatur

365 5092 651 5149 Dominus
682 5095 836 5152 Deus
863 5101 1080 5153 noster.

435 5183 712 5239 Diaconus
742 5184 880 5240 dicit
910 5203 929 5239 :
959 5185 1128 5241 Orate
1161 5203 1264 5258 pro
1296 5186 1583 5242 fructibus
1614 5190 1801 5242 terraz.

434 5271 714 5329 Sacerdos.
744 5272 1011 5338 Domine,
1034 5274 1186 5329 Deus
1220 5280 1417 5331 noster
1438 5275 1830 5347 omnipotens,
1857 5290 2020 5347 roga-

362 5379 499 5420 mus
529 5366 606 5429 te,
631 5366 687 5419 et
717 5379 1079 5436 quazsumus,
1101 5363 1325 5419 fructus
1347 5368 1509 5419 terra:
1534 5381 1703 5437 auge,
1723 5369 1780 5419 et
1810 5364 2017 5419 uberes

359 5452 471 5521 fac,
495 5450 676 5508 laetari
707 5451 797 5508 fac
838 5450 1046 5508 faciem
1076 5456 1240 5506 terrae
1267 5467 1278 5505 :
1304 5451 1501 5507 imbue
1531 5452 1726 5508 sulcos
1750 5456 1901 5524 ejus,
1923 5454 2019 5509 de-

358 5541 473 5595 duc
500 5558 701 5598 semen
731 5543 805 5599 ad
860 5555 1143 5607 messem;
1178 5540 1332 5611 quod
1365 5557 1433 5595 ex
1464 5540 1724 5596 bonitate
1772 5546 1873 5596 tua
1902 5546 2013 5610 est,

356 5620 474 5708 cito
505 5629 760 5689 inveniat
793 5648 902 5690 nos
931 5627 1334 5686 misericordia
1362 5632 1486 5703 tua,
1518 5646 1550 5683 ο
1579 5630 1843 5686 Domine.

2153 1890 2319 1946 nedic
2362 1890 2579 1947 circulo
2614 1892 2753 1947 anni
2798 1892 3153 1965 benignitate
3182 1912 3314 1967 quae
3365 1913 3401 1949 a
3446 1900 3500 1949 te
3540 1898 3631 1949 est.
3653 1892 3731 1946 Cito

2150 1979 2405 2036 inveniat
2436 1998 2543 2035 nos
2574 1980 2972 2037 misericordia
3003 1986 3123 2049 tua,
3156 2001 3190 2039 o
3221 1983 3488 2039 Domine.

2223 2069 2493 2125 Diaconus
2524 2069 2658 2126 dicit
2687 2089 2705 2125 :
2736 2071 3016 2127 Dicamus
3046 2089 3254 2128 omnes
3289 2090 3397 2128 nos
3432 2090 3444 2127 ε

2221 2157 2302 2213 Ob
2327 2175 2643 2231 pauperem
2661 2159 2943 2231 populum
2963 2166 3152 2228 tuum,
3167 2179 3200 2216 ο
3219 2162 3485 2229 Domine,
3500 2167 3547 2216 et
3564 2164 3735 2233 pr0pter
3796 2172 3797 2207 1

2150 2262 2376 2316 omnes,
2396 2248 2496 2319 qui
2520 2246 2791 2303 invocant
2816 2253 3086 2304 sanctum
3117 2267 3339 2306 nomen
3368 2258 3525 2306 tuum
3544 2266 3628 2322 per
3651 2248 3735 2302 uni-
3796 2272 3797 2279 η

2151 2351 2284 2390 cum
2319 2334 2529 2391 Filium
2556 2340 2746 2403 tnum,
2771 2354 2904 2392 cum
2935 2354 3049 2410 quo
3083 2338 3207 2407 tibi,
3231 2344 3297 2394 et
3320 2338 3551 2412 Spiritui
3570 2341 3734 2400 sancto,

2149 2427 2239 2478 est
2267 2422 2452 2496 gloria
2470 2429 2527 2481 et
2556 2430 2835 2498 potestas,
2861 2442 3037 2495 nunc,
3063 2431 3119 2482 et
3140 2444 3400 2500 semper,
3423 2432 3476 2484 et
3503 2428 3554 2482 in
3582 2423 3734 2482 secula

2149 2511 2517 2569 sazculorum.
2550 2516 2755 2571 Amen.

2824 2604 2935 2658 Pro
2965 2619 3117 2676 pace.

2218 2690 2477 2746 Sacerdos
2509 2709 2528 2746 :
2560 2692 2854 2764 Rogemus
2896 2690 3073 2747 etiam
3119 2692 3570 2767 omnipotentem
3596 2692 3731 2747 Deum

2150 2778 2375 2834 Patrem
2409 2780 2641 2835 Domini
2665 2785 2721 2835 et
2752 2780 3156 2853 Redemptoris
3189 2783 3379 2838 nostri
3407 2782 3535 2838 Jesu
3556 2778 3729 2841 Christi,

2147 2885 2250 2940 pro
2282 2884 2421 2941 pace
2451 2872 2662 2923 sanctze
2693 2873 2750 2924 et
2780 2868 2963 2925 unicae
2992 2868 3265 2926 Ecclesiae
3301 2870 3623 2944 apostolicae,
3642 2884 3728 2939 qua

2147 2962 2235 3013 est
2264 2975 2441 3030 super
2470 2975 2675 3014 omnes
2705 2957 3014 3013 Ecclesias.

2217 3047 2491 3102 Diaconus
2522 3066 2540 3101 :
2563 3046 2733 3102 Orate
2774 3064 2876 3119 pro
2927 3046 3037 3102 hac
3084 3047 3350 3104 Ecclesia
3377 3054 3563 3104 sancta
3590 3046 3727 3103 unica,
3796 3058 3797 3087 ι

2146 3152 2272 3207 ques
2303 3140 2391 3190 est
2411 3135 2783 3208 congregatio
2813 3152 2917 3207 per
2940 3135 3235 3208 apostolos
3258 3142 3420 3193 recta
3448 3138 3503 3192 in
3525 3135 3728 3193 Domino.
3796 3140 3797 3165 ἀ

2216 3223 2473 3279 Sacerdos
2506 3243 2524 3278 :
2556 3224 2853 3297 Rogamus
2882 3228 2939 3279 et
2967 3226 3225 3297 petimus
3256 3244 3296 3282 a
3326 3226 3569 3282 bonitate
3592 3228 3684 3287 tua,
3706 3235 3728 3272 ο

2146 3318 2372 3368 amator
2405 3313 2650 3368 humani
2699 3314 2954 3387 generis,
2987 3315 3296 3370 recordare
3348 3315 3577 3372 Domine
3614 3308 3728 3386 pacis
3796 3324 3797 3359 ί

2144 3400 2410 3458 Ecclesiae
2450 3406 2685 3471 sanctis,
2719 3401 2903 3459 unicae
2942 3403 3416 3477 congregationis
3445 3401 3725 3477 apostolica.

2144 3506 2271 3561 qua:
2304 3490 2415 3546 fuit
2445 3492 2516 3546 ab
2547 3490 2792 3565 origine,
2823 3495 2883 3547 et
2911 3491 3022 3547 erit
3060 3509 3247 3564 usque
3278 3493 3340 3548 in
3374 3494 3539 3549 tinem
3566 3486 3723 3547 seculi.

2144 3579 2410 3648 Benedic,
2436 3580 2702 3650 Domine,
2729 3597 2833 3653 per
2861 3597 2990 3636 eam
3013 3582 3174 3637 omni
3195 3583 3417 3655 populo
3438 3588 3490 3639 et
3508 3580 3640 3637 omni
3659 3576 3725 3632 alis

2142 3673 2357 3725 mento.
2387 3668 2591 3725 Pacem
2619 3687 2746 3742 quae
2770 3670 2840 3725 de
2863 3669 3024 3726 cmlis
3054 3674 3163 3739 est,
3188 3671 3363 3729 mitte
3393 3689 3557 3745 super
3582 3667 3723 3726 unius

2140 3758 2428 3830 cujusque
2459 3758 2642 3813 nostri
2674 3758 2954 3828 animam,
2988 3764 3046 3815 et
3082 3776 3289 3831 pacem
3321 3762 3449 3816 vitae
3481 3764 3655 3814 nostra:
3675 3755 3724 3808 ἀι

2141 3845 2330 3902 nobis.
2382 3848 2683 3915 Eamdem,
2734 3847 2999 3914 Domine,
3032 3847 3244 3921 largire
3294 3850 3420 3923 regi
3469 3853 3637 3903 nostra
3660 3843 3721 3905 N.,
3796 3843 3797 3917 ξ

2140 3934 2525 4007 principibus,
2550 3951 2616 3991 ac
2629 3935 2933 4007 judicibus
2953 3942 3009 3993 et
3030 3937 3284 3993 subditis
3313 3939 3463 4010 ejus,
3481 3944 3533 3994 et
3550 3947 3724 4006 congre-
3796 3960 3797 3989 i

2136 4024 2356 4097 gationi
2385 4024 2711 4080 vicinorum
2739 4031 3095 4095 nostrorum,
3120 4030 3242 4083 tam
3265 4043 3469 4085 eorum
3500 4025 3586 4099 qui
3610 4027 3721 4079 extra
3796 4016 3797 4063 l

2136 4112 2453 4169 Ecclesium
2482 4118 2641 4181 sunt,
2660 4131 2837 4186 quam
2863 4132 3064 4171 eorum
3085 4117 3187 4189 qui
3215 4117 3274 4172 in
3297 4135 3369 4174 ea
3392 4116 3721 4173 continentur;

2136 4208 2192 4257 et
2221 4220 2365 4258 orna
2392 4219 2490 4258 eos
2517 4202 2676 4257 omni
2701 4220 2912 4275 genere
2939 4204 3120 4276 pacis.
3146 4205 3265 4261 Rex
3287 4206 3470 4279 pacis,
3493 4217 3659 4277 pacem
3674 4196 3723 4250 da

2136 4291 2325 4359 nobis,
2352 4292 2493 4363 quia
2521 4293 2721 4348 omnia
2738 4292 2923 4348 .nobis
2944 4293 3178 4360 dedisti,
3203 4299 3261 4350 et
3286 4295 3379 4352 fac
3411 4311 3513 4351 nos
3531 4287 3723 4366 peculia-

2135 4398 2226 4436 res
2260 4380 2539 4452 tibi,quia
2558 4385 2753 4436 autem
2782 4387 2991 4454 praeter
3019 4388 3093 4454 te,
3119 4382 3271 4440 alius
3303 4389 3397 4441 est
3426 4398 3581 4439 nemo
3598 4389 3722 4450 quem

2133 4487 2579 4543 cognoscamus,
2610 4487 2823 4527 nomen
2852 4476 3020 4528 tuum
3047 4477 3320 4529 sanctum
3350 4471 3671 4547 appellamus
3688 4466 3727 4518 et
3796 4540 3797 4591 ι

2134 4558 2474 4591 ἶηιιΛΛηΜιια
2515 4563 2572 4591 ..ι
2598 4559 2749 4591 "tuus
2774 4560 2964 4591 Mnus"-
2993 4565 3185 4591 ηηηι-..
3214 4579 3319 4591 νυ...
3339 4563 3602 4591 0.4-3."...
3630 4568 3724 4591 an.

2127 4652 2309 4716 ctum,
2327 4664 2431 4704 nec
2454 4646 2770 4704 invalescat
2787 4666 2946 4706 mors
2968 4652 3191 4723 peccati
3210 4669 3391 4723 super
3412 4669 3512 4708 nos
3534 4642 3724 4704 famulos

2130 4741 2285 4805 tuos,
2309 4742 2367 4793 et
2394 4754 2571 4810 super
2599 4754 2833 4794 omnem
2865 4739 3151 4811 populum
3179 4744 3374 4797 tuum.

2708 4832 2816 4883 Pro
2840 4829 3210 4899 pontiﬁcibus.

2197 4914 2454 4972 Sacerdos
2513 4933 2531 4970 :
2587 4916 2657 4970 Et
2714 4915 2928 4972 iterum
2985 4934 3263 4991 rogamus
3321 4914 3719 4990 omnipotentem
3796 4928 3797 4933 η

2130 5009 2333 5072 Deum,
2369 5004 2598 5060 Patrem
2629 5004 2883 5074 Domini,
2916 5005 3039 5075 Dei,
3074 5012 3133 5062 et
3162 5006 3559 5081 Redemptoris
3585 4994 3718 5059 nostri

2126 5094 2158 5150 J
2165 5110 2270 5149 esu
2301 5092 2535 5148 Christi.

2197 5183 2471 5237 Diaconus
2499 5181 2674 5238 dicit:
2695 5181 2867 5239 Orate
2890 5200 2992 5256 pro
3014 5183 3278 5258 principe
3301 5189 3498 5242 nostro
3518 5177 3720 5257 principe

2128 5268 2703 5342 archiepiscoporum
2746 5276 2805 5327 et
2848 5272 3278 5346 episcoporum,
3313 5274 3546 5331 domino
3572 5271 3718 5325 nostro

2126 5360 2221 5428 N.,
2250 5363 2307 5415 et
2338 5375 2442 5432 pro
2473 5360 2663 5432 capite
2725 5362 3136 5434 episcoporum
3188 5380 3416 5436 magnae
3473 5352 3719 5434 provincia

2125 5451 2218 5516 N.,
2254 5452 2311 5503 et
2359 5447 2549 5519 capite
2596 5449 2845 5506 civitatis
2894 5456 3106 5507 nostra:
3139 5454 3470 5507 venerando
3518 5442 3716 5505 antistitt

2127 5543 2289 5612 patre
2321 5536 2411 5603 N.,
2446 5541 2503 5591 et
2532 5554 2636 5609 pro
2684 5539 2958 5595 omnibus
3007 5539 3320 5613 episcopis,
3352 5535 3714 5598 sacerdotibus:

2126 5633 2180 5684 et
2213 5624 2475 5683 diaconis
2501 5627 2673 5684 rectis
2704 5628 2761 5685 in
2797 5628 2931 5685 ﬁde.
