3844 6200
102 368 223 444 943

1026 386 1237 451 ΟΠΒο
1280 384 1646 451 BAP’I‘ISMI
1692 388 2116 455 SECUNEUM
2161 395 2591 462 )ETHIOPES.

3393 401 3514 465 946

102 518 161 571 et
180 518 435 612 testatus
465 521 553 574 est
582 514 808 575 dicens:
834 518 939 584 Qui
962 536 1076 612 non
1110 519 1487 612 fueritnatus
1517 539 1585 578 ex
1603 539 1757 595 aqua
1782 523 1840 591 Α
1868 527 2139 584 semitam
2171 531 2437 602 ejus,vox
2459 532 2690 590 Domini
2718 550 2896 608 super
2916 551 3120 609 aquas,
3146 537 3297 595 Deus
3317 534 3513 612 glorias

0 656 5 669 τ
102 608 161 659 et
182 604 408 677 Spiritu
442 611 639 662 sancto
672 625 783 663 non
819 613 1008 680 potest
1038 608 1254 665 intrare
1286 610 1344 665 in
1378 628 1622 684 regnum
1658 628 1764 666 cu:-

0 736 11 737 κ
100 691 336 762 lorum;
373 694 580 751 deinde
609 696 882 769 praecepit
911 696 1217 769 discipulis
1249 699 1374 755 suis
1405 700 1607 756 dicens
1633 716 1647 756 :
1676 701 1759 756 Ite

0 826 3 829 .
100 797 262 855 ergo.
291 787 349 838 et
370 783 568 840 docete
590 801 794 841 omnes
814 789 1038 859 gentes,
1063 790 1119 842 et
1141 788 1431 860 baptizate
1451 805 1550 845 eos
1580 790 1639 844 in
1664 806 1762 844 no-

99 871 262 928 mine
316 872 524 942 Patris,
557 878 614 929 et
652 874 802 939 Filii,
837 880 892 930 et
940 875 1193 947 Spiritus
1244 877 1461 932 Sancti.
1497 878 1757 951 Suscipe,

0 1004 5 1037 _.
97 959 370 1028 Domine,
407 961 657 1018 famulos
688 966 745 1018 et
770 962 1022 1018 famulas
1054 967 1208 1033 tuas,
1234 966 1371 1035 quia
1396 965 1453 1021 in
1480 970 1531 1022 te
1553 972 1639 1021 est
1670 984 1766 1039 po-

96 1053 284 1106 testas
305 1054 362 1106 et
382 1050 666 1107 liberatio.
691 1051 735 1107 Ο
757 1056 975 1121 sancte,
994 1056 1132 1109 tona
1152 1070 1328 1125 super
1350 1054 1499 1110 hanc
1523 1072 1758 1127 aquam,

99 1142 166 1193 ut
198 1156 269 1195 ex
300 1156 369 1196 ea
397 1143 453 1195 et
482 1139 701 1212 Spiritu
751 1147 952 1196 sancto
1006 1146 1423 1215 regenerentur
1463 1143 1522 1198 hi
1558 1144 1761 1199 famuli

94 1227 184 1282 tui
232 1227 450 1284 virtute
501 1227 821 1285 divinitatis
850 1233 985 1298 tuae,
1018 1230 1117 1302 qui
1147 1236 1430 1287 venerunt
1460 1232 1531 1287 ad
1566 1236 1639 1297 te,
1676 1234 1763 1289 fac

91 1334 198 1373 eos
222 1320 395 1389 aptos
415 1319 487 1373 ad
510 1317 920 1375 remissionem
948 1323 1321 1390 peccatorum
1353 1336 1578 1386 eorum,
1602 1325 1656 1376 et
1688 1323 1759 1376 ad

87 1404 515 1462 indumentum
548 1407 1017 1474 immaculatum,
1044 1408 1103 1462 in
1124 1407 1405 1463 honorem
1442 1409 1598 1464 unici
1633 1399 1762 1464 Filii

88 1493 203 1562 tui,
228 1510 365 1549 cum
397 1512 510 1567 quo
538 1494 643 1551 tibi
671 1500 728 1550 et
747 1500 951 1552 sancto
974 1494 1216 1568 Spiritui
1242 1502 1329 1552 est
1352 1497 1541 1569 gloria
1571 1498 1627 1552 in
1661 1515 1762 1554 sae-

2 1576 7 1581 ’
89 1582 234 1639 cula
265 1583 635 1640 saeculorum.
670 1587 875 1640 Amen.

167 1674 307 1727 Tum
336 1673 472 1729 dicit
496 1674 761 1729 diaconus
792 1692 811 1728 :
843 1673 1034 1729 Orate.

164 1761 431 1818 Sacerdos
476 1771 660 1819 autem
703 1763 836 1818 dicit
875 1764 1358 1834 sanctiﬁcationem
1387 1764 1668 1833 Iordanis,
1704 1765 1760 1819 id

87 1859 201 1917 est,
234 1852 512 1924 baptismi.

158 1940 349 1996 Amor
375 1940 497 2008 Dei,
528 1940 717 2014 gratia
739 1941 878 1997 Jesu
909 1940 1145 2009 Christi,
1166 1945 1222 1997 et
1248 1941 1467 1997 donum
1500 1943 1753 2015 Spiritus

84 2028 289 2085 sancti
321 2028 397 2086 sit
423 2030 747 2086 vobiscum.

156 2120 411 2191 Populus
439 2127 618 2176 autem
648 2119 927 2191 respondet
956 2138 975 2174 :
1005 2123 1148 2175 Cum
1181 2118 1391 2191 spiritu
1426 2123 1544 2174 tuo.

155 2207 427 2263 Sacerdos
456 2216 636 2264 autem
668 2208 799 2264 dicit
825 2227 844 2263 .-

158 2297 416 2353 Sursum
448 2296 569 2352 sint
599 2297 773 2353 corda
800 2301 1011 2352 vestra.

154 2386 407 2457 Populus
438 2385 718 2458 respondet
748 2405 767 2441 .-

156 2475 462 2531 Habemus
492 2474 564 2530 ad
596 2474 933 2541 Dominum,
967 2474 1152 2530 Deum
1186 2478 1476 2529 nostrum.

155 2562 427 2619 Sacerdos
453 2571 632 2620 autem
663 2563 840 2620 dicit:

158 2652 401 2709 Gratias
431 2669 676 2725 agamus
707 2652 975 2720 Domino,
1004 2652 1155 2708 Patri
1186 2653 1359 2708 bono.

156 2742 410 2813 Populus
442 2741 720 2813 respondet
748 2760 766 2794 :

158 2831 412 2886 Rectum
446 2834 553 2897 est,
584 2834 641 2885 et
671 2830 958 2886 convenit.

154 2917 425 2975 Sacerdos
452 2926 631 2973 autem
661 2917 795 2974 dicit
825 2937 843 2974 :

154 3008 311 3064 Vere
325 3007 567 3081 dignum
581 3013 636 3063 et
641 3009 870 3078 justum
884 3010 991 3063 est.
1009 3007 1355 3062 Benedictus
1378 3007 1455 3061 sit
1475 3007 1626 3062 Deus
1649 3024 1743 3062 ex-

71 3097 290 3157 celsus
312 3096 410 3170 qui
436 3098 494 3151 in
521 3102 802 3152 aeternum
825 3101 912 3153 est
934 3096 1099 3152 fortis
1121 3113 1298 3169 super
1319 3095 1535 3163 omnia,
1552 3095 1609 3150 in
1629 3113 1744 3168 quo

70 3204 148 3243 ea
176 3190 273 3242 est
308 3188 585 3257 potestas,
610 3189 674 3239 ut
698 3189 862 3257 regat
891 3187 948 3241 et
979 3185 1269 3240 custodiat
1295 3184 1603 3240 mundum.
1637 3186 1743 3251 Qui

69 3274 292 3333 omnia
322 3273 590 3340 viviﬁcat,
626 3273 682 3328 in
733 3290 799 3329 eo
842 3272 998 3329 enim
1049 3273 1301 3345 Spiritus
1344 3276 1432 3329 est
1460 3273 1609 3340 vitae,
1642 3291 1677 3346 q

66 3364 195 3421 alit
210 3378 447 3419 omnem
470 3362 858 3435 animam,qui
872 3363 1181 3418 conﬁrmat
1198 3378 1434 3417 omnem
1449 3362 1719 3435 spiritum
1732 3406 1745 3430 ,

65 3452 185 3527 qui
210 3450 428 3507 virium
459 3450 638 3506 totius
670 3450 875 3505 mundi
900 3454 990 3506 est
1016 3466 1229 3523 capax:
1255 3450 1355 3522 qui
1387 3451 1609 3505 vocavit
1627 3468 1748 3507 om-

65 3544 185 3598 nia
219 3558 293 3596 ex
324 3556 390 3595 eo
429 3540 583 3612 quod
635 3556 750 3595 non
800 3544 907 3605 est,
941 3544 999 3595 et
1029 3539 1164 3594 fecit
1195 3538 1413 3594 omnia.
1450 3540 1596 3611 Ipse,
1629 3539 1746 3594 Do-

68 3630 273 3694 mine,
298 3629 399 3701 qui
431 3628 790 3685 excelsorum
813 3645 876 3683 es
898 3627 1353 3695 excelsissimus,
1381 3628 1479 3699 qui
1510 3628 1668 3683 vides
1690 3633 1748 3684 et

64 3718 403 3792 cognoscis
425 3718 599 3773 ﬁnem
632 3723 987 3789 temporum,
1005 3722 1060 3772 et
1076 3717 1297 3789 sopitos
1314 3734 1346 3771 a
1362 3734 1567 3772 somno
1592 3717 1745 3772 exci-

58 3815 198 3876 tae,
253 3804 358 3878 qui
404 3806 614 3861 dedisti
662 3822 860 3861 vocem
912 3806 1187 3861 omnibus
1236 3822 1362 3876 quae
1414 3810 1741 3873 moventur,

57 3910 393 3954 commove
436 3894 588 3949 hanc
636 3910 871 3966 aquam,
904 3898 960 3949 et
986 3892 1162 3965 imple
1213 3909 1341 3949 eam
1390 3894 1612 3966 Spiritu
1643 3898 1743 3951 tuo

52 3986 312 4049 sancto,
347 3985 405 4037 et
434 3980 534 4037 fiat
564 3981 785 4037 ablutio
815 3981 877 4037 in
926 3982 1245 4037 secundam
1285 3982 1736 4055 generationem.

49 4077 292 4132 Amen.
322 4070 392 4125 Et
421 4069 479 4125 in
511 4070 691 4126 vitam
722 4074 1021 4125 aeternam.
1052 4071 1255 4126 Amen.
1292 4070 1364 4125 Ut
1396 4087 1741 4143 regeneren-

48 4169 171 4220 tur
199 4160 264 4216 bi
291 4158 494 4215 famuli
520 4164 578 4217 et
601 4159 828 4215 famulae
849 4164 980 4228 tuae,
1006 4160 1501 4231 quemadmodum
1525 4161 1739 4215 consti-

46 4249 269 4315 tuisti,
297 4248 560 4314 Domine,
585 4247 1031 4321 intelligentiam
1053 4252 1110 4304 et
1131 4248 1414 4304 rationem
1433 4249 1489 4303 in
1517 4249 1736 4318 anima,

43 4347 116 4399 et
154 4355 273 4412 per
303 4353 431 4393 eam
480 4352 677 4410 regere
716 4335 902 4393 fecisti
933 4337 1254 4408 hominem,
1287 4342 1343 4393 et
1361 4337 1622 4409 judicem
1654 4339 1733 4394 fe-

43 4426 204 4486 cisti
223 4425 493 4483 omnium
514 4430 989 4482 ornamentorum
1011 4426 1243 4482 mundi:
1265 4427 1733 4499 quaproptertibi

40 4512 352 4577 convenit
376 4513 562 4586 gloria
590 4520 650 4570 et
678 4514 1409 4588 magnitudo.Benedictus
1438 4533 1520 4585 es,
1555 4516 1728 4582 Deus,

1873 614 2148 673 intonuit.
2172 620 2350 688 Tona,
2367 621 2630 691 Domine,
2647 641 2824 696 super
2837 624 2989 681 hanc
3006 642 3217 698 aquam
3236 628 3292 683 et
3302 626 3519 700 oleum,

1873 708 2191 779 utrumque
2213 726 2493 781 praepara,
2516 716 2571 767 et
2594 712 2668 768 da
2699 713 2783 768 eis
2811 712 3107 781 virtutem,
3130 718 3196 769 ut
3216 716 3359 770 fiant
3379 718 3519 790 bap-

1873 793 2088 851 tismus
2115 800 2275 863 tuus,
2310 799 2408 870 qui
2441 805 2529 856 est
2562 817 2709 857 nova
2730 801 3046 874 generatio,
3070 807 3126 858 et
3145 803 3264 860 vita
3287 808 3521 877 aeterna,

1872 888 1929 938 et
1960 890 2375 956 regenerentur
2403 888 2461 942 hi
2497 889 2701 945 famuli
2726 891 2834 947 tui.

1945 993 2215 1049 Diaconus
2244 993 2379 1050 dicit
2406 1012 2425 1049 :
2458 996 2563 1061 Qui
2596 997 2802 1054 sedent
2833 1003 3103 1072 surgant.

1941 1081 2207 1137 Sacerdos
2233 1089 2420 1138 autem
2449 1084 2584 1140 dicit
2613 1104 2631 1140 :
2662 1085 2928 1152 Domine,
2960 1104 2993 1141 ο
3041 1087 3307 1155 Domine,
3359 1092 3526 1162 pater

1873 1168 2042 1235 bone,
2076 1169 2229 1227 Deus
2263 1176 2461 1227 noster
2485 1173 2876 1246 omnipotens,
2909 1175 3075 1232 Pater
3108 1176 3361 1245 Domini,
3394 1178 3519 1247 Dei,

1873 1261 1927 1312 et
1952 1258 2357 1331 Redemptoris
2391 1260 2572 1317 nostri
2602 1262 2741 1317 Jesu
2773 1263 3008 1332 Christi,
3041 1265 3226 1320 factor
3254 1265 3519 1323 omnium

1873 1350 2270 1403 creaturarum
2298 1366 2445 1421 quas
2467 1352 2785 1407 ostendunt
2804 1350 3037 1420 coelum,
3060 1357 3233 1423 terra,
3258 1360 3316 1410 et
3334 1371 3526 1430 mare,

1872 1438 1929 1489 et
1958 1435 2222 1491 omnium
2255 1454 2380 1509 quae
2414 1438 2473 1492 in
2504 1439 2588 1493 eis
2622 1438 2825 1506 latent,
2850 1441 3032 1496 factor
3060 1441 3322 1499 omnium
3351 1460 3517 1500 crea-

1873 1528 2160 1589 turarum,
2187 1525 2506 1581 visibilium
2528 1531 2585 1583 et
2605 1527 3010 1601 invisibilium,
3027 1530 3126 1602 qui
3150 1533 3517 1606 congregasti

1872 1629 2057 1683 aquas
2089 1613 2146 1668 in
2180 1613 2371 1670 alveos
2404 1631 2562 1679 suos,
2598 1616 2698 1687 qui
2724 1618 3253 1687 creasti,formasti,
3281 1624 3338 1677 et
3367 1621 3519 1679 obsi-

1867 1701 2086 1773 gnasti,
2110 1707 2167 1758 et
2186 1720 2313 1774 quae
2336 1720 2512 1776 super
2540 1704 2715 1760 cmlos
2745 1710 2902 1769 sunt,
2920 1710 2981 1760 tu
3004 1708 3313 1764 coercuisti
3336 1726 3515 1777 mare,

1869 1794 1926 1844 et
1946 1790 2191 1846 flumina
2208 1790 2420 1847 virtute
2442 1796 2563 1859 tua,
2588 1795 2921 1868 confregisti
2944 1796 3138 1867 capita
3155 1797 3426 1854 draconis
3456 1799 3516 1855 in

1788 1895 1833 1958 Β
1869 1896 2041 1951 aqua,
2066 1884 2129 1934 tu
2152 1880 2428 1936 terribilis
2449 1898 2512 1937 es
2528 1882 2685 1954 (quis
2702 1882 2855 1939 enim
2875 1884 2979 1940 tibi
2998 1885 3231 1941 obstare
3252 1888 3514 1959 potest?),

1863 1967 2076 2039 aspice,
2100 1968 2365 2040 Domine,
2391 1986 2566 2041 super
2587 1970 2759 2037 hanc,
2781 1988 2959 2044 quam
2983 1972 3166 2029 fecisti
3190 1991 3425 2047 aquam,
3458 1980 3517 2032 et

1861 2056 1937 2111 da
1965 2056 2016 2111 ei
2048 2055 2320 2128 gratiam,
2353 2056 2626 2126 salutem,
2651 2062 2707 2113 et
2728 2059 3189 2117 benedictionem
3217 2062 3510 2132 Jordanis,

1861 2148 1926 2199 ut
1951 2144 2023 2200 ab
2054 2162 2123 2200 ea
2154 2146 2383 2217 fugiant
2411 2146 2611 2201 omnia
2640 2162 2768 2215 quae
2801 2147 3202 2221 malignantur
3229 2151 3510 2207 adversus

1858 2237 2157 2289 creaturas
2186 2237 2338 2299 tuas,
2358 2235 2636 2306 quoniam
2668 2232 2925 2292 invocavi
2947 2254 3158 2294 nomen
3181 2242 3350 2296 tuum
3372 2257 3508 2297 san-

1857 2325 2016 2376 ctum
2039 2325 2096 2376 et
2116 2322 2551 2389 admirandum,
2576 2324 2727 2395 quod
2752 2324 2990 2396 plenum
3012 2334 3097 2382 est
3115 2326 3303 2399 gloria
3322 2332 3379 2385 et
3399 2332 3509 2386 ter-

1856 2427 1985 2465 rore
2015 2410 2295 2466 adversus
2325 2428 2414 2479 ea,
2445 2428 2576 2483 quae
2608 2412 2777 2469 nobis
2808 2414 3209 2470 adversantur.

1927 2518 2201 2573 Diaconus
2225 2517 2359 2572 dicit
2390 2535 2408 2571 :
2442 2516 2505 2573 In
2537 2517 2819 2573 orientem
2852 2519 3113 2591 aspicite.

1924 2624 2185 2679 Sacerdos
2216 2630 2399 2679 autem
2425 2624 2777 2695 subsequitur
2807 2625 2906 2681 hoc
2930 2627 3083 2684 modo
3113 2647 3132 2683 :

1922 2713 1992 2767 Et
2011 2712 2376 2784 dissipentur
2394 2729 2590 2768 coram
2612 2713 2781 2787 signo
2802 2714 2994 2770 erucis
3010 2732 3216 2773 omnes
3232 2717 3383 2775 vires
3405 2736 3510 2776 eo-

1856 2818 2010 2869 rum,
2028 2802 2127 2873 qui
2153 2801 2323 2857 nobis
2353 2802 2755 2869 adversantur,
2781 2806 2837 2857 et
2857 2803 2930 2858 ab
2952 2819 3021 2859 ea
3050 2805 3278 2878 fugiant
3307 2820 3512 2866 omnes

1855 2890 2148 2946 daemones
2165 2890 2267 2962 qui
2300 2894 2439 2946 sunt
2469 2892 2530 2945 in
2559 2907 2715 2962 aqua
2743 2895 2802 2945 et
2830 2895 3004 2956 terra,
3037 2892 3138 2963 qui
3172 2910 3287 2949 non
3315 2894 3518 2952 viden.

1853 2982 1968 3034 tur.
1993 2978 2108 3034 Nec
2129 2978 2308 3034 lateat
2340 2979 2396 3033 in
2430 2978 2538 3033 hac
2562 2996 2715 3051 aqua
2741 2978 3017 3050 superbia
3044 2981 3374 3052 tenebrosa,
3403 3001 3515 3042 nec

1853 3067 2170 3122 descendat
2199 3083 2332 3123 cum
2365 3067 2450 3122 eis
2481 3066 2581 3138 qui
2613 3066 2986 3138 baptizantur
3016 3067 3311 3142 malignus
3342 3070 3515 3144 spiri-

1855 3159 1952 3210 tus
1982 3155 2081 3227 qui
2114 3156 2451 3211 obtenebret
2476 3171 2677 3210 eorum
2702 3159 3052 3224 mentem,et
3071 3158 3372 3228 perturbet
3389 3172 3508 3215 cor.

1685 3275 1742 3329 ui
1776 3258 1818 3325 ρ
1862 3244 2003 3308 Imo,
2033 3260 2308 3316 rogamus
2357 3247 2413 3299 le
2463 3258 2689 3310 omnes,
2723 3242 2988 3310 Domine,
3020 3248 3085 3298 ut
3132 3244 3313 3301 facias
3359 3246 3511 3304 banc

1858 3348 2072 3403 aquam
2103 3348 2232 3387 esse
2264 3348 2476 3403 aquam
2508 3329 2750 3404 quietis:
2771 3332 3206 3405 Amen.Aquam
3218 3349 3425 3406 puram
3445 3335 3506 3391 in

1856 3421 2299 3476 mnndationem
2326 3436 2338 3474 :
2372 3422 2576 3475 Amen.
2608 3421 2835 3491 Aquam
2867 3419 3104 3476 salutis:
3129 3423 3333 3478 Amen.
3357 3424 3427 3478 Et
3442 3428 3508 3479 ut

1855 3508 1933 3564 sit
1958 3509 2014 3563 in
2046 3507 2405 3563 ablutionem
2438 3508 2821 3580 turpitudinis
2868 3508 3077 3563 anima:
3107 3513 3165 3565 et
3194 3511 3453 3583 corporis
3488 3528 3501 3567 :

1855 3599 2297 3668 Amen.Aquam
2321 3596 2379 3651 in
2403 3596 2832 3653 absolutionem
2855 3601 2913 3652 et
2935 3597 3341 3653 remissionem
3373 3616 3507 3671 pec-

1855 3690 2117 3740 catorum
2144 3702 2156 3739 :
2179 3687 2383 3740 Amen.
2417 3685 2637 3740 Lumen
2662 3684 2869 3739 animae
2892 3690 2949 3741 et
2969 3685 3229 3758 corporis
3253 3703 3267 3741 :
3299 3687 3505 3743 Amen.

1854 3772 2085 3829 Ablutio
2134 3772 2192 3827 in
2240 3772 2735 3845 regenerationem
2772 3790 2785 3827 :
2818 3774 3023 3828 Amen.
3057 3773 3121 3829 In
3146 3778 3366 3830 vestem
3397 3774 3509 3830 im-

1854 3861 2264 3918 maculabilem
2287 3879 2300 3918 :
2327 3864 2530 3917 Amen.
2558 3862 2620 3916 In
2644 3861 3077 3918 innovationem
3103 3862 3358 3935 Spiritus
3381 3881 3514 3919 san-

1852 3952 1929 4007 cti
1963 3955 2019 4007 et
2051 3951 2110 4005 in
2143 3950 2359 4006 fontem
2394 3948 2521 4005 vitae
2556 3967 2569 4005 :
2603 3951 2810 4005 Amen.

1923 4059 2037 4128 Qui
2064 4055 2281 4123 adsunt,
2312 4055 2503 4112 dicunt
2531 4073 2549 4110 :
2579 4057 2783 4112 Amen.

1917 4162 2177 4218 Sacerdos
2208 4181 2226 4217 :
2258 4162 2404 4226 Quia
2435 4165 2630 4217 autem
2665 4161 2789 4235 ipse
2820 4162 2986 4218 dicit:
3024 4163 3348 4232 Lavamini,
3376 4181 3516 4237 pur-

1845 4255 1998 4324 gate,
2031 4255 2089 4307 et
2117 4249 2384 4324 expellite
2433 4250 2718 4306 malitiam
2752 4268 2785 4306 a
2815 4251 3090 4307 cordibus
3122 4252 3332 4307 vestris
3360 4270 3374 4321 ;
3404 4268 3484 4325 qu

1846 4340 2058 4395 dedisti
2090 4338 2258 4394 nobis
2288 4339 2721 4411 generationem
2754 4340 2825 4394 de
2855 4338 3021 4405 cmlo,
3060 4356 3164 4410 per
3203 4357 3421 4412 aquam
3453 4356 3485 4396 e

1843 4429 2125 4501 Spiritum
2180 4430 2471 4495 sanctum,
2523 4444 2758 4499 appare,
2792 4427 3057 4496 Domine,
3110 4444 3287 4499 super
3340 4428 3493 4485 hanc

1840 4533 2076 4590 aquam,
2102 4521 2158 4571 ct
2180 4517 2267 4570 fac
2287 4533 2386 4570 eos
2409 4515 2661 4571 mundos
2691 4514 2790 4587 qui
2821 4514 2879 4569 in
2908 4532 2976 4571 ea
3000 4516 3392 4588 baptizantur,
3425 4522 3492 4574 ut

38 4621 258 4680 super
288 4620 494 4659 omnes
543 4603 825 4671 virtutes;
859 4603 1201 4659 benedictus
1230 4620 1313 4671 es,
1349 4603 1523 4675 Deus,
1556 4622 1732 4676 super
1762 4624 1806 4687 ι)
1838 4605 2127 4679 expellant
2149 4609 2393 4659 veterem
2420 4602 2716 4660 hominem
2739 4608 2796 4659 et
2816 4602 3241 4676 turpitudinem
3262 4604 3513 4661 fallacis

37 4710 285 4755 omnes
308 4692 630 4765 principes;
655 4692 997 4749 benedictus
1019 4709 1100 4760 es,
1122 4694 1289 4760 Deus,
1306 4710 1728 4765 superomnem
1837 4694 2171 4766 voluptatis,
2196 4699 2253 4749 et
2274 4693 2595 4748 induantur
2618 4710 2763 4748 novo
2788 4691 3045 4761 homine,
3062 4697 3119 4749 et
3140 4698 3491 4749 renoventur

37 4779 1733 4857 cogitationemetloquelam;benedictuses,Deus,super
1839 4784 2052 4839 iterum
2096 4799 2197 4854 per
2244 4780 2689 4837 similitudinem
2747 4781 3023 4837 creatoris
3082 4780 3220 4836 sui:
3278 4782 3487 4839 Amen.

40 4886 320 4931 omnem
352 4868 798 4942 intelligentiam
826 4874 883 4925 et
911 4869 1215 4926 scientiam
1244 4888 1257 4938 ;
1290 4870 1629 4926 benedictus
1648 4889 1729 4939 es,

42 4965 258 5024 Deus,
297 4975 477 5030 supra
522 4974 727 5015 omnes
774 4958 1016 5014 thronos
1063 4962 1121 5012 et
1168 4975 1364 5030 regna.
1400 4959 1486 5014 Tu
1522 4958 1732 5016 misisti

40 5064 303 5123 aquam
334 5051 392 5102 et
418 5046 634 5120 ignem,
660 5047 845 5119 frigus
874 5050 929 5102 et
958 5045 1224 5119 glaciem,
1251 5051 1654 5118 tempestatem
1677 5053 1735 5103 et

39 5135 353 5197 turbines
380 5152 554 5206 super
584 5140 820 5201 terram,
853 5139 910 5190 et
955 5134 1237 5191 scaturire
1287 5134 1468 5191 fecisti
1520 5153 1732 5208 aquam

42 5230 140 5287 de
182 5240 335 5296 rupe
365 5224 530 5280 dura.
561 5225 647 5280 Tu
680 5242 742 5281 es
785 5241 958 5296 quem
989 5224 1134 5279 vidit
1166 5241 1343 5293 mare,
1378 5230 1433 5279 et
1465 5226 1649 5298 fugit;
1684 5230 1740 5281 et

1844 4872 2012 4927 Fiant
2041 4870 2353 4943 participes
2380 4869 2583 4925 mortis
2615 4869 2831 4925 Christi
2862 4869 2968 4938 tui,
2994 4886 3097 4942 per
3125 4868 3487 4943 baptismum

1842 4959 2106 5032 ejusdem
2156 4958 2311 5013 unici
2348 4957 2452 5012 filii
2487 4956 2569 5012 tui
2600 4958 2740 5012 Jesu
2773 4957 2989 5013 Christi
3028 4975 3041 5014 :
3074 4958 3279 5015 Amen.
3312 4961 3510 5032 Atque

1843 5064 1978 5104 cum
1999 5062 2064 5102 eo
2089 5045 2400 5118 participes
2433 5045 2551 5101 sint
2581 5046 3025 5103 resurrectionis
3050 5047 3198 5120 ejus,
3224 5051 3281 5104 et
3309 5054 3513 5107 custo-

1844 5136 2008 5192 diant
2037 5135 2256 5190 donum
2290 5132 2543 5205 Spiritus
2570 5133 2788 5189 sancti:
2816 5136 3019 5190 Amen.
3038 5136 3311 5193 Abundet
3328 5155 3517 5211 super

1845 5242 1944 5280 cos
1976 5220 2240 5277 doctrina
2269 5221 2472 5293 gratia:
2498 5226 2609 5277 tua:
2645 5238 2656 5277 :
2691 5222 2894 5278 Amen.
2918 5224 2988 5279 Et
3009 5224 3265 5281 inveniat
3287 5225 3503 5300 pignus

37 5311 364 5375 Jordanis
398 5318 527 5383 post
568 5317 622 5368 te
654 5329 921 5368 reversus
952 5316 1060 5382 est,
1100 5317 1156 5368 et
1195 5316 1423 5368 montes
1452 5314 1739 5369 exultave-
1849 5310 2168 5368 vocationis
2219 5310 2289 5363 dc
2338 5309 2501 5378 ccelo,
2536 5311 2690 5382 quod
2752 5316 2921 5367 tuum
2981 5300 3091 5382 est,
3125 5330 3157 5369 ο
3211 5312 3456 5369 Domine
3497 5346 3511 5383 ε

40 5406 220 5463 runt
238 5400 581 5469 sicutbirci,
603 5406 660 5456 et
682 5400 860 5456 colles
892 5400 1045 5457 sicut
1074 5400 1208 5473 agni
1240 5401 1455 5456 ovium.
1481 5404 1568 5458 Tu
1591 5420 1652 5458 es
1674 5403 1744 5457 de
1851 5404 2056 5456 Amen.
2091 5398 2600 5453 Connumerentur
2629 5400 2689 5454 in
2721 5402 3167 5474 congregatione
3217 5401 3519 5473 primoge-

38 5508 219 5567 quo,
238 5492 301 5545 et
317 5488 390 5543 de
413 5488 770 5562 benignitate
790 5490 962 5561 cujus
978 5489 1380 5544 testimonium
1401 5491 1559 5545 dedit
1578 5491 1749 5545 Joan-
1857 5489 1985 5552 niti,
2013 5487 2070 5541 in
2103 5486 2555 5559 congregatione
2585 5488 2808 5544 scilicet
2833 5506 3036 5544 eorum
3060 5503 3311 5560 quorum
3337 5486 3520 5542 nomi-

40 5597 208 5648 nes,
232 5576 341 5649 qui
377 5576 592 5633 missus
623 5583 712 5634 est
738 5582 870 5633 ante
902 5582 978 5645 te,
1004 5577 1266 5632 clamans
1298 5594 1432 5632 voce
1465 5578 1750 5649 praeconis
1862 5596 1935 5633 na
1965 5574 2181 5645 scripta
2230 5577 2368 5628 sunt
2410 5574 2465 5628 in
2499 5575 2659 5630 caelis
2694 5594 2707 5630 :
2742 5579 2945 5632 Amen.
2984 5576 3091 5630 Per
3118 5575 3321 5630 Jesum
3354 5571 3518 5641 ω]τὶ-

40 5673 129 5728 in
156 5668 471 5723 desertum
491 5669 545 5721 et
561 5665 1753 5736 dicens:MundatcviamDumini,aequate
1864 5672 2022 5721 stum
2057 5661 2368 5717 Dominum
2401 5667 2689 5734 nostrum,
2722 5682 2855 5719 cum
2902 5678 3017 5733 quo
3066 5660 3172 5715 tibi
3220 5664 3311 5715 est
3335 5660 3520 5735 gloria
